4036 6416
255 333 356 391 663

254 452 474 525 ὄψεται
521 455 817 525 πρόϐατον
835 452 1026 520 ἐαυτῷ
1073 456 1159 522 είς
1194 457 1637 527 ὀλοκάρπωσιν,
1672 462 1903 514 τέκνον.

254 540 432 617 Πύσης
468 542 567 598 οῐει
603 541 774 597 ταῦτα
811 541 1152 612 συμπαθείας
1188 540 1324 598 εἶναι
1369 546 1439 599 τὰ
1474 550 1733 619 ρήματα;
1774 547 1911 600 Ἀλλ’

1154 339 1247 394 AD
1283 339 1666 402 STAGIRIUM
1707 342 1753 397 A
1784 341 2094 397 DIEMONE
2143 342 2653 400 VEXATUALLIB.
2692 342 2759 399 ll.

3561 340 3674 396 464
3698 340 3702 351 ’

2017 462 2117 531 οὐχ
2140 464 2174 533 ή
2205 463 2361 532 αὐτὴ,
2386 462 2498 517 ἀλλ’
2520 464 2554 533 ἡ
2584 460 2861 533 προθυμία
2882 461 2915 531 ή
2939 457 3097 529 αὐτὴ,
3123 456 3243 511 ὅθεν
3264 456 3477 528 καὶτῆς
3502 457 3672 523 αὐτῆς

2017 551 2276 623 ἑκάτερος
2318 552 2475 623 ἔτυχε
2507 551 2671 623 τιμῆς
2717 549 2975 612 ἀκούσας,
3016 548 3270 601 Εἰσελθε
3304 549 3393 613 είς
3423 545 3540 614 τὴν
3564 563 3675 615 χα-

250 628 401 700 δμως
423 632 639 701 κατεῖχε
668 630 819 684 κάτω
847 630 945 701 τήν
981 630 1172 702 ὀδύνην
1216 633 1311 685 καὶ
1356 633 1568 700 ἐπίεζε,
1624 635 1719 688 καὶ
1778 637 1916 706 μετά
2012 639 2130 707 par
2156 638 2261 692 τοῦ
2280 640 2510 708 Κυρίου
2541 653 2677 692 σου.
2713 637 2777 690 Τί
2802 631 2894 690 οὖν
2918 637 2949 688 6
2970 634 3185 699 Ἰσαάκς
3215 632 3544 703 Ἀποδημίαν
3576 630 3677 703 μὲν

252 715 519 786 τοσαύτης
567 716 781 771 ἅπαντα
822 717 920 788 τῆς
968 717 1274 789 προθυμίας
1318 719 1574 792 ἔπραττε,
1622 721 1739 793 μεθ’
1785 723 1915 793 ὅσης

252 803 303 857 οἱ
323 804 514 876 μηδενὶ
537 804 739 858 τούτων
762 805 1112 877 κατεχόμενοι
1143 806 1252 860 τῶν
1276 807 1634 879 κωλυμάτων.
1660 809 1916 863 Καταθύ-

256 907 356 954 σας
380 890 558 943 τοίνυν
582 891 741 944 αὐτὸν
772 891 888 964 (καὶ
916 892 1024 963 γὰρ
1050 893 1310 947 κατέθυσε
1343 897 1408 965 τῇ
1462 895 1784 967 προθυμίᾳ),
1813 914 1918 951 πα-

260 975 546 1047 ραδίδωσιν
576 978 702 1049 ὑγιῆ
730 978 824 1031 καὶ
850 978 987 1031 σῶον
1016 981 1082 1050 τῇ
1114 981 1279 1052 μητρί
1302 997 1317 1011 ο
1353 980 1592 1034 λαϐοῦσα
1617 982 1673 1035 δὲ
1706 982 1913 1053 ἐκείνη,

257 1063 386 1135 πρὶν
411 1065 790 1137 ἐμπλησθῆναι
814 1065 992 1130 καλῶς
1017 1065 1111 1119 τοῦ
1143 1068 1349 1131 παιδὸς,
1378 1067 1633 1121 καταλύει
1663 1068 1752 1121 τὸν
1784 1067 1915 1137 βίον.

256 1151 494 1205 Κάκεῖνο
531 1152 587 1207 δὲ
624 1154 685 1206 οὐ
712 1153 921 1225 μικρῶς
956 1154 1143 1208 ἐλύπει
1169 1155 1259 1209 τὸν
1296 1155 1563 1228 Ἀϐραάμ.
1604 1158 1663 1209 Εἰ
1693 1156 1801 1227 γὰρ
1825 1156 1920 1209 καὶ

258 1240 426 1294 πολὺν
454 1241 600 1312 αὐτῷ
624 1242 962 1311 συνεγεγόνει
988 1244 1200 1313 χρόνον,
1239 1244 1389 1297 οὐδὲν
1422 1241 1490 1315 ἦν
1522 1245 1703 1297 ἱκανὸν
1736 1247 1919 1298 πεῖσαι

260 1326 389 1395 ῥᾷον
418 1328 661 1397 ἐνεγκεῖν
690 1328 787 1399 τὴν
822 1331 1104 1401 συμφοράν
1122 1348 1135 1361 ’
1164 1331 1294 1383 αὐτὸ
1317 1331 1415 1401 μὲν
1444 1327 1536 1384 οὖν
1558 1331 1715 1385 τοῦτο
1740 1331 1920 1383 πλείοι

259 1428 326 1464 να
377 1412 526 1484 αὐτῷ
576 1417 800 1486 παρεῖχε
844 1416 940 1486 τὴν
977 1416 1213 1487 ἀθυμίαν
1267 1433 1282 1446 ο
1341 1419 1466 1482 τούς
1509 1418 1618 1488 γὰρ
1656 1419 1748 1471 ἐπὶ
1787 1418 1919 1472 πολὺ

261 1501 702 1571 συνοικήσαντας,
732 1503 827 1555 καὶ
871 1502 1071 1572 πολλὴν
1113 1503 1213 1573 τῆς
1245 1503 1451 1557 ἑαυτῶν
1497 1506 1590 1558 καὶ
1616 1504 1796 1573 φιλίας
1828 1505 1923 1557 καὶ

259 1584 461 1655 ἀρετῆς
506 1584 802 1651 δεδωκότας
851 1590 1044 1659 πεῖραν
1084 1592 1235 1661 ήμῖν,
1265 1590 1485 1654 τούτους
1518 1592 1752 1662 μάλιστα
1784 1592 1921 1644 πάν-

258 1688 367 1725 των
410 1672 693 1743 ζητοῦμεν.
738 1673 888 1747 [195]
933 1677 1040 1729 Καὶ
1083 1677 1164 1731 ὅτι
1191 1678 1342 1731 ταῦθ’
1371 1677 1543 1741 οὓτως
1580 1677 1716 1749 ἔχει,
1759 1679 1922 1741 αὐτὸς

261 1758 526 1830 ἐδήλωσεν
557 1760 597 1827 ὁ⁸
617 1761 957 1833 πατριάρχης
992 1765 1264 1835 πενθήσας
1296 1764 1390 1818 καὶ
1422 1765 1699 1836 θρηνήσας
1730 1766 1920 1835 αὐτήν.

261 1847 328 1899 Τί
367 1846 413 1899 6‘
439 1846 504 1900 ἄν
542 1864 624 1910 τις
667 1847 811 1917 λέγοι
834 1851 931 1912 τὰς
971 1850 1108 1923 ὑπὲρ
1143 1853 1235 1904 τοῦ
1267 1851 1453 1914 παιδὸς
1490 1852 1794 1923 φροντίδας,
1825 1851 1925 1914 τὰς

263 1934 404 2006 ὐπέρ
441 1932 541 2005 τῆς
572 1936 758 1989 τούτου
791 1939 1064 2007 γυναικὸς,
1094 1940 1192 2003 τὰς
1224 1940 1363 2011 ὐπέρ
1401 1940 1506 1993 τῶν
1539 1938 1781 2008 ἀδελφῶν
1817 1939 1924 1992 τῶν

260 2023 473 2087 τούτου,
497 2024 565 2077 τὰ
589 2024 721 2079 ἄλλα
749 2023 982 2090 ἅπαντα,
1012 2029 1151 2097 άπερ
1181 2028 1229 2080 εί
1253 2028 1371 2080 κατ’
1398 2026 1683 2098 ἀκρίϐειαν
1714 2043 1797 2090 τις
1840 2026 1927 2092 ἐξ·

263 2110 473 2174 ετάζειν
518 2110 711 2175 ἐθέλοι,
763 2113 897 2166 πολὺ
936 2113 1027 2166 τοῦ
1076 2113 1169 2167 νῦν
1210 2113 1509 2184 δειχθέντος
1548 2113 1926 2185 ὀδυνηρότερον

263 2197 453 2267 ὄψεται
478 2197 569 2251 τοῦ
602 2199 807 2253 δικαίου
834 2201 924 2255 τὸν
952 2201 1065 2271 βίον
1092 2202 1185 2255 καὶ
1214 2201 1471 2254 πλειόνων
1504 2201 1739 2272 γέμοντα
1767 2219 1928 2272 φρον-

264 2283 422 2339 τίδων
448 2301 463 2349 ;
492 2286 572 2340 Τὰ
586 2286 695 2358 γὰρ
721 2289 1222 2360 κεφαλαιωδέστερα
1241 2290 1398 2359 μόνον
1421 2289 1646 2341 εἰποῦσα
1665 2291 1697 2359 ή
1714 2288 1924 2360 Γραφὴ,

263 2371 333 2424 τὰ
357 2371 488 2426 ἄλλα
516 2374 691 2427 πάντα
715 2375 962 2445 παρῆκεν
1000 2375 1272 2440 ἐξετάζειν
1301 2377 1454 2445 ἡμῖν,
1498 2377 1599 2429 ὅσα
1637 2375 1757 2428 καθ’
1800 2376 1930 2429 ἐκά-

268 2475 398 2529 στην
415 2461 626 2531 ἡμέραν
643 2461 886 2529 γίνεσθαι
907 2463 1052 2526 εἰκὸς
1072 2466 1128 2515 ἐν
1143 2463 1306 2532 οἰκίᾳ,
1322 2462 1450 2517 ἔνθα
1482 2462 1706 2516 οἰκετῶν
1727 2461 1927 2532 πλῆθος

267 2547 361 2599 καὶ
385 2547 521 2618 ἀνὴρ
544 2548 637 2601 καὶ
658 2548 791 2620 γυνὴ
817 2550 911 2603 καὶ
942 2550 1128 2603 παιδία
1154 2551 1247 2604 καὶ
1275 2550 1613 2621 πραγμάτων
1634 2549 1928 2618 ἐπιμέλεια

269 2633 500 2687 πολλῶν.
520 2636 645 2699 Ναὶ,
672 2637 832 2707 φησίν
857 2653 870 2666 ’
906 2636 1019 2690 ἀλλ’
1048 2637 1238 2705 ἐκείνῳ
1268 2635 1527 2707 μεγίστην
1553 2636 1673 2689 καθ’
1696 2637 1926 2689 ἕκαστον

267 2720 467 2774 τούτων
498 2723 840 2793 παραμυθίαν
868 2724 1029 2795 ἔφερε
1061 2723 1169 2777 τῶν
1192 2723 1449 2795 λυπηρῶν
1474 2724 1534 2776 τὸ
1561 2722 1650 2777 διὰ
1676 2723 1765 2777 τὸν
1796 2722 1927 2775 Θεὸν

270 2808 446 2862 πάντα
471 2811 761 2881 ὑπομένειν
786 2814 988 2865 ἐκεῖνα.
1020 2810 1226 2865 Οὐκοῦν
1249 2812 1343 2865 καὶ
1380 2812 1442 2864 σὲ
1478 2811 1640 2865 τοῦτο
1670 2827 1928 2881 παραμυ-

270 2895 491 2966 θήσεται
515 2897 609 2949 νῦν
627 2915 640 2928 ⁸
664 2900 759 2953 καὶ
783 2898 890 2970 γάρ
916 2915 997 2952 σοι
1017 2899 1107 2951 τὸν
1130 2899 1435 2969 πειρασμὸν
1458 2898 1645 2951 τοῦτον
1670 2901 1698 2950 6
1721 2914 1932 2966 συγχω-

272 2986 442 3057 ρήσας
466 2986 706 3039 ἐπελθεῖν
743 2987 917 3050 οὐδεὶς
947 2988 1129 3057 ἕτερός
1153 2987 1321 3051 ἐστιν,
1364 2987 1479 3040 ἀλλ’
1521 2987 1555 3057 ἢ
1591 2989 1620 3041 6
1646 2986 1798 3049 Θεός.
1867 2985 1932 3038 Et

270 3073 379 3143 γάρ
406 3073 606 3144 χοίροις
654 3074 984 3144 ἐπιπηδῆσαι
1029 3074 1129 3127 οὐκ
1174 3073 1239 3127 ἂν
1275 3074 1580 3145 ἐτόλμησαν
1619 3075 1668 3126 οί
1704 3073 1933 3144 πονηροὶ

270 3158 520 3227 δαίμονες
557 3161 770 3223 ἐκεῖνοι,
808 3162 880 3230 μὴ
930 3159 1322 3231 ἐπιτρέψαντος
1365 3160 1530 3213 αὐτοῦ
1572 3160 1712 3224 τότε,
1755 3159 1933 3230 πολλῷ

275 3245 471 3315 μᾶλλον
489 3248 554 3317 τῇ
579 3248 642 3317 σῇ
667 3246 822 3317 τιμία
840 3246 1007 3317 ψυχῇ.
1032 3247 1239 3318 Ὠσπερ
1255 3242 1347 3301 οὖν
1373 3247 1566 3316 ἐκείνῳ
1590 3246 1650 3300 τὸ
1672 3246 1934 3316 γενναίως

271 3331 485 3386 ἀπάντα
512 3333 694 3404 φέρειν
720 3335 810 3386 καὶ
832 3334 1162 3405 εὐχαρίστως
1193 3333 1356 3387 πολὺν
1389 3334 1586 3404 ήνεγκε
1608 3332 1818 3404 μισθὸν,
1841 3332 1933 3385 οὐ·

270 3436 376 3483 τως
400 3421 535 3473 οἴσει
574 3422 665 3474 καὶ
699 3423 800 3486 σοὶ,
837 3422 993 3491 μόνον
1021 3421 1087 3474 ἂν
1133 3420 1207 3492 μὴ
1239 3420 1595 3493 δυσχεραίνῃς
1632 3420 1766 3490 μηδὲ
1796 3423 1933 3489 ἁγα-

270 3511 488 3579 νακτῇς,
514 3509 628 3562 ἀλλ’
654 3510 790 3579 ὑπὲρ
820 3509 1071 3562 ἁπάντων
1104 3509 1429 3580 εὐχαριστῇς
1459 3508 1538 3579 τῷ
1568 3507 1932 3580 φιλανθρώπῳ

271 3594 407 3666 Θεῷ.
446 3597 599 3651 Ἐπεὶ
624 3599 717 3651 καὶ
740 3598 769 3650 6
803 3596 1069 3668 μακάριος
1105 3595 1222 3649 Ἰὼϐ
1265 3596 1433 3650 ἔπαθε
1467 3596 1563 3666 μὲν
1592 3595 1734 3669 ἅπερ
1762 3595 1931 3649 ἔπαθε

273 3681 723 3751 συγχωρήσαντος
763 3680 857 3734 τοῦ
900 3678 1055 3744 Θεοῦ,
1103 3679 1262 3751 ἔφερε
1290 3679 1346 3732 δὲ
1385 3677 1533 3749 αὐτῷ
1565 3679 1692 3743 τούς
1734 3678 1927 3748 στεφά⁹

272 3786 393 3831 νους
418 3769 480 3822 οὐ
516 3769 576 3821 τὸ
611 3770 801 3823 παθεῖν
836 3770 1017 3839 μόνον,
1048 3767 1184 3822 ἀλλά
1222 3766 1396 3820 καὶτὸ
1426 3766 1686 3835 γενναίως
1712 3766 1848 3839 πρὸς
1871 3765 1932 3819 ἆ-

271 3872 450 3909 παντα
478 3856 666 3926 στῆναι
698 3857 763 3910 τά
787 3857 961 3912 δεινόν
999 3857 1093 3909 καὶ
1115 3855 1461 3927 θαυμάζομεν
1487 3855 1644 3910 αὐτὸν
1672 3855 1929 3919 ἅπαντες,

276 3944 374 3995 οὐκ
404 3943 590 4016 ἐπειδὴ
626 3945 842 3998 πάντων
875 3945 1038 3998 αὐτὸν
1066 3944 1434 4014 ἀπεστέρησεν
1459 3946 1487 3996 6
1510 3942 1774 4007 διάϐολος,
1819 3942 1931 3996 ἀλλ’

274 4030 458 4098 ἐπειδὴ
483 4031 540 4083 ἐν
564 4032 695 4084 πᾶσι
720 4031 925 4096 τούτοις
953 4032 1050 4102 οὐχ
1076 4031 1343 4102 ἥμαρτεν,
1383 4030 1504 4083 οὐδέ
1533 4032 1591 4083 ἐν
1619 4033 1730 4095 τοῖς
1758 4032 1932 4102 χείλε-

276 4131 360 4169 σιν
389 4115 571 4170 αὐτοῦ.

350 4210 401 4256 ι’.
461 4202 675 4275 Ἐπειδὴ
718 4203 772 4256 δὲ
818 4203 1091 4275 ἐμνήσθην
1146 4202 1239 4256 τοῦ
1301 4202 1441 4267 Ἰὼϐ,
1490 4202 1789 4274 ἐϐουλόμην
1836 4203 1935 4273 μὲν

275 4290 517 4352 καὶτοὺς
546 4288 773 4361 θρήνους
804 4290 967 4343 αὐτοῦ
1004 4290 1129 4353 τούς
1167 4290 1428 4360 μακροὺς,
1472 4290 1564 4343 καὶ
1599 4289 1708 4341 τῶν
1746 4289 1933 4342 παθῶν

272 4376 372 4448 τὴν
398 4376 748 4448 »σφοδρότητα
791 4377 1027 4431 ἐκθεῖναι
1070 4378 1148 4449 τῷ
1195 4379 1373 4448 λόγῳ’
1417 4377 1558 4448 ὐπέρ
1604 4377 1660 4430 δέ
1705 4378 1797 4430 τοῦ
1861 4378 1934 4448 μή

276 4464 411 4517 πολύ
462 4464 681 4535 ποιῆσαι
717 4462 779 4517 τό
810 4464 986 4534 μῆκος
1023 4466 1277 4535 ἐπάνειμι
1314 4464 1448 4534 πρὸς
1482 4463 1572 4516 τὸν
1613 4463 1818 4518 Ἰσαάκ.
1855 4466 1928 4517 Σὺ

274 4550 331 4604 δέ
354 4553 402 4605 εί
448 4550 622 4621 βούλει
671 4550 810 4623 μετά
840 4551 1125 4623 ἀκριϐείας
1155 4553 1223 4606 τά
1262 4551 1469 4605 ἐκείνου
1517 4550 1726 4622 μαθεῖν.
1764 4551 1825 4603 τὸ
1854 4550 1935 4620 βιο

277 4637 422 4691 ϐλίον
450 4638 613 4692 αὐτοῦ
639 4638 774 4710 μετά
802 4641 987 4710 χεῖρας
1009 4638 1188 4693 λαϐὼν
1206 4638 1463 4703 διάκυψον
1490 4644 1624 4708 πρὸς
1647 4637 1744 4709 τήν
1775 4639 1936 4691 ἄϐυσ-

278 4742 370 4779 σον
412 4725 520 4779 τῶν
552 4726 864 4796 συμφορῶν,
899 4726 993 4779 καὶ
1017 4725 1214 4797 πολλὴν
1245 4728 1302 4778 ἐν
1331 4724 1557 4788 ἐκείνοις
1585 4723 1932 4795 παραμυθίαν

276 4814 527 4885 εὑρήσεις
577 4813 686 4867 τῶν
712 4813 834 4867 σῶν.
894 4813 958 4867 Εἰ
992 4813 1101 4885 γὰρ
1129 4815 1223 4866 καὶ
1267 4813 1447 4882 πολλῷ
1479 4811 1701 4883 βελτίων
1724 4814 1757 4882 ή
1768 4812 1882 4882 μῶν
1905 4813 1934 4865 6

275 4902 499 4966 δίκαιος,
512 4901 647 4955 ἀλλά
667 4902 909 4974 καὶπρὸς
932 4902 1109 4973 πολλῷ
1128 4902 1348 4973 μείζονα
1377 4901 1472 4972 τὴν
1502 4900 1779 4971 ἐνέργειαν
1802 4918 1935 4972 παρ-

273 4989 523 5055 ετάξατο·
571 4990 665 5043 καὶ
708 4990 816 5062 γὰρ
851 4991 1206 5062 σφοδρότερον
1249 4990 1473 5043 ἔπνευσε
1499 4989 1618 5042 κατ’
1648 4988 1854 5042 ἐκείνου
1906 4993 1935 5044 6

274 5079 514 5151 Πονηρὸς
537 5079 675 5133 τότε.
719 5079 799 5131 Τά
836 5078 893 5132 δὲ
930 5078 1326 5150 κατορθώματα
1368 5077 1427 5131 οὐ
1472 5076 1551 5147 τῷ
1601 5076 1785 5147 μέτρῳ
1826 5078 1934 5129 τῶν

276 5167 612 5238 πειρασμῶν,
662 5165 798 5220 ἀλλά
820 5168 887 5236 τῇ
921 5165 1027 5218 τῶν
1057 5164 1441 5236 πραττομένων
1487 5164 1712 5232 δυνάμει
1750 5164 1934 5233 κρίνε-

273 5270 385 5307 ται.
405 5253 567 5306 Ὥστε
595 5253 696 5308 κᾶν
724 5254 957 5308 ἐλάττων
976 5247 1128 5317 οὗτος
1144 5253 1172 5305 6
1191 5252 1283 5305 νῦν
1314 5250 1485 5320 ἀγὼν.
1507 5250 1660 5304 οὐδέν
1690 5266 1747 5303 σε
1774 5249 1934 5304 τοῦτο

274 5343 355 5404 εἰς
383 5342 511 5405 τοὺς
554 5341 849 5412 στεφάνους
884 5339 1234 5411 παραϐλὰψαι
1270 5338 1572 5409 δυνήσεται.
1626 5337 1686 5390 Ὀ
1736 5335 1843 5408 γὰρ
1866 5337 1932 5391 τά

273 5427 365 5482 δύο
409 5430 686 5484 τάλαντα⁸
741 5426 1117 5501 προσενεγκὼν
1174 5427 1273 5480 οὐκ
1324 5425 1541 5480 ἔλαττον
1576 5424 1779 5495 ἦνεγκε
1836 5424 1932 5477 τοῦ

273 5516 342 5570 τὰ
375 5517 532 5571 πέντε
574 5516 954 5582 ἐπιδείξαντος.
979 5515 1078 5570 Διά
1106 5515 1189 5582 τί;
1216 5515 1335 5569 ’Ὁτι
1381 5514 1430 5567 εί
1465 5512 1561 5567 καὶ
1598 5512 1633 5583 ἡ
1673 5511 1933 5584 πρόσοδος⁹

336 5757 364 5787 ⁸
387 5752 534 5808 Silvii.
546 5759 641 5810 ἐπεὶ
664 5762 690 5810 6
710 5758 767 5811 τὰ
783 5756 867 5812 δύο
882 5759 1102 5810 τάλαντα.

2016 727 2117 780 οὐκ
2142 726 2418 780 ἐστείλατο
2455 726 2689 798 μακρὰν,
2729 724 2981 796 καθάπερ
3012 726 3040 777 6
3068 722 3273 793 πατὴρ,
3318 719 3550 791 οὐδέτὴν
3593 720 3671 772 οἱ·

2017 810 2172 863 κείαν
2204 811 2433 879 ἀφεῖναι·
2460 809 2778 880 ἠναγκάσθη
2812 809 2937 877 γῆν,
2976 806 3230 877 καθάπερ
3274 807 3499 868 ἐκεῖνος,
3529 803 3591 855 τὸ
3618 802 3677 856 δὲ

2017 898 2308 967 κεφάλαιον
2351 897 2457 950 τῶν
2504 897 2687 950 κακῶν
2735 897 2828 950 καὶ
2856 894 3017 957 αὐτὸς
3064 894 3343 963 ὑπέμεινε,
3382 891 3483 962 τῆς
3515 892 3680 944 ἀπαι-

2017 986 2136 1050 δίας
2166 985 2258 1038 τὸν
2291 985 2475 1054 φόϐον.
2526 984 2612 1047 Ὠς
2644 985 2700 1037 δέ
2732 984 2887 1036 ἔλυσε
2921 982 2983 1035 τὸ
3013 980 3181 1034 δεινὸν
3213 980 3527 1051 εὐξάμενος,
3557 976 3688 1031 ἐτε-“

2025 1101 2114 1156 ρος
2153 1084 2313 1139 αὐτὸν
2344 1083 2611 1147 διεδέξατο
2640 1081 2804 1151 φόϐος
2833 1080 3037 1134 ἐκείνου
3075 1079 3304 1149 μείζων·
3333 1076 3453 1130 οὐδὲ
3478 1075 3585 1147 γὰρ
3610 1071 3678 1147 ἦν

2021 1182 2133 1235 ῐσον
2172 1181 2314 1251 ὑπὲρ
2345 1178 2594 1241 ἀπαιδίας
2631 1178 2873 1249 τρέμειν,
2929 1176 3022 1229 καὶ
3057 1175 3194 1245 ὐπέρ
3217 1175 3315 1245 τῆς
3343 1173 3497 1245 ῥίζης
3526 1170 3679 1244 [196]

2020 1280 2210 1350 αὐτῆς.
2254 1278 2410 1331 Οὕτω
2441 1277 2550 1349 γὰρ
2579 1277 2714 1348 αὐτὴ
2747 1276 3057 1330 διεκόπτετο
3083 1276 3203 1337 ταῖς
3242 1274 3426 1326 ὠδῖσιν
3469 1271 3544 1335 ὡς
3594 1288 3685 1323 πι-

2021 1377 2288 1448 κροτέραν
2339 1376 2568 1431 θανάτου
2614 1374 2811 1437 παντὸς
2859 1373 3153 1444 ὑπομένειν
3182 1371 3360 1442 ζωήν·
3400 1370 3496 1423 καὶ
3525 1367 3684 1421 τοῦτο

2022 1474 2191 1544 αὐτῆς
2208 1472 2437 1527 ἄκουσον
2467 1472 2752 1541 λεγούσης,
2772 1472 2842 1524 El
2870 1470 3022 1524 οὕτω
3032 1484 3133 1537 μοι
3144 1467 3357 1536 μέλλει
3387 1466 3682 1535 τίνεσθαι,

2023 1572 2178 1625 irati
2197 1589 2299 1642 μοι
2327 1570 2394 1625 τὸ
2420 1568 2564 1636 ζῇν;
2606 1568 2781 1639 Λιμοῦ
2816 1567 2872 1620 δέ
2904 1568 3096 1637 πεῖραν
3130 1562 3290 1618 ἔλαϐε
3318 1562 3418 1633 μὲν
3443 1561 3538 1615 καὶ
3580 1564 3683 1615 αὐ-

2022 1672 2144 1732 τός’
2204 1671 2253 1723 εἰ
2281 1669 2337 1722 δέ
2376 1668 2449 1739 μὴ
2479 1666 2744 1737 κατῆλθεν
2770 1666 2850 1726 είς
2883 1664 3174 1731 Αἴγυπτον,
3202 1660 3315 1714 ἀλλ’
3351 1660 3488 1730 ὅπερ
3511 1659 3540 1711 6
3578 1674 3685 1710 πα-

2022 1762 2128 1835 τὴρ
2159 1762 2354 1834 μικροῦ
2383 1761 2492 1814 δεῖν
2522 1760 2720 1813 ἔπαθεν
2753 1760 2887 1820 ἐκεῖ,
2925 1755 3097 1810 ταῦτα
3121 1757 3215 1809 καὶ
3238 1748 3392 1816 οὗτος
3422 1752 3683 1822 ὑπέμεινε

2024 1859 2118 1911 καὶ
2150 1857 2482 1912 ἐκινδύνευεν
2513 1858 2651 1926 ὑπὲρ
2679 1857 2778 1926 τῆς
2814 1852 2978 1909 αὐτοῦ
3005 1849 3281 1918 γυναικός.
3325 1849 3434 1902 Καὶ
3461 1848 3552 1902 τὸν
3579 1865 3686 1901 πα-

2023 1953 2156 2025 τέρα
2202 1954 2299 2024 μέν
2348 1954 2548 2024 ἐτίμων
2600 1954 2650 2006 οἱ
2686 1951 2964 2023 πρόσοικοι
3011 1950 3230 2012 πάντες,
3275 1947 3463 2001 τοῦτον
3506 1946 3562 1999 δὲ
3608 1945 3685 2009 ὡς
3785 1969 3800 1984 ο

2025 2052 2216 2124 ἐχθρὸν
2242 2052 2336 2106 καὶ
2361 2051 2620 2121 πολέμιον
2646 2051 2874 2123 ἤλαυνον
2900 2049 2994 2102 καὶ
3020 2048 3128 2102 τῶν
3155 2047 3371 2101 οἰκείων
3397 2046 3558 2099 αὐτὸν
3583 2043 3684 2096 οὐκ

2024 2148 2255 2216 ἠφίεσαν
2303 2145 2607 2200 ἀπολαῦσαι
2644 2143 2842 2206 πόνων,
2875 2142 2988 2196 ἀλλ’
3028 2142 3232 2194 ἐκεῖνον
3266 2140 3323 2191 ἐν
3354 2136 3685 2208 στενοχωρία

2026 2238 2388 2302 καθιστῶντες
2421 2236 2610 2306 πολλῇ,
2640 2235 2792 2288 αὐτοὶ
2817 2233 2931 2304 μετ’
2962 2232 3206 2299 ἐξουσίας
3237 2234 3293 2284 ὲν
3321 2231 3434 2292 τοῖς
3467 2228 3685 2299 μόχθοις

2027 2335 2274 2407 ἐτρύφων
2306 2335 2417 2396 τοῖς
2454 2330 2684 2385 ἐκείνου.
2709 2330 2795 2393 Ὠς
2814 2328 2870 2382 δέ
2902 2344 3030 2380 ποτε
3060 2326 3153 2380 καὶ
3174 2325 3393 2388 τούτους
3419 2319 3573 2387 οὗτος
3598 2321 3685 2392 φί-

2024 2430 2150 2493 λους
2188 2428 2473 2497 ἐκτήσατο,
2521 2424 2618 2477 καὶ
2659 2422 2716 2475 ἐν
2746 2421 2931 2493 ἡλικία
2956 2422 3080 2482 τοὺς
3110 2419 3303 2482 παῖδας
3330 2413 3436 2470 εἶδε
3463 2415 3687 2486 γενομέ-

2025 2546 2150 2592 νους
2187 2526 2312 2589 τούς
2334 2524 2520 2589 αὐτοῦ,
2547 2524 2667 2577 τότε
2697 2525 2781 2594 δὴ,
2808 2522 2949 2583 τότε,
2974 2521 3060 2572 ὅτε
3094 2517 3291 2588 πολλὴν
3321 2512 3685 2588 προσεδόκησε

2028 2621 2377 2695 παραμυθίαν
2408 2620 2681 2690 εὐρήσειν,
2718 2615 2812 2669 καὶ
2835 2609 3176 2684 γηρικόμους
3198 2609 3582 2695 ἓξεινῖκαλούς,
3607 2612 3687 2672 εἰς

2025 2694 2124 2779 τὴν
2169 2705 2401 2775 ἐσχάτην
2452 2701 2689 2773 ἀθυμίαν
2738 2698 2980 2752 ἐνέπεσε.
3036 2696 3253 2767 Πρῶτον
3307 2694 3405 2765 μὲν
3441 2694 3547 2765 γὰρ
3579 2694 3687 2747 ἀπὸ

2026 2801 2134 2855 τῶν
2165 2797 2472 2868 ἀλλοφύλων
2496 2799 2525 2850 6
2578 2792 2944 2867 πρεσϐύτερος
2981 2793 3212 2860 γυναῖκα
3238 2789 3418 2843 λαϐὼν
3453 2788 3603 2859 παρά
3626 2789 3688 2843 τδ

2028 2893 2106 2965 τῷ
2140 2893 2307 2963 πατρὶ
2342 2888 2550 2953 δοκοῦν,
2583 2887 2757 2958 τούτῳ
2786 2903 2849 2955 γε
2874 2883 3023 2954 αὐτῷ
3053 2883 3256 2954 σφόδρα
3292 2883 3453 2935 αὐτὸν
3475 2881 3687 2950 ἠνίασε,

2029 2990 2222 3060 καὶτῷ
2255 2990 2431 3061 μάχην
2452 2990 2479 3028 b
2529 2987 2621 3040 καὶ
2661 2985 2891 3055 πόλεμον
2921 2984 2997 3045 είς
3025 2979 3323 3051 τὴνοίκίαν
3356 2981 3687 3047 εἰσαγαγεῖν.

2028 3085 2256 3156 Μυρίοις
2298 3082 2407 3154 γὰρ
2450 3080 2507 3135 αἱ
2539 3080 2793 3148 γυναῖκες
2842 3077 3043 3128 ἐκεῖναι
3090 3071 3444 3144 παριέϐαλλον
3494 3071 3690 3132 αὐτοὺς

2031 3183 2238 3245 κακοῖς,
2279 3178 2423 3249 ἅπερ
2459 3178 2673 3231 ἆπαντα
2721 3175 2896 3226 εἰπεῖν
2941 3170 3347 3241 παραιτουμένη
3396 3170 3429 3239 ἡ
3477 3166 3687 3239 Γραφὴ,

2029 3274 2096 3327 δι’
2138 3273 2255 3336 ἐνὸς
2300 3273 2542 3343 ῥήματος
2574 3268 2634 3321 τὸ
2670 3269 2775 3320 πᾶν
2815 3266 3032 3338 ᾐνίξατο
3066 3262 3315 3325 εἰποῦσα,
3348 3263 3431 3314 ὅτι
3464 3258 3693 3327 Ἢριζον

2029 3369 2105 3439 τῇ
2143 3368 2413 3433 Ῥεϐέκκα
2431 3382 2444 3395 °
2479 3365 2572 3418 καὶ
2601 3366 2714 3426 τοῖς
2741 3362 2915 3424 οἰκίας
2940 3360 3120 3430 ἔχουσι
3146 3359 3240 3412 καὶ
3262 3358 3453 3418 παῖδας
3480 3356 3578 3429 ήδη
3602 3373 3694 3425 γε-

2029 3464 2350 3536 γαμηκότας
2378 3461 2667 3516 κατέλιπεν
2685 3458 2879 3511 εἰδέναι
2900 3457 2958 3510 τὸ
2986 3455 3191 3526 λεχθέν.
3212 3455 3437 3507 Ἐκεῖνοι
3455 3453 3562 3525 γὰρ
3591 3453 3694 3523 μά-

2029 3564 2187 3617 λιστα
2209 3562 2422 3615 πάντων
2454 3559 2630 3611 ἴσασιν
2659 3554 2901 3627 ἀκριϐῶς
2939 3555 3061 3607 ὅσον
3105 3550 3220 3605 ἐστὶ
3252 3549 3419 3604 κακὸν
3471 3550 3693 3617 ἐμφιλοο

2031 3652 2227 3714 νείκως
2273 3647 2581 3716 διατεθῆναι
2636 3645 2733 3715 τὴν
2776 3642 2870 3695 τοῦ
2922 3639 3155 3710 νυμφίου
3204 3639 3417 3710 μητέρα
3454 3639 3548 3691 καὶ
3592 3637 3692 3708 τὴν

2031 3747 2270 3819 νύμφην,
2328 3746 2422 3799 καὶ
2469 3743 2699 3815 μάλιστα
2748 3742 2876 3795 ὅταν
2915 3738 3090 3793 οἰκίαν
3137 3736 3354 3789 οἰκῶσιν
3395 3735 3692 3807 ἀμφότεροι

2036 3847 2187 3918 μίαν,
2232 3843 2403 3897 Τοῦτο
2443 3842 2539 3912 μὲν
2571 3837 2665 3894 οὖν
2689 3837 2933 3908 διηνεκὲς
2966 3832 3033 3906 ἦν
3064 3834 3124 3887 τὸ
3151 3832 3339 3887 δεινόν.
3401 3833 3474 3884 T6
3510 3831 3567 3884 δέ
3599 3833 3693 3884 ἐπὶ

2030 3950 2239 4014 τούτοις
2264 3943 2496 4016 συμϐὰν,
2525 3945 2559 4014 ἡ
2586 3940 2693 3994 τῶν
2743 3935 3034 4008 ὀφθαλμῶν
3081 3936 3345 4007 πήρωσις,
3396 3934 3531 4004 ὅπερ
3570 3933 3694 3986 ὅσον

2035 4058 2150 4111 ἐστὶ
2196 4054 2363 4109 κακὸν
2407 4050 2456 4103 οἱ
2484 4045 2745 4106 παθόντες
2796 4040 2941 4093 ῖσασι
2992 4036 3183 4107 μόνον’
3243 4034 3382 4104 μετά
3424 4034 3482 4087 δὲ
3510 4032 3691 4096 τοῦτο,

2033 4147 2067 4216 ἡ
2100 4144 2225 4214 περὶ
2252 4140 2349 4203 τὰς
2396 4133 2641 4203 εὐλογίας
2682 4128 2949 4197 ἀποτυχία
2977 4124 3071 4216 τού
3122 4122 3330 4216 παιδδς,
3374 4122 3475 4216 ὑφ’,
3506 4116 3692 4216 $3ng?-

2032 4211 2137 4299 τως
2177 4211 2391 4301 ἐπλήγη
2431 4226 2529 4298 τὴν
2563 4222 2762 4295 ψυχὴν,
2798 4220 2873 4282 ὡς
2909 4215 3074 4270 αὐτοῦ
3118 4214 3438 4284 πικρότερον
3456 4211 3691 4266 ἀναϐοῆ-

2036 4346 2125 4383 σαι
2176 4327 2268 4381 τοῦ
2309 4325 2407 4394 τὴν
2439 4320 2655 4389 ἀπάτην
2689 4311 3101 4384 ὑπομείναντος.
3139 4306 3231 4361 καὶ
3252 4303 3693 4374 ἀπολογήσασθαι

2031 4424 2170 4495 πρὸς
2190 4420 2369 4475 αὐτόν·
2403 4417 2464 4471 οὐ
2503 4414 2611 4485 γὰρ
2647 4409 2788 4464 ἑκὼν
2833 4403 3152 4476 ἠδικηκέναι
3182 4400 3384 4468 ἔλεγεν,
3405 4398 3519 4452 ἀλλ’
3548 4399 3692 4451 ἀπα-

2033 4505 2237 4579 τηθείς.

2103 4615 2183 4668 Τά
2210 4612 2266 4666 δὲ
2292 4606 2540 4663 ἐντεῦθεν
2558 4602 2653 4673 τὴν
2680 4600 2770 4654 ὲπί
2784 4598 2884 4668 τῆς
2904 4594 3105 4665 σκηνῆς
3128 4592 3339 4645 ἐδείκνυ
3360 4589 3688 4660 τραγῳδίαν,

2033 4704 2127 4757 καὶ
2148 4702 2208 4755 τὸ
2239 4701 2422 4771 δρᾶμα
2448 4694 2558 4748 τῶν
2591 4687 2843 4759 Θηϐαίων
2868 4682 3136 4771 ἀνετύπου
3158 4691 3191 4771 ,ο
3224 4678 3545 4771 μειρακίων.
3583 4678 3693 4729 Καὶ

2032 4791 2140 4860 γὰρ
2165 4765 2513 4842 καῖ’-ἐνταῦθα
2540 4781 2641 4850 τῆς
2668 4776 2762 4830 τοῦ
2784 4772 2991 4844 πατρὸς
3020 4768 3236 4860 ἡλικίας
3265 4767 3360 4860 καὶ
3386 4765 3692 4860 πηρώσεως

2032 4854 2453 4947 καταφρονήσας
2500 4869 2529 4921 6
2574 4863 2941 4938 πρεσϐύτερος
2986 4858 3205 4923 ἐξέϐαλε
3393 4855 3577 4947 οἰκίας
3602 4854 3694 4907 τὸν

2033 4944 2294 5034 νεώτερον
2324 4956 2573 5026 ἀδελφόν.
2598 4955 2661 5007 Εἰ
2686 4952 2742 5006 δὲ
2768 4951 2841 5021 μὴ
2866 4947 3152 5034 ἀπέκτεινε
3179 4944 3442 5034 καθάπερ⁸
3462 4945 3689 5034 ἐκεῖνος,

2033 5055 2067 5123 ἡ
2100 5030 2215 5120 τῆς*
2244 5045 2448 5118 μητρὸς
2487 5042 2652 5112 σοφία
2698 5038 2861 5091 τοῦτο
2889 5033 3215 5088 διεκώλυσεν
3241 5048 3253 5059 ·
3300 5030 3561 5101 ἠπείλησε
3596 5030 3694 5100 μὲν

2033 5117 2278 5210 γὰρ-καὶ
2313 5130 2466 5196 οὗτος
2488 5132 2578 5184 τὸν
2607 5129 2786 5198 φόνον.
2823 5126 2916 5178 καὶ
2945 5123 3043 5194 τὴν
3063 5117 3692 5210 τελευτήνᾼάνέμενεῌτοῦ

2033 5205 2257 5297 πατρός.
2286 5222 2548 5277 Μαθοῦσα
2563 5218 2619 5270 δέ
2640 5217 2674 5286 ή
2698 5215 2900 5285 μήτηρ,
2932 5209 3118 5279 καὶτῷ
3140 5205 3690 5297 πατρὶ-διαλεχθεῖσα,

2033 5291 2340 5385 ἐξήρπασεν
2366 5307 2526 5363 αὐτὸν
2554 5304 2662 5357 τῶν
2687 5300 2894 5355 ἐκείνου
2917 5298 3140 5369 χειρῶν,
3165 5295 3258 5348 καὶ
3282 5294 3374 5348 τὸν
3404 5293 3502 5365 μὲν
3532 5291 3694 5362 θερα-

2033 5379 2272 5456 πειῇδντα
2316 5398 2514 5458 αὐτοὺς
2549 5394 2644 5447 καὶ
2682 5385 2943 5450 εὐνοϊκῶς
2984 5384 3326 5454 διακείμενον
3372 5379 3693 5451 φυγαδεύειν

2092 5555 2123 5595 b
2143 5554 2226 5617 Sic
2245 5565 2275 5600 e
2297 5550 2448 5617 δεινῇ.
2466 5554 2523 5617 ,εἰ
2548 5541 3036 5617 Collglresliluignu‘s.
3064 5552 3151 5617 pro
3193 5535 3406 5617 οπο-ηοω
3429 5547 3494 5583 ex
3519 5532 3694 5585 Morel.

2031 5601 3408 5726 “55333;?i2°f§§$eﬁ§fﬁi"11333063766236:
3444 5654 3595 5708 Sun.
3633 5664 3682 5713 in

2034 5753 2187 5803 marg.
2211 5735 2460 5787 ἀνετύπου.
