4036 6416
355 340 460 398 ιοε

353 455 855 529 ἠναγκάζοντο,τδν
885 454 940 506 δὶ-
970 453 1242 525 μοχθηρδν
1273 458 1365 510 καὶ
1394 456 1624 510 ἀϐίωτον
1655 458 1840 519 αὐτοῖς
1871 454 2008 509 καθ-

356 546 587 600 ιστῶντα
613 543 705 599 τὸν
737 543 849 614 βίον
883 541 1059 613 (τοῦτο
1102 543 1214 614 γὰρ
1268 544 1404 615 αὑτὴ
1441 560 1605 613 φησιν
1634 546 1667 613 ἡ
1708 543 2011 611 Ῥεϐέκκα)

354 627 488 697 παρ’
534 628 748 688 ἑαυτοῖς
795 626 1047 695 κατεῖχον
1085 624 1368 695 διηνεκῶς.
1426 624 1787 696 Ἀποδράντος
1831 622 2012 677 τοίνυν

353 711 562 764 ἐκείνου
588 710 682 764 τοῦ
707 709 996 773 διαπαντὸς
1021 708 1114 762 ἐπὶ
1141 709 1240 779 τῆς
1267 707 1444 769 οἰκίας
1476 706 1776 780 τραφέντος
1796 701 1885 777 (ἦν
1905 706 2015 777 γάρ

353 797 626 861 ἄπλαστος
650 798 817 851 οἰκῶν
843 796 1053 866 οἰκίαν)
1075 796 1170 850 καὶ
1217 794 1284 850 τά
1323 794 1493 850 πολλά
1528 795 1664 866 μετά
1685 794 1785 866 τῆς
1811 795 2015 865 μητρὸς

352 885 760 955 οἰκουροῦντος,
797 884 938 937 πόσα
980 884 1078 954 μέν
1125 878 1192 954 ἦν
1238 883 1385 946 εἰκὸς
1422 883 1520 954 τὴν
1569 882 1861 936 Ῥεϐέκκαν
1894 882 2015 934 ὀδύ-

256 1016 264 1026 .
356 971 544 1040 ρεσθαι
576 971 670 1023 καὶ
699 970 916 1042 θρηνεῖν
968 969 1323 1041 μεμνημένην
1359 970 1453 1023 τοῦ
1487 970 1675 1033 παιδδς
1701 968 2015 1031 διαπαντὸς,

354 1058 448 1110 καὶ
472 1057 563 1110 τὸν
592 1057 760 1128 ἄνδρα
787 1056 999 1126 ὁρῶσαν
1027 1056 1178 1110 οὐδὲν
1201 1055 1309 1111 τῶν
1332 1056 1540 1127 νεκρῶν
1560 1056 1782 1125 ἄμεινον
1810 1054 2017 1108 διακεί-

358 1161 518 1215 μενον
547 1145 642 1198 καὶ
671 1145 758 1198 διὰ
786 1145 886 1217 τὴν
921 1143 1136 1215 ἠλικίαν
1169 1144 1262 1197 καὶ
1293 1143 1378 1197 διὰ
1408 1143 1506 1214 τὴν
1544 1143 1733 1207 νόσονς
1765 1143 1919 1212 πόσῳ
1955 1141 2014 1195 δέ

355 1232 444 1284 τὸν
470 1230 618 1303 [197]
648 1231 878 1303 γέροντα
917 1231 1101 1285 πένθει
1136 1231 1459 1300 κατέχεσθαι
1497 1230 1636 1302 μετὰ
1660 1231 1769 1284 τῶν
1801 1229 2018 1284 οἰκείων

357 1320 450 1372 καὶ
485 1321 585 1381 τὰς
615 1319 715 1387 τῆς
754 1319 1014 1387 γυναικὸς
1059 1317 1502 1387 ἀναγκαζόμενον
1545 1319 1763 1389 θρηνεῖν
1804 1334 2018 1388 συμφο-

360 1405 497 1476 ράς;
531 1406 658 1458 Ὅτε
685 1405 741 1458 δὲ
774 1405 964 1476 ἔμελλε
992 1406 1248 1476 τελευτᾷν
1282 1405 1465 1474 ἐκείνη
1489 1445 1504 1466 ,
1527 1406 1580 1458 τί
1607 1405 1717 1476 ἄρα
1748 1405 1847 1458 οὐκ
1874 1401 2019 1472 εἷπε,

357 1492 411 1546 τί
443 1493 499 1545 δέ
528 1494 629 1546 οὑκ
659 1492 960 1562 ἐφθέγξατο
981 1534 995 1552 ,
1026 1491 1062 1546 ἀ
1105 1493 1200 1545 καὶ
1223 1491 1370 1545 λίθον
1413 1492 1570 1563 τῆξαι
1618 1493 1777 1546 ἰκανά
1808 1504 1836 1533 ι
1856 1532 1872 1556 ,
1920 1493 2021 1563 οὐχ

356 1579 542 1650 ὁρῶσα
580 1580 673 1634 τὸν
725 1580 893 1633 παῖδα
963 1578 1287 1651 παρεστῶτα
1360 1579 1455 1634 καὶ
1529 1579 1828 1651 δακρύοντα
1848 1619 1863 1643 ,
1926 1580 2021 1632 καί⁵

357 1671 720 1744 καθαιροῦντα
750 1670 1080 1741 ὀφθαλμοὺς,
1113 1671 1206 1724 καὶ
1240 1668 1684 1741 συλλαμϐάνοντα
1709 1669 1903 1741 στόμα,
1928 1669 2023 1723 καὶ

358 1759 793 1831 περιστέλλοντα,
818 1759 913 1813 καί⁸
939 1761 1005 1813 τὰ
1031 1759 1165 1814 ἀλλα
1190 1759 1367 1813 πάντα
1395 1758 1848 1830 ἐπιμελούμενον,
1877 1759 2021 1829 ἆπερ

359 1847 524 1900 αὑτοῦ
557 1846 652 1902 τοῦ
684 1846 915 1901 θανάτου
962 1844 1264 1917 πικρότερα
1303 1847 1418 1909 τοῖς
1458 1844 1851 1918 γεγεννηκόσιν
1879 1841 2021 1899 εἶναι

357 1935 531 1999 δοκεῖς
589 1937 646 1990 ’0
685 1937 742 1990 δὲ
801 1936 984 1991 Ἰσαὰκ
1024 1936 1195 2000 οὕτως
1233 1937 1403 2006 αὑτὴν
1447 1938 1820 1991 ἀποπνέουσαν
1858 1939 2020 2009 ὁρῶν,

358 2023 550 2077 ὁποίαν
574 2023 838 2096 ἐκέκτητο
868 2024 1047 2095 ψυχὴν
1079 2024 1173 2077 καὶ
1207 2023 1333 2077 τότε
1362 2024 1458 2078 καὶ
1491 2024 1629 2096 μετά
1670 2024 1770 2096 τὴν
1803 2025 2024 2098 ἐκείνης

360 2113 616 2184 τελευτήν
637 2130 652 2177 ;

432 2208 520 2255 ια’.
559 2201 809 2264 Τοιοῦτος
839 2202 970 2270 ἡμῖν
1001 2201 1029 2252 6
1060 2199 1270 2254 πολλῶν
1298 2199 1664 2273 εὐθυμότερος
1692 2199 1831 2256 εἶναι
1851 2202 2024 2257 δοκῶν

359 2288 758 2357 ἀποπέφανται.
779 2287 881 2341 Τὸν
903 2287 959 2340 δὲ
973 2286 1070 2341 τοῦ
1086 2286 1278 2341 Ἰακὼϐ
1302 2287 1416 2356 βίον
1439 2289 1600 2360 ἀρκεῖ
1623 2290 1721 2360 μὲν
1741 2290 1836 2344 καὶ
1857 2291 2025 2362 χωρὶς

361 2370 659 2438 ἐξετάσεως
681 2369 849 2433 δεῖξαι
884 2370 1022 2437 αὑτὴ
1054 2371 1086 2438 ἡ
1113 2369 1206 2423 τοῦ
1244 2369 1439 2424 Ἰακὼϐ
1470 2372 1776 2441 ἀπόφασιςο
1811 2374 1889 2442 τῷ
1917 2373 2025 2443 γὰρ

359 2453 559 2526 Φαραὼ
594 2453 717 2506 τότε
743 2453 1126 2522 διαλεγόμενος
1159 2453 1314 2521 ἔλεγε
1335 2470 1349 2484 ·
1387 2455 1603 2522 Μικραί
1635 2455 1737 2509 καὶ
1767 2455 2028 2524 πονηραὶ

360 2540 422 2591 αὶ
450 2534 659 2605 ἡμέραι
683 2553 822 2605 μου,
852 2536 949 2588 καί
973 2537 1083 2590 οὐκ
1110 2537 1398 2605 ἀφίκοντο
1424 2540 1512 2603 είς
1539 2539 1647 2604 τὰς
1670 2538 1893 2608 ἡμέρας
1910 2537 2029 2592 τῶν

301 2639 304 2642 ’
366 2620 636 2687 πατέρων
646 2636 783 2689 μου’
807 2619 949 2672 τοῦτ’
968 2619 1102 2679 ἐστι,
1117 2621 1211 2673 καὶ
1231 2619 1562 2692 βραχύτερον
1578 2622 1671 2675 καὶ
1696 2620 2030 2693 μοχθηρότε-

368 2721 460 2778 ρον
488 2703 692 2756 ἐϐίωσα
727 2701 860 2771 βίον.
896 2702 1075 2772 Χωρίς
1118 2703 1174 2755 δὲ
1211 2702 1313 2771 τῆς
1344 2704 1674 2771 ἀποφάσεως
1713 2704 1887 2767 οὕτως
1921 2703 2029 2756 εἰσὶ

368 2788 688 2859 περιφανεῖς
724 2782 788 2838 αί
821 2786 1098 2857 συμφοραὶ
1138 2785 1327 2851 αὑτοῦ,
1361 2786 1437 2850 ὼς
1476 2788 1612 2858 μηδέ
1657 2788 1765 2841 τῶν
1816 2786 2029 2841 πολλῶν

367 2888 518 2935 τινας
550 2870 717 2934 αὐτὰς
751 2870 988 2936 ἀγνοεῖν.
1039 2870 1099 2922 '0
1133 2870 1233 2940 μέν
1265 2870 1374 2943 γὰρ
1406 2871 1631 2935 πάππος
1662 2873 1690 2925 6
1728 2870 1951 2936 τούτου,
1979 2872 2030 2924 εἰ

368 2956 462 3008 καὶ
493 2953 708 3024 μακρὰν
725 2953 997 3006 ἐστείλατο
1010 2952 1110 3023 τὴν
1136 2954 1468 3024 ἀποδημίαν,
1496 2954 1632 3008 ἀλλά
1653 2955 1746 3008 τοῦ
1774 2953 1910 3007 Θεοῦ
1938 2971 2031 3007 κε-

368 3037 638 3103 λεύοντος,
667 3038 804 3107 ὅπερ
829 3036 1181 3108 παραμυθίαν
1213 3037 1361 3107 αὑτῷ
1384 3036 1483 3107 τὴν
1512 3039 1775 3108 μεγίστην
1804 3038 1994 3107 ἔφερεν
2012 3052 2027 3067 ·

370 3115 523 3186 οῦτος
556 3122 613 3174 δέ
645 3120 870 3189 ἀδελφὸν
916 3119 1133 3188 φεύγων
1176 3118 1596 3174 ἐπιϐουλεύοντα
1641 3123 1737 3175 καὶ
1783 3124 2032 3192 φονῶντα

373 3206 497 3259 κατ’
529 3203 693 3257 αὑτοῦ
712 3220 724 3233 ·
768 3204 1017 3265 κάκεῖνος
1042 3203 1139 3272 μὲν
1165 3201 1420 3256 οὐδέποτε
1443 3203 1545 3255 ὑπέ
1553 3221 1585 3275 ρ
1610 3205 1707 3275 τῆς
1728 3206 1838 3258 τῶν
1859 3207 2032 3275 ἀναγ-

373 3288 544 3342 καίων
563 3287 822 3359 χορηγίας
848 3284 1112 3356 ὠδύρετο⁸
1142 3279 1294 3348 οὗτος
1323 3286 1379 3339 δέ
1414 3287 1697 3359 ἀγαπητὸν
1725 3291 1913 3359 ἡγεῖτο
1939 3291 2033 3344 καὶ

375 3370 588 3432 εὐκτὸν,
615 3370 676 3423 τὸ
714 3368 925 3437 ἱματίου
958 3369 1050 3421 καὶ
1076 3369 1240 3439 ἄρτου
1275 3369 1576 3441 εὐπορῆσαι
1606 3371 1784 3442 μόνον.
1818 3375 2031 3427 Διασωο

377 3454 491 3517 θεὶς
510 3453 585 3517 δὲ,
619 3453 712 3506 καί
737 3451 843 3504 τῶν
871 3451 970 3520 τῆς
994 3451 1301 3523 ὁδοιπορίας
1328 3455 1514 3507 κακῶν
1539 3455 1874 3524 ἀπαλλαγεὶς
1897 3499 1911 3520 ,
1940 3456 2035 3510 καί¹

379 3535 515 3607 πρὸς
554 3537 679 3598 τοὺς
731 3535 1012 3601 συγγενεῖς
1061 3532 1230 3587 ἐλθὼν
1280 3536 1408 3599 τοὺς
1458 3535 1645 3602 αὑτοῦ,
1695 3538 2036 3607 ἠναγκάζετο

374 3617 643 3673 δουλεύειν
673 3619 701 3670 ὁ
728 3617 785 3668 ἐν
822 3614 1050 3687 ἀφθονία
1092 3618 1329 3688 τοσαύτῃ
1373 3619 1622 3689 τραφείς.
1653 3614 1823 3675 Οἶσθα
1863 3621 1918 3674 δέ
1954 3622 2035 3676 δτι

376 3699 649 3771 πανταχοῦ
676 3699 704 3739 ι’
730 3700 827 3768 μὲν
847 3701 879 3770 ἡ
901 3697 1112 3752 δουλεία
1140 3700 1368 3771 πικρόν·
1392 3703 1519 3755 ὅταν
1546 3703 1602 3756 δέ
1632 3721 1716 3767 τις
1744 3704 1894 3776 παρὰ
1923 3708 2032 3770 τοῖς

375 3781 655 3853 ὁμοτίμοις
679 3784 748 3835 τά
770 3781 874 3834 τῶν
899 3780 1124 3834 οἰκετῶν
1163 3782 1455 3853 ὑπομένειν
1486 3785 1863 3856 ἀναγκάζηται
1885 3829 1900 3851 ,
1932 3790 2029 3842 καὶ

375 3864 546 3918 ταῦτα
578 3863 843 3934 μηδέποτε
877 3865 970 3918 τοῦ
1005 3865 1331 3936 πράγματος
1360 3869 1557 3937 πεῖραν
1588 3869 1789 3933 λαϐὼν,
1830 3870 1947 3925 ἀλλ’
1972 3874 2031 3925 ἐν

378 3948 659 4018 ἐλευθερίᾳ
704 3949 796 4000 καὶ
821 3951 998 4019 τρυφῇ
1028 3948 1129 4014 τὴν
1160 3950 1385 4021 πρώτην
1433 3951 1651 4005 ἃπασαν
1682 3953 1897 4023 ἡλικίαν
1924 3954 2034 4008 δια-

374 4028 581 4098 γαγὼν,
620 4029 891 4100 ἀφόρητον
940 4032 1143 4099 γίνεται
1178 4032 1241 4086 τὸ
1275 4032 1480 4087 δεινόν·
1527 4035 1642 4089 ἀλλ’
1680 4036 1830 4107 ὅμως
1873 4038 2033 4109 ἔφερε

376 4112 554 4166 πάντα
568 4113 849 4180 γενναίως.
877 4112 983 4165 Καὶ
1010 4114 1106 4177 τὰς
1134 4115 1189 4167 ἐν
1219 4117 1282 4185 τῇ
1310 4120 1639 4190 ποιμαντικῇ
1661 4118 1826 4172 αὑτοῦ
1848 4119 2032 4172 ταλαι-

376 4195 589 4266 πωρίας
608 4195 827 4257 ἀκούεις
848 4195 1200 4266 διηγουμένου
1222 4237 1237 4259 ,
1284 4200 1379 4254 καὶ
1404 4200 1683 4268 λέγοντοςο
1727 4201 1874 4272 Ἐγὼ
1919 4203 2032 4257 ἀετ-

373 4285 653 4337 ετίννυον
679 4284 814 4350 παρ’
851 4283 1109 4352 ἐμαυτοῦ
1141 4285 1448 4355 κλέμματα
1484 4288 1706 4359 ἡμέρας
1733 4291 1830 4344 καὶ
1854 4288 2032 4360 x161;-

368 4385 526 4439 ματα
563 4371 812 4436 νυκτόςο
861 4371 1154 4440 ἐγενόμην
1189 4376 1624 4444 συγκαιόμενος
1668 4376 1747 4443 τῷ
1778 4379 2031 4446 καύματι

374 4457 485 4524 τῆς
507 4457 730 4526 ἡμέρας
758 4458 853 4511 καὶ
874 4456 954 4523 τῷ
975 4458 1205 4529 παγετῷ
1228 4459 1339 4529 τῆς
1360 4463 1599 4528 νυκτὸς,
1620 4463 1717 4517 καί
1741 4464 2036 4533 ἀφίστατο

376 4547 409 4597 ό
436 4544 628 4610 ὕπνος
666 4542 785 4597 ἀπὸ
823 4544 939 4597 τῶν
973 4546 1296 4617 ὀφθαλμῶν
1333 4566 1472 4617 μου.
1509 4547 1697 4604 Ταῦτά
1738 4568 1826 4621 μοι
1863 4551 2036 4604 εἴκοσι

374 4629 491 4700 ἔτη.
534 4630 717 4684 Ταῦτα
753 4630 988 4701 ἔπασχεν
1025 4634 1053 4684 6
1084 4633 1174 4686 τὸν
1212 4634 1487 4688 ἄπλαστον
1523 4635 1635 4706 βίον
1672 4636 1970 4707 βεϐιωκὼς,
2006 4640 2035 4691 6

373 4719 552 4772 οἰκίαν
580 4721 804 4790 οἰκήσας
825 4718 1115 4783 διαπαντὸς
1136 4761 1149 4783 ,
1184 4722 1280 4774 καὶ
1311 4723 1450 4792 μετά
1473 4725 1599 4788 τοὺς
1627 4724 1916 4788 τοσούτους
1940 4726 2037 4796 μό-

374 4806 538 4879 χθους
558 4806 773 4869 καὶτὰς
802 4804 1007 4876 ζημίας
1033 4809 1128 4861 καὶ
1153 4808 1245 4861 τὸν
1273 4809 1441 4863 πολὺν
1472 4813 1662 4882 χρόνον
1684 4815 1908 4879 ἐκεῖνον,
1938 4814 2037 4882 τὴν

378 4894 581 4964 πικρὰν
622 4894 838 4964 ἀπάτην
874 4894 1133 4964 ὑπέμεινε
1179 4896 1278 4967 τὴν
1326 4899 1417 4951 ἐπὶ
1449 4902 1516 4970 τῇ
1550 4900 1789 4968 γυναικί.
1831 4899 1895 4955 Εἰ
1928 4902 2037 4974 γὰρ

377 4982 454 5053 μὴ
487 4982 821 5036 δεδουλεύκει
855 4983 923 5036 τά
952 4984 1090 5037 ἐπτά
1136 4983 1250 5054 ἔτη,
1293 4987 1341 5038 εί
1374 4987 1483 5059 γὰρ
1515 4989 1679 5059 μηδὲν
1710 4983 1785 5043 ὧν
1815 4990 2035 5044 ἀπωδύ-

377 5086 510 5137 ρατο
536 5070 670 5141 πρδς
692 5071 783 5123 τὸν
804 5071 1068 5142 κηδεστὴν
1097 5071 1318 5137 ἔπαθεν,
1351 5077 1399 5127 εἰ
1424 5075 1530 5145 γὰρ
1558 5078 1629 5147 μὴ
1652 5078 1761 5148 ῆρα
1779 5077 1879 5147 τῆς
1906 5095 2037 5130 παι-

373 5158 482 5220 δὸς,
501 5158 631 5210 αὑτὸ
651 5158 807 5228 μόνον
828 5159 888 5211 τὸ
912 5159 1350 5232 κατεγγυηθῆναι
1382 5164 1477 5232 μὲν
1500 5165 1646 5235 αὑτῷ
1670 5166 1769 5237 τὴν
1792 5165 2000 5235 ἀμείνω
2022 5205 2037 5230 ,

373 5244 596 5314 δοθῆναι
623 5244 679 5298 δὲ
701 5244 798 5315 τὴν
821 5245 1157 5318 φαυλοτέραν
1177 5249 1291 5301 ἀντ’
1316 5251 1552 5320 ἐκείνης,
1574 5242 1751 5323 πόσην
1777 5253 2036 5323 ἀθυμίαν,

375 5332 542 5385 πόσον
588 5332 832 5402 θόρυϐον,
882 5333 1054 5404 πόσην
1092 5336 1354 5406 ἐπήρειαν
1401 5342 1631 5410 παρεῖχε
1669 5339 1746 5410 τῷ
1783 5339 2036 5411 μακαρίῳ

372 5419 496 5474 τότε
520 5420 742 5491 ἐκείνῳί
770 5420 963 5484 Ἀλλος
986 5422 1083 5492 μὲν
1103 5418 1195 5475 οὖν
1223 5424 1374 5488 εἴτις
1394 5420 1485 5496 ἦν,
1510 5427 1610 5480 οὑκ
1633 5427 1696 5481 ἂν
1721 5427 1917 5499 ῥαδίως
1937 5427 2035 5498 τὴν

438 5625 465 5653 ⁸
491 5623 638 5672 Sari].
667 5623 692 5671 ὃ
713 5622 792 5671 καὶ
813 5622 937 5670 λίθον
958 5621 1015 5681 ἦν
1034 5625 1168 5682 τῆξαι
1191 5624 1365 5673 ἱκανόν.

439 5685 466 5724 b
489 5687 634 5751 Sam.
664 5692 717 5733 et
738 5684 897 5751 Coiﬁ);
917 5684 1180 5751 πολλαχοῦ,
1225 5687 1397 5737 Morel.
1436 5685 1695 5751 πανταχοῦ.
1727 5687 1851 5737 Infra
1885 5686 2037 5737 Savil.

378 5747 777 5809 ἀπαναγκάζηται.
799 5744 938 5797 Colb.
966 5744 1283 5806 ἀναγκάζηται

1133 338 1191 395 S.
1230 338 1516 396 JOANNIS
1554 337 2033 396 CHRYSOSTOMI
2070 337 2390 396 ARCHIEP.
2429 339 2974 401 CONSTANTINOP.

3666 351 3777 408 ἆΓιο

2114 454 2383 526 ἐπήρειαν
2404 457 2659 529 ἤνεγκεν,
2691 459 2829 513 ἀλλά
2855 463 3035 515 πᾶσαν
3054 461 3162 515 τῶν
3179 461 3454 532 κηδεστῶν
3482 463 3773 538 ἀνέτρεψεν

2112 538 2178 592 ἂν
2211 539 2309 611 τὴν
2340 541 2518 596 οὶκίαν
2570 543 2848 613 συσφάξας
2898 544 3092 599 ἐαυτὸν
3131 545 3387 609 ἐκείνοις,
3419 545 3452 616 ἢ
3486 548 3581 601 καὶ
3628 549 3773 614 ἄλλῳ

2112 624 2220 676 τινὶ
2261 624 2678 697 συνδιαφθείρας
2718 627 2935 698 τρόπῳ·
2986 627 3173 699 ἐπειδὴ
3223 627 3280 681 δὲ
3328 626 3650 696 ἀνεξίκακος
3684 634 3780 686 καὶ

2119 706 2472 778 μακρόθυμος
2498 702 2567 780 ἦν
2588 713 2618 762 6
2656 709 2871 776 Ἰακὼϐ,
2899 708 3058 764 τοῦτο
3092 711 3191 781 μὲν
3216 712 3318 765 οὑκ
3347 712 3620 785 ἐποίησεν,
3656 716 3771 772 ἀλλ’

2114 790 2237 842 οὐδὲ
2270 790 2416 860 (198)
2455 790 2814 846 ἐϐουλεύσατο
2858 793 2957 865 τὴν
2988 794 3505 865 ἀρχήν·κελευσθεὶς
3527 798 3585 851 δὲ
3613 799 3776 870 ἔτερα

2115 871 2255 950 ἐπτά
2281 872 2376 944 ἔτη
2411 874 2694 928 δουλεῦσαι
2730 875 2911 940 πάλιν,
2964 877 3274 947 ὑπήκουσεν
3306 879 3572 950 ὲτοίμως’
3602 880 3776 947 οὕτως

2113 949 2181 1024 ἦν
2211 956 2384 1026 πρᾶος
2415 957 2511 1010 καὶ
2550 958 2817 1030 ἐπιεικής.
2850 960 2913 1011 Εἰ
2941 958 2998 1012 δὲ
3028 961 3057 1012 ὁ
3091 960 3192 1030 τῆς
3241 949 3431 1032 κόρης
3458 961 3596 1034 ἔρως
3654 981 3781 1017 συν-

2115 1040 2552 1111 ἀντελαμϐάνετο
2581 1045 2648 1114 τῇ
2681 1042 2789 1096 τῶν
2814 1042 3025 1114 τρόπων
3056 1044 3345 1115 ἐπιεικείᾳ,
3379 1045 3540 1099 πάλιν
3572 1065 3660 1117 μοι
3677 1050 3779 1117 τῆς

2118 1120 2356 1192 ἀθυμίας
2410 1122 2591 1192 λέγεις
2646 1125 2746 1194 τὴν
2793 1124 3117 1196 ὑπερϐολήν.
3167 1126 3448 1197 Ἐννόησον
3492 1129 3601 1200 γάρ
3643 1131 3779 1200 ὅσην

2118 1205 2311 1277 ὁδύνην
2337 1206 2652 1277 ὑπέμεινεν,
2688 1210 2777 1262 ὅτε
2811 1209 2909 1279 τῆς
2945 1208 3117 1272 οὕτως
3141 1209 3510 1282 ἀγαπωμένης
3540 1213 3779 1266 ἀπεστε-

2123 1293 2286 1363 ρεῖτο,
2324 1290 2420 1345 καὶ
2459 1291 2771 1362 προσδοκῶν
2803 1292 2972 1363 αὐτὴν
2996 1291 3143 1346 ἔνδον
3172 1291 3336 1363 ἔχειν,
3366 1294 3444 1358 εἰς
3472 1295 3612 1349 ἐπτά
3631 1290 3780 1351 ἐτῶν

2120 1376 2284 1430 πάλιν
2318 1376 2584 1448 ἀναϐολὴν
2617 1375 2956 1447 ἐξεκρούετο,
2999 1376 3094 1431 καὶ
3128 1379 3254 1441 τοὺς
3292 1380 3538 1449 κρυμοὺς
3568 1380 3664 1433 καὶ
3710 1386 3779 1439 τὶ

2120 1458 2299 1533 θάλπη
2333 1461 2430 1515 καὶ
2454 1461 2555 1524 τὰς
2581 1461 2886 1533 ἀγρυπνίας
2908 1460 3002 1515 καὶ
3025 1460 3127 1525 τάς
3154 1459 3357 1531 ζημίας
3387 1461 3487 1526 τὰς
3510 1466 3775 1535 συνεχεῖς.

2120 1543 2315 1597 Λαϐὼν
2343 1545 2400 1598 δὲ
2441 1545 2538 1599 καὶ
2567 1545 2773 1615 ταύτην
2812 1543 3057 1615 ὕστερον,
3101 1546 3194 1598 καὶ
3225 1544 3337 1608 ζῶν
3379 1545 3528 1616 παρὰ
3567 1545 3645 1616 τῷ
3674 1563 3780 1618 κη-

2119 1628 2280 1700 δεστῇ
2317 1627 2430 1697 βίον
2463 1627 2808 1699 ταλαίπωρον
2856 1627 2954 1681 καὶ
2992 1626 3310 1699 ἐπίμοχθον,
3359 1628 3634 1698 ἐφθονεῖτο
3685 1634 3781 1684 καὶ

2120 1711 2314 1776 οὕτως,
2337 1711 2433 1765 καὶ
2459 1710 2718 1782 δευτέραν
2743 1710 2957 1780 ἀπάτην
2985 1710 3257 1781 ὑπέμενεν
3280 1711 3376 1764 ἐπὶ
3402 1715 3516 1777 τοῖς
3543 1713 3777 1783 μισθοῖς,

2121 1795 2196 1858 ὼς
2234 1794 2330 1847 καὶ
2364 1793 2526 1856 αὐτὸς
2557 1793 2721 1848 αὑτὸν
2758 1791 3004 1864 διήλεγξε
3040 1792 3216 1862 λέγων
3252 1794 3356 1858 ὅτι,
3393 1797 3781 1864 Παρελοτισω

2117 1898 2193 1953 με
2226 1880 2373 1935 δέκα
2416 1880 2701 1951 ἀμνάσιν.
2746 1879 2905 1935 Μετά
2943 1879 3000 1935 δέ
3028 1880 3123 1934 τοῦ
3153 1881 3419 1953 κηδεστοῦ
3457 1884 3552 1937 καὶ
3587 1884 3636 1936 οἱ
3666 1884 3781 1937 τῶν

2123 1969 2398 2038 γυναικῶν
2444 1969 2663 2038 ἀδελφοὶ
2686 1968 2780 2022 τοῦ
2817 1968 3078 2039 κηδεστοῦ
3109 1968 3309 2040 μᾶλλον
3342 1968 3783 2042 ἐξεθηριιίώησαν

2123 2058 2261 2130 πρὸς
2284 2057 2466 2111 αὑτόν.
2498 2056 2572 2110 Τὸ
2596 2057 2654 2111 δέ
2678 2057 2898 2110 πάντων
2926 2055 3301 2129 χαλεπώτερον
3320 2053 3409 2128 ἦν,
3443 2058 3476 2129 ἡ
3505 2060 3780 2131 ἐρωμένη,

2121 2145 2190 2199 δι’
2235 2146 2302 2216 ἣν
2330 2143 2426 2216 ἔτη
2466 2145 2548 2208 δὶς
2577 2144 2719 2198 ἐπτά
2757 2143 3026 2198 δουλεύειν
3053 2144 3246 2209 είλετο,
3277 2144 3384 2197 ὑπὸ
3412 2145 3511 2217 τῆς
3542 2146 3785 2217 ἀθυμίας

2124 2233 2479 2303 ἀπεπνίγετο,
2506 2233 2606 2305 τὴν
2642 2233 2741 2304 μέν
2772 2232 3007 2304 ἀδελφὴν
3035 2232 3323 2288 τίκτουσαν
3338 2233 3522 2304 ὁρῶσα
3539 2273 3554 2297 ,
3583 2235 3786 2305 ἐαυτὴν

2123 2324 2182 2378 δὲ
2204 2324 2324 2377 οὐδὲ
2353 2323 2541 2378 ἐλπίδα
2562 2322 2657 2377 τοῦ
2681 2323 3007 2393 πράγματος
3027 2321 3276 2393 ἔχουσαν,
3298 2325 3391 2379 καὶ
3415 2326 3497 2389 εἰς
3515 2326 3786 2395 τοσαύτην

2126 2409 2382 2466 ἔκστασιν
2411 2411 2518 2464 ὑπὸ
2555 2410 2656 2481 τῆς
2686 2409 2924 2480 ἀθυμίας
2959 2409 3220 2482 ἐξηνέχθη
3251 2412 3392 2476 τότε,
3419 2412 3495 2475 ὡς
3533 2413 3787 2479 ἐγκαλεῖν

2126 2499 2223 2553 καὶ
2273 2497 2584 2569 μέμφεσθαι
2621 2496 2699 2568 τῷ
2733 2495 2889 2568 ἀνδρὶ
2911 2536 2927 2561 ,
2977 2498 3073 2551 καὶ
3109 2496 3335 2551 θάνατον
3381 2497 3626 2551 ἀπειλεῖν
3658 2499 3786 2552 καθ’

2127 2586 2351 2655 ἐαυτῆς,
2375 2586 2425 2639 εἰ
2460 2584 2536 2656 μὴ
2558 2584 2708 2638 τέκοι
2727 2601 2742 2616 ·
2780 2584 2892 2650 Δὸς
2922 2583 3032 2655 γάρ
3050 2601 3155 2654 μοι
3184 2582 3386 2648 τέκνα,
3412 2586 3606 2656 φησιν’
3636 2588 3689 2640 εί
3716 2586 3788 2640 δὲ

2121 2674 2209 2744 μὴ
2226 2712 2240 2737 ,
2270 2673 2614 2742 τελευτήσω
2795 2671 2860 2724 Τί
2877 2671 3057 2725 τοίνυν
3083 2671 3349 2742 εὐφρᾶναι
3370 2672 3530 2726 αὑτὸν
3561 2672 3787 2727 δυνατὸν

2127 2759 2221 2835 ἦν,
2250 2764 2350 2833 τῆς
2379 2761 2476 2832 μέν
2507 2758 2651 2814 οῦτω
2680 2758 3019 2829 ποθουμένης
3047 2758 3271 2813 τοιαῦτα
3302 2759 3650 2832 ὀδυρομένης.
3675 2759 3789 2815 τῶν

2129 2851 2187 2905 δὲ
2206 2850 2410 2922 ταύτης
2425 2847 2669 2917 ἀδελφῶν
2681 2845 3137 2900 ἐπιϐουλευόντων
3156 2846 3306 2917 αὐτῷ
3316 2848 3411 2901 καὶ
3427 2848 3604 2901 πάντα
3619 2865 3786 2919 πρατ-

2128 2940 2350 3003 τόντων,
2387 2938 2534 3001 ὅπως
2574 2938 2655 2999 εἰς
2688 2936 2789 3006 τὴν
2823 2933 3058 3006 ἐσχάτην
3096 2934 3223 3006 ἔλθῃ
3266 2934 3487 2999 πενίαν;
3527 2936 3593 2989 Εἰ
3620 2935 3682 2989 δι
3722 2936 3791 2990 τά

2131 3023 2298 3094 χωρὶς
2329 3018 2571 3090 ἱδρώτων
2593 3019 2941 3097 ἐπιδιδόμενα
2963 3021 3084 3082 ταῖς
3110 3018 3377 3087 γυναιξὶν,
3403 3021 3531 3074 ὅταν
3558 3020 3795 3092 ἀφαιρῆ.

2129 3129 2242 3175 ται,
2278 3111 2480 3183 πολλὴν
2506 3110 2662 3180 φέρει
2694 3109 2794 3180 τὴν
2826 3108 3085 3179 ἀθυμίαν,
3117 3111 3145 3163 ὁ
3168 3109 3488 3175 κινδυνεύων
3511 3111 3652 3181 ὑπὲρ
3680 3111 3793 3165 τῶν

2132 3196 2315 3258 πόνοις
2339 3193 2648 3263 κτηθέντων
2679 3190 2901 3255 οίκείοις
2925 3190 3042 3255 πῶς
3068 3190 3136 3244 ἂν
3157 3192 3347 3262 πράως
3368 3193 3572 3264 ταύτην
3590 3194 3795 3262 ἤνεγκε

2132 3286 2232 3357 τὴν
2253 3285 2457 3356 ζημίαν
2482 3301 2496 3347 ;
2521 3284 2852 3352 Αἰσθόμενος
2874 3284 3052 3337 τοίνυν
3071 3284 3154 3338 ὅτι
3179 3283 3245 3335 δι’
3273 3283 3504 3353 ὑποψίας
3524 3279 3670 3355 εἰχον
3694 3285 3796 3338 αὑ-

2132 3370 2223 3423 τὸν
2246 3371 2340 3423 καὶ
2370 3369 2756 3433 ὑπεϐλέποντο,
2786 3367 2964 3421 λαθὼν
2997 3366 3341 3439 ἀνεχώρησεν
3366 3367 3442 3432 ὡς
3470 3368 3647 3438 φυγάς
3671 3384 3687 3399 ⁸
3729 3363 3794 3422 οὗ

2132 3458 2186 3512 τί
2216 3457 2411 3527 γένοιτ’
2446 3456 2511 3511 ἂν
2542 3455 2921 3527 ἐλεεινότερον;
2958 3453 3064 3508 Καὶ
3095 3453 3205 3526 γὰρ
3241 3457 3305 3508 ἐκ
3329 3455 3428 3525 τῆς
3459 3456 3668 3519 οἰκείας
3697 3459 3796 3510 καὶ

2134 3549 2197 3601 ἐκ
2229 3547 2328 3615 τῆς
2349 3545 2636 3615 ἀλλοτρίας
2662 3542 2802 3615 μετά
2823 3543 3003 3612 φόϐων
3032 3544 3124 3597 καὶ
3154 3542 3411 3596 κινδύνων
3433 3542 3797 3614 ἀποδημήσας

2134 3641 2213 3701 είς
2242 3638 2311 3692 τά
2342 3639 2481 3693 αὑτά
2507 3637 2668 3692 πάλιν
2701 3636 2996 3708 ἐμπίπτειν
3021 3635 3270 3708 βάραθρα
3294 3635 3650 3705 ἠναγκάζετο.
3688 3638 3796 3691 Τὸν

2139 3732 2235 3802 μὲν
2263 3730 2372 3801 γὰρ
2398 3729 2623 3799 ἀδελφὸν
2653 3730 2842 3799 φυγὼν
2866 3725 2997 3800 ἦλθε
3021 3726 3158 3799 πρὸς
3181 3727 3272 3780 τὸν
3293 3726 3580 3799 κηδεστὴν,
3603 3726 3711 3781 ὑπὸ
3732 3728 3795 3783 δί

2138 3826 2323 3880 τούτου
2358 3825 2522 3880 πάλιν
2560 3825 2935 3896 ἐλαυνόμενος,
2982 3826 3062 3888 εἰς
3100 3821 3191 3878 τὸν
3228 3821 3454 3891 ἀδελφὸν
3496 3821 3794 3894 ἐμπίπτειν

2138 3919 2416 3983 ἐϐιάζετο·
2458 3918 2552 3973 καί¹
2580 3917 2640 3973 τὸ
2674 3919 3013 3990 προφητικὸν
3048 3920 3226 3975 ἐκεῖνο
3263 3923 3572 3994 ὑπέμεινεν,
3598 3921 3626 3975 ὃ
3660 3923 3799 3993 περὶ

2140 4016 2233 4087 τῆς
2257 4017 2468 4090 ἡμέρας
2488 4015 2694 4088 Κυρίου
2717 4017 2879 4088 φησὶν
2898 4017 2926 4069 6
2965 4014 3163 4088 Ἀμὼςο
3199 4019 3307 4072 Ὃν
3325 4020 3545 4088 τρόπον
3565 4017 3674 4074 ἐάν
3700 4035 3798 4084 τις

2139 4113 2363 4184 ἐκφύγῃ
2400 4113 2521 4167 ἀπὸ
2566 4111 2889 4181 προσώπου
2925 4113 3191 4180 λέοντος,
3234 4116 3332 4169 καὶ
3363 4114 3582 4185 ἐμπέσῃ
3629 4115 3799 4181 αὐτῷ

2139 4199 2370 4269 ἄρκτος,
2383 4200 2478 4253 καί
2500 4198 2844 4269 είσπηδήσῃ
2861 4203 2949 4268 είς
2962 4201 3077 4270 τὴν
3099 4203 3298 4256 οὶκίαν
3314 4203 3520 4267 αὐτοῦ,
3558 4202 3658 4256 καὶ
3679 4204 3799 4257 ἀπ-

2137 4298 2340 4366 ερείσῃ
2371 4296 2485 4366 τὴν
2513 4297 2681 4366 χεῖρα
2705 4298 2891 4353 αὐτοῦ
2917 4300 3004 4364 είς
3030 4298 3138 4352 τὸν
3153 4297 3376 4368 τοῖχον,
3389 4299 3489 4357 καί
3515 4299 3671 4369 δάκῃ
3692 4303 3800 4354 αὑ-

2136 4390 2243 4443 τὸν
2276 4393 2309 4445 ὀ
2338 4389 2492 4459 ὄφις.
2528 4391 2593 4444 Τί
2621 4391 2679 4445 δέ
2711 4392 2792 4445 δεῖ
2814 4390 2992 4459 λέγειν
3017 4391 3107 4446 τὸν
3129 4392 3332 4464 τρόμον
3365 4393 3424 4446 ὃν
3455 4392 3664 4465 ὑπέστη
3695 4410 3803 4448 κα-

2136 4485 2433 4558 ταληφθεὶς
2479 4487 2584 4541 ὑπὸ
2626 4488 2721 4541 τοῦ
2753 4489 2957 4553 Λάϐαν,
3000 4488 3099 4552 τὰς
3137 4489 3346 4558 θλίψεις
3379 4490 3481 4555 τὰς
3520 4491 3664 4546 κατά
3694 4492 3801 4562 τὴν

2136 4574 2467 4646 ὁδοιπορίαν,
2506 4576 2838 4647 θρεμμάτων
2881 4577 3151 4631 τοσούτων
3199 4578 3294 4631 καὶ
3327 4579 3528 4632 παίδων
3567 4580 3803 4635 ἀκολαυ⁹

2138 4662 2377 4718 θούντων
2408 4663 2590 4734 αύτῷς
2641 4665 2780 4717 Ἀλλ’
2809 4666 2997 4735 ἐπειδὴ
3030 4665 3130 4735 τὴν
3173 4667 3469 4738 ἀδελφικὴν
3506 4667 3628 4736 ὄψιν
3659 4670 3803 4739 ὀρᾷν

2138 4749 2383 4821 ἔμελλεν,
2407 4753 2468 4804 οὺ
2488 4752 2651 4804 ταυτδ
2671 4752 2876 4822 ἔπασχε
2898 4755 3010 4816 τοῖς
3033 4752 3203 4824 ὁρῶσι
3217 4753 3318 4825 τὴν
3345 4755 3493 4825 παρὰ
3512 4757 3621 4818 τοῖς
3643 4773 3808 4826 ποιη-

2136 4841 2256 4901 ταῖς
2280 4839 2652 4910 πλαττομένην
2670 4839 2759 4893 ὑπ⁴
2776 4841 2998 4893 ἐκείνων
3016 4840 3280 4910 Γοργόνος
3296 4843 3535 4913 κεφαλήν
3552 4859 3569 4907 ;
3596 4844 3699 4913 οὐχ
3719 4843 3806 4908 ὡς

2137 4927 2236 5000 τὴν
2264 4926 2356 4980 ἐπὶ
2378 4927 2606 4980 θάνατον
2620 4926 2818 4991 ἀπιὼν,
2843 4927 3013 4990 οὓτως
3029 4928 3242 4983 ᾶπαντα
3254 4926 3578 4998 διετάττετὸ;
3603 4933 3808 4986 Ἄκου-

2141 5032 2233 5070 σον
2265 5015 2373 5068 τῶν
2411 5016 2672 5092 ῥημάτων
2711 5015 2894 5077 αὑτοῦ,
2932 5017 3028 5069 καὶ
3067 5016 3207 5087 μάθε
3239 5018 3338 5089 τὴν
3367 5020 3808 5093 ἐναποκειμένην

2141 5104 2305 5157 αὑτοῦ
2337 5103 2509 5173 φλόγα
2535 5107 2602 5175 τῇ
2638 5103 2783 5175 ψυχῇ
2804 5119 2817 5130 ⁸
2864 5105 3114 5169 Ἐξελοῦ
3145 5123 3243 5176 με,
3277 5109 3458 5178 φησὶν,
3485 5111 3518 5162 o'
3547 5109 3693 5175 Θεὸς
3725 5112 3803 5163 ἐκ

2141 5191 2338 5260 χειρὸς
2358 5202 2381 5229 ο
2427 5190 2617 5246 Ἡσαῦ
2648 5191 2755 5245 τοῦ
2783 5191 3051 5261 ἀδελφοῦ
3078 5210 3198 5262 μου
3216 5236 3231 5257 ,
3264 5196 3351 5248 ὅτι
3368 5195 3659 5265 φοϐοῦμαι
3683 5198 3810 5267 ἐγὼ

2139 5277 2346 5339 αὐτὸν,
2366 5277 2602 5347 μήποτε
2625 5279 2821 5333 ἐλθὼν
2838 5279 3077 5348 πατάξῃ
3092 5298 3169 5350 με
3202 5282 3299 5335 καὶ
3320 5282 3547 5351 μητέρα
3570 5282 3674 5335 ἐπὶ
3708 5285 3809 5337 τέ-

2141 5382 2327 5432 κνοις.
2359 5364 2444 5419 Σὺ
2477 5364 2545 5418 δέ
2564 5382 2666 5434 μοι
2707 5362 2912 5432 εἴπας,
2937 5362 3024 5422 Εὖ
3057 5384 3132 5421 σε
3161 5367 3303 5439 (199)
3342 5369 3591 5438 ποιήσω.
3611 5370 3810 5440 Πόπν

2140 5463 2239 5516 ούκ
2267 5463 2332 5516 ἂν
2354 5462 2690 5534 εὐφροσύνην
2719 5461 2971 5528 ἐξέϐαλεν
2998 5458 3153 5530 οὗτος
3176 5468 3205 5520 6
3226 5466 3408 5536 φόϐος,
3427 5467 3476 5519 εἰ
3502 5467 3595 5520 καὶ
3615 5469 3807 5523 πάντα

2140 5551 2232 5605 τὸν
2262 5548 2572 5623 ἔμπροσθεν
2603 5552 2795 5623 χρόνον
2824 5554 2882 5604 ἐν
2909 5551 3145 5625 εὐθυμία
3159 5553 3538 5620 διατετελεκὼς
3551 5550 3620 5628 ἦν
3648 5557 3813 5623 ;Νΰν

2208 5760 2229 5788 °
2252 5757 2520 5811 Colbcrliui
2543 5759 2640 5809 duo
2663 5769 2719 5810 cl.
2736 5760 2883 5810 εει-ξι.
2906 5761 2961 5811 ἐκ
2989 5779 3160 5827 ιειοος.
3187 5724 3386 5816 MOI-.6:
3417 5764 3511 5814 τῶν
3540 5765 3743 5831 χειρῶν.
