4036 6416
319 436 424 494 405

318 550 531 623 quidem
569 550 657 621 qui
698 564 756 604 se
793 547 1141 603 venerabatur
1176 545 1568 615 benevolusque
1600 543 1700 600 sibi
1741 552 1892 607 erat,

319 650 566 713 parentes
598 641 731 710 luga:
761 638 1094 694 committere
1132 646 1429 707 coguntur;
1471 636 1767 705 improbum
1803 651 1897 689 au-

321 746 425 789 tem
454 732 540 803 qui
572 732 670 786 sibi
697 744 932 784 amaram
975 728 1231 783 reddebat
1256 728 1419 781 vitam
1448 726 1467 797 (
1484 727 1585 780 hoc
1613 726 1754 780 enim
1786 725 1897 794 ipsa

318 824 558 878 Rebecca
603 820 863 891 indicat),
908 820 1048 889 apud
1092 834 1151 873 se
1190 818 1386 887 jugiter
1425 817 1695 872 tenebant.
1735 816 1899 886 Igitur

318 934 439 972 cum
473 917 558 971 ille
587 914 857 985 effugisset
880 956 895 981 ,
938 915 990 969 in
1030 915 1190 969 domo
1225 929 1437 984 semper
1474 914 1726 968 educatus
1754 916 1899 983 (erat

316 1012 457 1065 enim
500 1010 755 1063 innocens
799 1008 1040 1063 habitans
1088 1007 1265 1072 domi,
1315 1018 1472 1077 atque
1513 1016 1568 1061 ut
1611 1007 1899 1077 plurimum

317 1116 439 1155 cum
463 1110 631 1155 matre
659 1099 801 1154 domi
828 1099 1140 1168 manserat),
1166 1100 1356 1169 quibus
1385 1100 1648 1164 lamentis,
1677 1114 1781 1169 quo
1806 1098 1902 1153 do-

317 1195 459 1261 lore,
489 1209 592 1263 quo
629 1194 827 1263 gemitu
872 1192 1165 1247 Rebeccam
1207 1192 1315 1260 jam
1355 1191 1494 1245 aflici
1525 1207 1742 1246 necesse
1772 1192 1896 1259 fuit,

318 1285 686 1340 recordantem
719 1299 929 1352 semper
950 1283 1064 1348 filii,
1091 1283 1366 1352 virumque
1395 1285 1705 1347 intuentem,
1731 1292 1786 1337 et
1808 1298 1901 1351 per

318 1386 527 1432 mtatem
556 1386 611 1433 et
649 1392 741 1445 per
778 1376 1131 1430 infirmitatem
1160 1375 1324 1429 nihl-lo
1355 1376 1572 1429 meliore
1598 1376 1901 1431 conditione

318 1486 475 1539 quam
515 1468 819 1522 mortuum?
845 1468 1045 1533 Quibus
1073 1468 1199 1521 item
1239 1466 1467 1520 luctibus
1499 1482 1683 1521 senem
1711 1467 1899 1521 deten-

319 1572 429 1616 tum
462 1571 614 1632 putas
649 1563 773 1616 dum
808 1576 1117 1615 communes
1142 1574 1266 1614 suas
1291 1568 1344 1614 et
1369 1560 1549 1614 uxoris
1574 1560 1901 1614 calamitates

319 1654 448 1709 flere
477 1653 790 1723 cogeretur?
818 1653 952 1707 Cum
994 1666 1123 1707 vero
1161 1652 1246 1706 illa
1281 1652 1538 1706 moritura
1576 1660 1746 1719 esset,
1774 1654 1900 1722 quid

321 1761 425 1800 non
454 1745 605 1810 dixit,
636 1744 761 1813 quid
790 1759 893 1798 non
922 1732 1134 1812 loquuta
1161 1742 1279 1796 est?
1305 1742 1479 1796 Etiam
1504 1742 1708 1812 lapides
1737 1744 1902 1812 ipsius

320 1837 479 1892 verba
506 1836 819 1906 liquefaccre
844 1835 1077 1903 potuisse
1103 1843 1248 1902 puto,
1275 1848 1396 1887 cum
1424 1847 1529 1886 non
1552 1832 1755 1888 videret
1778 1849 1903 1904 pro-

321 1944 387 1998 pe
415 1928 711 1982 adstantem
742 1926 905 1980 filium
931 1967 945 1992 ,
977 1934 1134 1995 atque
1167 1925 1583 1996 illacrymantem
1611 1925 1899 1994 oculosque

320 2021 419 2075 sibi
449 2019 884 2088 comprimentem
905 2059 918 2082 ,
954 2028 1113 2087 atque
1142 2032 1203 2070 os
1228 2016 1628 2071 contrahentem
1652 2056 1666 2079 ,
1694 2016 1903 2086 aliaque

321 2112 498 2167 omnia
528 2117 767 2179 agentem
786 2151 800 2177 ,
832 2124 949 2179 qua:
976 2108 1283 2179 parentibus
1320 2119 1490 2163 morte
1521 2108 1631 2175 ipsa
1661 2108 1904 2163 videntur

321 2202 582 2271 graviora.
612 2202 680 2254 At
708 2216 834 2255 vero
860 2199 1023 2264 Isaac,
1049 2198 1173 2253 dum
1205 2198 1347 2252 illam
1368 2199 1440 2253 ita
1466 2198 1648 2254 efﬂare
1673 2200 1901 2254 animam

322 2300 597 2357 cerneret,
630 2307 734 2361 quo
771 2291 951 2345 animo
987 2290 1148 2345 fuisse
1192 2291 1454 2361 putandus
1495 2300 1577 2347 est
1613 2300 1666 2346 et
1696 2300 1821 2348 tunc
1850 2301 1906 2348 et

323 2392 442 2453 post
470 2383 634 2453 ipsius
664 2382 924 2438 mortem?

393 2477 481 2531 11.
508 2476 667 2530 Jacob
691 2494 788 2547 quo
819 2487 964 2547 pacto
993 2481 1200 2551 afﬂictus
1230 2484 1402 2552 fuerit.
1430 2512 1501 2524 ——
1522 2482 1662 2537 Talis
1692 2482 1779 2535 ille
1808 2496 1905 2535 no-

324 2569 405 2623 bis
431 2568 591 2623 luisse
616 2578 862 2625 ostensus
890 2580 1002 2637 est,
1034 2588 1191 2642 quem
1225 2575 1403 2628 multis
1430 2574 1591 2629 fuisse
1615 2574 1903 2629 feliciorem

324 2660 656 2728 putabamus.
683 2660 799 2716 Jam
826 2677 950 2717 vero
973 2662 1137 2719 Jacob
1159 2665 1323 2734 ipsius
1342 2666 1448 2720 vita
1474 2666 1767 2735 cujusmodi
1794 2664 1908 2719 fue-

325 2752 421 2816 rit,
451 2751 649 2823 absque
677 2753 1007 2811 discussione
1034 2756 1209 2826 aliqua
1240 2759 1405 2827 ipsius
1432 2759 1591 2813 verba
1626 2758 1857 2813 indicant
1889 2776 1902 2810 :

327 2844 416 2913 qui
458 2861 578 2899 cum
625 2847 955 2903 Pharaonem
998 2849 1355 2919 alloqueretur
1394 2850 1570 2905 aiebat
1604 2868 1617 2904 :
1655 2849 1775 2904 Dies
1812 2851 1908 2904 mei

329 2936 472 3004 parvi
504 2946 551 2989 et
577 2938 735 3005 ntali,
767 2949 812 2991 et
841 2956 941 2993 non
968 2951 1291 3008 pervenerunt
1319 2943 1386 2996 ad
1410 2943 1515 2996 dies
1542 2951 1743 3011 patrum
1766 2957 1907 2995 meo-

327 3044 441 3081 rum
473 3027 631 3100 (Gen.
659 3029 747 3083 47.
777 3030 848 3099 9)
878 3050 890 3084 :
920 3032 1022 3085 hoc
1050 3042 1147 3098 est,
1182 3042 1235 3087 et
1260 3033 1557 3088 breviorem
1595 3044 1649 3088 et
1682 3033 1909 3087 laborio-

330 3118 525 3173 siorem
556 3120 662 3174 vixi
705 3121 887 3175 vitam.
920 3122 1114 3177 Verum
1144 3132 1199 3178 et
1230 3123 1431 3189 absque
1468 3124 1568 3179 hac
1606 3124 1747 3180 illius
1783 3139 1908 3180 sen-

331 3213 493 3266 tentia
540 3211 611 3269 ita
663 3220 788 3267 sunt
835 3224 1032 3283 apertae
1076 3216 1404 3271 calamitates
1450 3216 1603 3285 ejus,
1651 3225 1712 3271 ut
1758 3218 1911 3286 pauci

331 3302 613 3356 admodum
640 3304 745 3357 sint
774 3305 861 3374 qui
893 3305 1008 3359 illas
1038 3307 1294 3360 nesciant.
1328 3311 1473 3362 Avus
1507 3322 1734 3377 namque
1763 3306 1908 3376 ejus,

331 3394 431 3448 etsi
462 3394 797 3464 longinquam
828 3398 1305 3467 peregrinationem
1346 3414 1594 3454 emensus
1619 3409 1734 3465 est,
1760 3399 1910 3468 jussu

334 3484 426 3539 Dei
465 3484 568 3539 hoc
601 3486 757 3553 fecit,
794 3502 911 3556 quae
944 3503 1032 3543 res
1059 3489 1293 3543 maximo
1318 3490 1419 3559 ipsi
1448 3489 1639 3544 solatio
1664 3488 1795 3553 fuit;
1828 3488 1913 3543 hic

332 3588 507 3634 autem
550 3578 766 3635 fratrem
807 3580 1013 3651 fugiens
1052 3581 1424 3649 insidiantem,
1468 3583 1913 3652 parricidiumque

333 3670 694 3733 meditantem,
727 3685 963 3727 summos
992 3673 1200 3727 itineris
1228 3673 1439 3728 labores
1466 3688 1653 3743 passus
1679 3681 1762 3728 est
1789 3690 1801 3725 :
1828 3682 1911 3726 at-

334 3777 437 3831 que
467 3762 554 3817 ille
583 3762 792 3833 quidem
829 3766 1131 3819 necessario
1159 3765 1299 3819 victu
1333 3780 1623 3836 numquam
1653 3765 1909 3836 indiguit;

336 3852 460 3906 huic
489 3868 614 3907 vero
645 3854 696 3907 in
722 3863 846 3908 voto
873 3864 1016 3920 erat,
1048 3855 1360 3911 indumento
1394 3871 1457 3911 ac
1493 3872 1627 3927 pane
1663 3858 1778 3912 solo
1808 3873 1914 3912 non

337 3943 591 4013 indigere.
618 3944 869 3999 Servatus
888 3956 1086 4011 autem,
1110 3956 1267 4017 atque
1292 3947 1496 4003 itineris
1521 3948 1916 4019 fatigationibus

339 4035 493 4102 liber,
524 4052 642 4090 cum
668 4037 882 4091 tandem
907 4038 971 4092 ad
1004 4037 1190 4093 affines
1213 4053 1341 4095 suos
1370 4040 1719 4109 pervenisset,
1747 4041 1835 4110 qui
1864 4041 1915 4095 in

339 4134 481 4180 tanta
516 4143 695 4181 rerum
728 4128 880 4197 cepia
917 4131 1143 4183 nutritus
1173 4128 1345 4184 fuerat
1381 4131 1582 4185 servire
1609 4132 1915 4201 cogebatur.

338 4216 452 4271 Non
482 4217 692 4287 ignoras
720 4229 896 4273 autem
926 4221 1233 4274 servitutem
1255 4262 1269 4285 ,
1300 4236 1422 4275 cum
1457 4236 1668 4290 semper
1693 4222 1916 4277 molesta

340 4307 429 4373 sit,
459 4319 567 4362 tum
595 4310 823 4364 maxime
847 4310 1010 4364 videri
1038 4312 1488 4375 molestissimam,
1510 4327 1630 4366 cum
1656 4314 1775 4382 quis
1797 4328 1919 4382 pro-

339 4399 549 4469 pinquis
577 4414 639 4455 ac
665 4401 877 4470 paribus
901 4402 1102 4457 servire
1128 4403 1353 4473 cogitur,
1382 4403 1537 4473 idque
1561 4419 1680 4459 cum
1705 4405 1821 4474 ejus
1843 4406 1917 4459 rei

342 4508 628 4564 numquam
681 4494 972 4563 periculum
1022 4496 1239 4561 fecerit,
1285 4496 1380 4551 sed
1425 4498 1658 4567 priorem
1708 4513 1920 4553 omnem

342 4594 551 4639 aetatem
584 4585 634 4639 in
673 4585 916 4641 libertate
947 4601 1012 4641 ac
1045 4586 1247 4641 deliciis
1276 4587 1461 4657 egerit.
1502 4586 1652 4655 Quod
1683 4603 1802 4642 cum
1840 4589 1924 4641 in-

342 4679 618 4734 tolerabile
644 4694 763 4734 esse
788 4679 1075 4746 videretur,
1107 4679 1227 4734 forti
1250 4688 1423 4735 tamen
1447 4689 1501 4735 et
1528 4695 1720 4751 magno
1743 4682 1922 4735 animo

345 4773 567 4828 ferebat.
608 4773 776 4828 Porro
806 4773 929 4841 quid
964 4788 1318 4828 aerumnarum
1350 4773 1402 4826 in
1430 4774 1534 4827 vita
1576 4774 1661 4826 illa
1700 4788 1793 4827 sua
1824 4788 1922 4842 pa-

345 4865 527 4919 storali
557 4878 742 4933 passus
781 4865 883 4929 sit,
919 4865 1088 4933 ipsum
1117 4863 1300 4919 audias
1332 4864 1454 4919 licet
1477 4864 1739 4919 dicentem
1771 4882 1785 4918 :
1812 4863 1923 4933 Ego

346 4955 685 5025 pcrsolvebam
721 4972 755 5008 a
795 4957 985 5025 meipso
1027 4960 1163 5027 furta
1200 4955 1300 5009 diei
1341 4964 1388 5009 et
1425 4957 1562 5027 furta
1603 4957 1759 5009 noctis
1789 4972 1807 5009 :
1837 4973 1925 5026 per

347 5048 478 5101 diem
504 5048 683 5100 urebar
709 5056 833 5100 wstu
852 5088 865 5112 ,
897 5056 943 5100 et
976 5060 1120 5101 nocte
1158 5048 1303 5118 gelu,
1332 5047 1686 5114 recedebatque
1721 5064 1925 5101 somnus

348 5139 410 5192 ab
435 5139 594 5193 oculis
618 5138 738 5192 meis
765 5154 784 5193 :
809 5139 905 5192 ista
928 5139 1051 5191 mihi
1072 5141 1271 5210 fuerunt
1317 5140 1463 5192 annis
1502 5139 1678 5209 viginti
1698 5137 1807 5211 (ld.
1832 5140 1920 5192 51.

347 5231 564 5301 59-41).
599 5229 723 5283 Haec
751 5229 841 5284 ille
888 5244 1074 5300 passus
1102 5239 1213 5295 est,
1243 5230 1330 5299 qui
1355 5230 1518 5284 vitam
1554 5231 1757 5286 vixerat
1792 5231 1923 5285 sim-

346 5323 564 5393 plicem,
592 5324 680 5392 qui
711 5336 923 5392 semper
949 5322 1121 5377 fuerat
1145 5322 1307 5377 domi.
1336 5323 1567 5393 Postque
1591 5332 1670 5378 tot
1693 5323 1923 5387 labores,

348 5424 427 5471 tot
451 5416 808 5482 incommoda,
841 5423 960 5485 post
989 5415 1200 5486 longum
1229 5414 1357 5470 illud
1386 5417 1655 5471 servitutis
1694 5426 1922 5485 tempus,

350 5507 589 5563 fraudem
619 5509 759 5563 illam
787 5508 1171 5563 amarissimam
1204 5508 1456 5578 pertulit,
1485 5523 1586 5578 qua
1625 5509 1725 5563 sibi
1761 5510 1925 5563 altera

349 5599 571 5656 alterius
598 5600 716 5655 loco
744 5599 931 5654 tradita
964 5614 1096 5653 uxor
1134 5608 1235 5654 est.
1280 5599 1410 5654 Nam
1449 5600 1495 5655 si
1535 5616 1640 5654 non
1678 5601 1929 5655 servisSct

348 5692 504 5747 annis
538 5702 773 5761 septem,
803 5694 847 5746 si
885 5706 988 5745 non
1015 5707 1078 5746 ca
1122 5694 1309 5761 pasSus
1345 5689 1559 5756 fuisset,
1596 5706 1715 5761 quae
1738 5706 1926 5746 socero

348 5794 670 5855 cunquestus
689 5785 839 5851 dixit,
864 5785 905 5837 si
929 5799 1033 5838 non
1054 5785 1343 5839 amavisset
1362 5784 1611 5853 puellam,
1632 5784 1732 5838 hoc
1753 5783 1923 5853 ipsum

354 5883 528 5930 tamen
549 5876 688 5948 quod
719 5876 819 5931 sibi
846 5876 1157 5931 formosiore
1180 5876 1463 5945 promissa,
1490 5875 1675 5932 tradita
1702 5874 1799 5946 ipsi
1825 5890 1921 5945 pro

667 5965 930 6027 ΡΑτηοι..
977 5969 1092 6029 Gn.
1141 5968 1366 6030 XLVII

1167 431 1257 484 AD
1297 427 1664 485 STAGIRIUM
1703 427 1747 483 Α
1787 425 2088 483 DIEMONE
2128 426 2482 484 VEXATUM.
2526 428 2655 485 LIB.
2688 427 2751 485 ll.

3481 436 3586 493 466

2006 541 2094 596 illa
2123 542 2355 599 deterior
2382 543 2500 612 fuit,
2530 554 2784 615 quantum
2821 554 2975 617 putas
3000 550 3265 618 maeroris,
3292 552 3417 623 quid
3448 553 3587 611 iudi-

2003 636 2287 704 gnationis,
2318 638 2444 707 quid
2474 639 2674 694 doloris
2702 640 2858 695 beato
2886 641 2960 696 illi
2991 650 3113 698 tunc
3141 645 3419 713 praestitit?
3448 645 3588 703 Sane

2004 728 2049 783 si
2077 729 2195 797 quis
2222 731 2356 785 alius
2383 730 2435 786 id
2464 746 2653 801 passus
2679 741 2842 800 esset,
2879 749 3166 805 numquam
3196 751 3313 793 eam
3348 737 3588 796 fraudem

2004 830 2163 891 atque
2191 821 2435 891 injuriam
2460 822 2687 891 tulisset,
2714 823 2807 879 sed
2833 823 2975 879 omni
3003 825 3149 895 prius
3173 826 3414 883 affinium
3439 843 3591 884 ever-

2007 928 2064 966 sa
2095 912 2255 967 domo
2276 955 2291 979 ,
2319 929 2377 968 se
2409 914 2522 984 ipse
2549 929 2667 969 cum
2700 914 2803 970 illis
2827 932 2929 971 una
2955 916 3339 983 interfecisset,
3367 928 3461 974 aut
3485 919 3590 975 alio

2005 1006 2194 1074 quovis
2223 1006 2384 1061 modo
2422 1007 2738 1076 perdidisset
2770 1026 2782 1061 :
2811 1010 3060 1080 quoniam
3100 1026 3229 1067 vero
3267 1010 3562 1081 patientissi

2007 1112 2126 1152 mus
2148 1112 2211 1152 ac
2238 1098 2555 1169 longanimis
2590 1109 2705 1155 erat
2730 1099 2918 1169 Jacob,
2948 1101 3080 1157 nihil
3111 1102 3411 1174 hujusmodi
3440 1103 3587 1170 fecit,

2009 1191 2102 1246 sed
2143 1208 2209 1247 ne
2249 1192 2456 1249 initium
2500 1194 2713 1264 quidem
2758 1196 3020 1265 ejusmodi
3056 1198 3357 1269 cogitationi
3395 1199 3541 1256 dedit
3573 1219 3586 1257 :

2018 1281 2125 1336 imo
2153 1298 2277 1337 vero
2311 1293 2515 1352 septem
2560 1300 2729 1340 annos
2766 1287 2899 1342 alios
2937 1288 3130 1343 iterum
3172 1291 3373 1347 servire
3409 1290 3591 1361 jussus

2007 1386 2251 1446 prompte
2272 1377 2526 1443 obedivit,
2548 1378 2683 1433 adeo
2704 1380 2845 1436 mitis
2869 1390 2982 1435 erat
3004 1396 3067 1437 ac
3086 1395 3412 1441 mansuetus.
3438 1384 3591 1453 Quod

2006 1469 2051 1523 si
2092 1470 2276 1538 puellae
2304 1485 2456 1524 amor
2482 1472 2874 1527 mansuetudini
2914 1487 3123 1528 morum
3156 1474 3587 1543 obsecundabat,

2007 1576 2191 1615 rursus
2228 1561 2357 1615 mihi
2396 1563 2647 1617 maeroris
2683 1564 3101 1633 magnitudinem
3143 1568 3359 1623 asseris.
3400 1567 3591 1624 Consi—

2008 1651 2135 1707 dera
2167 1652 2306 1707 enim
2330 1694 2345 1719 ,
2386 1668 2566 1721 quaaso
2585 1692 2601 1718 ,
2632 1663 2885 1723 quantum
2923 1654 3016 1711 ille
3044 1655 3243 1712 doloris
3272 1672 3458 1726 passus
3485 1659 3589 1726 sit,

2006 1758 2127 1798 cum
2174 1743 2289 1811 ejus
2328 1759 2484 1813 quam
2526 1745 2600 1799 ita
2644 1744 2989 1801 vehementer
3031 1747 3282 1817 diligebat
3323 1749 3592 1807 fraudatus

2006 1834 2372 1904 amplexibus,
2414 1836 2661 1906 illiusque
2704 1838 2968 1893 connubia
3007 1838 3353 1908 desiderans,
3385 1850 3591 1912 septem

2006 1943 2194 1982 rursus
2223 1942 2484 1982 annorum
2510 1929 2764 1985 dilatione
2792 1931 3080 1999 cruciatur,
3113 1931 3308 2003 frigora
3339 1942 3395 1988 et
3428 1942 3592 1990 aestus

2006 2028 2061 2074 et
2085 2020 2291 2091 vigilias
2330 2029 2385 2075 et
2423 2020 2739 2076 detrimenta
2773 2030 3026 2091 perpetua
3054 2022 3280 2093 patiens.
3313 2025 3388 2079 Ea
3413 2034 3591 2081 tamen

2007 2110 2118 2179 ipsa
2148 2112 2346 2179 potitus
2378 2111 2590 2166 tandem
2612 2153 2626 2176 ,
2664 2112 2956 2182 vivensque
2983 2113 3120 2183 apud
3158 2128 3402 2169 socerum
3428 2114 3591 2171 vitam

2006 2205 2258 2257 aerumnis
2284 2210 2338 2258 et
2362 2203 2631 2258 laboribus
2660 2204 2899 2273 plenam,
2926 2205 3003 2260 sic
3026 2220 3237 2275 quoque
3263 2205 3474 2262 invidiae
3500 2224 3594 2277 pa-

2008 2294 2109 2347 tuit
2128 2336 2141 2359 ,
2170 2303 2225 2349 et
2252 2294 2541 2349 secundam
2570 2294 2809 2350 fraudem
2842 2295 2893 2349 in
2919 2296 3256 2352 mercedibus
3281 2312 3501 2366 passus,
3534 2306 3594 2355 ut

2008 2385 2122 2455 ipse
2138 2399 2347 2455 quoque
2371 2386 2518 2440 illum
2548 2387 2782 2457 arguerit
2805 2387 2985 2444 dicens
3023 2388 3311 2459 :Decepisti
3326 2406 3404 2444 me
3421 2389 3588 2444 decem

2010 2475 2158 2545 agnis
2184 2474 2347 2545 (Gen.
2376 2476 2464 2531 '51.
2504 2474 2629 2546 41).
2662 2475 2776 2530 Una
2816 2491 2943 2532 vero
2983 2492 3103 2533 cum
3142 2492 3331 2535 socero
3367 2494 3591 2535 uxorum

2010 2565 2202 2622 fratres
2242 2566 2410 2639 magis
2443 2569 2602 2623 etiam
2632 2569 2890 2625 adversus
2919 2570 3063 2625 illum
3092 2570 3299 2628 efferati
3324 2572 3592 2629 excande-

2008 2660 2247 2716 scebant.
2273 2660 2426 2729 Quod
2452 2670 2629 2716 autem
2654 2671 2773 2717 erat
2796 2663 3040 2718 omnibus
3075 2665 3309 2734 gravius,
3334 2680 3478 2721 uxor
3503 2664 3593 2720 illa

2010 2762 2115 2807 tam
2161 2753 2387 2821 dilecta,
2423 2754 2574 2824 cujus
2613 2756 2780 2825 gratia
2824 2755 2908 2809 bis
2953 2764 3160 2825 septem
3200 2756 3357 2812 annis
3390 2756 3596 2813 servire

2010 2845 2313 2916 delegerat,
2351 2860 2462 2916 prae
2498 2845 2742 2901 molestia
2775 2846 3164 2914 sulfocabatur,
3201 2863 3324 2903 cum
3350 2862 3594 2904 sororem

2011 2952 2160 2991 suam
2189 2936 2483 3006 parientem
2512 2945 2785 3002 cerneret,
2814 2952 2873 2993 se
2903 2952 3033 2993 vero
3056 2939 3201 2993 omni
3236 2937 3473 3008 pariendi
3498 2952 3596 3010 spe

2012 3027 2317 3082 destitutam
2338 3067 2353 3093 ,
2382 3036 2539 3097 atque
2563 3028 2615 3081 in
2643 3036 2845 3082 tantum
2873 3037 2998 3083 tunc
3022 3043 3297 3085 excessum
3332 3045 3397 3086 ex
3432 3030 3594 3085 animi

2014 3132 2245 3172 moerore
2272 3116 2590 3179 devenerat,
2625 3126 2683 3172 ut
2704 3119 3014 3174 criminibus
3040 3128 3094 3175 et
3121 3119 3348 3190 querelis
3376 3121 3600 3191 agitaret

2013 3211 2184 3265 virum
2207 3250 2223 3274 ,
2255 3218 2585 3281 mortemque
2626 3211 2839 3265 sibimet
2877 3210 3224 3266 obventuram
3269 3212 3595 3280 minaretur,

2014 3300 2119 3357 nisi
2150 3310 2376 3370 pareret,
2404 3300 2487 3354 Da
2511 3302 2655 3365 mihi,
2680 3301 2943 3369 inquiens,
2975 3301 3174 3368 liberos,
3200 3303 3391 3374 alioqui
3412 3305 3599 3358 moriar

2015 3412 2106 3465 ego
2138 3395 2156 3466 (
2184 3393 2267 3449 Id.
2302 3394 2391 3450 50.
2426 3387 2509 3457 1).
2545 3391 2831 3459 Quomodo
2890 3395 2983 3450 ille
3010 3395 3173 3450 laetari
3204 3404 3446 3464 poterat,
3477 3411 3597 3451 cum

2015 3502 2077 3543 ca
2107 3502 2264 3560 quam
2294 3486 2544 3557 diligebat
2579 3486 2659 3541 sie
2695 3486 2883 3541 affecta
2926 3495 3105 3550 esset,
3138 3488 3430 3558 fratresque
3457 3488 3600 3542 illius

2016 3578 2117 3648 ipsi
2164 3577 2540 3632 insidiarentur
2583 3576 2864 3647 omniaque
2908 3578 3261 3644 molirentur,
3306 3588 3361 3632 ut
3401 3578 3491 3634 ille
3533 3578 3601 3633 ad

2017 3678 2309 3725 extremam
2354 3670 2629 3726 deveniret
2669 3670 2944 3740 inopiam?
2975 3670 3105 3725 Nam
3137 3673 3181 3726 si
3210 3688 3273 3727 ea
3294 3714 3310 3739 ,
3338 3688 3456 3743 qua:
3484 3673 3601 3729 sine

2018 3762 2212 3818 sudore
2252 3762 2391 3818 dotis
2433 3763 2649 3819 nomine
2691 3763 2969 3818 traduntur
3011 3764 3295 3831 uxoribus,
3326 3780 3445 3821 eum
3482 3768 3605 3835 quis

2017 3856 2331 3922 abstulerit,
2359 3856 2591 3910 maximo
2616 3870 2846 3911 maerore
2874 3854 3171 3910 allicimur:
3202 3858 3247 3911 is
3270 3857 3359 3927 qui
3387 3857 3602 3927 pericli-

2019 3950 2230 4004 tabatur
2252 3963 2314 4003 ea
2340 3963 2460 4019 quae
2488 3948 2708 4003 summis
2736 3948 3005 4003 laboribus
3027 3948 3308 4019 quaesierat
3329 3949 3597 4017 amittere,

2019 4054 2125 4110 quo
2162 4040 2342 4094 animo
2370 4037 2511 4095 ferre
2537 4053 2600 4094 ea
2630 4038 2946 4094 detrimenta
2990 4039 3237 4109 poterat?
3270 4038 3402 4095 Cum
3446 4040 3606 4111 igitur

2020 4130 2162 4186 haud
2204 4131 2431 4187 obscure
2472 4139 2749 4200 suspectus
2789 4138 2962 4196 esset,
3007 4145 3205 4202 eosque
3244 4145 3304 4187 se
3342 4132 3607 4187 intuentes

2020 4232 2265 4280 cerneret
2283 4263 2299 4288 ,
2328 4224 2465 4279 clam
2495 4224 2671 4294 fugam
2702 4223 2875 4278 iniens
2899 4222 3145 4278 discessit
3173 4238 3187 4275 :
3216 4238 3323 4293 quo
3348 4222 3474 4293 quid
3502 4222 3607 4277 dici

2022 4314 2376 4369 miserabilius
2405 4315 2613 4385 possit?
2640 4313 2772 4368 Nam
2813 4322 2867 4368 et
2904 4329 2970 4369 ex
3012 4322 3230 4384 paterna
3264 4313 3426 4369 domo
3460 4322 3516 4370 et
3542 4329 3608 4368 ex

2022 4409 2194 4462 aliena
2213 4423 2333 4462 eum
2355 4418 2498 4462 metu
2525 4423 2587 4462 ac
2614 4407 2864 4477 periculis
2892 4407 3146 4477 migrans,
3177 4407 3230 4460 in
3259 4406 3444 4462 eadem
3472 4422 3610 4477 prm-

2024 4506 2177 4567 rupta
2205 4514 2388 4553 rursus
2421 4498 2707 4567 cogebatur
2744 4497 2997 4553 incidere.
3035 4497 3239 4566 Quippe
3275 4494 3493 4552 fratrem
3520 4497 3606 4551 fu-

2023 4591 2194 4661 giens,
2222 4606 2280 4645 se
2308 4590 2373 4645 ad
2401 4606 2645 4645 socerum
2673 4590 2990 4654 contulerat,
3020 4605 3048 4644 a
3076 4603 3183 4659 quo
3213 4589 3402 4645 iterum
3432 4590 3613 4657 exagi-

2025 4691 2165 4737 tatus
2194 4682 2259 4736 ad
2292 4680 2507 4736 fratrem
2538 4680 2713 4735 redire
2740 4680 3046 4750 cogebatur,
3087 4678 3453 4749 propheticum
3480 4680 3610 4734 illud

2024 4786 2235 4843 passus,
2263 4771 2402 4841 quod
2429 4770 2495 4825 de
2523 4770 2611 4825 die
2642 4770 2849 4825 Domini
2875 4770 3003 4824 diett
3030 4769 3192 4824 Amos
3219 4787 3233 4824 :
3267 4767 3414 4823 Velut
3433 4769 3477 4823 si
3498 4771 3613 4839 quis

2026 4864 2189 4935 fugiat
2217 4880 2249 4916 a
2275 4862 2403 4930 facie
2433 4862 2619 4927 leonis,
2650 4870 2695 4914 et
2721 4870 2949 4915 occurrat
2976 4860 3023 4914 ei
3059 4877 3236 4927 ursus,
3266 4860 3612 4931 ingressusque

2025 4955 2079 5007 in
2107 4955 2311 5007 domum
2338 4969 2481 5007 suam
2521 4961 2566 5006 et
2604 4952 2784 5021 parieti
2824 4968 3001 5005 manus
3031 4953 3295 5023 applicans
3322 4950 3612 5005 mordeatur

2026 5062 2059 5098 a
2087 5043 2289 5098 colubro
2316 5043 2505 5115 (Ainos
2542 5044 2595 5098 5.
2632 5042 2751 5113 l9).
2780 5043 2910 5111 Quis
2948 5053 3125 5098 autem
3172 5059 3292 5097 cum
3324 5051 3608 5098 tremorem

2027 5153 2279 5194 enarrare
2306 5138 2509 5207 possit,
2538 5153 2694 5208 quem
2721 5152 3003 5207 perpessus
3029 5147 3110 5192 est
3136 5137 3553 5208 comprehensus
3584 5153 3611 5191 a

2027 5231 2228 5295 Laban,
2255 5231 2563 5301 itinerisque
2589 5231 2878 5301 angusﬁas,
2902 5245 3023 5285 cum
3050 5245 3109 5285 se
3135 5240 3240 5285 tam
3268 5246 3607 5287 numerosum

2028 5336 2190 5393 pecus
2226 5320 2425 5392 filiique
2463 5323 2544 5376 sui
2586 5322 2973 5391 sequerentur?
2999 5320 3263 5376 Caeterum
3287 5336 3406 5376 cum
3433 5321 3611 5376 fratris

2029 5413 2218 5471 faciem
2238 5422 2380 5469 esset
2403 5415 2755 5484 inspecturus,
2780 5428 2956 5468 nonne
2979 5413 3115 5468 idem
3136 5428 3326 5483 passus
3346 5422 3444 5480 est,
3468 5414 3607 5485 quod

2029 5506 2167 5576 apud
2194 5517 2378 5575 poetas
2406 5506 2493 5575 qui
2520 5505 2696 5559 ﬁctum
2725 5513 2881 5575 caput
2910 5504 3170 5574 Gorgonis
3193 5504 3407 5559 vident?
3435 5519 3611 5559 nonne

2030 5600 2101 5653 ita
2127 5614 2224 5670 per
2246 5599 2421 5652 omnia
2442 5596 2660 5652 affectus
2679 5606 2813 5662 erat,
2836 5610 2899 5650 ac
2925 5597 2967 5650 si
2992 5595 3060 5651 ad
3088 5604 3313 5651 mortem
3341 5595 3610 5650 venisset?

2030 5691 2164 5746 Audi
2192 5705 2323 5746 sane
2347 5690 2490 5745 illius
2514 5691 2696 5756 verba,
2723 5699 2880 5759 atque
2904 5704 2969 5744 ex
2994 5689 3072 5743 eis
3098 5689 3307 5743 insitam
3334 5688 3476 5742 illius
3496 5689 3604 5741 ani-

2029 5799 2118 5839 mo
2149 5784 2354 5838 timoris
2379 5782 2645 5837 flammam
2674 5782 2888 5837 addisce
2918 5800 2932 5836 :
2962 5781 3114 5846 Deus,
3144 5797 3263 5835 erue
3289 5798 3386 5845 me,
3416 5780 3609 5853 inquit,

2034 5876 2097 5930 de
2129 5892 2281 5929 manu
2315 5874 2456 5930 Esau?
2486 5875 2658 5947 fratris
2695 5875 2821 5940 mei,
2851 5875 2969 5945 quia
3002 5874 3147 5928 valde
3184 5888 3298 5927 eum
3336 5874 3516 5935 timeo,
3550 5888 3609 5925 us

3152 5958 3232 6020 2⁵1
