4036 6416
468 455 570 518 167

470 587 604 657 forte
639 571 982 644 superveniens
1018 567 1284 636 interﬁciat
1321 582 1398 620 me
1430 581 1489 618 ac
1517 573 1725 616 matrem
1753 577 1866 615 cum
1892 558 2032 627 ﬁliis.

429 679 432 684 '
470 648 554 720 Tu
581 661 744 720 autem
769 662 891 716 mihi
915 658 1106 726 dixisti,
1134 656 1268 712 Bene
1300 657 1386 710 tibi
1415 655 1597 726 faciam
1624 650 1775 720 (Gen.
1803 650 1889 704 32.
1925 648 2035 722 ll).

472 756 639 822 Quam
669 767 777 808 non
805 751 1040 807 laetitiam
1077 748 1165 803 hic
1201 755 1373 802 metus
1413 744 1756 806 exclusisset,
1791 741 1948 794 etiam
1992 739 2038 793 si

471 843 636 912 priori
655 843 799 897 omni
824 849 1060 910 tempore
1083 835 1512 907 tranquillissime
1534 832 1782 888 vixisset?
1809 833 1876 885 At
1900 844 2040 884 nunc

471 934 644 988 omnis
669 933 756 987 illa
782 933 908 997 vita,
937 946 1001 986 ex
1029 943 1131 999 qua
1157 927 1244 982 die
1281 924 1695 982 benedictionem
1726 930 2038 990 accepturus

471 1036 617 1079 metu
644 1038 778 1093 pene
802 1021 973 1077 fuerat
998 1028 1257 1084 mortuus,
1289 1031 1382 1086 per
1408 1014 1734 1069 calamitates
1763 1011 1933 1063 varias
1961 1009 2040 1062 in-

471 1114 738 1184 sidiasque
766 1112 1058 1168 texebatur.
1083 1108 1283 1163 Tantus
1308 1105 1532 1174 denique
1559 1114 1682 1158 tunc
1705 1101 1850 1155 illum
1881 1099 2040 1153 timor

472 1207 776 1270 invaserat,
803 1212 862 1259 ut
893 1210 1011 1272 post
1045 1213 1384 1270 congressum
1414 1195 1594 1250 fratris
1618 1235 1631 1256 ,
1659 1191 2042 1264 quantumlibet

472 1294 562 1348 ille
588 1302 780 1363 praeter
807 1307 955 1362 spem
984 1291 1206 1360 benigne
1229 1297 1284 1344 et
1311 1287 1609 1340 humaniter
1631 1298 1696 1338 eo
1723 1296 1849 1336 usus
1876 1289 2038 1344 esset,

472 1385 742 1440 conlidere
765 1399 832 1439 ne
856 1383 933 1438 sic
959 1381 1172 1452 quidem
1206 1387 1390 1450 posset
1425 1377 1848 1444 anxietatemque
1874 1371 2039 1441 depo-

475 1491 621 1531 nere.
665 1475 901 1544 Denique
929 1488 1049 1529 eum
1078 1473 1384 1527 obsecraret
1412 1469 1533 1534 ille,
1562 1475 1617 1520 ut
1656 1480 1832 1519 secum
1871 1478 1929 1517 se
1966 1464 2043 1516 ire

475 1567 841 1639 permitteret,
882 1581 986 1620 non
1025 1577 1178 1618 secus
1214 1577 1369 1632 quam
1408 1575 1439 1614 a
1477 1558 1583 1612 fera
1626 1557 1797 1625 aliqua
1834 1552 2043 1608 liberari

475 1659 713 1728 cupiens,
744 1666 800 1711 ut
828 1656 1099 1712 recederet
1130 1653 1333 1718 orabat,
1364 1652 1545 1705 dicens
1577 1667 1590 1700 :
1624 1647 1793 1710 Nosti,
1822 1646 2040 1709 domine,

477 1753 596 1821 quia
629 1751 842 1820 infantes
881 1748 1146 1802 teneriores
1183 1753 1295 1799 sunt
1315 1785 1327 1806 ,
1361 1756 1568 1806 ovesque
1596 1748 1642 1794 et
1675 1739 1818 1792 boves
1854 1753 2045 1789 mecum

480 1846 644 1916 fante;
669 1842 714 1896 si
733 1857 850 1911 ergo
873 1855 1078 1911 urgeam
1099 1854 1201 1903 eas,
1229 1836 1309 1889 die
1331 1851 1433 1888 una
1454 1833 1725 1885 morientur
1751 1830 1915 1883 cuncti
1933 1844 2048 1899 gre-

477 1951 583 2008 ges.
614 1933 872 1988 Prceedat
909 1931 1140 1984 dominus
1166 1944 1303 1981 meus
1328 1934 1441 1978 ante
1463 1940 1658 1978 servum
1685 1937 1851 1986 suum,
1883 1929 1928 1974 et
1957 1935 2047 1990 ego

477 2023 777 2078 invalescam
797 2023 852 2076 in
873 2022 952 2075 uia
975 2019 1244 2075 secundum
1267 2016 1549 2070 tarditatem
1574 2012 1912 2084 profectionis,
1938 2027 2050 2080 qua:

481 2131 652 2169 coram
689 2129 767 2166 me
805 2123 850 2166 et
889 2112 1032 2178 iuxta
1070 2108 1218 2180 pedes
1257 2107 1580 2178 parvulorum
1609 2119 1864 2168 meorum,
1893 2101 2050 2155 donec

480 2208 676 2261 veniant
719 2204 786 2257 ad
825 2203 1080 2258 dominum
1125 2216 1288 2254 meum
1321 2199 1376 2252 in
1404 2197 1520 2252 Seir
1551 2195 1660 2266 (Id.
1689 2195 1779 2250 55.
1807 2195 1894 2247 15.
1923 2193 2044 2262 14).

482 2300 869 2370 Rospiransque
895 2311 959 2350 ex
984 2295 1088 2348 illis
1108 2293 1354 2363 periculis
1373 2289 1657 2354 modicum,
1679 2287 1732 2341 in
1751 2287 1912 2341 alium
1939 2285 2050 2339 lon-

484 2408 549 2466 ge
571 2393 858 2446 maximum
887 2388 1128 2442 timorem
1153 2383 1351 2439 incidit.

555 2481 703 2535 Dinw
739 2479 859 2547 ﬁlia:
880 2487 1074 2547 raptus.
1102 2505 1170 2516 —
1198 2475 1365 2544 Rapta
1403 2473 1598 2543 quippe
1621 2471 1758 2526 illius
1785 2469 1907 2536 lilia,
1939 2469 2051 2539 pri-

484 2587 628 2628 mum
654 2570 864 2641 quidem
891 2568 1078 2638 puella:
1105 2564 1478 2621 contumeliam
1504 2577 1646 2632 aegre
1683 2561 1914 2624 ferebat;
1959 2559 2054 2615 sed

483 2680 604 2720 cum
633 2663 686 2718 id
709 2662 910 2717 facinus
937 2662 1182 2724 lenisset,
1211 2657 1350 2729 quod
1377 2673 1494 2713 eam
1533 2656 1672 2727 regis
1697 2655 1836 2710 ﬁlius
1863 2656 2055 2710 ductu-

485 2771 604 2811 rum
631 2769 688 2808 se
707 2767 925 2808 uxorem
956 2750 1322 2820 polliceretur,
1350 2762 1573 2818 eamque
1597 2746 1910 2802 sententiam
1936 2745 2053 2799 lau-

486 2847 665 2904 dasset
707 2845 889 2909 Jacob,
920 2843 1120 2899 foedera
1144 2841 1358 2896 violavit
1395 2839 1520 2895 Levi
1564 2855 1684 2894 cum
1732 2837 1897 2892 fratre
1935 2852 2052 2900 suo,

487 2943 734 3007 civesque
757 2935 952 2990 viritim
984 2934 1048 2988 ad
1079 2947 1238 2987 unum
1258 2931 1556 3001 jugulantes
1580 2970 1594 2991 ,
1632 2931 1683 2984 in
1717 2929 1768 2983 id
1812 2926 2058 2982 tremoris

489 3037 693 3100 patrem
737 3025 1091 3089 induxerunt,
1135 3032 1190 3077 ut
1230 3023 1354 3078 inde
1397 3022 1634 3092 protinus
1682 3020 1962 3090 migraret,
1994 3032 2059 3072 eo

487 3118 630 3191 quod
669 3133 855 3173 omnes
890 3116 1174 3172 adversum
1217 3130 1274 3170 se
1317 3115 1602 3168 bellaturos
1641 3113 1870 3166 timeret.
1915 3109 2059 3163 Dixit

484 3212 643 3276 enim,
662 3209 734 3262 ait
757 3207 1046 3276 Scriptura,
1072 3205 1231 3260 Iacob
1251 3205 1318 3258 ad
1345 3204 1628 3259 Simeonem
1655 3211 1700 3257 et
1729 3201 1886 3256 Levi:
1911 3200 2062 3254 Odio-

491 3317 603 3356 sum
643 3315 722 3354 me
759 3298 962 3368 fecistis,
991 3305 1046 3350 ut
1079 3297 1279 3366 iniquus
1316 3296 1431 3360 sim,
1477 3294 1703 3348 omnibus
1728 3291 2061 3347 habitantibus

484 3399 695 3456 terram,
725 3389 1113 3458 Chananteisque
1135 3397 1180 3440 et
1203 3385 1495 3440 Pherezaeis.
1521 3385 1630 3456 Ego
1653 3395 1815 3440 autem
1840 3401 1950 3440 sum
1967 3384 2063 3438 mi-

495 3483 662 3538 nimus
685 3498 909 3545 numero,
936 3480 1316 3550 congregatique
1339 3488 1512 3532 contra
1536 3494 1616 3532 me
1633 3479 1784 3531 simul
1803 3478 2063 3531 concident

485 3592 594 3640 sne,
637 3574 929 3644 deleborque
971 3589 1098 3642 ego,
1142 3579 1190 3625 et
1257 3571 1433 3624 domus
1473 3586 1582 3623 mea
1631 3568 1754 3641 (Id.
1801 3571 1887 3624 54.
1935 3569 2059 3639 50).

491 3667 704 3735 Quippe
739 3679 924 3719 omnes
948 3664 1063 3718 illos
1091 3677 1192 3716 una
1224 3661 1430 3716 finitimi
1457 3668 1768 3726 necassent,
1809 3662 1909 3715 nisi
1942 3660 2062 3715 illo-

493 3773 614 3813 rum
641 3755 1047 3826 indignationem
1075 3753 1163 3808 Dei
1186 3753 1462 3807 clementia
1488 3752 1848 3815 continuisset,
1886 3751 2066 3806 linem-

496 3864 600 3919 que
613 3849 848 3904 cladibus
871 3847 1226 3917 imposuisset.
1257 3843 1445 3898 Factus
1465 3854 1555 3908 est,
1581 3845 1770 3914 inquit,
1794 3845 1941 3898 timor
1970 3845 2065 3898 Dei

489 3955 646 4010 super
671 3955 839 3992 omnes
879 3953 966 4006 per
996 3937 1259 3990 circuitum
1301 3935 1539 3999 ciuitates,
1590 3951 1745 4003 neque
1785 3936 2065 4004 persequuti

497 4038 610 4084 sunt
651 4037 760 4099 post
796 4029 926 4096 ﬁlios
969 4025 1133 4081 Israel
1167 4024 1296 4095 (Id.
1327 4025 1532 4096 55.5).
1587 4025 1723 4092 Quid
1773 4040 1900 4094 ergo
1944 4040 2064 4079 cum

497 4119 599 4176 ltoc
635 4128 780 4174 metu
818 4119 1067 4173 liberatus
1109 4117 1284 4173 esset?
1325 4133 1450 4172 num
1502 4118 1708 4171 tandem
1747 4118 2064 4186 respiravit?

491 4210 608 4265 lino
633 4225 758 4265 vero
776 4219 898 4263 tunc
918 4223 1192 4277 supremus
1215 4222 1334 4262 eum
1357 4207 1610 4260 malorum
1627 4208 1862 4260 omnium
1883 4217 2065 4262 vertex

499 4301 706 4364 invasit,
733 4314 878 4354 mors
904 4299 1106 4354 scilicet
1132 4299 1504 4352 amantissimae
1533 4299 1770 4368 conjugis
1796 4310 1849 4354 et
1871 4299 2064 4353 imma-

498 4403 612 4448 tura
641 4393 796 4447 simul
820 4400 874 4446 et
898 4390 1145 4446 violenta.
1188 4389 1394 4458 Peperit
1419 4391 1569 4457 enim,
1598 4391 1797 4460 inquit,
1838 4390 2064 4458 Rachel,

492 4484 873 4554 parturiensque
897 4480 1168 4536 laborabat.
1222 4479 1434 4533 Factum
1460 4490 1529 4534 est
1557 4490 1721 4533 autem
1743 4498 1856 4534 cum
1885 4490 2064 4551 partu-

489 4575 632 4628 riens
665 4573 1043 4643 periclitaretur,
1071 4571 1198 4624 dixit
1225 4571 1302 4623 illi
1325 4570 1560 4624 obstetrix
1587 4585 1606 4624 .‘
1637 4570 1843 4638 Con/ide
1861 4611 1875 4635 ,
1905 4579 1952 4624 et
1985 4571 2066 4623 hic

500 4666 634 4720 enim
655 4665 740 4718 tibi
760 4664 894 4732 ﬁlius
920 4671 1008 4717 est.
1039 4661 1106 4716 Et
1129 4679 1239 4716 cum
1265 4662 1444 4732 efﬂaret
1473 4664 1691 4715 animam
1713 4703 1728 4727 ,
1766 4663 2068 4716 moriebatur

503 4758 653 4823 enim,
676 4755 863 4810 uocauit
895 4769 1072 4808 nomen
1107 4755 1236 4824 ejus,
1268 4752 1315 4806 F
1315 4754 1432 4807 ilius
1470 4754 1659 4808 doloris
1687 4755 1782 4807 mei
1811 4753 1986 4824 (Ibid.
2015 4771 2063 4808 υ.

502 4847 572 4901 18
593 4853 631 4915 ).
666 4845 902 4914 Cumque
925 4845 1099 4898 luctus
1126 4843 1295 4897 adhuc
1320 4858 1504 4897 recens
1532 4851 1689 4909 esset,
1716 4843 1907 4912 adjecit
1930 4857 2068 4898 mm-

503 4938 610 4992 rori
631 4937 837 5002 Ruben,
856 4935 1018 5005 patris
1035 4945 1204 4990 torum
1225 4935 1602 4989 contumeliose
1619 4935 1895 5005 impetens.
1919 4936 2068 5003 Quod

504 5029 595 5083 ille
624 5037 727 5082 tam
756 5025 992 5096 graviter
1020 5025 1156 5088 tulit,
1187 5033 1246 5079 ut
1273 5025 1504 5079 moriens
1539 5040 1748 5094 quoque
1790 5025 1927 5079 mala
1971 5026 2071 5081 im-

509 5128 810 5188 precaretur
837 5117 944 5171 lilio
962 5157 978 5181 ,
1008 5125 1118 5170 tum
1155 5114 1393 5178 scilicet,
1441 5114 1652 5184 quando
1681 5115 1797 5168 [iliis
1824 5127 2070 5184 parentes

507 5211 709 5278 majore
751 5208 1107 5262 misericordia
1153 5206 1288 5260 allici
1327 5214 1713 5260 consueverunt
1753 5206 1907 5276 idque
1949 5221 2070 5260 cum

507 5303 596 5356 ille
626 5299 998 5370 primogenitus
1021 5307 1163 5354 esset
1196 5297 1429 5352 omnium
1470 5296 1608 5365 quod
1646 5297 1804 5352 etiam
1839 5297 1902 5351 ad
1942 5297 2074 5352 alie-

507 5401 652 5445 ctum
700 5407 804 5445 non
853 5405 1037 5458 parum
1065 5389 1222 5443 valet.
1253 5387 1356 5442 Sed
1397 5398 1570 5442 tamen
1616 5387 1730 5442 haec
1774 5390 1947 5442 omnia
1990 5391 2071 5444 vis

511 5481 754 5538 maeroris
781 5480 1022 5544 exclusit,
1047 5493 1344 5548 vocatusque
1382 5478 1525 5532 illum
1555 5478 1686 5554 dixit
1714 5496 1726 5533 :
1759 5478 1934 5533 Ruben
1962 5479 2070 5550 pri-

509 5571 786 5643 mogenitus
809 5586 962 5632 meus,
995 5567 1233 5638 fortitudo
1257 5584 1387 5634 mea,
1410 5579 1455 5621 et
1481 5567 1675 5621 initium
1695 5568 1914 5636 ﬁliorum
1940 5586 2074 5622 meo-

511 5679 642 5725 rum,
669 5662 824 5714 durus
847 5659 912 5712 ad
941 5658 1215 5728 ferendum,
1245 5659 1497 5726 durusque
1524 5667 1570 5712 et
1588 5658 1758 5711 audax
1785 5673 1804 5711 :
1830 5659 2073 5728 injuriam

508 5751 736 5814 intulisti,
763 5750 890 5803 sicut
917 5764 1049 5818 aqua
1082 5763 1181 5802 non
1208 5745 1514 5813 effervescas.
1561 5748 1838 5802 Ascendiin
1866 5750 1996 5802 enim
2020 5750 2073 5801 in

512 5841 668 5896 abite
689 5842 845 5912 patris
870 5841 971 5910 tui,
1000 5851 1115 5896 tunc
1141 5839 1401 5896 maculasti
1423 5849 1632 5896 stratum
1648 5883 1662 5905 ,
1697 5842 1779 5895 ubi
1803 5844 2069 5897 ascendistt

1177 453 1235 510 5.
1273 451 1550 509 JOANNIS
1583 442 2061 507 CHRYSOSTOMI
2098 440 2413 499 ARCHIEP.
2441 441 2962 502 CONSTANTINOP.

3609 448 3714 504 ιω

2144 554 2310 624 (Gen.
2333 554 2421 610 49.
2445 555 2498 610 5.
2530 557 2563 610 4
2579 556 2617 626 ).
2647 556 2779 610 Cum
2806 567 2984 612 autem
3007 555 3323 612 adolevisset
3345 557 3718 612 amantissime

2141 646 2327 700 uxoris
2356 647 2513 713 lilius,
2542 647 2806 716 solariquc
2832 648 2969 701 illius
2988 647 3312 703 desiderium
3343 648 3500 717 hujus
3526 660 3716 703 contu-

2144 737 2330 792 bernio
2355 748 2610 808 speraret,
2644 747 2767 793 tunc
2791 740 2890 808 ipsi
2918 739 3236 809 multiplices
3260 750 3514 811 parantur
3531 756 3722 795 azrum-

2142 845 2245 884 mc.
2265 831 2476 886 Fratres
2490 832 2629 885 enim
2654 832 2791 885 illius
2813 832 3039 886 tunicam
3063 832 3333 886 intinctam
3355 833 3606 902 sanguine
3626 847 3722 901 pa-

2143 923 2210 976 tri
2239 921 2579 977 ostendentes
2604 938 2793 992 magno
2814 923 2958 976 illum
2989 923 3134 976 luctu
3156 923 3511 977 confecerunt.
3541 922 3723 992 Neque

2143 1012 2284 1066 enim
2307 1013 2471 1067 solam
2502 1013 2712 1082 lugebat
2733 1021 2975 1078 mortem,
3004 1011 3098 1066 sed
3119 1013 3287 1082 ipsum
3310 1027 3517 1082 quoque
3536 1012 3724 1067 mortis

2143 1118 2336 1173 genus:
2355 1103 2674 1172 plurimaque
2687 1112 2838 1158 erant
2849 1119 2964 1173 qua:
2976 1103 3114 1157 illius
3126 1105 3356 1158 animum
3370 1105 3722 1174 exagitabant,

2145 1192 2285 1261 quod
2322 1202 2510 1247 amata:
2547 1193 2686 1248 illius
2722 1193 2878 1259 ﬁlius,
2909 1193 3047 1263 quod
3091 1194 3278 1248 melior
3313 1195 3551 1264 reliquis,
3581 1195 3724 1265 quod

2146 1282 2375 1338 maxime
2394 1283 2636 1346 dilectus,
2660 1284 2802 1353 quod
2823 1285 2874 1338 in
2902 1285 3015 1354 ipso
3038 1286 3210 1339 aetatis
3234 1285 3383 1348 flore,
3406 1286 3542 1356 quod
3570 1287 3637 1340 ab
3659 1301 3725 1342 eo

2148 1374 2362 1439 missus,
2390 1374 2530 1444 quod
2551 1390 2722 1444 neque
2737 1375 2786 1428 in
2803 1374 2982 1440 domo,
3004 1390 3174 1444 neque
3196 1375 3246 1428 in
3264 1377 3420 1442 lecto,
3444 1391 3611 1446 neque
3627 1392 3725 1446 pa-

2150 1475 2230 1520 tre
2251 1480 2427 1520 coram
2448 1467 2725 1520 assistente
2745 1507 2759 1529 ,
2786 1481 2956 1536 neque
2975 1467 3154 1522 dicens
3173 1468 3371 1536 aliquid
3403 1478 3455 1522 et
3482 1470 3724 1534 audiens,

2147 1555 2287 1626 quod
2316 1571 2420 1609 non
2447 1557 2713 1610 communi
2739 1569 2907 1611 morte
2931 1558 3186 1624 omnium,
3210 1557 3350 1626 quod
3379 1559 3558 1622 vivens
3586 1573 3614 1610 a
3644 1559 3723 1612 le-

2148 1664 2325 1702 rarum
2347 1649 2671 1703 immanitate
2695 1649 2991 1718 discerptus
3012 1649 3200 1715 fuerat,
3221 1651 3359 1720 quod
3383 1666 3449 1704 ne
3473 1650 3724 1720 reliquias

2149 1740 2360 1810 quidem
2387 1741 2527 1795 illius
2553 1743 2784 1810 reperire
2805 1750 3010 1811 poterat
3029 1751 3084 1796 et
3101 1743 3261 1796 humo
3281 1741 3507 1799 condere
3537 1761 3549 1794 :
3580 1741 3724 1812 quod

2152 1833 2250 1887 ista
2281 1833 2351 1886 illi
2382 1849 2484 1887 non
2513 1833 2562 1887 in
2595 1833 2870 1902 juventute
2895 1835 3236 1904 coatigissent
3255 1877 3271 1900 ,
3299 1835 3508 1904 quando
3537 1836 3727 1890 melius

2155 1925 2290 1980 ferre
2331 1929 2603 1994 potuisset,
2637 1926 2729 1981 sed
2757 1928 2808 1980 in
2839 1935 3109 1982 senectute
3136 1927 3336 1980 ultima.
3373 1927 3598 1996 Eratque
3622 1927 3727 1979 mi-

2152 2016 2435 2070 serandum
2461 2017 2676 2070 omnino
2707 2017 3094 2086 spectaculum,
3122 2017 3301 2071 videre
3324 2031 3485 2071 canos
3512 2017 3730 2085 pulvere

2153 2107 2395 2174 ftedatos,
2439 2107 2712 2178 senileque
2757 2117 2939 2177 pectus
2981 2107 3200 2162 discissa
3239 2108 3412 2162 tunica
3455 2107 3724 2172 nudatum,

2155 2199 2488 2268 lamentaque
2520 2198 2850 2253 admittentia
2877 2199 3292 2254 consolationem
3319 2200 3531 2253 nullam.
3564 2199 3730 2254 Scidit

2155 2291 2317 2356 enim,
2350 2290 2552 2360 inquit,
2579 2289 2738 2344 Iacob
2767 2292 3052 2344 vestimenta
3071 2308 3182 2355 sua,
3209 2300 3256 2344 et
3274 2292 3623 2360 circumposuit
3651 2291 3729 2342 ci-

2159 2379 2328 2433 licium
2365 2379 2546 2434 lumbis
2583 2381 2719 2446 suis,
2758 2380 3049 2452 lugebatque
3087 2381 3248 2449 ﬁlium
3276 2381 3448 2433 diebus
3477 2380 3727 2450 plurimis.

2157 2470 2452 2544 Congregati
2477 2481 2595 2526 sunt
2624 2481 2788 2525 autem
2814 2489 2983 2526 omnes
3009 2472 3103 2541 ﬁlii
3131 2473 3239 2542 ejus
3265 2482 3309 2526 et
3338 2472 3481 2541 ﬁliae,
3512 2485 3558 2524 et
3585 2487 3730 2526 vene—

2157 2574 2276 2618 runt
2315 2564 2565 2617 consolari
2605 2579 2748 2627 eum;
2789 2563 3042 2632 noluitque
3081 2563 3350 2626 consolari,
3379 2563 3547 2616 dicens
3574 2578 3592 2614 :
3618 2559 3729 2615 De-

2159 2653 2393 2707 scendam
2421 2653 2488 2706 ad
2516 2653 2676 2722 ﬁlium
2711 2670 2874 2708 meum
2901 2654 3077 2724 lugens
3120 2655 3172 2707 in
3212 2654 3463 2724 infernum
3497 2651 3605 2724 (Id.
3639 2653 3730 2706 '57.

2161 2741 2348 2798 53.-35
2369 2743 2406 2811 ).
2435 2741 2594 2808 Quasi
2612 2757 2736 2797 vero
2759 2743 3008 2812 possibile
3032 2757 3134 2796 non
3163 2753 3302 2796 esset
3332 2757 3521 2797 vacare
3543 2758 3572 2795 a
3599 2757 3734 2796 mte-

2160 2848 2283 2888 rore
2314 2833 2548 2886 animum
2581 2832 2764 2902 ipsius,
2794 2848 2913 2886 cum
2947 2833 3195 2901 cmpisset
3228 2847 3289 2887 ea
3325 2833 3477 2902 plaga
3519 2833 3730 2894 curari,

2163 2927 2328 2981 fames
2353 2924 2523 2980 valida
2551 2925 2857 2980 incumbens
2875 2967 2890 2992 ,
2924 2934 3221 2995 terramque
3248 2925 3548 2978 universam
3576 2940 3737 2979 occu-

2163 3032 2315 3088 pans,
2347 3018 2576 3086 primum
2600 3017 2809 3086 quidem
2839 3017 3136 3072 vehementi
3175 3017 3318 3071 illum
3361 3032 3592 3072 maerore
3619 3027 3735 3070 tur-

2164 3106 2381 3161 baverat
2409 3124 2423 3161 :
2454 3122 2572 3162 cum
2598 3116 2773 3162 autem
2798 3107 2995 3162 reversi
3017 3123 3080 3162 ex
3109 3107 3340 3179 Egypto
3366 3109 3476 3174 lilii,
3506 3109 3585 3163 rei
3621 3108 3740 3161 fru-

2164 3198 2435 3252 mentaria:
2460 3197 2607 3266 copia
2639 3195 2789 3252 lamis
2815 3197 3145 3252 incommoda
3173 3199 3324 3252 solati
3350 3207 3549 3265 essent,
3577 3199 3739 3252 aliam

2166 3287 2291 3344 item
2333 3289 2680 3344 consolationi
2710 3289 2924 3344 mixtam
2951 3289 3150 3344 doloris
3178 3305 3390 3345 causam
3425 3291 3736 3358 attulerunt,

2169 3380 2594 3450 voluptatemque
2613 3422 2628 3445 ,
2655 3395 2810 3450 quam
2841 3396 2906 3436 ex
2932 3380 3087 3436 famis
3114 3382 3370 3437 levamine
3393 3384 3617 3447 tulerat,
3646 3386 3740 3438 ab-

2167 3472 2334 3527 sentia
2356 3471 2444 3526 lilii
2462 3473 2732 3542 premebat
2755 3485 2911 3542 atque
2925 3473 3259 3529 obscurabat.
3276 3473 3454 3544 Neque
3473 3474 3524 3528 id
3544 3475 3737 3540 solum,

2169 3562 2262 3617 sed
2290 3562 2560 3632 Benjamin
2590 3563 2757 3631 ipsum
2779 3563 3116 3633 postulabant
3145 3582 3157 3616 :
3191 3580 3294 3635 quo
3317 3565 3402 3619 ille
3430 3566 3584 3619 unico
3608 3567 3741 3619 sola-

2169 3655 2243 3708 tio
2266 3669 2329 3708 ex
2362 3653 2538 3708 uxoris
2576 3653 2839 3708 defunctae
2873 3662 2927 3709 et
2962 3669 2992 3708 a
3028 3653 3141 3710 fera
3180 3655 3416 3710 devorati
3444 3655 3533 3710 lilii
3573 3656 3740 3710 lenire

2167 3759 2452 3800 maerorem
2477 3752 2703 3814 poterat.
2745 3745 2875 3799 Erat
2899 3755 3074 3800 autem
3105 3761 3209 3800 non
3239 3761 3303 3801 ea
3332 3747 3443 3801 sola
3467 3761 3622 3802 causa
3647 3748 3741 3800 de-

2169 3836 2368 3892 tinendi
2401 3836 2670 3905 Benjamin
2705 3852 2904 3903 secum,
2943 3852 3125 3892 verum
3157 3845 3284 3892 aetas
3308 3852 3517 3907 quoque
3545 3848 3596 3892 et
3626 3838 3739 3906 ipsa

2173 3931 2498 3986 educationis
2527 3931 2682 3984 ratio.
2723 3929 2841 3984 Non
2871 3931 3152 3996 descendet,
3186 3931 3358 3995 enim,
3389 3931 3573 4000 inquit,
3600 3931 3741 3999 ﬁlius

2169 4039 2306 4076 meus
2333 4023 2600 4087 vobiscum,
2632 4024 2866 4092 quoniam
2894 4024 3048 4092 frater
3075 4025 3184 4093 ejus
3211 4034 3436 4077 mortuus
3457 4032 3548 4083 est,
3565 4033 3611 4076 et
3633 4025 3741 4092 ipse

2169 4113 2306 4168 solus
2337 4115 2597 4167 derelictus
2625 4123 2716 4178 est,
2747 4115 3092 4184 contingetque
3130 4115 3274 4168 illum
3309 4115 3556 4182 inﬁrmari
3579 4115 3632 4167 in
3657 4116 3740 4166 eia

2169 4220 2268 4274 qua
2287 4221 2370 4258 vos
2395 4205 2616 4276 pergitis,
2645 4205 2990 4275 deducetisque
3014 4222 3165 4261 canos
3186 4222 3320 4260 meos
3346 4221 3457 4258 cum
3478 4205 3652 4258 dolore
3673 4205 3742 4258 ad

2171 4296 2360 4366 inferos
2391 4295 2512 4367 (Id.
2543 4296 2630 4350 42.
2664 4295 2791 4366 58).
2825 4296 3056 4350 Primum
3103 4297 3258 4364 igitur
3297 4297 3512 4350 omnino
3552 4311 3741 4350 renuo.

2172 4385 2281 4453 bat,
2316 4387 2462 4441 illum
2491 4401 2776 4455 numquam
2804 4401 2860 4442 se
2889 4387 3133 4441 daturum
3161 4401 3402 4441 asserens
3432 4401 3584 4440 zeum
3611 4400 3741 4440 vero

2172 4477 2634 4533 vehementissima
2656 4478 2821 4533 fames
2833 4488 3062 4549 urgeret,
3082 4479 3412 4548 graviorique
3429 4477 3744 4532 necessitate

2172 4578 2493 4639 tangeretur,
2512 4585 2826 4640 quamquam
2854 4571 3069 4624 nimium
3093 4584 3325 4624 mmrens
3353 4588 3366 4621 :
3401 4569 3533 4636 Quid
3558 4569 3698 4622 enim
3719 4609 3740 4633 ,

2174 4661 2360 4729 inquit,
2382 4677 2460 4712 me
2478 4661 2738 4730 afﬂixistis,
2767 4661 3047 4714 nuntiantes
3069 4660 3276 4724 homini,
3297 4661 3433 4729 quod
3460 4668 3581 4713 esset
3604 4658 3745 4712 vobis

2177 4753 2336 4821 frater
2362 4747 2491 4818 (Id.
2515 4753 2602 4804 45.
2629 4750 2740 4820 6)?
2779 4751 3042 4820 verbaque
3094 4750 3180 4804 illa
3225 4749 3516 4806 miseranda
3549 4750 3744 4820 loquu—

2178 4850 2297 4894 tus:
2328 4840 2538 4910 Joseplt,
2578 4842 2851 4910 inquiens,
2883 4859 2985 4895 non
3026 4850 3116 4904 est,
3158 4841 3367 4896 Simeon
3407 4858 3504 4895 non
3541 4850 3649 4908 est,
3691 4849 3745 4894 et

2174 4932 2440 5005 Benjamin
2467 4934 2600 4987 hunc
2628 4934 2923 4988 assumetis?
2960 4935 3010 4986 in
3043 4951 3120 4987 me
3142 4945 3380 4987 venerunt
3405 4935 3500 4987 ista
3527 4935 3694 4987 omnia
3727 4948 3748 4984 :

2175 5025 2358 5078 dolens
2405 5025 2605 5079 scilicet
2647 5025 2786 5093 quod
2835 5034 2952 5093 post
2996 5023 3189 5093 Ioseph
3230 5034 3285 5079 et
3327 5025 3538 5078 Simeon
3582 5025 3745 5076 etiam

2177 5115 2446 5183 Benjamin
2469 5130 2500 5170 a
2521 5131 2578 5170 se
2600 5117 2892 5170 niterentur
2907 5117 3153 5180 avellere,
3168 5115 3552 5184 ostendensque
3566 5117 3744 5169 omnia

2176 5220 2234 5259 se
2271 5207 2445 5275 potius
2486 5221 2785 5274 passurum,
2825 5222 2981 5275 quam
3019 5206 3358 5260 dimissurum
3385 5221 3414 5258 a
3443 5221 3500 5259 se
3527 5205 3688 5258 lilium
3729 5224 3744 5256 :

2177 5297 2344 5351 victus
2369 5297 2580 5350 tandem
2607 5298 2715 5350 suis
2742 5314 2859 5350 eum
2885 5297 3124 5351 manibus
3151 5295 3396 5362 tradidit,
3425 5296 3604 5351 dicens
3628 5312 3642 5348 :
3673 5292 3748 5346 Et

2176 5391 2381 5456 fratrem
2425 5397 2643 5440 vestrum
2684 5389 2937 5454 assumite,
2983 5397 3333 5458 surgentesque
3369 5387 3647 5441 descendite
3673 5387 3750 5438 ad

2176 5480 2351 5532 virum.
2387 5478 2522 5533 Deus
2549 5491 2715 5534 autem
2744 5497 2878 5534 meus
2907 5484 2988 5534 det
3017 5481 3150 5534 vobis
3169 5483 3383 5552 gratiam
3406 5483 3456 5534 in
3477 5489 3748 5549 conspectu

2176 5571 2288 5632 viri,
2319 5572 2604 5640 emittatque
2623 5571 2869 5625 vobiscum
2898 5576 3101 5642 fratrem
3129 5582 3341 5625 vestrum
3368 5588 3520 5625 unum
3542 5581 3586 5623 et
3609 5568 3752 5622 Ben-

2167 5662 2353 5732 jamin.
2377 5661 2485 5732 Ego
2511 5665 2639 5716 enim
2659 5665 2782 5716 sicut
2805 5663 2968 5717 liberis
2988 5664 3187 5718 orbatus
3207 5681 3336 5728 sum,
3355 5665 3516 5717 liberis
3538 5663 3751 5716 orbatus

2177 5768 2286 5804 sum
2325 5751 2482 5822 (Ibid.
2523 5769 2570 5806 υ.
2620 5753 2706 5807 15.
2735 5755 2853 5822 ll).
2912 5753 2985 5808 Ita
3015 5754 3356 5810 vehementer
3391 5753 3610 5808 summis
3639 5753 3753 5805 illis

2179 5844 2465 5913 angebatur
2490 5844 2851 5910 incommodis,
2883 5853 2941 5900 ut
2965 5845 3254 5902 visceribus
3277 5845 3437 5901 etiam
3464 5843 3749 5914 discerpus
