4036 6416
285 416 389 472 λετ

283 542 342 595 δέ
376 540 522 604 ἄπας
537 539 567 596 6
589 538 706 610 βίος
726 538 876 612 αὖτῷ
900 538 996 594 καὶ
1027 538 1087 604 ἐξ
1107 539 1319 609 ἐκείνης
1341 539 1440 610 τῆς
1461 537 1694 612 ἡμέρας,
1719 531 1828 614 ἐνῆ
1858 539 1957 604 τὰς

285 622 546 691 εὐλογίας
566 622 774 691 μέλλων
792 621 1089 693 λαμϐάνειν
1119 620 1590 692 προαποτεθνηκει
1609 620 1686 690 τῷ
1711 620 1842 683 δέει,
1870 620 1960 674 διὰ

293 733 356 767 συ
366 731 588 785 μφορων
613 713 872 767 ἐπλέκετο
892 716 987 768 καὶ
1005 711 1327 767 ἐπιϐουλῶν.
1355 711 1624 764 Τοσοῦτον
1649 711 1760 782 γάρ
1793 711 1960 765 αὐτὸν

289 794 410 856 δέος
442 793 562 846 τότε
592 797 860 863 κατεῖχεν,
887 794 962 856 ώς
983 793 1118 864 μηδέ
1145 791 1282 862 μετὰ
1305 791 1408 861 τὴν
1435 791 1744 862 συντυχίαν,
1779 791 1959 846 καίτοι

291 889 353 939 γε
397 873 650 942 χρηστῶς
686 875 780 926 καὶ
834 871 1228 942 φιλανθρώπως
1270 869 1419 940 αὐτῷ
1463 871 1808 941 χρησαμένου
1863 870 1959 924 τοῦ

290 951 545 1019 ἀδελφοῦ,
577 953 849 1023 θαρρῆσαι
879 952 971 1004 καὶ
1004 949 1302 1004 ἀποθέσθαι
1330 949 1428 1016 τὴν
1468 950 1728 1017 ἀγωνίαν.
1767 952 1958 1021 Παρα-

293 1040 584 1104 καλοῦντος
617 1039 746 1107 γοῦν
793 1040 1004 1094 ἐκείνου
1052 1039 1426 1100 συναπελθείν,
1474 1037 1728 1110 καθάπερ
1766 1039 1958 1110 θηρίου

291 1123 436 1185 τινὸς
460 1121 898 1176 ἀπαλλάττεσθαι
927 1122 1157 1192 μέλλων,
1182 1121 1357 1186 οὕτως
1380 1121 1533 1191 ἠξίου
1562 1122 1655 1174 καὶ
1681 1122 1962 1191 ἐσοφίζετο

294 1207 392 1278 τὴν
427 1205 772 1276 ἀναχώρησιν
794 1205 996 1274 λέγων·
1036 1206 1097 1258 '0
1125 1205 1328 1275 κύριός
1349 1223 1488 1274 μου,
1527 1203 1844 1274 γινώσκεις
1873 1205 1964 1258 ὅτι

295 1290 368 1342 τὰ
406 1290 612 1343 παιδία
640 1288 1010 1358 ἁπαλώτερα,
1052 1290 1150 1343 καί
1185 1290 1256 1343 τὰ
1293 1291 1557 1356 πρόϐατα
1595 1289 1692 1342 καὶ
1730 1291 1788 1341 al
1816 1289 1965 1354 βόες

293 1381 652 1448 λοχεύονται
679 1380 771 1432 ἐπ’
799 1379 903 1448 ἐμέ
923 1397 936 1409 ·
969 1381 1066 1433 καὶ
1094 1379 1203 1433 ἐὰν
1226 1374 1340 1433 οὖν
1360 1391 1386 1418 ι
1414 1374 1757 1442 καταδιώεω
1789 1377 1963 1444 αὐτὰ,

295 1460 366 1512 ἐν
394 1458 584 1528 ἡμέρᾳ
601 1457 708 1528 μιᾷ
728 1458 1171 1513 ἀποθανοῦνται
1186 1457 1384 1511 πάντα
1408 1457 1482 1511 τὰ
1504 1458 1717 1526 κτήνη.
1750 1459 1968 1524 Προελ-

297 1539 444 1594 θὲτω
475 1544 506 1594 ὀ
531 1541 734 1607 κύριός
749 1558 868 1608 μου
883 1541 1222 1608 ἔμπροσθεν
1242 1539 1350 1593 τοῦ
1375 1539 1588 1604 παιδὸς
1610 1538 1822 1601 αὐτοῦ,
1852 1536 1969 1608 ἐγὼ

297 1620 366 1672 δὲ
391 1621 697 1689 ἐνισχύσω
734 1621 805 1674 ὲν
847 1620 922 1690 τῇ
955 1621 1092 1686 ὀδῷ,
1141 1622 1292 1674 κατὰ
1337 1619 1582 1689 σχολὴν
1608 1618 1720 1687 τῆς
1754 1619 1969 1686 πορεύ-

298 1727 450 1773 σεως
478 1708 588 1776 τῆς
612 1710 891 1763 ἐναντίον
909 1726 1050 1778 μου,
1076 1708 1172 1762 καὶ
1200 1707 1352 1761 κατὰ
1385 1707 1577 1773 πόδας
1611 1705 1731 1760 τῶν
1762 1705 1972 1759 παιδα-

299 1793 443 1860 ρίων
473 1811 614 1862 μου,
643 1794 754 1859 ἕως
786 1793 893 1846 τοῦ
925 1792 1128 1847 ἐλθεῖν
1149 1809 1226 1860 με
1257 1792 1408 1860 πρὸς
1455 1792 1564 1845 τόν
1599 1792 1808 1860 κύριόν
1852 1808 1970 1860 μου

300 1883 389 1947 είς
419 1881 616 1949 Σηείρ.
663 1880 771 1933 Καὶ
805 1879 1152 1944 ἀναπνεύσας
1191 1879 1389 1951 μικρὸν
1432 1879 1542 1932 ἀπὸ
1570 1880 1679 1932 τῶν
1711 1877 1972 1932 κινδύνων

301 1970 550 2036 ἐκείνων,
591 1971 670 2034 εἰς
709 1969 894 2040 ἕτερον
927 1969 1106 2040 πολλῷ
1137 1967 1518 2039 χαλεπώτερον
1551 1968 1777 2022 ἐνέπεσε
1812 1968 1974 2022 πάλιν

303 2059 491 2128 φόϐον.

377 2143 487 2212 Τῆς
523 2141 633 2211 γὰρ
661 2140 924 2212 θυγατρὸς
957 2137 1322 2210 ἁρπαγείσης,
1353 2139 1415 2192 16
1444 2138 1544 2210 μὲν
1575 2138 1792 2210 πρῶτον
1818 2137 1975 2209 ἤλγει

306 2230 371 2298 τῇ
401 2227 554 2296 ὕϐρει
578 2227 673 2295 τῆς
704 2225 890 2288 παιδός
908 2241 922 2254 ·
943 2224 1018 2286 ὼς
1043 2224 1098 2276 δέ
1132 2222 1501 2294 παρεμυθεῖτο
1535 2222 1595 2275 τὸ
1624 2221 1847 2290 γεγονὸς
1874 2218 1972 2274 106

310 2309 570 2379 βασιλέως
607 2310 636 2361 6
667 2309 781 2372 υἱὸς
823 2309 973 2378 νόμῳ
1005 2306 1181 2374 γάμου
1231 2303 1496 2374 λήψεσθαι
1530 2307 1766 2372 γυναῖκα
1799 2303 1976 2374 αὐτὴν

308 2392 698 2462 ὑποσχόμενος,
734 2392 826 2443 καὶ
885 2391 1118 2461 ἐπῄνεσε
1150 2386 1250 2456 τὴν
1276 2384 1502 2456 γνώμην
1528 2388 1556 2438 6
1595 2383 1808 2447 Ἰακὼϐ,
1859 2401 1983 2437 συν-

309 2475 469 2544 έχεαν
515 2475 612 2537 τὰς
645 2473 916 2542 συνθήκας
961 2473 1010 2524 οί
1052 2471 1182 2542 περὶ
1228 2468 1318 2521 τὸν
1373 2467 1525 2532 Λευῖ,
1562 2468 1655 2520 καὶ
1686 2467 1786 2537 τὴν
1827 2467 1984 2520 πόλιν

307 2557 604 2629 αὖτανδρον
661 2557 938 2619 ἀνελόντες
1005 2557 1085 2618 είς
1141 2551 1394 2606 τοσοῦτον
1455 2551 1546 2603 τὸν
1614 2551 1984 2620 γεγεννηκότα

309 2641 651 2712 κατέστησαν
679 2641 898 2712 τρόμον,
919 2639 995 2702 ὡς
1017 2639 1111 2691 καὶ
1131 2637 1450 2709 μετοικῆσαι
1468 2633 1676 2689 ἐκεῖθεν
1708 2634 1870 2688 αὐτὸν
1897 2635 1986 2688 διὰ

310 2726 370 2779 τὸ
400 2726 607 2790 πάντας
646 2723 1092 2793 ἐκπολεμωθῆναι
1128 2721 1265 2792 πρὸς
1294 2721 1475 2773 αὐτόν.
1525 2718 1672 2775 Εἶπε
1702 2719 1832 2789 γὰρ,
1878 2735 1984 2789 φη-

314 2810 420 2871 σὶν,
449 2812 481 2864 ὁ
531 2807 729 2862 Ἰακὼϐ
751 2805 829 2872 τῷ
857 2805 1101 2875 Συμεὼν
1127 2803 1225 2857 καὶ
1258 2802 1339 2868 τῷ
1369 2802 1549 2856 Λευΐ·
1604 2801 1878 2868 Μισητόν
1906 2818 1984 2870 με

312 2891 698 2957 πεποιήκατε.
734 2889 891 2944 ὥστε
925 2887 1196 2956 πονηρόν
1215 2903 1290 2955 με
1318 2881 1473 2939 εἶναι
1501 2882 1652 2938 πᾶσι
1693 2883 1818 2949 τοῖς
1846 2901 1986 2936 κατ-

313 2976 553 3031 οικοῦσι
586 2976 702 3043 τὴν
743 2973 878 3044 γῆν,
912 2973 982 3027 ἐν
1029 2988 1094 3024 τε
1130 2969 1255 3034 τοῖς
1318 2967 1674 3032 Χαναναίοις
1717 2967 1814 3019 καὶ
1865 2965 1988 3032 τοῖς

315 3058 664 3129 Φερεζαίοις,
702 3056 817 3127 ἐγὼ
855 3055 922 3108 δὲ
969 3054 1286 3124 όλιγοστός
1314 3053 1432 3120 εἰμι
1473 3051 1543 3103 έν
1585 3048 1846 3119 ἀριθμῷ,
1889 3049 1989 3103 καί

315 3140 723 3212 συναχθέντες
747 3140 851 3193 ἐπ’
874 3137 978 3208 ἐμὲ
1003 3135 1394 3206 συγκόψουσί
1409 3150 1489 3203 με
1517 3134 1613 3186 καὶ
1641 3131 1990 3201 ἐκτριϐἡσο-

313 3243 420 3296 μαι
451 3225 588 3295 ἐγὼ.
616 3224 712 3278 καὶ
739 3227 770 3278 d
796 3219 960 3287 οἶκός
974 3239 1116 3292 μου.
1154 3213 1267 3273 Καὶ
1298 3219 1409 3289 γὰρ
1442 3217 1508 3271 ἂν
1542 3219 1751 3280 πάντας
1794 3217 1990 3281 αὐτοὺς

319 3308 665 3377 κατέσφαξαν
694 3308 864 3378 ἄρδην
893 3307 942 3358 οί
975 3305 1276 3375 πρόσοικοι,
1311 3303 1359 3355 εἰ
1391 3301 1464 3373 μὴ
1499 3304 1531 3372 ἡ
1571 3301 1667 3354 106
1700 3300 1834 3352 Θεοῦ
1868 3300 1989 3370 φιλ-

320 3392 606 3464 ανθρωπία
661 3391 924 3460 κατέσχεν
977 3387 1202 3440 ἐκείνων
1246 3387 1340 3439 τὸν
1393 3386 1603 3454 θυμὸν,
1666 3385 1760 3436 καὶ
1816 3383 1992 3454 πέρας

321 3475 550 3538 ἐκείνοις
601 3474 838 3544 ἐπέθηκε
896 3474 1009 3534 τοῖς
1057 3472 1278 3533 κακοῖςο
1329 3469 1602 3538 Ἐγένετο
1649 3468 1778 3536 γὰρ,
1824 3468 1984 3538 φησὶ,

321 3559 506 3630 φόϐος
541 3557 690 3613 Θεοῦ
722 3555 821 3610 ἐπὶ
859 3555 1064 3618 πάσας
1096 3553 1203 3619 τὰς
1248 3552 1458 3616 πόλεις
1493 3551 1600 3615 τὰς
1639 3551 1983 3617 περικύκλῳ

321 3643 540 3706 αὐτῶν,
570 3641 666 3695 καὶ
695 3643 766 3694 οὺ
793 3637 1157 3702 κατεδίωξαν
1179 3637 1372 3689 ὀπίσω
1396 3633 1514 3687 τῶν
1544 3631 1690 3687 υἱῶν
1735 3632 1991 3700 Ἰσραήλ.

324 3728 390 3780 Τί
415 3723 508 3780 οὖν
560 3724 698 3798 μετά
733 3724 832 3794 τὴν
861 3722 1066 3776 τούτων
1114 3719 1470 3788 ἀπαλλαγήνς
1511 3713 1620 3788 ἄρα
1663 3715 1993 3781 ἀνέπνευσες

325 3815 460 3869 Τότε
485 3815 583 3886 μὲν
609 3810 700 3868 06v
721 3812 867 3884 αὐτῷ
886 3811 994 3865 τῶν
1020 3809 1205 3864 κακῶν
1229 3807 1465 3878 ἐπῆλθεν
1494 3807 1522 3857 6
1551 3802 1825 3873 κολοφὼν,
1852 3805 1881 3856 6
1899 3804 1999 3875 τῆς

326 3903 610 3975 ἐρωμένης
625 3902 876 3966 θάνατος,
903 3899 1080 3971 ἄωρός
1106 3916 1165 3951 τε
1182 3895 1319 3967 ὁμοῦ
1345 3896 1438 3950 καὶ
1470 3894 1639 3964 βίαιος
1659 3891 1755 3946 ῶν.
1786 3894 1999 3948 Ἐτεκε

329 3990 460 4066 γὰρ,
515 3990 688 4059 φησὶ,
741 3986 983 4055 Ῥαχὴλ,
1039 3985 1137 4039 καὶ
1191 3983 1610 4047 ἐδυστύχησεν
1657 3980 1728 4032 ἐν
1775 3979 1855 4045 τῷ
1901 3995 1997 4033 10-

327 4077 496 4144 κετῷ.
547 4077 816 4147 Ἐγένετο
859 4074 926 4127 δέ
969 4076 1039 4128 ἐν
1082 4073 1161 4138 τῷ
1204 4068 1486 4139 σκληρῶς
1520 4068 1713 4135 αὐτὴν
1756 4069 1996 4132 τίκτειν,

328 4164 498 4221 εἶπεν
533 4164 687 4233 αὐτῇ
735 4165 774 4233 ἡ
817 4162 998 4233 μαῖα,
1037 4161 1280 4229 Θάρσει,
1327 4159 1427 4212 καὶ
1478 4160 1588 4226 γὰρ
1643 4153 1824 4222 οὗτός
1866 4157 2002 4209 ἐστι

329 4272 430 4308 σοι
474 4252 623 4319 υἱός.
687 4250 946 4320 Ἐγένετο
991 4248 1058 4302 δὲ
1104 4249 1175 4301 ἑν
1221 4247 1301 4312 τῷ
1364 4245 1602 4314 ἀφιέναι
1651 4245 1848 4312 αὐτὴν
1887 4243 2004 4311 τὴν

330 4341 546 4412 ψυχὴν
574 4340 950 4413 (ἀπέθνησκε
998 4338 1108 4408 γὰρ
1132 4340 1172 4407 ),
1209 4336 1466 4388 ἐκάλεσε
1497 4333 1564 4386 τὸ
1589 4333 1777 4401 ὄνομα
1815 4332 2004 4386 αὐτοῦ

342 4433 475 4497 Υἱὸς
513 4431 737 4497 ὀδύνης
762 4446 900 4498 μου.
948 4427 1058 4479 Καὶ
1095 4423 1190 4477 106
1229 4422 1462 4485 πένθους
1502 4421 1855 4492 ἀκμάζοντος
1898 4420 2002 4485 ἔτι,

335 4513 640 4584 προσέθηκε
672 4515 740 4582 τῇ
769 4509 978 4581 ἀθυμία
1007 4509 1034 4548 b
1065 4511 1093 4562 6
1132 4506 1362 4577 Ῥουϐὴν
1398 4507 1478 4567 είς
1512 4504 1609 4575 τὴν
1644 4501 1739 4555 106
1797 4503 2006 4574 πατρὸς

334 4601 496 4673 εὐνὴν
539 4599 861 4671 ἐνυϐρίσας·
909 4599 1046 4667 ὅπερ
1081 4595 1254 4658 οὕτως
1288 4593 1449 4664 ἔφερε
1480 4591 1754 4662 χαλεπῶς,
1794 4592 1871 4654 ὼς
1912 4593 2008 4645 καὶ

333 4690 600 4746 τελευτῶν
647 4687 1073 4759 ἐπαράσασθαιο
1140 4682 1219 4754 τῷ
1248 4683 1420 4744 παιδὶ,
1444 4682 1531 4734 ὅτε
1580 4679 1814 4750 μάλιστα
1873 4697 2009 4751 συμ-

338 4776 670 4845 παθέστερόν
724 4772 905 4842 ἔχουσι
959 4771 1096 4843 πρὸς
1158 4768 1226 4820 τά
1295 4768 1494 4834 ἔκγονα
1551 4767 1600 4818 οί
1654 4767 1864 4833 γονεῖς,
1915 4763 2011 4816 καὶ

337 4860 512 4914 ταῦτα
539 4855 867 4928 πρωτοτόκῳ
895 4854 1113 4907 πάντων
1151 4853 1266 4905 ὄντι
1304 4849 1412 4903 τῶν
1451 4848 1652 4903 ἄλλων·
1699 4847 1762 4900 οὐ
1817 4846 2011 4918 μικρὸν

337 4941 574 4998 ἂτοῦτο
611 4938 744 5010 πρὸς
774 4937 1156 5007 φιλοστοργίας
1184 4934 1404 4987 δύναται
1457 4932 1635 4999 λόγον.
1681 4929 1821 4982 Ἀλλ’
1861 4931 2012 4999 ὅμως

341 5029 560 5083 ἅπαντα
617 5021 790 5076 ταῦτα
847 5022 880 5091 ἡ
927 5021 1029 5090 τῆς
1081 5020 1317 5089 ἀθυμίας
1386 5015 1680 5086 παρώσατο
1731 5012 1859 5083 βία,
1918 5011 2012 5065 καὶ

340 5109 580 5171 καλέσας
627 5104 788 5159 αὐτὸν
857 5104 1010 5173 ἔλεγε
1055 5120 1069 5134 ’
1149 5099 1398 5167 Ῥουϐὴν
1454 5099 1829 5166 πρωτότοκος
1867 5113 2010 5164 μου,

343 5197 523 5265 ισχύς
552 5209 672 5264 μου
699 5233 714 5253 ,
762 5190 858 5244 καὶ
919 5187 1076 5258 ἀρχὴ
1119 5185 1346 5240 τέκνων
1385 5201 1539 5252 μου,
1579 5180 1849 5248 σκληρὸς
1911 5177 2015 5265 φέ-

341 5263 585 5349 ρεσθαι,
656 5277 754 5331 καὶ
812 5270 1082 5338 σκληρὸς
1130 5266 1437 5334 αὐθάδηςο
1507 5265 1868 5349 ἐξύϐρισας,
1933 5263 2014 5349 ὡς

344 5345 502 5433 ὕδωρ
526 5363 611 5432 μὴ
635 5359 910 5426 ἑκζέσῃς·
943 5357 1162 5419 ἀνέϐης
1205 5351 1315 5421 γὰρ
1359 5349 1457 5403 ἐπὶ
1493 5347 1608 5433 τὴν
1648 5348 1857 5411 κοίτην
1908 5345 2015 5433 τοῦ

347 5427 773 5519 [ἓθθγπατρός
819 5455 963 5495 σου·
1015 5437 1158 5519 τότε,
1213 5435 1462 5519 ἐμίανας
1519 5430 1634 5519 τὴν
1691 5427 2016 5519 στρωμνὴν

347 5513 419 5584 ὸῦ
480 5513 720 5594 ἀνέϐης.
769 5525 860 5586 Ὠς
916 5521 972 5573 δέ
1011 5519 1069 5571 ἐν
1113 5517 1301 5589 ἡλικίᾳ
1333 5515 1557 5584 γέγονεν
1597 5516 1624 5567 6
1658 5514 1756 5580 τῆς
1794 5513 2018 5580 ἀγαπω-

352 5613 520 5683 μένης
566 5608 824 5679 γυναικδς
881 5605 1027 5668 υἱὸς,
1079 5603 1173 5656 καὶ
1247 5597 1605 5683 παραμυθίαν.
1664 5594 1852 5683 αὑτδνμ
1875 5594 2017 5660 ἕξειν

351 5678 722 5767 προσεδόκησε
759 5693 858 5760 τῆς
912 5690 997 5743 ἐπ’
1056 5686 1242 5757 ἐκείνῃ
1285 5682 1500 5752 λύπης,
1547 5681 1669 5733 τότε
1714 5678 1864 5748 αύτῷ
1921 5696 2019 5732 πο-

349 5763 608 5850 λύτροποι
647 5763 744 5832 διά
811 5773 998 5830 τούτου
1061 5768 1524 5832 κατεσκευάζοντο
1598 5763 1906 5836 συμφοραί·
1969 5764 2018 5816 οἱ

418 5923 444 5952 ⁸
474 5921 525 5969 1η
549 5921 698 5970 Savu.
725 5926 776 5967 et
800 5917 936 5969 Colh.
959 5915 1040 5966 οὖν
1058 5915 1216 5963 deest.

415 5983 444 6023 ιι
469 5983 563 6030 Sic.
588 5983 737 6031 SaVil.
763 5985 815 6029 et
835 5979 971 6031 Colb.
997 5977 1171 6027 Morel.
1195 5987 1312 6023 vero
1329 5974 1414 6029 τὴν
1433 5971 1647 6032 ἀθυμίαν.

416 6047 443 6079 ⁸
466 6046 620 6096 Sam.
650 6049 703 6094 et
725 6041 863 6095 Colb.
891 6040 1236 6106 ἐπαράσασθαι,
1262 6036 1435 6087 Morel.
1463 6033 1740 6099 ἐπαρᾶσθαι.

1142 423 1234 478 AD
1269 421 1652 481 STAGIRIUM
1695 425 1733 479 Α
1773 421 2082 480 οΑειιοΝε
2119 423 2479 480 VEXATUM.
2523 424 2654 481 LIB.
2696 425 2756 480 ll.

3527 401 3634 458 468

2059 539 2168 613 γὰρ
2204 540 2423 611 ἀδελφοὶ
2469 540 2562 593 τὸν
2613 539 2933 611 χιτωνίσκον
2967 540 3057 594 τὸν
3105 540 3313 594 ἐκείνου
3362 539 3630 611 βάψαντες

2057 626 2251 696 αἵματι
2279 624 2309 665 ἀ
2339 627 2432 679 καὶ
2460 626 2824 692 ἐπιδείξαντες
2855 624 2934 695 τῷ
2976 625 3146 697 πατρὶ
3165 665 3180 690 ,
3213 627 3454 680 ποικίλον
3482 626 3632 696 αὐτῷ

2057 708 2119 761 16
2137 707 2347 771 ,πένθος
2387 709 2732 780 εἰργάσαντο.
2769 709 2844 762 υύ
2870 710 2979 778 γάρ
3008 707 3104 780 τὴν
3134 708 3388 783 τελευτὴν
3415 711 3631 766 ἐπένθει

2063 793 2245 863 μόνον,
2275 792 2410 847 ἀλλά
2441 795 2537 847 καὶ
2569 793 2658 848 τὸν
2680 792 2878 863 τρόπον
2903 792 3003 862 τῆς
3023 792 3282 866 τελευτῆς
3300 831 3318 858 ,
3351 793 3639 848 καὶπολλὰ

2057 873 2126 947 ἦν
2154 876 2223 930 τὰ
2253 876 2551 946 συγχέοντα
2587 876 2752 929 αὑτοῦ
2787 876 2884 946 τὴν
2911 875 3088 947 ψυχήν
3114 893 3127 906 °
3168 877 3250 930 ὅτι
3279 879 3308 930 ὁ
3330 877 3428 948 τῆς
3457 878 3640 947 φιλου-

2065 959 2232 1030 μένης
2278 960 2420 1023 υἱὸς,
2447 961 2530 1013 ὅτι
2573 962 2598 1013 6
2633 959 2738 1013 τῶν
2772 958 2946 1012 ἄλλων
2986 960 3238 1014 ἁπάντων
3270 959 3493 1030 βελτίων
3513 1001 3527 1023 ,
3556 961 3639 1014 ὅτι

2060 1032 2090 1096 6
2125 1043 2359 1114 μάλιστα
2387 1041 2749 1114 ἀγαπώμενος
2770 1083 2784 1107 ,
2819 1043 2900 1095 ὅτι
2932 1043 2988 1095 ἐν
3017 1043 3167 1114 αὐτῷ
3203 1041 3404 1114 τῷΔτῆς
3423 1043 3640 1114 ἡλικίας

2060 1108 2209 1179 ἄνθει
2233 1169 2246 1190 ,
2277 1127 2358 1179 ὃτι
2400 1108 2529 1199 παρ’
2559 1108 2726 1180 αὑτοῦ
2765 1125 3034 1196 πεμφθεὶς
3059 1166 3074 1191 ,
3108 1108 3189 1180 ὅτι
3410 1108 3501 1178 ἐπὶ
3543 1128 3641 1195 τῆς

2061 1209 2271 1275 οἰκίας,
2312 1209 2446 1281 μηδὲ
2485 1211 2578 1262 ἐπὶ
2611 1209 2711 1279 τῆς
2748 1208 2932 1278 κλίνης
2957 1249 2970 1271 ,
3005 1209 3138 1280 μηδέ
3167 1209 3514 1281 παρεστῶτος
3546 1210 3640 1262 106

2064 1291 2270 1364 πατρὸς
2294 1331 2308 1355 ,
2343 1292 2476 1362 μηδὲ
2513 1291 2682 1345 είπών
2707 1309 2760 1344 τι
2799 1294 2891 1345 καὶ
2916 1292 3184 1358 ἀκούσας,
3209 1294 3290 1346 ὅτι
3328 1294 3402 1364 μὴ
3427 1293 3505 1363 τῷ
3530 1310 3645 1346 κοι-

2063 1376 2140 1448 νῷ
2189 1377 2406 1430 πάντων
2436 1376 2682 1448 θανάτῳ,
2721 1377 2805 1430 ὅτι
2841 1377 2952 1440 ζῶν
2998 1377 3103 1431 ὑπὸ
3153 1378 3252 1448 τῆς
3283 1377 3389 1431 τῶν
3439 1377 3646 1450 θηρίων

2063 1462 2344 1531 ὠμότητος
2370 1461 2742 1532 ἐσπαράττετο
2767 1501 2782 1527 ,
2831 1462 2913 1514 ὅτι
2945 1461 3081 1534 μηδέ
3136 1463 3204 1516 τά
3249 1462 3478 1532 λείψανα
3515 1480 3642 1516 συν-

2065 1547 2295 1614 αγαγεῖν
2328 1544 2551 1616 εὕρισκε
2583 1547 2676 1598 καὶ
2705 1544 3040 1616 παραδοῦναι
3072 1548 3136 1616 τῇ
3169 1548 3262 1616 γῇ,
3298 1546 3381 1598 ὅτι
3430 1545 3552 1598 οὐδὲ
3587 1547 3645 1598 ἐν

2066 1628 2279 1698 νεότητι
2312 1627 2486 1681 ταῦτα
2517 1628 2844 1699 ὑπέμεινεν,
2879 1629 2968 1681 ὅτε
3017 1629 3258 1698 ἐνεγκεῖν
3303 1629 3526 1682 δυνατὸν
3553 1624 3643 1699 ἦν,

2066 1711 2182 1766 ἀλλ’
2206 1714 2265 1765 ἐν
2289 1711 2502 1782 ἐσχάτῳ
2530 1712 2696 1783 γήρα.
2728 1714 2838 1766 Καὶ
2864 1707 2933 1784 ἦν
2963 1711 3143 1784 θέαμα
3171 1712 3386 1766 πάντων
3415 1711 3646 1765 ἐλεεινό-

2068 1811 2226 1866 τερον
2264 1794 2425 1860 ίδεῖν,
2455 1795 2648 1849 πολιὰν
2677 1796 3073 1868 αἰσχυνομένην
3112 1797 3294 1860 κόνει,
3325 1796 3420 1849 καὶ
3454 1795 3648 1866 στῆθος

2070 1878 2339 1950 γηραλέον
2363 1879 2831 1951 διαρῤηγνυμένου
2877 1879 2971 1934 106
3007 1880 3232 1952 χιτῶνος
3254 1880 3647 1952 γυμνούμενον,

2072 1964 2169 2017 καὶ
2197 1963 2428 2034 θρήνους
2454 1963 2852 2036 παρακλήσεως
2889 1965 3138 2036 μείζονας
3163 1983 3175 1996 ·
3209 1965 3489 2035 Διέρῤηξε
3516 1964 3647 2035 γὰρ,

2075 2046 2276 2117 φησὶν,
2337 2045 2534 2100 Ἰακὼό³
2580 2048 2652 2100 τὰ
2703 2048 2902 2116 ἱμάτια
2948 2049 3170 2113 αὐτοῦ,
3204 2049 3302 2102 καὶ
3350 2049 3653 2117 περιέθετο

2074 2129 2310 2184 σάκκον
2337 2130 2438 2183 ἐπὶ
2487 2129 2602 2198 τὴν
2640 2131 2841 2201 ὀσφὺν
2879 2132 3095 2196 αὐτοῦ,
3134 2133 3231 2186 καὶ
3273 2130 3508 2185 ἐπένθει
3547 2131 3655 2184 τόν

2076 2213 2212 2268 υἱόν
2235 2215 2420 2268 αὐτοῦ
2458 2216 2681 2284 ἡμέρας
2705 2213 2958 2280 πολλάς.
2986 2216 3394 2285 Συνήχθησαν
3413 2215 3480 2268 δὲ
3506 2214 3654 2268 πάν-

2076 2314 2178 2364 τες
2205 2300 2261 2351 οὶ
2310 2297 2428 2350 υἱοὶ
2469 2297 2657 2351 αὐτοῦ
2687 2299 2782 2351 καὶ
2837 2301 2898 2350 αἱ
2953 2299 3300 2369 θυγατέρες,
3337 2299 3433 2352 καὶ
3463 2295 3656 2368 ἦλθον

2077 2379 2494 2448 παρακαλέσαι
2525 2381 2739 2446 αὐτὸν,
2776 2383 2871 2435 καὶ
2906 2384 3020 2436 οὐκ
3057 2382 3236 2450 ἤθελε
3269 2379 3658 2451 παρακληθῆ-

2078 2486 2178 2523 ναι
2203 2467 2400 2535 λέγων
2428 2465 2520 2518 ὅτι
2544 2504 2560 2530 ,
2595 2465 3017 2534 Καταϐήσομαι
3046 2465 3198 2534 πρὸς
3235 2469 3342 2519 τὸν
3380 2469 3515 2520 υἱόν
3537 2483 3658 2534 μου

2079 2550 2316 2607 πενθῶν
2354 2553 2442 2616 εἰς
2467 2549 2636 2617 ᾅδου.
2683 2550 2891 2620 Ὥσπερ
2921 2551 2979 2602 δέ
3021 2549 3137 2603 δέον
3169 2550 3437 2621 μηδέποτε
3484 2549 3659 2604 καθα-

2083 2637 2264 2710 ρεύειν
2292 2635 2457 2690 αὑτοῦ
2488 2635 2587 2704 τὴν
2613 2633 2792 2705 ψυχὴν
2818 2633 3084 2704 ἀθυμίας,
3115 2634 3316 2699 οὕτως,
3347 2633 3660 2708 ἀρξαμένης

2080 2722 2285 2792 ταύτης
2334 2719 2731 2791 θεραπεύεσθαι
2763 2720 2860 2790 τῆς
2911 2719 3159 2791 πληγῆς,
3223 2720 3378 2790 λιμὸς
3417 2718 3661 2773 ἐπελθὼν

2083 2810 2178 2862 καὶ
2208 2807 2307 2878 τὴν
2361 2806 2464 2876 γῆν
2500 2805 2714 2859 ἃπασαν
2763 2803 3052 2874 κατασχὼν
3105 2804 3292 2858 ἐλύπει
3347 2805 3446 2876 μέν
3496 2803 3663 2858 αὐτὸν

2086 2891 2292 2961 σφόδρα
2338 2888 2400 2941 τὸ
2453 2888 2753 2960 πρότερον·
2814 2889 2889 2951 ώς
2935 2888 2993 2940 δέ
3033 2887 3347 2952 ἀνελθόντες
3398 2886 3507 2940 ἀπὸ
3560 2887 3664 2956 τῆς

2086 2973 2361 3042 Αἰγύπτου
2392 2972 2441 3024 οί
2462 2971 2566 3024 υἱοὶ¹
2591 2971 2944 3042 παραμυθίαν
2970 2971 3295 3042 ἐκομίσαντο
3317 2970 3413 3024 τοῦ
3439 2969 3612 3024 κακοῦ
3636 2979 3664 3010 ο

2086 3057 2250 3129 ἐτέρα
2301 3054 2447 3126 λύπῃ
2500 3053 2706 3124 ταύτην
2753 3055 3113 3126 ἀναμίξαντες
3147 3056 3389 3124 ἤγαγον,
3424 3053 3520 3107 καὶ
3563 3053 3666 3128 τὴν

2087 3142 2196 3198 ἀπὸ
2223 3140 2320 3211 τῆς
2343 3140 2434 3192 106
2465 3140 2625 3210 λιμοῦ
2651 3137 2856 3203 λύσεως
2879 3139 3069 3211 ἡδονὴν
3096 3140 3348 3210 συνέχεεν
3426 3139 3520 3193 106
3545 3156 3670 3194 παι-

2086 3230 2176 3294 δὸς
2206 3226 2502 3298 ἀποδημία.
2537 3227 2646 3278 Καὶ
2675 3225 2735 3277 οὐ
2771 3225 2928 3277 τοῦτο
2965 3224 3145 3295 μόνον,
3185 3225 3296 3277 ἀλλ’
3333 3225 3413 3278 ὅτι
3445 3225 3541 3279 καὶ
3574 3223 3666 3277 τὸν

2091 3312 2350 3384 Βενιαμὶν
2394 3310 2635 3381 ἀπῄτουν
2663 3309 2825 3364 αὑτὸν
2850 3347 2864 3371 ,
2895 3308 2953 3360 ὃν
3001 3308 3160 3378 μόνον
3192 3305 3305 3378 εἷχε
3339 3308 3668 3381 παραψυχὴν

2091 3398 2186 3452 καὶ
2227 3398 2327 3466 τῆς
2363 3393 2705 3463 ἀπελθούσης
2749 3393 3006 3462 γυναικὸς
3049 3394 3141 3446 καὶ
3174 3395 3265 3445 106
3298 3393 3668 3466 θηριοϐρώτου

2091 3479 2298 3542 παιδός.
2330 3479 2406 3531 υὺ
2438 3476 2610 3532 ταῦτα
2637 3477 2693 3529 δέ
2745 3477 2905 3547 μόνον
2947 3476 3110 3529 αὑτὸν
3144 3476 3462 3548 ἀντέχεσθαι
3497 3477 3669 3532 ἐποίει

2089 3564 2185 3618 τοῦ
2207 3563 2495 3633 Βενιαμὶν,
2521 3559 2656 3614 ἀλλά
2693 3560 2787 3613 καὶ
2825 3559 2892 3612 τά
2925 3561 3024 3630 τῆς
3056 3559 3268 3632 ἡλικίας
3293 3600 3308 3625 ,
3345 3562 3438 3614 καὶ
3471 3561 3539 3614 τά
3569 3563 3669 3631 τῆς

2091 3650 2421 3722 ἀνατροφῆς.
2449 3649 2534 3700 Οὐ
2569 3645 2964 3713 καταϐήσεται
3016 3647 3156 3716 γὰρ,
3211 3646 3409 3716 φησὶν,
3463 3649 3496 3699 d
3543 3644 3671 3708 υἱός

2085 3754 2207 3806 μου
2235 3733 2364 3804 μεθ’
2410 3730 2610 3802 ὑμῶν,
2645 3731 2734 3784 ὅτι
2778 3734 2811 3784 ό
2857 3729 3121 3799 ἀδελφὸς
3151 3730 3338 3785 αὐτοῦ
3384 3731 3668 3795 ἀπέθανε,

2093 3819 2191 3873 καὶ
2220 3817 2404 3883 αὐτὸς
2427 3817 2617 3885 μόνος
2650 3814 3130 3875 καταλέλειπται,
3161 3815 3262 3868 καὶ
3295 3815 3676 3884 συμϐήσεται

2093 3903 2281 3958 αὐτὸν
2319 3897 2770 3971 μαλακισθῆναι
2822 3899 2891 3952 ἐν
2925 3897 3001 3968 τῇ
3035 3899 3185 3965 ὀδῷ,
3239 3902 3310 3954 έν
3351 3895 3392 3972 ᾗ
3433 3899 3510 3954 ἂν
3561 3915 3673 3954 πο-

2085 3987 2352 4056 ρεύησθε
2370 4026 2386 4051 ,
2415 3983 2513 4037 καὶ
2543 3981 2831 4047 κατάξετέ
2858 4001 2976 4052 μου
3002 3982 3064 4035 τὸ
3090 3981 3276 4054 γῆρας
3297 3982 3447 4054 μετὰ
3471 3982 3677 4052 λύπης

2094 4075 2184 4138 εις
2201 4070 2368 4138 ᾅδου.
2398 4067 2472 4121 T6
2499 4067 2598 4139 μὲν
2645 4063 2736 4120 οὖν
2766 4067 2981 4138 πρῶτον
3022 4066 3111 4120 διὰ
3138 4067 3308 4120 ταῦτα
3336 4070 3514 4120 πάντα
3538 4083 3681 4138 παρ-

2098 4158 2280 4229 ῃτεῖτο
2299 4195 2313 4217 ,
2341 4154 2435 4206 καὶ
2461 4154 2561 4206 οὐκ
2591 4150 2797 4221 ἔφασκε
2823 4151 3016 4205 δώσειν
3045 4151 3226 4204 αύτόνο
3250 4150 3514 4222 ἐπειδὴδέ
3544 4167 3678 4218 σφο-

2101 4240 2226 4310 δρὸς
2269 4237 2534 4290 ἐπέπεσεν
2571 4238 2599 4288 ὁ
2629 4235 2820 4305 λιμὸς,
2869 4234 2963 4287 καὶ
3013 4233 3256 4304 μείζονος
3302 4235 3399 4302 τῆς
3431 4233 3679 4304 ἀνάγκης

2101 4322 2324 4393 ᾔσθετο,
2379 4321 2554 4372 καίτοι
2609 4318 2814 4388 σφόδρα
2867 4316 3305 4388 ἀποδυρόμενος,
3348 4318 3408 4370 Τί
3456 4317 3565 4387 γάρ
3597 4332 3682 4382 ,με

2101 4403 2582 4467 ἐκακοποιήσατε
2613 4445 2624 4464 ,
2674 4402 2836 4471 φησὶν
2862 4441 2877 4462 ,
2931 4401 3403 4470 ἀπαγγείλαντες
3447 4399 3528 4465 τῷ
3572 4400 3681 4454 ἀν·-

2105 4490 2311 4556 θρώπῳ
2347 4491 2398 4539 εὶ
2427 4487 2598 4540 ἔστιν
2639 4486 2782 4555 ὑμῖν
2817 4483 3116 4552 ἁδελφός
3147 4488 3241 4538 καὶ
3269 4485 3426 4538 τοῦτο
3465 4486 3683 4539 πάντων

2105 4572 2489 4644 ὀδυνηρότερον
2526 4571 2763 4639 ὑπέμενε
2787 4571 2856 4622 τά
2889 4569 3099 4622 ἐλεεινὰ
3131 4571 3150 4610 ί
3185 4571 3405 4639 ῥήματα
3449 4568 3684 4638 φθεγγὸ-

2109 4673 2268 4728 μενος
2295 4657 2324 4708 ὁ
2367 4653 2580 4718 Ἰακὼϐ,
2620 4652 2830 4721 Ἰωσὴφ
2853 4693 2866 4715 ,
2895 4654 3081 4722 φησὶν,
3115 4654 3226 4706 οὐκ
3251 4652 3410 4727 ἔστι,
3440 4650 3686 4722 Συμεὼν

2107 4742 2219 4795 οὐκ
2246 4741 2398 4802 ἔστι,
2426 4737 2522 4790 καὶ
2545 4737 2652 4790 τὸν
2666 4737 2947 4806 Βενιαμὶν
2969 4737 3279 4804 λήψεσθες
3311 4737 3520 4806 ἐπ’ἐμέ
3563 4734 3686 4802 ἐγέ-

2107 4841 2228 4877 νετο
2243 4821 2416 4874 ταῦτα
2434 4822 2630 4874 πάντω
2656 4819 2751 4873 καὶ
2779 4819 3101 4889 ὀδυρόμενος
3122 4821 3202 4872 ὅτι
3225 4820 3361 4890 μετά
3380 4820 3470 4871 τὸν
3487 4818 3684 4888 Ἰωσὴφ

2107 4909 2204 4962 καὶ
2230 4908 2320 4961 τὸν
2344 4905 2608 4977 Συμεῶνα
2637 4903 2955 4975 ἐπεχείρουν
2990 4902 3142 4975 [201]
3175 4905 3267 4957 καὶ
3307 4904 3398 4956 τὸν
3427 4903 3688 4973 Βενιαμὶν

2109 4993 2427 5048 ἀποσπάσαι
2455 4990 2619 5046 αὐτοῦ
2636 5030 2651 5054 ,
2677 4989 2772 5042 καὶ
2800 4987 3206 5058 ἐνδεικνύμενος
3231 4988 3314 5041 ὅτι
3352 4988 3529 5041 πάντα
3565 4987 3690 5039 πεί-

2112 5097 2262 5133 σεται
2293 5077 2490 5148 μᾶλλον
2528 5077 2561 5147 ἦ
2589 5074 2843 5144 ἀφέξεται
2877 5072 2969 5125 106
3004 5071 3188 5136 παιδὸς
3217 5115 3230 5137 ,
3262 5073 3500 5142 νικηθεὶς
3527 5071 3688 5124 ὓστερ-

2115 5183 2205 5236 ρον
2231 5164 2392 5226 αὐτὸς
2417 5163 2576 5215 αὑτὸν
2613 5163 2736 5222 ταῖς
2769 5157 2962 5211 ἑαυτοῦ
2997 5158 3183 5228 χερσὶν
3222 5157 3452 5223 ἐξεδίδου
3482 5156 3688 5224 λέγων’

2114 5248 2224 5303 Καὶ
2253 5247 2358 5300 τὸν
2399 5244 2668 5314 ἀδελφὸν
2704 5241 2872 5313 ὑμῶν
2907 5240 3119 5300 λάϐετε
3143 5283 3158 5302 .
3189 5242 3283 5295 καί
3315 5241 3691 5304 ἀναστάντες

2113 5331 2407 5400 κατάϐητε
2440 5330 2590 5398 πρὸς
2632 5328 2739 5382 τὸν
2785 5326 3130 5394 ἄνθρωπονο
3175 5328 3206 5379 ὀ
3259 5325 3327 5378 δὲ
3375 5327 3520 5389 Θεός
3567 5342 3689 5392 μου

2113 5417 2233 5484 δῴη
2261 5417 2402 5486 ὑμῖν
2430 5415 2605 5485 χάριν
2627 5413 2906 5467 ἐναντίον
2930 5411 3033 5465 τοῦ
3054 5408 3391 5477 ἀνθρώπου,
3420 5411 3516 5462 καὶ
3549 5410 3688 5463 ἀπο·

2115 5497 2351 5550 στείλαι
2379 5494 2484 5548 τὸν
2513 5491 2784 5560 ἀδελφὸν
2810 5489 2974 5560 ὑμῶν
3008 5489 3115 5542 τόν
3142 5487 3248 5541 ἕνα
3271 5529 3285 5549 ,
3327 5488 3426 5541 καὶ
3455 5489 3560 5540 τὸν
3579 5491 3689 5541 Βε-

2114 5577 2357 5646 νιαμίν.
2418 5573 2532 5644 ἐγὼ
2596 5572 2713 5642 μὲν
2771 5571 2882 5640 γὰρ
2935 5567 3197 5636 καθάπερ
3245 5571 3270 5607 ε
3322 5567 3690 5636 ὴτέκνωμαι.

2178 5661 2206 5701 ἀ
2228 5665 2310 5712 Sic
2333 5661 2483 5711 Savil.
2505 5666 2559 5706 et
2579 5658 2718 5708 Colb.
2742 5656 2914 5705 Morel.
2941 5667 3058 5701 vero
3078 5654 3124 5700 ἐν
3147 5653 3328 5712 αἵματι.

2185 5730 2208 5757 °
2233 5725 2402 5773 Morel.
2433 5721 2671 5782 Αἰγύπτου
2694 5722 2738 5766 οί
2761 5720 2854 5783 υἱοὶ
2872 5715 3165 5783 παραμυθίαν
3191 5715 3475 5783 ἐκομίσαντο
3500 5713 3586 5761 106
3605 5731 3694 5783 xu:

2119 5789 2226 5847 κοῦ,
2250 5788 2400 5836 Savil.
2437 5777 2674 5847 Αἰγύπτου
2699 5784 2744 5829 οί
2763 5782 2857 5828 υἱοὶ
2878 5777 3171 5847 παραμυθίαν
3193 5777 3586 5847 εὓρεῖνΔξνόμισαν
3608 5777 3696 5823 106

2117 5839 2292 5922 κακοῖο,
2331 5839 2598 5918 Ερίὺθῐὶίυὶ
2621 5844 2719 5892 duo
2750 5849 2834 5899 τῆς
2876 5839 3113 5901 Αἰγύπτου
3139 5839 3434 5901 παραμυθίαν
3474 5839 3696 5899 ἐνόμισαν

2121 5931 2208 5965 του
2233 5928 2406 5960 κακον.

2194 5975 2213 6012 f
2237 5974 2375 6024 Colb.
2400 5975 2454 6019 et
2480 5969 2628 6018 Savil.
2653 5968 2712 6016 τὰ
2737 5961 3182 6019 ἐλεεινότεοα.11ιίη
3205 5963 3355 6012 iidem
3382 5961 3460 6010 τὸν
3484 5961 3693 6024 Συμεών.

2189 6040 2217 6080 ⁸
2239 6034 2373 6091 Colb.
2395 6039 2448 6082 et
2471 6032 2618 6084 Savil.
2646 6028 2783 6081 καθά.
