  <div class='ocr_page' id='page_1' title='image "/cluster/home/n/w/nwhite01/storage/ocr_20150623/47/nnc1.0046978321/432.png"; bbox 0 0 4036 6416; ppageno 0'>
   <div class='ocr_carea' id='block_1_1' title="bbox 377 262 483 320">
    <p class='ocr_par' dir='ltr' id='par_1_1' title="bbox 377 262 483 320">
     <span class='ocr_line' id='line_1_1' title="bbox 377 262 483 320; baseline -0.028 0"><span class='ocrx_word' id='word_1_1' title='bbox 377 262 483 320; x_wconf 60' lang='lat'><strong>469</strong></span> 
     </span>
    </p>
   </div>
   <div class='ocr_carea' id='block_1_2' title="bbox 373 371 1951 451">
    <p class='ocr_par' dir='ltr' id='par_1_2' title="bbox 373 371 1951 451">
     <span class='ocr_line' id='line_1_2' title="bbox 373 371 1951 451; baseline -0.009 -14"><span class='ocrx_word' id='word_1_2' title='bbox 373 381 739 451; x_wconf 75' lang='lat' dir='ltr'><strong>paulatimque</strong></span> <span class='ocrx_word' id='word_1_3' title='bbox 764 375 1050 431; x_wconf 75' lang='lat' dir='ltr'><strong>imminutis</strong></span> <span class='ocrx_word' id='word_1_4' title='bbox 1082 374 1201 431; x_wconf 87' lang='lat' dir='ltr'><strong>filiis</strong></span> <span class='ocrx_word' id='word_1_5' title='bbox 1230 376 1473 430; x_wconf 88' lang='lat' dir='ltr'><strong>universa</strong></span> <span class='ocrx_word' id='word_1_6' title='bbox 1499 371 1822 427; x_wconf 89' lang='lat' dir='ltr'><strong>deteriorum</strong></span> <span class='ocrx_word' id='word_1_7' title='bbox 1862 382 1951 423; x_wconf 84' lang='lat' dir='ltr'><strong>ac-</strong></span> 
     </span>
    </p>
   </div>
   <div class='ocr_carea' id='block_1_3' title="bbox 378 460 1952 539">
    <p class='ocr_par' dir='ltr' id='par_1_3' title="bbox 378 460 1952 539">
     <span class='ocr_line' id='line_1_3' title="bbox 378 460 1952 539; baseline -0.01 -9"><span class='ocrx_word' id='word_1_8' title='bbox 378 476 620 532; x_wconf 85' lang='lat' dir='ltr'><strong>cessione</strong></span> <span class='ocrx_word' id='word_1_9' title='bbox 641 473 909 527; x_wconf 76' lang='lat' dir='ltr'><strong>toleraret.</strong></span> <span class='ocrx_word' id='word_1_10' title='bbox 934 469 1129 539; x_wconf 80' lang='lat' dir='ltr'><strong>Majore</strong></span> <span class='ocrx_word' id='word_1_11' title='bbox 1150 467 1290 523; x_wconf 87' lang='lat' dir='ltr'><strong>enim</strong></span> <span class='ocrx_word' id='word_1_12' title='bbox 1311 483 1375 521; x_wconf 83' lang='lat' dir='ltr'><strong>ex</strong></span> <span class='ocrx_word' id='word_1_13' title='bbox 1396 462 1694 535; x_wconf 90' lang='lat' dir='ltr'><strong>hujusmodi</strong></span> <span class='ocrx_word' id='word_1_14' title='bbox 1716 460 1952 516; x_wconf 86' lang='lat' dir='ltr'><strong>adversis</strong></span> 
     </span>
    </p>
   </div>
   <div class='ocr_carea' id='block_1_4' title="bbox 378 555 1950 635">
    <p class='ocr_par' dir='ltr' id='par_1_4' title="bbox 378 555 1950 635">
     <span class='ocr_line' id='line_1_4' title="bbox 378 555 1950 635; baseline -0.01 -12"><span class='ocrx_word' id='word_1_15' title='bbox 378 567 564 623; x_wconf 88' lang='lat' dir='ltr'><strong>dolore</strong></span> <span class='ocrx_word' id='word_1_16' title='bbox 589 564 906 635; x_wconf 78' lang='lat' dir='ltr'><strong>angebatur,</strong></span> <span class='ocrx_word' id='word_1_17' title='bbox 949 576 1103 632; x_wconf 84' lang='lat' dir='ltr'><strong>quam</strong></span> <span class='ocrx_word' id='word_1_18' title='bbox 1141 568 1263 616; x_wconf 87' lang='lat' dir='ltr'><strong>ante</strong></span> <span class='ocrx_word' id='word_1_19' title='bbox 1301 574 1366 615; x_wconf 85' lang='lat' dir='ltr'><strong>ex</strong></span> <span class='ocrx_word' id='word_1_20' title='bbox 1403 556 1619 627; x_wconf 85' lang='lat' dir='ltr'><strong>Joseph.</strong></span> <span class='ocrx_word' id='word_1_21' title='bbox 1652 555 1858 624; x_wconf 85' lang='lat' dir='ltr'><strong>Quippe</strong></span> <span class='ocrx_word' id='word_1_22' title='bbox 1888 567 1950 608; x_wconf 89' lang='lat' dir='ltr'><strong>ea</strong></span> 
     </span>
    </p>
   </div>
   <div class='ocr_carea' id='block_1_5' title="bbox 380 646 1947 724">
    <p class='ocr_par' dir='ltr' id='par_1_5' title="bbox 380 646 1947 724">
     <span class='ocr_line' id='line_1_5' title="bbox 380 646 1947 724; baseline -0.01 -11"><span class='ocrx_word' id='word_1_23' title='bbox 380 657 670 721; x_wconf 85' lang='lat' dir='ltr'><strong>calamitas,</strong></span> <span class='ocrx_word' id='word_1_24' title='bbox 695 669 812 724; x_wconf 72' lang='lat' dir='ltr'><strong>qua:</strong></span> <span class='ocrx_word' id='word_1_25' title='bbox 838 652 1115 707; x_wconf 89' lang='lat' dir='ltr'><strong>meliorum</strong></span> <span class='ocrx_word' id='word_1_26' title='bbox 1154 665 1248 721; x_wconf 89' lang='lat' dir='ltr'><strong>spe</strong></span> <span class='ocrx_word' id='word_1_27' title='bbox 1280 658 1333 704; x_wconf 92' lang='lat' dir='ltr'><strong>et</strong></span> <span class='ocrx_word' id='word_1_28' title='bbox 1368 646 1760 717; x_wconf 78' lang='lat' dir='ltr'><strong>exspectatione</strong></span> <span class='ocrx_word' id='word_1_29' title='bbox 1784 652 1947 708; x_wconf 89' lang='lat' dir='ltr'><strong>caret,</strong></span> 
     </span>
    </p>
   </div>
   <div class='ocr_carea' id='block_1_6' title="bbox 382 734 1956 803">
    <p class='ocr_par' dir='ltr' id='par_1_6' title="bbox 382 734 1956 803">
     <span class='ocr_line' id='line_1_6' title="bbox 382 734 1956 803; baseline -0.01 -1"><span class='ocrx_word' id='word_1_30' title='bbox 382 747 480 802; x_wconf 86' lang='lat' dir='ltr'><strong>etsi</strong></span> <span class='ocrx_word' id='word_1_31' title='bbox 519 742 915 799; x_wconf 86' lang='lat' dir='ltr'><strong>vehementiore</strong></span> <span class='ocrx_word' id='word_1_32' title='bbox 942 741 1124 796; x_wconf 89' lang='lat' dir='ltr'><strong>dolore</strong></span> <span class='ocrx_word' id='word_1_33' title='bbox 1153 755 1249 794; x_wconf 92' lang='lat' dir='ltr'><strong>nos</strong></span> <span class='ocrx_word' id='word_1_34' title='bbox 1278 738 1496 803; x_wconf 83' lang='lat' dir='ltr'><strong>cruciat,</strong></span> <span class='ocrx_word' id='word_1_35' title='bbox 1528 736 1617 791; x_wconf 91' lang='lat' dir='ltr'><strong>ille</strong></span> <span class='ocrx_word' id='word_1_36' title='bbox 1644 744 1819 789; x_wconf 90' lang='lat' dir='ltr'><strong>tamen</strong></span> <span class='ocrx_word' id='word_1_37' title='bbox 1842 734 1956 803; x_wconf 89' lang='lat' dir='ltr'><strong>ipse</strong></span> 
     </span>
    </p>
   </div>
   <div class='ocr_carea' id='block_1_7' title="bbox 382 827 1956 903">
    <p class='ocr_par' dir='ltr' id='par_1_7' title="bbox 382 827 1956 903">
     <span class='ocr_line' id='line_1_7' title="bbox 382 827 1956 903; baseline -0.009 -10"><span class='ocrx_word' id='word_1_38' title='bbox 382 840 534 893; x_wconf 89' lang='lat' dir='ltr'><strong>dolor</strong></span> <span class='ocrx_word' id='word_1_39' title='bbox 557 838 660 892; x_wconf 92' lang='lat' dir='ltr'><strong>cito</strong></span> <span class='ocrx_word' id='word_1_40' title='bbox 686 836 901 903; x_wconf 85' lang='lat' dir='ltr'><strong>lenitur,</strong></span> <span class='ocrx_word' id='word_1_41' title='bbox 928 834 1051 889; x_wconf 91' lang='lat' dir='ltr'><strong>dum</strong></span> <span class='ocrx_word' id='word_1_42' title='bbox 1081 836 1257 887; x_wconf 89' lang='lat' dir='ltr'><strong>animo</strong></span> <span class='ocrx_word' id='word_1_43' title='bbox 1282 830 1580 901; x_wconf 83' lang='lat' dir='ltr'><strong>desperatio</strong></span> <span class='ocrx_word' id='word_1_44' title='bbox 1607 828 1764 897; x_wconf 87' lang='lat' dir='ltr'><strong>hujus</strong></span> <span class='ocrx_word' id='word_1_45' title='bbox 1788 827 1956 881; x_wconf 83' lang='lat' dir='ltr'><strong>corri-</strong></span> 
     </span>
    </p>
   </div>
   <div class='ocr_carea' id='block_1_8' title="bbox 382 918 1954 1000">
    <p class='ocr_par' dir='ltr' id='par_1_8' title="bbox 382 918 1954 1000">
     <span class='ocr_line' id='line_1_8' title="bbox 382 918 1954 1000; baseline -0.01 -16"><span class='ocrx_word' id='word_1_46' title='bbox 382 927 566 1000; x_wconf 65' lang='lat' dir='ltr'><strong>gendae</strong></span> <span class='ocrx_word' id='word_1_47' title='bbox 607 927 859 998; x_wconf 76' lang='lat' dir='ltr'><strong>ingeritur</strong></span> <span class='ocrx_word' id='word_1_48' title='bbox 891 942 904 976; x_wconf 88' lang='lat'><strong>:</strong></span> <span class='ocrx_word' id='word_1_49' title='bbox 932 940 1050 993; x_wconf 71' lang='lat' dir='ltr'><strong>qua:</strong></span> <span class='ocrx_word' id='word_1_50' title='bbox 1100 938 1228 977; x_wconf 90' lang='lat' dir='ltr'><strong>vero</strong></span> <span class='ocrx_word' id='word_1_51' title='bbox 1271 936 1522 991; x_wconf 89' lang='lat' dir='ltr'><strong>suspensa</strong></span> <span class='ocrx_word' id='word_1_52' title='bbox 1563 929 1679 986; x_wconf 91' lang='lat' dir='ltr'><strong>est,</strong></span> <span class='ocrx_word' id='word_1_53' title='bbox 1719 918 1954 972; x_wconf 91' lang='lat' dir='ltr'><strong>animum</strong></span> 
     </span>
    </p>
   </div>
   <div class='ocr_carea' id='block_1_9' title="bbox 384 1006 1957 1088">
    <p class='ocr_par' dir='ltr' id='par_1_9' title="bbox 384 1006 1957 1088">
     <span class='ocr_line' id='line_1_9' title="bbox 384 1006 1957 1088; baseline -0.01 -14"><span class='ocrx_word' id='word_1_54' title='bbox 384 1018 718 1088; x_wconf 86' lang='lat' dir='ltr'><strong>requiescere</strong></span> <span class='ocrx_word' id='word_1_55' title='bbox 742 1031 846 1070; x_wconf 92' lang='lat' dir='ltr'><strong>non</strong></span> <span class='ocrx_word' id='word_1_56' title='bbox 871 1015 1033 1081; x_wconf 91' lang='lat' dir='ltr'><strong>sinit,</strong></span> <span class='ocrx_word' id='word_1_57' title='bbox 1066 1013 1357 1067; x_wconf 91' lang='lat' dir='ltr'><strong>futurorum</strong></span> <span class='ocrx_word' id='word_1_58' title='bbox 1386 1010 1755 1065; x_wconf 90' lang='lat' dir='ltr'><strong>incertitudine</strong></span> <span class='ocrx_word' id='word_1_59' title='bbox 1775 1006 1957 1061; x_wconf 80' lang='lat' dir='ltr'><strong>anxie-</strong></span> 
     </span>
    </p>
   </div>
   <div class='ocr_carea' id='block_1_10' title="bbox 386 1098 1956 1178">
    <p class='ocr_par' dir='ltr' id='par_1_10' title="bbox 386 1098 1956 1178">
     <span class='ocr_line' id='line_1_10' title="bbox 386 1098 1956 1178; baseline -0.009 -15"><span class='ocrx_word' id='word_1_60' title='bbox 386 1118 545 1163; x_wconf 86' lang='lat' dir='ltr'><strong>tatem</strong></span> <span class='ocrx_word' id='word_1_61' title='bbox 582 1108 775 1178; x_wconf 87' lang='lat' dir='ltr'><strong>jugiter</strong></span> <span class='ocrx_word' id='word_1_62' title='bbox 816 1105 970 1161; x_wconf 90' lang='lat' dir='ltr'><strong>nobis</strong></span> <span class='ocrx_word' id='word_1_63' title='bbox 1012 1118 1208 1174; x_wconf 85' lang='lat' dir='ltr'><strong>augens</strong></span> <span class='ocrx_word' id='word_1_64' title='bbox 1254 1112 1308 1157; x_wconf 89' lang='lat' dir='ltr'><strong>et</strong></span> <span class='ocrx_word' id='word_1_65' title='bbox 1359 1115 1617 1156; x_wconf 89' lang='lat' dir='ltr'><strong>renovans</strong></span> <span class='ocrx_word' id='word_1_66' title='bbox 1650 1116 1663 1153; x_wconf 86' lang='lat'><strong>:</strong></span> <span class='ocrx_word' id='word_1_67' title='bbox 1692 1098 1847 1168; x_wconf 89' lang='lat' dir='ltr'><strong>idque</strong></span> <span class='ocrx_word' id='word_1_68' title='bbox 1890 1111 1956 1150; x_wconf 87' lang='lat' dir='ltr'><strong>ex</strong></span> 
     </span>
    </p>
   </div>
   <div class='ocr_carea' id='block_1_11' title="bbox 385 1188 1954 1261">
    <p class='ocr_par' dir='ltr' id='par_1_11' title="bbox 385 1188 1954 1261">
     <span class='ocr_line' id='line_1_11' title="bbox 385 1188 1954 1261; baseline -0.01 -6"><span class='ocrx_word' id='word_1_69' title='bbox 385 1200 539 1255; x_wconf 88' lang='lat' dir='ltr'><strong>beato</strong></span> <span class='ocrx_word' id='word_1_70' title='bbox 575 1198 735 1253; x_wconf 87' lang='lat' dir='ltr'><strong>David</strong></span> <span class='ocrx_word' id='word_1_71' title='bbox 763 1196 914 1252; x_wconf 81' lang='lat' dir='ltr'><strong>facile</strong></span> <span class='ocrx_word' id='word_1_72' title='bbox 936 1193 1353 1249; x_wconf 84' lang='lat' dir='ltr'><strong>animadvertere</strong></span> <span class='ocrx_word' id='word_1_73' title='bbox 1384 1204 1682 1261; x_wconf 89' lang='lat' dir='ltr'><strong>possumus,</strong></span> <span class='ocrx_word' id='word_1_74' title='bbox 1717 1188 1803 1258; x_wconf 91' lang='lat' dir='ltr'><strong>qui</strong></span> <span class='ocrx_word' id='word_1_75' title='bbox 1833 1202 1954 1241; x_wconf 91' lang='lat' dir='ltr'><strong>cum</strong></span> 
     </span>
    </p>
   </div>
   <div class='ocr_carea' id='block_1_12' title="bbox 385 1283 1950 1358">
    <p class='ocr_par' dir='ltr' id='par_1_12' title="bbox 385 1283 1950 1358">
     <span class='ocr_line' id='line_1_12' title="bbox 385 1283 1950 1358; baseline -0.009 -13"><span class='ocrx_word' id='word_1_76' title='bbox 385 1290 559 1345; x_wconf 86' lang='lat' dir='ltr'><strong>adhuc</strong></span> <span class='ocrx_word' id='word_1_77' title='bbox 597 1290 805 1345; x_wconf 90' lang='lat' dir='ltr'><strong>vivente</strong></span> <span class='ocrx_word' id='word_1_78' title='bbox 843 1288 1113 1358; x_wconf 83' lang='lat' dir='ltr'><strong>plangeret</strong></span> <span class='ocrx_word' id='word_1_79' title='bbox 1156 1284 1282 1344; x_wconf 84' lang='lat' dir='ltr'><strong>lilio,</strong></span> <span class='ocrx_word' id='word_1_80' title='bbox 1310 1298 1375 1337; x_wconf 91' lang='lat' dir='ltr'><strong>eo</strong></span> <span class='ocrx_word' id='word_1_81' title='bbox 1422 1283 1536 1350; x_wconf 92' lang='lat' dir='ltr'><strong>ipso</strong></span> <span class='ocrx_word' id='word_1_82' title='bbox 1578 1290 1787 1334; x_wconf 91' lang='lat' dir='ltr'><strong>mortuo</strong></span> <span class='ocrx_word' id='word_1_83' title='bbox 1824 1292 1882 1331; x_wconf 92' lang='lat' dir='ltr'><strong>se</strong></span> <span class='ocrx_word' id='word_1_84' title='bbox 1920 1294 1950 1331; x_wconf 89' lang='lat' dir='ltr'><strong>a</strong></span> 
     </span>
    </p>
   </div>
   <div class='ocr_carea' id='block_1_13' title="bbox 387 1374 1955 1449">
    <p class='ocr_par' dir='ltr' id='par_1_13' title="bbox 387 1374 1955 1449">
     <span class='ocr_line' id='line_1_13' title="bbox 387 1374 1955 1449; baseline -0.01 -13"><span class='ocrx_word' id='word_1_85' title='bbox 387 1382 511 1437; x_wconf 91' lang='lat' dir='ltr'><strong>ﬂetu</strong></span> <span class='ocrx_word' id='word_1_86' title='bbox 552 1381 811 1437; x_wconf 87' lang='lat' dir='ltr'><strong>continuit</strong></span> <span class='ocrx_word' id='word_1_87' title='bbox 851 1399 864 1433; x_wconf 91' lang='lat'><strong>:</strong></span> <span class='ocrx_word' id='word_1_88' title='bbox 906 1377 1047 1449; x_wconf 91' lang='lat' dir='ltr'><strong>quod</strong></span> <span class='ocrx_word' id='word_1_89' title='bbox 1089 1392 1209 1431; x_wconf 92' lang='lat' dir='ltr'><strong>cum</strong></span> <span class='ocrx_word' id='word_1_90' title='bbox 1256 1375 1393 1429; x_wconf 87' lang='lat' dir='ltr'><strong>servi</strong></span> <span class='ocrx_word' id='word_1_91' title='bbox 1438 1374 1579 1428; x_wconf 89' lang='lat' dir='ltr'><strong>illius</strong></span> <span class='ocrx_word' id='word_1_92' title='bbox 1619 1374 1955 1435; x_wconf 84' lang='lat' dir='ltr'><strong>mirarentur,</strong></span> 
     </span>
    </p>
   </div>
   <div class='ocr_carea' id='block_1_14' title="bbox 388 1463 1957 1542">
    <p class='ocr_par' dir='ltr' id='par_1_14' title="bbox 388 1463 1957 1542">
     <span class='ocr_line' id='line_1_14' title="bbox 388 1463 1957 1542; baseline -0.009 -14"><span class='ocrx_word' id='word_1_93' title='bbox 388 1488 705 1542; x_wconf 87' lang='lat' dir='ltr'><strong>causamque</strong></span> <span class='ocrx_word' id='word_1_94' title='bbox 730 1472 1076 1542; x_wconf 90' lang='lat' dir='ltr'><strong>requirerent,</strong></span> <span class='ocrx_word' id='word_1_95' title='bbox 1109 1468 1245 1523; x_wconf 87' lang='lat' dir='ltr'><strong>hanc</strong></span> <span class='ocrx_word' id='word_1_96' title='bbox 1277 1467 1443 1536; x_wconf 90' lang='lat' dir='ltr'><strong>ipsam</strong></span> <span class='ocrx_word' id='word_1_97' title='bbox 1472 1466 1728 1520; x_wconf 79' lang='lat' dir='ltr'><strong>rationein</strong></span> <span class='ocrx_word' id='word_1_98' title='bbox 1757 1463 1957 1532; x_wconf 83' lang='lat' dir='ltr'><strong>allega-</strong></span> 
     </span>
    </p>
   </div>
   <div class='ocr_carea' id='block_1_15' title="bbox 390 1555 1962 1633">
    <p class='ocr_par' dir='ltr' id='par_1_15' title="bbox 390 1555 1962 1633">
     <span class='ocr_line' id='line_1_15' title="bbox 390 1555 1962 1633; baseline -0.005 -18"><span class='ocrx_word' id='word_1_99' title='bbox 390 1564 483 1628; x_wconf 93' lang='lat' dir='ltr'><strong>vit,</strong></span> <span class='ocrx_word' id='word_1_100' title='bbox 507 1578 662 1633; x_wconf 90' lang='lat' dir='ltr'><strong>quam</strong></span> <span class='ocrx_word' id='word_1_101' title='bbox 691 1578 790 1633; x_wconf 96' lang='lat' dir='ltr'><strong>ego</strong></span> <span class='ocrx_word' id='word_1_102' title='bbox 816 1561 992 1616; x_wconf 90' lang='lat' dir='ltr'><strong>modo.</strong></span> <span class='ocrx_word' id='word_1_103' title='bbox 1022 1561 1207 1615; x_wconf 83' lang='lat' dir='ltr'><strong>Merito</strong></span> <span class='ocrx_word' id='word_1_104' title='bbox 1233 1560 1390 1629; x_wconf 83' lang='lat' dir='ltr'><strong>igitur</strong></span> <span class='ocrx_word' id='word_1_105' title='bbox 1409 1557 1573 1613; x_wconf 86' lang='lat' dir='ltr'><strong>Jaeoh</strong></span> <span class='ocrx_word' id='word_1_106' title='bbox 1590 1555 1672 1609; x_wconf 93' lang='lat' dir='ltr'><strong>his</strong></span> <span class='ocrx_word' id='word_1_107' title='bbox 1695 1555 1962 1609; x_wconf 83' lang='lat' dir='ltr'><strong>metuebat</strong></span> 
     </span>
    </p>
   </div>
   <div class='ocr_carea' id='block_1_16' title="bbox 390 1643 1960 1723">
    <p class='ocr_par' dir='ltr' id='par_1_16' title="bbox 390 1643 1960 1723">
     <span class='ocr_line' id='line_1_16' title="bbox 390 1643 1960 1723; baseline -0.006 -17"><span class='ocrx_word' id='word_1_108' title='bbox 390 1653 554 1723; x_wconf 87' lang='lat' dir='ltr'><strong>magis</strong></span> <span class='ocrx_word' id='word_1_109' title='bbox 582 1662 737 1722; x_wconf 89' lang='lat' dir='ltr'><strong>atque</strong></span> <span class='ocrx_word' id='word_1_110' title='bbox 760 1651 1032 1706; x_wconf 91' lang='lat' dir='ltr'><strong>tremebat.</strong></span> <span class='ocrx_word' id='word_1_111' title='bbox 1065 1648 1170 1704; x_wconf 87' lang='lat' dir='ltr'><strong>Sed</strong></span> <span class='ocrx_word' id='word_1_112' title='bbox 1205 1656 1449 1718; x_wconf 88' lang='lat' dir='ltr'><strong>aspectus</strong></span> <span class='ocrx_word' id='word_1_113' title='bbox 1483 1646 1569 1701; x_wconf 91' lang='lat' dir='ltr'><strong>ille</strong></span> <span class='ocrx_word' id='word_1_114' title='bbox 1595 1643 1960 1700; x_wconf 81' lang='lat' dir='ltr'><strong>desiderabilis</strong></span> 
     </span>
    </p>
   </div>
   <div class='ocr_carea' id='block_1_17' title="bbox 390 1734 1957 1812">
    <p class='ocr_par' dir='ltr' id='par_1_17' title="bbox 390 1734 1957 1812">
     <span class='ocr_line' id='line_1_17' title="bbox 390 1734 1957 1812; baseline -0.006 -16"><span class='ocrx_word' id='word_1_115' title='bbox 390 1759 450 1796; x_wconf 91' lang='lat' dir='ltr'><strong>ac</strong></span> <span class='ocrx_word' id='word_1_116' title='bbox 470 1743 661 1812; x_wconf 85' lang='lat' dir='ltr'><strong>Joseph</strong></span> <span class='ocrx_word' id='word_1_117' title='bbox 681 1743 839 1797; x_wconf 80' lang='lat' dir='ltr'><strong>facies</strong></span> <span class='ocrx_word' id='word_1_118' title='bbox 854 1742 1175 1809; x_wconf 89' lang='lat' dir='ltr'><strong>voluptatem</strong></span> <span class='ocrx_word' id='word_1_119' title='bbox 1202 1740 1274 1793; x_wconf 92' lang='lat' dir='ltr'><strong>illi</strong></span> <span class='ocrx_word' id='word_1_120' title='bbox 1300 1748 1353 1794; x_wconf 93' lang='lat' dir='ltr'><strong>et</strong></span> <span class='ocrx_word' id='word_1_121' title='bbox 1377 1739 1604 1809; x_wconf 89' lang='lat' dir='ltr'><strong>quietem</strong></span> <span class='ocrx_word' id='word_1_122' title='bbox 1625 1734 1957 1806; x_wconf 90' lang='lat' dir='ltr'><strong>postmodum</strong></span> 
     </span>
    </p>
   </div>
   <div class='ocr_carea' id='block_1_18' title="bbox 393 1827 1961 1902">
    <p class='ocr_par' dir='ltr' id='par_1_18' title="bbox 393 1827 1961 1902">
     <span class='ocr_line' id='line_1_18' title="bbox 393 1827 1961 1902; baseline -0.004 -16"><span class='ocrx_word' id='word_1_123' title='bbox 393 1833 631 1902; x_wconf 64' lang='lat' dir='ltr'><strong>praebuit.</strong></span> <span class='ocrx_word' id='word_1_124' title='bbox 683 1834 749 1888; x_wconf 88' lang='lat' dir='ltr'><strong>Et</strong></span> <span class='ocrx_word' id='word_1_125' title='bbox 789 1833 913 1901; x_wconf 89' lang='lat' dir='ltr'><strong>quid</strong></span> <span class='ocrx_word' id='word_1_126' title='bbox 964 1832 1085 1888; x_wconf 87' lang='lat' dir='ltr'><strong>inde</strong></span> <span class='ocrx_word' id='word_1_127' title='bbox 1128 1831 1409 1900; x_wconf 83' lang='lat' dir='ltr'><strong>voluptatis</strong></span> <span class='ocrx_word' id='word_1_128' title='bbox 1450 1838 1807 1899; x_wconf 90' lang='lat' dir='ltr'><strong>consequutus</strong></span> <span class='ocrx_word' id='word_1_129' title='bbox 1847 1827 1961 1881; x_wconf 86' lang='lat' dir='ltr'><strong>est?</strong></span> 
     </span>
    </p>
   </div>
   <div class='ocr_carea' id='block_1_19' title="bbox 390 1920 1962 1991">
    <p class='ocr_par' dir='ltr' id='par_1_19' title="bbox 390 1920 1962 1991">
     <span class='ocr_line' id='line_1_19' title="bbox 390 1920 1962 1991; baseline -0.004 -14"><span class='ocrx_word' id='word_1_130' title='bbox 390 1924 535 1977; x_wconf 91' lang='lat' dir='ltr'><strong>Sicut</strong></span> <span class='ocrx_word' id='word_1_131' title='bbox 558 1924 697 1978; x_wconf 91' lang='lat' dir='ltr'><strong>enim</strong></span> <span class='ocrx_word' id='word_1_132' title='bbox 721 1922 1184 1978; x_wconf 89' lang='lat' dir='ltr'><strong>vehementissimo</strong></span> <span class='ocrx_word' id='word_1_133' title='bbox 1206 1921 1311 1991; x_wconf 93' lang='lat' dir='ltr'><strong>igni</strong></span> <span class='ocrx_word' id='word_1_134' title='bbox 1332 1920 1515 1975; x_wconf 90' lang='lat' dir='ltr'><strong>adusta</strong></span> <span class='ocrx_word' id='word_1_135' title='bbox 1541 1920 1772 1975; x_wconf 89' lang='lat' dir='ltr'><strong>membra</strong></span> <span class='ocrx_word' id='word_1_136' title='bbox 1794 1933 1962 1988; x_wconf 89' lang='lat' dir='ltr'><strong>quan-</strong></span> 
     </span>
    </p>
   </div>
   <div class='ocr_carea' id='block_1_20' title="bbox 392 2009 1961 2084">
    <p class='ocr_par' dir='ltr' id='par_1_20' title="bbox 392 2009 1961 2084">
     <span class='ocr_line' id='line_1_20' title="bbox 392 2009 1961 2084; baseline -0.003 -15"><span class='ocrx_word' id='word_1_137' title='bbox 392 2014 627 2069; x_wconf 86' lang='lat' dir='ltr'><strong>tumlibet</strong></span> <span class='ocrx_word' id='word_1_138' title='bbox 669 2014 785 2084; x_wconf 90' lang='lat' dir='ltr'><strong>quis</strong></span> <span class='ocrx_word' id='word_1_139' title='bbox 819 2013 1131 2084; x_wconf 84' lang='lat' dir='ltr'><strong>refrigerare</strong></span> <span class='ocrx_word' id='word_1_140' title='bbox 1159 2013 1432 2077; x_wconf 91' lang='lat' dir='ltr'><strong>moliatur,</strong></span> <span class='ocrx_word' id='word_1_141' title='bbox 1459 2011 1589 2065; x_wconf 88' lang='lat' dir='ltr'><strong>nihil</strong></span> <span class='ocrx_word' id='word_1_142' title='bbox 1616 2010 1822 2080; x_wconf 85' lang='lat' dir='ltr'><strong>proficit</strong></span> <span class='ocrx_word' id='word_1_143' title='bbox 1851 2028 1863 2060; x_wconf 92' lang='lat'><strong>:</strong></span> <span class='ocrx_word' id='word_1_144' title='bbox 1889 2009 1961 2064; x_wconf 84' lang='lat' dir='ltr'><strong>ita</strong></span> 
     </span>
    </p>
   </div>
   <div class='ocr_carea' id='block_1_21' title="bbox 391 2099 1962 2172">
    <p class='ocr_par' dir='ltr' id='par_1_21' title="bbox 391 2099 1962 2172">
     <span class='ocr_line' id='line_1_21' title="bbox 391 2099 1962 2172; baseline -0.002 -16"><span class='ocrx_word' id='word_1_145' title='bbox 391 2112 445 2156; x_wconf 90' lang='lat' dir='ltr'><strong>et</strong></span> <span class='ocrx_word' id='word_1_146' title='bbox 473 2104 612 2158; x_wconf 91' lang='lat' dir='ltr'><strong>illius</strong></span> <span class='ocrx_word' id='word_1_147' title='bbox 643 2114 889 2158; x_wconf 64' lang='lat' dir='ltr'><strong>maestum</strong></span> <span class='ocrx_word' id='word_1_148' title='bbox 926 2102 1159 2157; x_wconf 88' lang='lat' dir='ltr'><strong>animum</strong></span> <span class='ocrx_word' id='word_1_149' title='bbox 1201 2101 1453 2172; x_wconf 91' lang='lat' dir='ltr'><strong>nimiique</strong></span> <span class='ocrx_word' id='word_1_150' title='bbox 1491 2100 1690 2155; x_wconf 90' lang='lat' dir='ltr'><strong>doloris</strong></span> <span class='ocrx_word' id='word_1_151' title='bbox 1735 2099 1962 2153; x_wconf 90' lang='lat' dir='ltr'><strong>ﬂammis</strong></span> 
     </span>
    </p>
   </div>
   <div class='ocr_carea' id='block_1_22' title="bbox 392 2190 1959 2262">
    <p class='ocr_par' dir='ltr' id='par_1_22' title="bbox 392 2190 1959 2262">
     <span class='ocr_line' id='line_1_22' title="bbox 392 2190 1959 2262; baseline -0.002 -17"><span class='ocrx_word' id='word_1_152' title='bbox 392 2194 632 2246; x_wconf 87' lang='lat' dir='ltr'><strong>adustum</strong></span> <span class='ocrx_word' id='word_1_153' title='bbox 664 2192 791 2249; x_wconf 89' lang='lat' dir='ltr'><strong>nihil</strong></span> <span class='ocrx_word' id='word_1_154' title='bbox 819 2202 931 2247; x_wconf 88' lang='lat' dir='ltr'><strong>erat</strong></span> <span class='ocrx_word' id='word_1_155' title='bbox 952 2192 1089 2262; x_wconf 91' lang='lat' dir='ltr'><strong>quod</strong></span> <span class='ocrx_word' id='word_1_156' title='bbox 1113 2206 1352 2247; x_wconf 87' lang='lat' dir='ltr'><strong>recreare</strong></span> <span class='ocrx_word' id='word_1_157' title='bbox 1372 2200 1565 2261; x_wconf 89' lang='lat' dir='ltr'><strong>posset,</strong></span> <span class='ocrx_word' id='word_1_158' title='bbox 1586 2190 1816 2244; x_wconf 78' lang='lat' dir='ltr'><strong>maxime</strong></span> <span class='ocrx_word' id='word_1_159' title='bbox 1841 2204 1959 2243; x_wconf 74' lang='lat' dir='ltr'><strong>(tum</strong></span> 
     </span>
    </p>
   </div>
   <div class='ocr_carea' id='block_1_23' title="bbox 391 2279 1958 2351">
    <p class='ocr_par' dir='ltr' id='par_1_23' title="bbox 391 2279 1958 2351">
     <span class='ocr_line' id='line_1_23' title="bbox 391 2279 1958 2351; baseline -0.002 -15"><span class='ocrx_word' id='word_1_160' title='bbox 391 2298 452 2336; x_wconf 89' lang='lat' dir='ltr'><strong>ea</strong></span> <span class='ocrx_word' id='word_1_161' title='bbox 481 2290 633 2337; x_wconf 70' lang='lat' dir='ltr'><strong>relate</strong></span> <span class='ocrx_word' id='word_1_162' title='bbox 657 2283 832 2337; x_wconf 90' lang='lat' dir='ltr'><strong>nullus</strong></span> <span class='ocrx_word' id='word_1_163' title='bbox 859 2282 967 2337; x_wconf 89' lang='lat' dir='ltr'><strong>fere</strong></span> <span class='ocrx_word' id='word_1_164' title='bbox 991 2283 1059 2335; x_wconf 91' lang='lat' dir='ltr'><strong>sit</strong></span> <span class='ocrx_word' id='word_1_165' title='bbox 1087 2281 1370 2351; x_wconf 86' lang='lat' dir='ltr'><strong>voluptatis</strong></span> <span class='ocrx_word' id='word_1_166' title='bbox 1398 2296 1582 2335; x_wconf 91' lang='lat' dir='ltr'><strong>sensus</strong></span> <span class='ocrx_word' id='word_1_167' title='bbox 1615 2298 1627 2333; x_wconf 91' lang='lat'><strong>:</strong></span> <span class='ocrx_word' id='word_1_168' title='bbox 1658 2279 1797 2349; x_wconf 91' lang='lat' dir='ltr'><strong>quod</strong></span> <span class='ocrx_word' id='word_1_169' title='bbox 1824 2280 1958 2334; x_wconf 87' lang='lat' dir='ltr'><strong>Ber-</strong></span> 
     </span>
    </p>
   </div>
   <div class='ocr_carea' id='block_1_24' title="bbox 391 2370 1962 2435">
    <p class='ocr_par' dir='ltr' id='par_1_24' title="bbox 391 2370 1962 2435">
     <span class='ocr_line' id='line_1_24' title="bbox 391 2370 1962 2435; baseline -0.001 -9"><span class='ocrx_word' id='word_1_170' title='bbox 391 2373 508 2426; x_wconf 83' lang='lat' dir='ltr'><strong>zelli</strong></span> <span class='ocrx_word' id='word_1_171' title='bbox 533 2386 789 2427; x_wconf 84' lang='lat' dir='ltr'><strong>excusans</strong></span> <span class='ocrx_word' id='word_1_172' title='bbox 810 2372 1020 2427; x_wconf 84' lang='lat' dir='ltr'><strong>dicebat</strong></span> <span class='ocrx_word' id='word_1_173' title='bbox 1058 2372 1124 2426; x_wconf 82' lang='lat' dir='ltr'><strong>ad</strong></span> <span class='ocrx_word' id='word_1_174' title='bbox 1168 2372 1327 2427; x_wconf 85' lang='lat' dir='ltr'><strong>David</strong></span> <span class='ocrx_word' id='word_1_175' title='bbox 1358 2388 1371 2424; x_wconf 88' lang='lat'><strong>:</strong></span> <span class='ocrx_word' id='word_1_176' title='bbox 1406 2370 1541 2435; x_wconf 83' lang='lat' dir='ltr'><strong>Quot</strong></span> <span class='ocrx_word' id='word_1_177' title='bbox 1578 2371 1683 2424; x_wconf 89' lang='lat' dir='ltr'><strong>dies</strong></span> <span class='ocrx_word' id='word_1_178' title='bbox 1717 2386 1962 2426; x_wconf 84' lang='lat' dir='ltr'><strong>annorum</strong></span> 
     </span>
    </p>
   </div>
   <div class='ocr_carea' id='block_1_25' title="bbox 392 2461 1962 2532">
    <p class='ocr_par' dir='ltr' id='par_1_25' title="bbox 392 2461 1962 2532">
     <span class='ocr_line' id='line_1_25' title="bbox 392 2461 1962 2532; baseline 0 -17"><span class='ocrx_word' id='word_1_179' title='bbox 392 2464 503 2515; x_wconf 79' lang='lat' dir='ltr'><strong>uiue</strong></span> <span class='ocrx_word' id='word_1_180' title='bbox 540 2478 661 2516; x_wconf 67' lang='lat' dir='ltr'><strong>metu</strong></span> <span class='ocrx_word' id='word_1_181' title='bbox 702 2463 807 2516; x_wconf 84' lang='lat' dir='ltr'><strong>illic</strong></span> <span class='ocrx_word' id='word_1_182' title='bbox 852 2473 998 2516; x_wconf 77' lang='lat' dir='ltr'><strong>erunt</strong></span> <span class='ocrx_word' id='word_1_183' title='bbox 1037 2462 1180 2528; x_wconf 82' lang='lat' dir='ltr'><strong>mihi,</strong></span> <span class='ocrx_word' id='word_1_184' title='bbox 1209 2472 1264 2516; x_wconf 82' lang='lat' dir='ltr'><strong>ut</strong></span> <span class='ocrx_word' id='word_1_185' title='bbox 1300 2461 1567 2515; x_wconf 87' lang='lat' dir='ltr'><strong>ascendam</strong></span> <span class='ocrx_word' id='word_1_186' title='bbox 1607 2478 1721 2515; x_wconf 88' lang='lat' dir='ltr'><strong>cum</strong></span> <span class='ocrx_word' id='word_1_187' title='bbox 1758 2478 1873 2532; x_wconf 89' lang='lat' dir='ltr'><strong>rege</strong></span> <span class='ocrx_word' id='word_1_188' title='bbox 1908 2462 1962 2515; x_wconf 86' lang='lat' dir='ltr'><strong>in</strong></span> 
     </span>
    </p>
   </div>
   <div class='ocr_carea' id='block_1_26' title="bbox 388 2553 1962 2625">
    <p class='ocr_par' dir='ltr' id='par_1_26' title="bbox 388 2553 1962 2625">
     <span class='ocr_line' id='line_1_26' title="bbox 388 2553 1962 2625; baseline 0.001 -18"><span class='ocrx_word' id='word_1_189' title='bbox 388 2553 708 2608; x_wconf 80' lang='lat' dir='ltr'><strong>Jerusalem?</strong></span> <span class='ocrx_word' id='word_1_190' title='bbox 746 2553 911 2608; x_wconf 86' lang='lat' dir='ltr'><strong>Filius</strong></span> <span class='ocrx_word' id='word_1_191' title='bbox 940 2554 1189 2625; x_wconf 86' lang='lat' dir='ltr'><strong>octoginta</strong></span> <span class='ocrx_word' id='word_1_192' title='bbox 1216 2571 1460 2608; x_wconf 86' lang='lat' dir='ltr'><strong>annorum</strong></span> <span class='ocrx_word' id='word_1_193' title='bbox 1479 2571 1590 2608; x_wconf 89' lang='lat' dir='ltr'><strong>sum</strong></span> <span class='ocrx_word' id='word_1_194' title='bbox 1618 2554 1803 2621; x_wconf 89' lang='lat' dir='ltr'><strong>hodie;</strong></span> <span class='ocrx_word' id='word_1_195' title='bbox 1841 2571 1962 2609; x_wconf 86' lang='lat' dir='ltr'><strong>num</strong></span> 
     </span>
    </p>
   </div>
   <div class='ocr_carea' id='block_1_27' title="bbox 389 2646 1961 2716">
    <p class='ocr_par' dir='ltr' id='par_1_27' title="bbox 389 2646 1961 2716">
     <span class='ocr_line' id='line_1_27' title="bbox 389 2646 1961 2716; baseline 0.001 -18"><span class='ocrx_word' id='word_1_196' title='bbox 389 2646 668 2700; x_wconf 86' lang='lat' dir='ltr'><strong>discernam</strong></span> <span class='ocrx_word' id='word_1_197' title='bbox 700 2647 827 2699; x_wconf 85' lang='lat' dir='ltr'><strong>inter</strong></span> <span class='ocrx_word' id='word_1_198' title='bbox 862 2647 1043 2699; x_wconf 86' lang='lat' dir='ltr'><strong>bonum</strong></span> <span class='ocrx_word' id='word_1_199' title='bbox 1081 2655 1128 2698; x_wconf 86' lang='lat' dir='ltr'><strong>et</strong></span> <span class='ocrx_word' id='word_1_200' title='bbox 1169 2646 1297 2699; x_wconf 86' lang='lat' dir='ltr'><strong>inter</strong></span> <span class='ocrx_word' id='word_1_201' title='bbox 1332 2647 1559 2700; x_wconf 86' lang='lat' dir='ltr'><strong>malum?</strong></span> <span class='ocrx_word' id='word_1_202' title='bbox 1600 2662 1720 2699; x_wconf 86' lang='lat' dir='ltr'><strong>num</strong></span> <span class='ocrx_word' id='word_1_203' title='bbox 1744 2647 1961 2716; x_wconf 78' lang='lat' dir='ltr'><strong>gustabit</strong></span> 
     </span>
    </p>
   </div>
   <div class='ocr_carea' id='block_1_28' title="bbox 389 2738 1962 2808">
    <p class='ocr_par' dir='ltr' id='par_1_28' title="bbox 389 2738 1962 2808">
     <span class='ocr_line' id='line_1_28' title="bbox 389 2738 1962 2808; baseline 0.001 -19"><span class='ocrx_word' id='word_1_204' title='bbox 389 2753 556 2790; x_wconf 84' lang='lat' dir='ltr'><strong>seruus</strong></span> <span class='ocrx_word' id='word_1_205' title='bbox 583 2747 697 2791; x_wconf 89' lang='lat' dir='ltr'><strong>tuus</strong></span> <span class='ocrx_word' id='word_1_206' title='bbox 720 2753 1041 2808; x_wconf 65' lang='lat' dir='ltr'><strong>quaecumque</strong></span> <span class='ocrx_word' id='word_1_207' title='bbox 1064 2738 1329 2790; x_wconf 89' lang='lat' dir='ltr'><strong>comederit</strong></span> <span class='ocrx_word' id='word_1_208' title='bbox 1356 2748 1444 2790; x_wconf 88' lang='lat' dir='ltr'><strong>aut</strong></span> <span class='ocrx_word' id='word_1_209' title='bbox 1475 2738 1688 2792; x_wconf 71' lang='lat' dir='ltr'><strong>biberit?</strong></span> <span class='ocrx_word' id='word_1_210' title='bbox 1726 2754 1847 2793; x_wconf 85' lang='lat' dir='ltr'><strong>num</strong></span> <span class='ocrx_word' id='word_1_211' title='bbox 1870 2755 1962 2791; x_wconf 89' lang='lat' dir='ltr'><strong>au-</strong></span> 
     </span>
    </p>
   </div>
   <div class='ocr_carea' id='block_1_29' title="bbox 389 2826 1962 2898">
    <p class='ocr_par' dir='ltr' id='par_1_29' title="bbox 389 2826 1962 2898">
     <span class='ocr_line' id='line_1_29' title="bbox 389 2826 1962 2898; baseline 0.004 -21"><span class='ocrx_word' id='word_1_212' title='bbox 389 2826 525 2878; x_wconf 84' lang='lat' dir='ltr'><strong>diam</strong></span> <span class='ocrx_word' id='word_1_213' title='bbox 544 2828 855 2879; x_wconf 77' lang='lat' dir='ltr'><strong>cantantium</strong></span> <span class='ocrx_word' id='word_1_214' title='bbox 874 2827 1093 2880; x_wconf 84' lang='lat' dir='ltr'><strong>uirorum</strong></span> <span class='ocrx_word' id='word_1_215' title='bbox 1118 2838 1206 2880; x_wconf 87' lang='lat' dir='ltr'><strong>aut</strong></span> <span class='ocrx_word' id='word_1_216' title='bbox 1231 2828 1497 2881; x_wconf 84' lang='lat' dir='ltr'><strong>mulierum</strong></span> <span class='ocrx_word' id='word_1_217' title='bbox 1517 2830 1695 2883; x_wconf 77' lang='lat' dir='ltr'><strong>voces?</strong></span> <span class='ocrx_word' id='word_1_218' title='bbox 1720 2828 1787 2882; x_wconf 86' lang='lat' dir='ltr'><strong>Et</strong></span> <span class='ocrx_word' id='word_1_219' title='bbox 1808 2846 1962 2898; x_wconf 83' lang='lat' dir='ltr'><strong>quare</strong></span> 
     </span>
    </p>
   </div>
   <div class='ocr_carea' id='block_1_30' title="bbox 389 2920 1957 2992">
    <p class='ocr_par' dir='ltr' id='par_1_30' title="bbox 389 2920 1957 2992">
     <span class='ocr_line' id='line_1_30' title="bbox 389 2920 1957 2992; baseline 0.003 -22"><span class='ocrx_word' id='word_1_220' title='bbox 389 2934 557 2971; x_wconf 79' lang='lat' dir='ltr'><strong>servus</strong></span> <span class='ocrx_word' id='word_1_221' title='bbox 582 2926 693 2971; x_wconf 74' lang='lat' dir='ltr'><strong>tuus</strong></span> <span class='ocrx_word' id='word_1_222' title='bbox 720 2920 884 2988; x_wconf 83' lang='lat' dir='ltr'><strong>gravis</strong></span> <span class='ocrx_word' id='word_1_223' title='bbox 909 2920 973 2973; x_wconf 90' lang='lat' dir='ltr'><strong>sit</strong></span> <span class='ocrx_word' id='word_1_224' title='bbox 1002 2920 1203 2973; x_wconf 88' lang='lat' dir='ltr'><strong>domino</strong></span> <span class='ocrx_word' id='word_1_225' title='bbox 1232 2936 1341 2975; x_wconf 86' lang='lat' dir='ltr'><strong>meo</strong></span> <span class='ocrx_word' id='word_1_226' title='bbox 1362 2921 1470 2992; x_wconf 87' lang='lat' dir='ltr'><strong>regi</strong></span> <span class='ocrx_word' id='word_1_227' title='bbox 1495 2921 1569 2986; x_wconf 78' lang='grc'><strong>(2.</strong></span> <span class='ocrx_word' id='word_1_228' title='bbox 1598 2922 1723 2991; x_wconf 80' lang='lat' dir='ltr'><strong>Reg.</strong></span> <span class='ocrx_word' id='word_1_229' title='bbox 1752 2923 1837 2977; x_wconf 88' lang='grc'><strong>19.</strong></span> <span class='ocrx_word' id='word_1_230' title='bbox 1868 2923 1957 2977; x_wconf 68' lang='grc'><strong>54.</strong></span> 
     </span>
    </p>
   </div>
   <div class='ocr_carea' id='block_1_31' title="bbox 389 3009 1956 3081">
    <p class='ocr_par' dir='ltr' id='par_1_31' title="bbox 389 3009 1956 3081">
     <span class='ocr_line' id='line_1_31' title="bbox 389 3009 1956 3081; baseline 0.002 -18"><span class='ocrx_word' id='word_1_231' title='bbox 389 3009 513 3080; x_wconf 80' lang='lat'><strong>35)?</strong></span> <span class='ocrx_word' id='word_1_232' title='bbox 558 3009 751 3065; x_wconf 80' lang='lat' dir='ltr'><strong>Verum</strong></span> <span class='ocrx_word' id='word_1_233' title='bbox 778 3012 900 3081; x_wconf 91' lang='lat' dir='ltr'><strong>quid</strong></span> <span class='ocrx_word' id='word_1_234' title='bbox 927 3011 1028 3066; x_wconf 92' lang='lat' dir='ltr'><strong>hoc</strong></span> <span class='ocrx_word' id='word_1_235' title='bbox 1053 3027 1119 3065; x_wconf 84' lang='lat' dir='ltr'><strong>ex</strong></span> <span class='ocrx_word' id='word_1_236' title='bbox 1147 3012 1263 3065; x_wconf 90' lang='lat' dir='ltr'><strong>aliis</strong></span> <span class='ocrx_word' id='word_1_237' title='bbox 1289 3012 1622 3080; x_wconf 90' lang='lat' dir='ltr'><strong>conjicimus,</strong></span> <span class='ocrx_word' id='word_1_238' title='bbox 1651 3028 1769 3066; x_wconf 93' lang='lat' dir='ltr'><strong>cum</strong></span> <span class='ocrx_word' id='word_1_239' title='bbox 1800 3014 1956 3068; x_wconf 88' lang='lat' dir='ltr'><strong>liceat</strong></span> 
     </span>
    </p>
   </div>
   <div class='ocr_carea' id='block_1_32' title="bbox 388 3102 1957 3176">
    <p class='ocr_par' dir='ltr' id='par_1_32' title="bbox 388 3102 1957 3176">
     <span class='ocr_line' id='line_1_32' title="bbox 388 3102 1957 3176; baseline 0.003 -21"><span class='ocrx_word' id='word_1_240' title='bbox 388 3102 558 3170; x_wconf 89' lang='lat' dir='ltr'><strong>ipsum</strong></span> <span class='ocrx_word' id='word_1_241' title='bbox 593 3102 775 3158; x_wconf 91' lang='lat' dir='ltr'><strong>audire</strong></span> <span class='ocrx_word' id='word_1_242' title='bbox 808 3103 874 3158; x_wconf 90' lang='lat' dir='ltr'><strong>de</strong></span> <span class='ocrx_word' id='word_1_243' title='bbox 898 3118 955 3158; x_wconf 91' lang='lat' dir='ltr'><strong>se</strong></span> <span class='ocrx_word' id='word_1_244' title='bbox 990 3103 1351 3172; x_wconf 76' lang='lat' dir='ltr'><strong>profitentem?</strong></span> <span class='ocrx_word' id='word_1_245' title='bbox 1389 3105 1577 3159; x_wconf 86' lang='lat' dir='ltr'><strong>Postea</strong></span> <span class='ocrx_word' id='word_1_246' title='bbox 1623 3105 1762 3158; x_wconf 91' lang='lat' dir='ltr'><strong>enim</strong></span> <span class='ocrx_word' id='word_1_247' title='bbox 1802 3122 1957 3176; x_wconf 92' lang='lat' dir='ltr'><strong>quam</strong></span> 
     </span>
    </p>
   </div>
   <div class='ocr_carea' id='block_1_33' title="bbox 391 3193 1958 3261">
    <p class='ocr_par' dir='ltr' id='par_1_33' title="bbox 391 3193 1958 3261">
     <span class='ocr_line' id='line_1_33' title="bbox 391 3193 1958 3261; baseline 0.004 -17"><span class='ocrx_word' id='word_1_248' title='bbox 391 3193 553 3247; x_wconf 84' lang='lat' dir='ltr'><strong>tilium</strong></span> <span class='ocrx_word' id='word_1_249' title='bbox 588 3193 808 3261; x_wconf 89' lang='lat' dir='ltr'><strong>viderat,</strong></span> <span class='ocrx_word' id='word_1_250' title='bbox 839 3209 868 3248; x_wconf 94' lang='lat' dir='ltr'><strong>a</strong></span> <span class='ocrx_word' id='word_1_251' title='bbox 900 3194 1173 3249; x_wconf 83' lang='lat' dir='ltr'><strong>Pharaone</strong></span> <span class='ocrx_word' id='word_1_252' title='bbox 1201 3195 1266 3250; x_wconf 92' lang='lat' dir='ltr'><strong>de</strong></span> <span class='ocrx_word' id='word_1_253' title='bbox 1294 3196 1415 3249; x_wconf 67' lang='lat' dir='ltr'><strong>vitae</strong></span> <span class='ocrx_word' id='word_1_254' title='bbox 1449 3210 1559 3249; x_wconf 68' lang='lat' dir='ltr'><strong>sua:</strong></span> <span class='ocrx_word' id='word_1_255' title='bbox 1595 3198 1748 3251; x_wconf 89' lang='lat' dir='ltr'><strong>annis</strong></span> <span class='ocrx_word' id='word_1_256' title='bbox 1792 3197 1958 3251; x_wconf 82' lang='lat' dir='ltr'><strong>inter-</strong></span> 
     </span>
    </p>
   </div>
   <div class='ocr_carea' id='block_1_34' title="bbox 388 3283 1959 3357">
    <p class='ocr_par' dir='ltr' id='par_1_34' title="bbox 388 3283 1959 3357">
     <span class='ocr_line' id='line_1_34' title="bbox 388 3283 1959 3357; baseline 0.003 -20"><span class='ocrx_word' id='word_1_257' title='bbox 388 3292 636 3354; x_wconf 82' lang='lat' dir='ltr'><strong>rogatus:</strong></span> <span class='ocrx_word' id='word_1_258' title='bbox 668 3283 824 3339; x_wconf 86' lang='lat' dir='ltr'><strong>Parvi</strong></span> <span class='ocrx_word' id='word_1_259' title='bbox 864 3297 1000 3350; x_wconf 89' lang='lat' dir='ltr'><strong>sunt,</strong></span> <span class='ocrx_word' id='word_1_260' title='bbox 1030 3285 1216 3357; x_wconf 91' lang='lat' dir='ltr'><strong>inquit,</strong></span> <span class='ocrx_word' id='word_1_261' title='bbox 1248 3297 1295 3339; x_wconf 91' lang='lat' dir='ltr'><strong>et</strong></span> <span class='ocrx_word' id='word_1_262' title='bbox 1322 3286 1444 3339; x_wconf 90' lang='lat' dir='ltr'><strong>mali</strong></span> <span class='ocrx_word' id='word_1_263' title='bbox 1480 3286 1585 3341; x_wconf 89' lang='lat' dir='ltr'><strong>dies</strong></span> <span class='ocrx_word' id='word_1_264' title='bbox 1625 3289 1741 3352; x_wconf 88' lang='lat' dir='ltr'><strong>mei,</strong></span> <span class='ocrx_word' id='word_1_265' title='bbox 1778 3298 1824 3343; x_wconf 86' lang='lat' dir='ltr'><strong>et</strong></span> <span class='ocrx_word' id='word_1_266' title='bbox 1858 3306 1959 3342; x_wconf 83' lang='lat' dir='ltr'><strong>non</strong></span> 
     </span>
    </p>
   </div>
   <div class='ocr_carea' id='block_1_35' title="bbox 389 3374 1958 3448">
    <p class='ocr_par' dir='ltr' id='par_1_35' title="bbox 389 3374 1958 3448">
     <span class='ocr_line' id='line_1_35' title="bbox 389 3374 1958 3448; baseline 0.003 -21"><span class='ocrx_word' id='word_1_267' title='bbox 389 3386 708 3445; x_wconf 65' lang='lat' dir='ltr'><strong>peruenerunt</strong></span> <span class='ocrx_word' id='word_1_268' title='bbox 734 3377 801 3428; x_wconf 90' lang='lat' dir='ltr'><strong>ad</strong></span> <span class='ocrx_word' id='word_1_269' title='bbox 826 3376 930 3429; x_wconf 83' lang='lat' dir='ltr'><strong>dies</strong></span> <span class='ocrx_word' id='word_1_270' title='bbox 957 3386 1153 3446; x_wconf 84' lang='lat' dir='ltr'><strong>patrum</strong></span> <span class='ocrx_word' id='word_1_271' title='bbox 1174 3392 1395 3431; x_wconf 87' lang='lat' dir='ltr'><strong>meorum</strong></span> <span class='ocrx_word' id='word_1_272' title='bbox 1416 3374 1569 3445; x_wconf 83' lang='lat' dir='ltr'><strong>(Gen.</strong></span> <span class='ocrx_word' id='word_1_273' title='bbox 1592 3377 1680 3430; x_wconf 75' lang='grc'><strong>47.</strong></span> <span class='ocrx_word' id='word_1_274' title='bbox 1704 3378 1763 3448; x_wconf 82' lang='lat'><strong>9)</strong></span> <span class='ocrx_word' id='word_1_275' title='bbox 1789 3396 1801 3432; x_wconf 92' lang='lat'><strong>:</strong></span> <span class='ocrx_word' id='word_1_276' title='bbox 1824 3377 1958 3432; x_wconf 92' lang='lat' dir='ltr'><strong>adeo</strong></span> 
     </span>
    </p>
   </div>
   <div class='ocr_carea' id='block_1_36' title="bbox 389 3467 1959 3538">
    <p class='ocr_par' dir='ltr' id='par_1_36' title="bbox 389 3467 1959 3538">
     <span class='ocr_line' id='line_1_36' title="bbox 389 3467 1959 3538; baseline 0.004 -21"><span class='ocrx_word' id='word_1_277' title='bbox 389 3468 620 3521; x_wconf 82' lang='lat' dir='ltr'><strong>vivacem</strong></span> <span class='ocrx_word' id='word_1_278' title='bbox 666 3482 843 3521; x_wconf 89' lang='lat' dir='ltr'><strong>rerum</strong></span> <span class='ocrx_word' id='word_1_279' title='bbox 880 3476 1146 3538; x_wconf 86' lang='lat' dir='ltr'><strong>gestarum</strong></span> <span class='ocrx_word' id='word_1_280' title='bbox 1186 3467 1493 3522; x_wconf 85' lang='lat' dir='ltr'><strong>memoriam</strong></span> <span class='ocrx_word' id='word_1_281' title='bbox 1529 3482 1710 3522; x_wconf 89' lang='lat' dir='ltr'><strong>secum</strong></span> <span class='ocrx_word' id='word_1_282' title='bbox 1749 3482 1959 3538; x_wconf 85' lang='lat' dir='ltr'><strong>semper</strong></span> 
     </span>
    </p>
   </div>
   <div class='ocr_carea' id='block_1_37' title="bbox 385 3558 619 3625">
    <p class='ocr_par' dir='ltr' id='par_1_37' title="bbox 385 3558 619 3625">
     <span class='ocr_line' id='line_1_37' title="bbox 385 3558 619 3625; baseline 0.009 -15"><span class='ocrx_word' id='word_1_283' title='bbox 385 3558 619 3625; x_wconf 75' lang='lat' dir='ltr'><strong>gerebat.</strong></span> 
     </span>
    </p>
   </div>
   <div class='ocr_carea' id='block_1_38' title="bbox 459 3650 1950 3726">
    <p class='ocr_par' dir='ltr' id='par_1_38' title="bbox 459 3650 1950 3726">
     <span class='ocr_line' id='line_1_38' title="bbox 459 3650 1950 3726; baseline 0.003 -21"><span class='ocrx_word' id='word_1_284' title='bbox 459 3650 544 3705; x_wconf 67' lang='lat'><strong>12.</strong></span> <span class='ocrx_word' id='word_1_285' title='bbox 587 3650 688 3703; x_wconf 79' lang='lat' dir='ltr'><strong>Sed</strong></span> <span class='ocrx_word' id='word_1_286' title='bbox 716 3650 855 3705; x_wconf 83' lang='lat' dir='ltr'><strong>enim</strong></span> <span class='ocrx_word' id='word_1_287' title='bbox 887 3650 1023 3706; x_wconf 84' lang='lat' dir='ltr'><strong>ﬁlius</strong></span> <span class='ocrx_word' id='word_1_288' title='bbox 1045 3650 1143 3709; x_wconf 79' lang='lat' dir='ltr'><strong>iste</strong></span> <span class='ocrx_word' id='word_1_289' title='bbox 1172 3650 1346 3710; x_wconf 75' lang='lat' dir='ltr'><strong>clarus</strong></span> <span class='ocrx_word' id='word_1_290' title='bbox 1374 3664 1425 3709; x_wconf 89' lang='lat' dir='ltr'><strong>et</strong></span> <span class='ocrx_word' id='word_1_291' title='bbox 1444 3657 1703 3726; x_wconf 88' lang='lat' dir='ltr'><strong>gloriosus</strong></span> <span class='ocrx_word' id='word_1_292' title='bbox 1731 3656 1950 3726; x_wconf 84' lang='lat' dir='ltr'><strong>Joseph,</strong></span> 
     </span>
    </p>
   </div>
   <div class='ocr_carea' id='block_1_39' title="bbox 387 3744 1955 3817">
    <p class='ocr_par' dir='ltr' id='par_1_39' title="bbox 387 3744 1955 3817">
     <span class='ocr_line' id='line_1_39' title="bbox 387 3744 1955 3817; baseline 0.003 -19"><span class='ocrx_word' id='word_1_293' title='bbox 387 3744 535 3813; x_wconf 87' lang='lat' dir='ltr'><strong>cujus</strong></span> <span class='ocrx_word' id='word_1_294' title='bbox 566 3745 892 3801; x_wconf 87' lang='lat' dir='ltr'><strong>calamitates</strong></span> <span class='ocrx_word' id='word_1_295' title='bbox 917 3761 1021 3800; x_wconf 89' lang='lat' dir='ltr'><strong>non</strong></span> <span class='ocrx_word' id='word_1_296' title='bbox 1048 3761 1261 3801; x_wconf 89' lang='lat' dir='ltr'><strong>suarum</strong></span> <span class='ocrx_word' id='word_1_297' title='bbox 1293 3747 1651 3817; x_wconf 84' lang='lat' dir='ltr'><strong>magnitudine</strong></span> <span class='ocrx_word' id='word_1_298' title='bbox 1679 3748 1955 3802; x_wconf 85' lang='lat' dir='ltr'><strong>calamita-</strong></span> 
     </span>
    </p>
   </div>
   <div class='ocr_carea' id='block_1_40' title="bbox 390 3838 1955 3909">
    <p class='ocr_par' dir='ltr' id='par_1_40' title="bbox 390 3838 1955 3909">
     <span class='ocr_line' id='line_1_40' title="bbox 390 3838 1955 3909; baseline 0.004 -21"><span class='ocrx_word' id='word_1_299' title='bbox 390 3846 497 3890; x_wconf 89' lang='lat' dir='ltr'><strong>tum</strong></span> <span class='ocrx_word' id='word_1_300' title='bbox 519 3839 755 3906; x_wconf 81' lang='lat' dir='ltr'><strong>operuit?</strong></span> <span class='ocrx_word' id='word_1_301' title='bbox 797 3838 997 3909; x_wconf 87' lang='lat' dir='ltr'><strong>Nempe</strong></span> <span class='ocrx_word' id='word_1_302' title='bbox 1032 3839 1171 3892; x_wconf 91' lang='lat' dir='ltr'><strong>enim</strong></span> <span class='ocrx_word' id='word_1_303' title='bbox 1209 3848 1357 3909; x_wconf 85' lang='lat' dir='ltr'><strong>pater</strong></span> <span class='ocrx_word' id='word_1_304' title='bbox 1390 3838 1503 3909; x_wconf 83' lang='lat' dir='ltr'><strong>ejus</strong></span> <span class='ocrx_word' id='word_1_305' title='bbox 1551 3856 1712 3894; x_wconf 90' lang='lat' dir='ltr'><strong>unum</strong></span> <span class='ocrx_word' id='word_1_306' title='bbox 1753 3848 1955 3895; x_wconf 90' lang='lat' dir='ltr'><strong>tantum</strong></span> 
     </span>
    </p>
   </div>
   <div class='ocr_carea' id='block_1_41' title="bbox 386 3924 1957 3998">
    <p class='ocr_par' dir='ltr' id='par_1_41' title="bbox 386 3924 1957 3998">
     <span class='ocr_line' id='line_1_41' title="bbox 386 3924 1957 3998; baseline 0.004 -19"><span class='ocrx_word' id='word_1_307' title='bbox 386 3924 602 3981; x_wconf 80' lang='lat' dir='ltr'><strong>fratrem</strong></span> <span class='ocrx_word' id='word_1_308' title='bbox 647 3927 1005 3982; x_wconf 87' lang='lat' dir='ltr'><strong>insidiatorem</strong></span> <span class='ocrx_word' id='word_1_309' title='bbox 1057 3943 1241 3998; x_wconf 90' lang='lat' dir='ltr'><strong>passus</strong></span> <span class='ocrx_word' id='word_1_310' title='bbox 1288 3939 1403 3995; x_wconf 89' lang='lat' dir='ltr'><strong>est,</strong></span> <span class='ocrx_word' id='word_1_311' title='bbox 1449 3930 1533 3983; x_wconf 89' lang='lat' dir='ltr'><strong>hic</strong></span> <span class='ocrx_word' id='word_1_312' title='bbox 1570 3939 1745 3984; x_wconf 91' lang='lat' dir='ltr'><strong>autem</strong></span> <span class='ocrx_word' id='word_1_313' title='bbox 1788 3930 1957 3985; x_wconf 91' lang='lat' dir='ltr'><strong>multo</strong></span> 
     </span>
    </p>
   </div>
   <div class='ocr_carea' id='block_1_42' title="bbox 390 4018 1954 4089">
    <p class='ocr_par' dir='ltr' id='par_1_42' title="bbox 390 4018 1954 4089">
     <span class='ocr_line' id='line_1_42' title="bbox 390 4018 1954 4089; baseline 0.003 -18"><span class='ocrx_word' id='word_1_314' title='bbox 390 4018 566 4088; x_wconf 88' lang='lat' dir='ltr'><strong>plures</strong></span> <span class='ocrx_word' id='word_1_315' title='bbox 586 4038 598 4072; x_wconf 92' lang='lat'><strong>:</strong></span> <span class='ocrx_word' id='word_1_316' title='bbox 616 4027 773 4089; x_wconf 92' lang='lat' dir='ltr'><strong>atque</strong></span> <span class='ocrx_word' id='word_1_317' title='bbox 799 4019 887 4073; x_wconf 89' lang='lat' dir='ltr'><strong>ille</strong></span> <span class='ocrx_word' id='word_1_318' title='bbox 912 4018 1121 4088; x_wconf 88' lang='lat' dir='ltr'><strong>quidem</strong></span> <span class='ocrx_word' id='word_1_319' title='bbox 1149 4035 1246 4088; x_wconf 90' lang='lat' dir='ltr'><strong>per</strong></span> <span class='ocrx_word' id='word_1_320' title='bbox 1266 4020 1491 4088; x_wconf 89' lang='lat' dir='ltr'><strong>priorem</strong></span> <span class='ocrx_word' id='word_1_321' title='bbox 1513 4035 1723 4075; x_wconf 90' lang='lat' dir='ltr'><strong>omnem</strong></span> <span class='ocrx_word' id='word_1_322' title='bbox 1744 4031 1954 4075; x_wconf 59' lang='lat' dir='ltr'><strong>aetatem</strong></span> 
     </span>
    </p>
   </div>
   <div class='ocr_carea' id='block_1_43' title="bbox 387 4108 1954 4179">
    <p class='ocr_par' dir='ltr' id='par_1_43' title="bbox 387 4108 1954 4179">
     <span class='ocr_line' id='line_1_43' title="bbox 387 4108 1954 4179; baseline 0.003 -18"><span class='ocrx_word' id='word_1_323' title='bbox 387 4108 439 4161; x_wconf 88' lang='lat' dir='ltr'><strong>in</strong></span> <span class='ocrx_word' id='word_1_324' title='bbox 467 4124 669 4161; x_wconf 88' lang='lat' dir='ltr'><strong>summa</strong></span> <span class='ocrx_word' id='word_1_325' title='bbox 695 4123 869 4162; x_wconf 88' lang='lat' dir='ltr'><strong>rerum</strong></span> <span class='ocrx_word' id='word_1_326' title='bbox 895 4111 1045 4177; x_wconf 89' lang='lat' dir='ltr'><strong>copia</strong></span> <span class='ocrx_word' id='word_1_327' title='bbox 1084 4118 1138 4163; x_wconf 92' lang='lat' dir='ltr'><strong>et</strong></span> <span class='ocrx_word' id='word_1_328' title='bbox 1178 4110 1358 4179; x_wconf 85' lang='lat' dir='ltr'><strong>requie</strong></span> <span class='ocrx_word' id='word_1_329' title='bbox 1395 4111 1621 4165; x_wconf 90' lang='lat' dir='ltr'><strong>nutritus</strong></span> <span class='ocrx_word' id='word_1_330' title='bbox 1650 4122 1763 4177; x_wconf 90' lang='lat' dir='ltr'><strong>est;</strong></span> <span class='ocrx_word' id='word_1_331' title='bbox 1793 4111 1878 4166; x_wconf 88' lang='lat' dir='ltr'><strong>hic</strong></span> <span class='ocrx_word' id='word_1_332' title='bbox 1901 4113 1954 4166; x_wconf 92' lang='lat' dir='ltr'><strong>in</strong></span> 
     </span>
    </p>
   </div>
   <div class='ocr_carea' id='block_1_44' title="bbox 387 4200 1953 4271">
    <p class='ocr_par' dir='ltr' id='par_1_44' title="bbox 387 4200 1953 4271">
     <span class='ocr_line' id='line_1_44' title="bbox 387 4200 1953 4271; baseline 0.005 -20"><span class='ocrx_word' id='word_1_333' title='bbox 387 4200 609 4254; x_wconf 84' lang='lat' dir='ltr'><strong>alienam</strong></span> <span class='ocrx_word' id='word_1_334' title='bbox 652 4215 783 4269; x_wconf 92' lang='lat' dir='ltr'><strong>puer</strong></span> <span class='ocrx_word' id='word_1_335' title='bbox 828 4201 1082 4255; x_wconf 89' lang='lat' dir='ltr'><strong>adductus</strong></span> <span class='ocrx_word' id='word_1_336' title='bbox 1125 4202 1392 4271; x_wconf 82' lang='lat' dir='ltr'><strong>regionem</strong></span> <span class='ocrx_word' id='word_1_337' title='bbox 1442 4202 1644 4258; x_wconf 88' lang='lat' dir='ltr'><strong>itineris</strong></span> <span class='ocrx_word' id='word_1_338' title='bbox 1688 4220 1953 4259; x_wconf 64' lang='lat' dir='ltr'><strong>aerumnas</strong></span> 
     </span>
    </p>
   </div>
   <div class='ocr_carea' id='block_1_45' title="bbox 388 4290 1948 4361">
    <p class='ocr_par' dir='ltr' id='par_1_45' title="bbox 388 4290 1948 4361">
     <span class='ocr_line' id='line_1_45' title="bbox 388 4290 1948 4361; baseline 0.003 -18"><span class='ocrx_word' id='word_1_339' title='bbox 388 4290 618 4360; x_wconf 86' lang='lat' dir='ltr'><strong>perferre</strong></span> <span class='ocrx_word' id='word_1_340' title='bbox 642 4291 926 4361; x_wconf 89' lang='lat' dir='ltr'><strong>cogebatur</strong></span> <span class='ocrx_word' id='word_1_341' title='bbox 956 4309 970 4345; x_wconf 90' lang='lat'><strong>:</strong></span> <span class='ocrx_word' id='word_1_342' title='bbox 1001 4306 1063 4346; x_wconf 92' lang='lat' dir='ltr'><strong>ac</strong></span> <span class='ocrx_word' id='word_1_343' title='bbox 1088 4290 1284 4346; x_wconf 82' lang='lat' dir='ltr'><strong>Jacobo</strong></span> <span class='ocrx_word' id='word_1_344' title='bbox 1312 4291 1524 4361; x_wconf 87' lang='lat' dir='ltr'><strong>quidem</strong></span> <span class='ocrx_word' id='word_1_345' title='bbox 1548 4292 1731 4347; x_wconf 89' lang='lat' dir='ltr'><strong>aderat</strong></span> <span class='ocrx_word' id='word_1_346' title='bbox 1759 4302 1948 4359; x_wconf 89' lang='lat' dir='ltr'><strong>mater,</strong></span> 
     </span>
    </p>
   </div>
   <div class='ocr_carea' id='block_1_46' title="bbox 386 4382 1952 4452">
    <p class='ocr_par' dir='ltr' id='par_1_46' title="bbox 386 4382 1952 4452">
     <span class='ocr_line' id='line_1_46' title="bbox 386 4382 1952 4452; baseline 0.002 -16"><span class='ocrx_word' id='word_1_347' title='bbox 386 4382 604 4437; x_wconf 87' lang='lat' dir='ltr'><strong>insidias</strong></span> <span class='ocrx_word' id='word_1_348' title='bbox 622 4383 854 4449; x_wconf 90' lang='lat' dir='ltr'><strong>leniens;</strong></span> <span class='ocrx_word' id='word_1_349' title='bbox 886 4382 970 4437; x_wconf 93' lang='lat' dir='ltr'><strong>hic</strong></span> <span class='ocrx_word' id='word_1_350' title='bbox 994 4383 1418 4437; x_wconf 83' lang='lat' dir='ltr'><strong>adolescentulus</strong></span> <span class='ocrx_word' id='word_1_351' title='bbox 1442 4382 1651 4452; x_wconf 88' lang='lat' dir='ltr'><strong>quando</strong></span> <span class='ocrx_word' id='word_1_352' title='bbox 1680 4383 1754 4437; x_wconf 91' lang='lat' dir='ltr'><strong>illi</strong></span> <span class='ocrx_word' id='word_1_353' title='bbox 1784 4394 1952 4439; x_wconf 89' lang='lat' dir='ltr'><strong>matre</strong></span> 
     </span>
    </p>
   </div>
   <div class='ocr_carea' id='block_1_47' title="bbox 385 4474 1953 4543">
    <p class='ocr_par' dir='ltr' id='par_1_47' title="bbox 385 4474 1953 4543">
     <span class='ocr_line' id='line_1_47' title="bbox 385 4474 1953 4543; baseline 0 -14"><span class='ocrx_word' id='word_1_354' title='bbox 385 4490 516 4543; x_wconf 84' lang='lat' dir='ltr'><strong>Opus</strong></span> <span class='ocrx_word' id='word_1_355' title='bbox 556 4485 703 4542; x_wconf 90' lang='lat' dir='ltr'><strong>erat,</strong></span> <span class='ocrx_word' id='word_1_356' title='bbox 738 4486 859 4530; x_wconf 88' lang='lat' dir='ltr'><strong>tunc</strong></span> <span class='ocrx_word' id='word_1_357' title='bbox 897 4476 1122 4530; x_wconf 77' lang='lat' dir='ltr'><strong>maxime</strong></span> <span class='ocrx_word' id='word_1_358' title='bbox 1168 4477 1267 4530; x_wconf 92' lang='lat' dir='ltr'><strong>isto</strong></span> <span class='ocrx_word' id='word_1_359' title='bbox 1307 4474 1568 4543; x_wconf 90' lang='lat' dir='ltr'><strong>adjutorio</strong></span> <span class='ocrx_word' id='word_1_360' title='bbox 1612 4475 1854 4529; x_wconf 90' lang='lat' dir='ltr'><strong>desertus</strong></span> <span class='ocrx_word' id='word_1_361' title='bbox 1898 4485 1953 4530; x_wconf 93' lang='lat' dir='ltr'><strong>et</strong></span> 
     </span>
    </p>
   </div>
   <div class='ocr_carea' id='block_1_48' title="bbox 385 4565 1951 4636">
    <p class='ocr_par' dir='ltr' id='par_1_48' title="bbox 385 4565 1951 4636">
     <span class='ocr_line' id='line_1_48' title="bbox 385 4565 1951 4636; baseline -0.002 -15"><span class='ocrx_word' id='word_1_362' title='bbox 385 4566 664 4622; x_wconf 87' lang='lat' dir='ltr'><strong>destitutus</strong></span> <span class='ocrx_word' id='word_1_363' title='bbox 698 4577 798 4621; x_wconf 91' lang='lat' dir='ltr'><strong>est.</strong></span> <span class='ocrx_word' id='word_1_364' title='bbox 846 4566 925 4621; x_wconf 82' lang='lat' dir='ltr'><strong>Ad</strong></span> <span class='ocrx_word' id='word_1_365' title='bbox 969 4568 1079 4620; x_wconf 60' lang='lat' dir='ltr'><strong>hare</strong></span> <span class='ocrx_word' id='word_1_366' title='bbox 1113 4566 1252 4621; x_wconf 78' lang='lat' dir='ltr'><strong>Esau</strong></span> <span class='ocrx_word' id='word_1_367' title='bbox 1280 4565 1489 4635; x_wconf 86' lang='lat' dir='ltr'><strong>quidem</strong></span> <span class='ocrx_word' id='word_1_368' title='bbox 1518 4581 1681 4636; x_wconf 91' lang='lat' dir='ltr'><strong>usque</strong></span> <span class='ocrx_word' id='word_1_369' title='bbox 1709 4565 1774 4619; x_wconf 87' lang='lat' dir='ltr'><strong>ad</strong></span> <span class='ocrx_word' id='word_1_370' title='bbox 1801 4580 1951 4619; x_wconf 88' lang='lat' dir='ltr'><strong>com-</strong></span> 
     </span>
    </p>
   </div>
   <div class='ocr_carea' id='block_1_49' title="bbox 386 4656 1950 4725">
    <p class='ocr_par' dir='ltr' id='par_1_49' title="bbox 386 4656 1950 4725">
     <span class='ocr_line' id='line_1_49' title="bbox 386 4656 1950 4725; baseline -0.003 -14"><span class='ocrx_word' id='word_1_371' title='bbox 386 4656 727 4711; x_wconf 89' lang='lat' dir='ltr'><strong>minationem</strong></span> <span class='ocrx_word' id='word_1_372' title='bbox 755 4665 953 4710; x_wconf 89' lang='lat' dir='ltr'><strong>tantum</strong></span> <span class='ocrx_word' id='word_1_373' title='bbox 981 4656 1231 4710; x_wconf 87' lang='lat' dir='ltr'><strong>Jacobum</strong></span> <span class='ocrx_word' id='word_1_374' title='bbox 1262 4656 1575 4725; x_wconf 88' lang='lat' dir='ltr'><strong>perterruit;</strong></span> <span class='ocrx_word' id='word_1_375' title='bbox 1620 4667 1672 4709; x_wconf 88' lang='lat' dir='ltr'><strong>at</strong></span> <span class='ocrx_word' id='word_1_376' title='bbox 1698 4671 1823 4709; x_wconf 90' lang='lat' dir='ltr'><strong>vero</strong></span> <span class='ocrx_word' id='word_1_377' title='bbox 1856 4656 1950 4711; x_wconf 79' lang='lat' dir='ltr'><strong>Jo-</strong></span> 
     </span>
    </p>
   </div>
   <div class='ocr_carea' id='block_1_50' title="bbox 385 4747 1949 4817">
    <p class='ocr_par' dir='ltr' id='par_1_50' title="bbox 385 4747 1949 4817">
     <span class='ocr_line' id='line_1_50' title="bbox 385 4747 1949 4817; baseline -0.001 -15"><span class='ocrx_word' id='word_1_378' title='bbox 385 4748 535 4817; x_wconf 87' lang='lat' dir='ltr'><strong>sephi</strong></span> <span class='ocrx_word' id='word_1_379' title='bbox 576 4747 765 4803; x_wconf 90' lang='lat' dir='ltr'><strong>fratres</strong></span> <span class='ocrx_word' id='word_1_380' title='bbox 807 4748 1021 4803; x_wconf 87' lang='lat' dir='ltr'><strong>insidias</strong></span> <span class='ocrx_word' id='word_1_381' title='bbox 1062 4748 1112 4801; x_wconf 92' lang='lat' dir='ltr'><strong>in</strong></span> <span class='ocrx_word' id='word_1_382' title='bbox 1151 4760 1388 4816; x_wconf 90' lang='lat' dir='ltr'><strong>apertum</strong></span> <span class='ocrx_word' id='word_1_383' title='bbox 1412 4762 1543 4816; x_wconf 92' lang='lat' dir='ltr'><strong>opus</strong></span> <span class='ocrx_word' id='word_1_384' title='bbox 1574 4748 1949 4817; x_wconf 82' lang='lat' dir='ltr'><strong>perduxerunt,</strong></span> 
     </span>
    </p>
   </div>
   <div class='ocr_carea' id='block_1_51' title="bbox 382 4837 1950 4908">
    <p class='ocr_par' dir='ltr' id='par_1_51' title="bbox 382 4837 1950 4908">
     <span class='ocr_line' id='line_1_51' title="bbox 382 4837 1950 4908; baseline 0.001 -17"><span class='ocrx_word' id='word_1_385' title='bbox 382 4850 542 4908; x_wconf 84' lang='lat' dir='ltr'><strong>atque</strong></span> <span class='ocrx_word' id='word_1_386' title='bbox 586 4848 709 4893; x_wconf 88' lang='lat' dir='ltr'><strong>ante</strong></span> <span class='ocrx_word' id='word_1_387' title='bbox 754 4837 969 4891; x_wconf 89' lang='lat' dir='ltr'><strong>insidias</strong></span> <span class='ocrx_word' id='word_1_388' title='bbox 1011 4838 1203 4891; x_wconf 85' lang='lat' dir='ltr'><strong>invidia</strong></span> <span class='ocrx_word' id='word_1_389' title='bbox 1252 4839 1499 4892; x_wconf 84' lang='lat' dir='ltr'><strong>commoti</strong></span> <span class='ocrx_word' id='word_1_390' title='bbox 1548 4837 1825 4892; x_wconf 86' lang='lat' dir='ltr'><strong>detrahere</strong></span> <span class='ocrx_word' id='word_1_391' title='bbox 1876 4840 1950 4893; x_wconf 90' lang='lat' dir='ltr'><strong>illi</strong></span> 
     </span>
    </p>
   </div>
   <div class='ocr_carea' id='block_1_52' title="bbox 385 4927 1943 4999">
    <p class='ocr_par' dir='ltr' id='par_1_52' title="bbox 385 4927 1943 4999">
     <span class='ocr_line' id='line_1_52' title="bbox 385 4927 1943 4999; baseline 0.001 -18"><span class='ocrx_word' id='word_1_392' title='bbox 385 4944 669 4998; x_wconf 91' lang='lat' dir='ltr'><strong>numquam</strong></span> <span class='ocrx_word' id='word_1_393' title='bbox 698 4927 1049 4983; x_wconf 87' lang='lat' dir='ltr'><strong>destiterunt:</strong></span> <span class='ocrx_word' id='word_1_394' title='bbox 1075 4944 1179 4998; x_wconf 90' lang='lat' dir='ltr'><strong>quo</strong></span> <span class='ocrx_word' id='word_1_395' title='bbox 1204 4929 1327 4999; x_wconf 90' lang='lat' dir='ltr'><strong>quid</strong></span> <span class='ocrx_word' id='word_1_396' title='bbox 1354 4930 1592 4983; x_wconf 91' lang='lat' dir='ltr'><strong>acerbius</strong></span> <span class='ocrx_word' id='word_1_397' title='bbox 1618 4945 1733 4983; x_wconf 88' lang='lat' dir='ltr'><strong>esse</strong></span> <span class='ocrx_word' id='word_1_398' title='bbox 1762 4931 1943 4998; x_wconf 87' lang='lat' dir='ltr'><strong>possit,</strong></span> 
     </span>
    </p>
   </div>
   <div class='ocr_carea' id='block_1_53' title="bbox 382 5019 1948 5090">
    <p class='ocr_par' dir='ltr' id='par_1_53' title="bbox 382 5019 1948 5090">
     <span class='ocr_line' id='line_1_53' title="bbox 382 5019 1948 5090; baseline 0.001 -17"><span class='ocrx_word' id='word_1_399' title='bbox 382 5036 539 5087; x_wconf 87' lang='lat' dir='ltr'><strong>quam</strong></span> <span class='ocrx_word' id='word_1_400' title='bbox 564 5035 656 5074; x_wconf 83' lang='lat' dir='ltr'><strong>eos</strong></span> <span class='ocrx_word' id='word_1_401' title='bbox 682 5020 994 5090; x_wconf 87' lang='lat' dir='ltr'><strong>quibuscum</strong></span> <span class='ocrx_word' id='word_1_402' title='bbox 1029 5019 1233 5073; x_wconf 89' lang='lat' dir='ltr'><strong>habitas</strong></span> <span class='ocrx_word' id='word_1_403' title='bbox 1272 5020 1515 5076; x_wconf 88' lang='lat' dir='ltr'><strong>inimicos</strong></span> <span class='ocrx_word' id='word_1_404' title='bbox 1554 5022 1699 5089; x_wconf 90' lang='lat' dir='ltr'><strong>pati?</strong></span> <span class='ocrx_word' id='word_1_405' title='bbox 1744 5020 1948 5074; x_wconf 78' lang='lat' dir='ltr'><strong>Detule-</strong></span> 
     </span>
    </p>
   </div>
   <div class='ocr_carea' id='block_1_54' title="bbox 382 5110 1949 5179">
    <p class='ocr_par' dir='ltr' id='par_1_54' title="bbox 382 5110 1949 5179">
     <span class='ocr_line' id='line_1_54' title="bbox 382 5110 1949 5179; baseline 0.004 -18"><span class='ocrx_word' id='word_1_406' title='bbox 382 5118 500 5161; x_wconf 83' lang='lat' dir='ltr'><strong>runt</strong></span> <span class='ocrx_word' id='word_1_407' title='bbox 546 5110 676 5163; x_wconf 86' lang='lat' dir='ltr'><strong>enim</strong></span> <span class='ocrx_word' id='word_1_408' title='bbox 723 5110 866 5163; x_wconf 85' lang='lat' dir='ltr'><strong>illum</strong></span> <span class='ocrx_word' id='word_1_409' title='bbox 911 5110 1115 5164; x_wconf 89' lang='lat' dir='ltr'><strong>crimine</strong></span> <span class='ocrx_word' id='word_1_410' title='bbox 1153 5111 1284 5164; x_wconf 88' lang='lat' dir='ltr'><strong>malo</strong></span> <span class='ocrx_word' id='word_1_411' title='bbox 1312 5115 1329 5142; x_wconf 78' lang='grc'>⁸</span> <span class='ocrx_word' id='word_1_412' title='bbox 1355 5152 1369 5175; x_wconf 86' lang='grc'><strong><em>,</em></strong></span> <span class='ocrx_word' id='word_1_413' title='bbox 1412 5122 1459 5165; x_wconf 85' lang='lat' dir='ltr'><strong>et</strong></span> <span class='ocrx_word' id='word_1_414' title='bbox 1499 5112 1717 5166; x_wconf 81' lang='lat' dir='ltr'><strong>uidentes</strong></span> <span class='ocrx_word' id='word_1_415' title='bbox 1758 5115 1890 5179; x_wconf 87' lang='lat' dir='ltr'><strong>quod</strong></span> <span class='ocrx_word' id='word_1_416' title='bbox 1916 5131 1949 5167; x_wconf 82' lang='grc' dir='ltr'><em>α</em></span> 
     </span>
    </p>
   </div>
   <div class='ocr_carea' id='block_1_55' title="bbox 382 5200 1945 5273">
    <p class='ocr_par' dir='ltr' id='par_1_55' title="bbox 382 5200 1945 5273">
     <span class='ocr_line' id='line_1_55' title="bbox 382 5200 1945 5273; baseline 0.003 -22"><span class='ocrx_word' id='word_1_417' title='bbox 382 5208 521 5271; x_wconf 83' lang='lat' dir='ltr'><strong>patre</strong></span> <span class='ocrx_word' id='word_1_418' title='bbox 544 5200 735 5253; x_wconf 70' lang='lat' dir='ltr'><strong>cateris</strong></span> <span class='ocrx_word' id='word_1_419' title='bbox 759 5200 924 5253; x_wconf 82' lang='lat' dir='ltr'><strong>liberis</strong></span> <span class='ocrx_word' id='word_1_420' title='bbox 952 5202 1053 5255; x_wconf 90' lang='lat' dir='ltr'><strong>suis</strong></span> <span class='ocrx_word' id='word_1_421' title='bbox 1088 5203 1201 5270; x_wconf 87' lang='lat' dir='ltr'><strong>plus</strong></span> <span class='ocrx_word' id='word_1_422' title='bbox 1238 5202 1547 5273; x_wconf 84' lang='lat' dir='ltr'><strong>diligeretur,</strong></span> <span class='ocrx_word' id='word_1_423' title='bbox 1583 5204 1789 5257; x_wconf 79' lang='lat' dir='ltr'><strong>oderant</strong></span> <span class='ocrx_word' id='word_1_424' title='bbox 1812 5221 1945 5270; x_wconf 76' lang='lat' dir='ltr'><strong>eunt,</strong></span> 
     </span>
    </p>
   </div>
   <div class='ocr_carea' id='block_1_56' title="bbox 381 5292 1945 5364">
    <p class='ocr_par' dir='ltr' id='par_1_56' title="bbox 381 5292 1945 5364">
     <span class='ocr_line' id='line_1_56' title="bbox 381 5292 1945 5364; baseline 0.004 -22"><span class='ocrx_word' id='word_1_425' title='bbox 381 5306 469 5343; x_wconf 86' lang='lat' dir='ltr'><strong>nec</strong></span> <span class='ocrx_word' id='word_1_426' title='bbox 488 5300 713 5361; x_wconf 82' lang='lat' dir='ltr'><strong>poterant</strong></span> <span class='ocrx_word' id='word_1_427' title='bbox 742 5292 785 5345; x_wconf 88' lang='lat' dir='ltr'><strong>ei</strong></span> <span class='ocrx_word' id='word_1_428' title='bbox 810 5293 1073 5362; x_wconf 87' lang='lat' dir='ltr'><strong>quicquam</strong></span> <span class='ocrx_word' id='word_1_429' title='bbox 1099 5294 1309 5363; x_wconf 81' lang='lat' dir='ltr'><strong>paciﬁce</strong></span> <span class='ocrx_word' id='word_1_430' title='bbox 1327 5295 1460 5364; x_wconf 83' lang='lat' dir='ltr'><strong>loqui</strong></span> <span class='ocrx_word' id='word_1_431' title='bbox 1492 5294 1650 5364; x_wconf 79' lang='lat' dir='ltr'><strong>(Gen.</strong></span> <span class='ocrx_word' id='word_1_432' title='bbox 1669 5296 1756 5350; x_wconf 81' lang='lat'><strong>37.</strong></span> <span class='ocrx_word' id='word_1_433' title='bbox 1774 5295 1828 5348; x_wconf 71' lang='lat'><strong>2.</strong></span> <span class='ocrx_word' id='word_1_434' title='bbox 1856 5296 1889 5351; x_wconf 72' lang='grc'><strong>4</strong></span> <span class='ocrx_word' id='word_1_435' title='bbox 1908 5300 1945 5360; x_wconf 91' lang='grc'><strong>).</strong></span> 
     </span>
    </p>
   </div>
   <div class='ocr_carea' id='block_1_57' title="bbox 386 5386 1950 5463">
    <p class='ocr_par' dir='ltr' id='par_1_57' title="bbox 386 5386 1950 5463">
     <span class='ocr_line' id='line_1_57' title="bbox 386 5386 1950 5463; baseline -0.002 -19"><span class='ocrx_word' id='word_1_436' title='bbox 386 5393 572 5463; x_wconf 83' lang='lat' dir='ltr'><strong>Neque</strong></span> <span class='ocrx_word' id='word_1_437' title='bbox 598 5391 741 5445; x_wconf 86' lang='lat' dir='ltr'><strong>enim</strong></span> <span class='ocrx_word' id='word_1_438' title='bbox 762 5431 777 5455; x_wconf 90' lang='lat'><strong>,</strong></span> <span class='ocrx_word' id='word_1_439' title='bbox 809 5389 953 5458; x_wconf 88' lang='lat' dir='ltr'><strong>quod</strong></span> <span class='ocrx_word' id='word_1_440' title='bbox 1002 5390 1103 5442; x_wconf 90' lang='lat' dir='ltr'><strong>sub</strong></span> <span class='ocrx_word' id='word_1_441' title='bbox 1150 5386 1542 5453; x_wconf 80' lang='lat' dir='ltr'><strong>negotiatorum</strong></span> <span class='ocrx_word' id='word_1_442' title='bbox 1580 5388 1820 5456; x_wconf 90' lang='lat' dir='ltr'><strong>regiique</strong></span> <span class='ocrx_word' id='word_1_443' title='bbox 1848 5402 1950 5441; x_wconf 88' lang='lat' dir='ltr'><strong>eu-</strong></span> 
     </span>
    </p>
   </div>
   <div class='ocr_carea' id='block_1_58' title="bbox 391 5475 1947 5549">
    <p class='ocr_par' dir='ltr' id='par_1_58' title="bbox 391 5475 1947 5549">
     <span class='ocr_line' id='line_1_58' title="bbox 391 5475 1947 5549; baseline -0.004 -11"><span class='ocrx_word' id='word_1_444' title='bbox 391 5484 553 5540; x_wconf 89' lang='lat' dir='ltr'><strong>nuchi</strong></span> <span class='ocrx_word' id='word_1_445' title='bbox 588 5497 752 5537; x_wconf 90' lang='lat' dir='ltr'><strong>manu</strong></span> <span class='ocrx_word' id='word_1_446' title='bbox 802 5478 941 5547; x_wconf 91' lang='lat' dir='ltr'><strong>fuit,</strong></span> <span class='ocrx_word' id='word_1_447' title='bbox 988 5487 1096 5533; x_wconf 86' lang='lat' dir='ltr'><strong>tam</strong></span> <span class='ocrx_word' id='word_1_448' title='bbox 1128 5492 1293 5549; x_wconf 86' lang='lat' dir='ltr'><strong>grave</strong></span> <span class='ocrx_word' id='word_1_449' title='bbox 1340 5477 1414 5529; x_wconf 87' lang='lat' dir='ltr'><strong>illi</strong></span> <span class='ocrx_word' id='word_1_450' title='bbox 1460 5475 1628 5531; x_wconf 91' lang='lat' dir='ltr'><strong>fuisse</strong></span> <span class='ocrx_word' id='word_1_451' title='bbox 1660 5476 1890 5531; x_wconf 82' lang='lat' dir='ltr'><strong>dixerim</strong></span> <span class='ocrx_word' id='word_1_452' title='bbox 1933 5496 1947 5532; x_wconf 90' lang='lat'><strong>:</strong></span> 
     </span>
    </p>
   </div>
   <div class='ocr_carea' id='block_1_59' title="bbox 444 5626 1946 5688">
    <p class='ocr_par' dir='ltr' id='par_1_59' title="bbox 444 5626 1946 5688">
     <span class='ocr_line' id='line_1_59' title="bbox 444 5626 1946 5688; baseline 0.001 -12"><span class='ocrx_word' id='word_1_453' title='bbox 444 5631 458 5688; x_wconf 58' lang='grc' dir='ltr'>ἰ</span> <span class='ocrx_word' id='word_1_454' title='bbox 495 5629 563 5677; x_wconf 88' lang='lat' dir='ltr'><strong>sic</strong></span> <span class='ocrx_word' id='word_1_455' title='bbox 582 5629 632 5677; x_wconf 85' lang='lat' dir='ltr'><strong>in</strong></span> <span class='ocrx_word' id='word_1_456' title='bbox 645 5635 756 5678; x_wconf 86' lang='lat' dir='ltr'><strong>Lxx</strong></span> <span class='ocrx_word' id='word_1_457' title='bbox 776 5629 1125 5688; x_wconf 84' lang='lat' dir='ltr'><strong>lnterpretibus</strong></span> <span class='ocrx_word' id='word_1_458' title='bbox 1144 5626 1353 5688; x_wconf 83' lang='lat' dir='ltr'><strong>legltnr;</strong></span> <span class='ocrx_word' id='word_1_459' title='bbox 1377 5640 1521 5675; x_wconf 85' lang='lat' dir='ltr'><strong>secus</strong></span> <span class='ocrx_word' id='word_1_460' title='bbox 1542 5628 1591 5677; x_wconf 94' lang='lat' dir='ltr'><strong>in</strong></span> <span class='ocrx_word' id='word_1_461' title='bbox 1605 5628 1806 5678; x_wconf 74' lang='lat' dir='ltr'><strong>Hebmo</strong></span> <span class='ocrx_word' id='word_1_462' title='bbox 1822 5635 1877 5679; x_wconf 84' lang='lat' dir='ltr'><strong>et</strong></span> <span class='ocrx_word' id='word_1_463' title='bbox 1896 5628 1946 5681; x_wconf 83' lang='lat' dir='ltr'><strong>in</strong></span> 
     </span>
    </p>
   </div>
   <div class='ocr_carea' id='block_1_60' title="bbox 384 5687 1556 5755">
    <p class='ocr_par' dir='ltr' id='par_1_60' title="bbox 384 5687 1556 5755">
     <span class='ocr_line' id='line_1_60' title="bbox 384 5687 1556 5755; baseline 0 -17"><span class='ocrx_word' id='word_1_464' title='bbox 384 5687 593 5753; x_wconf 58' lang='grc' dir='ltr'><strong>Μίδεω,</strong></span> <span class='ocrx_word' id='word_1_465' title='bbox 614 5691 697 5741; x_wconf 83' lang='lat' dir='ltr'><strong>ubi</strong></span> <span class='ocrx_word' id='word_1_466' title='bbox 718 5691 893 5755; x_wconf 81' lang='lat' dir='ltr'><strong>.Iosepb</strong></span> <span class='ocrx_word' id='word_1_467' title='bbox 908 5687 1083 5741; x_wconf 79' lang='lat' dir='ltr'><strong>fratres</strong></span> <span class='ocrx_word' id='word_1_468' title='bbox 1103 5687 1350 5739; x_wconf 79' lang='lat' dir='ltr'><strong>accusasse</strong></span> <span class='ocrx_word' id='word_1_469' title='bbox 1371 5690 1556 5739; x_wconf 85' lang='lat' dir='ltr'><strong>dicitur.</strong></span> 
     </span>
    </p>
   </div>
   <div class='ocr_carea' id='block_1_61' title="bbox 1231 252 2825 319">
    <p class='ocr_par' dir='ltr' id='par_1_61' title="bbox 1231 252 2825 319">
     <span class='ocr_line' id='line_1_61' title="bbox 1231 252 2825 319; baseline -0.007 -1"><span class='ocrx_word' id='word_1_470' title='bbox 1231 262 1322 318; x_wconf 82' lang='lat' dir='ltr'><strong>AD</strong></span> <span class='ocrx_word' id='word_1_471' title='bbox 1360 257 1733 319; x_wconf 78' lang='lat' dir='ltr'><strong>STAGIRIUM</strong></span> <span class='ocrx_word' id='word_1_472' title='bbox 1772 257 1817 311; x_wconf 76' lang='grc' dir='ltr'>Α</span> <span class='ocrx_word' id='word_1_473' title='bbox 1857 253 2158 311; x_wconf 72' lang='grc' dir='ltr'><strong>ῡΑτῑΜΟΝΕ</strong></span> <span class='ocrx_word' id='word_1_474' title='bbox 2196 254 2544 314; x_wconf 73' lang='lat' dir='ltr'><strong>VEXATUM.</strong></span> <span class='ocrx_word' id='word_1_475' title='bbox 2593 252 2722 309; x_wconf 87' lang='lat' dir='ltr'><strong>LIB.</strong></span> <span class='ocrx_word' id='word_1_476' title='bbox 2759 253 2825 308; x_wconf 88' lang='lat' dir='ltr'><strong>ll.</strong></span> 
     </span>
    </p>
   </div>
   <div class='ocr_carea' id='block_1_62' title="bbox 2051 364 3614 437">
    <p class='ocr_par' dir='ltr' id='par_1_62' title="bbox 2051 364 3614 437">
     <span class='ocr_line' id='line_1_62' title="bbox 2051 364 3614 437; baseline 0.003 -12"><span class='ocrx_word' id='word_1_477' title='bbox 2051 369 2223 425; x_wconf 90' lang='lat' dir='ltr'><strong>multo</strong></span> <span class='ocrx_word' id='word_1_478' title='bbox 2248 368 2394 423; x_wconf 89' lang='lat' dir='ltr'><strong>enim</strong></span> <span class='ocrx_word' id='word_1_479' title='bbox 2429 368 2748 422; x_wconf 77' lang='lat' dir='ltr'><strong>clementius</strong></span> <span class='ocrx_word' id='word_1_480' title='bbox 2776 365 2869 418; x_wconf 93' lang='lat' dir='ltr'><strong>illo</strong></span> <span class='ocrx_word' id='word_1_481' title='bbox 2899 364 2980 419; x_wconf 92' lang='lat' dir='ltr'><strong>usi</strong></span> <span class='ocrx_word' id='word_1_482' title='bbox 3010 371 3165 431; x_wconf 91' lang='lat' dir='ltr'><strong>sunt,</strong></span> <span class='ocrx_word' id='word_1_483' title='bbox 3197 380 3358 437; x_wconf 87' lang='lat' dir='ltr'><strong>quam</strong></span> <span class='ocrx_word' id='word_1_484' title='bbox 3393 368 3614 430; x_wconf 88' lang='lat' dir='ltr'><strong>fratres.</strong></span> 
     </span>
    </p>
   </div>
   <div class='ocr_carea' id='block_1_63' title="bbox 2125 454 3623 528">
    <p class='ocr_par' dir='ltr' id='par_1_63' title="bbox 2125 454 3623 528">
     <span class='ocr_line' id='line_1_63' title="bbox 2125 454 3623 528; baseline 0.002 -20"><span class='ocrx_word' id='word_1_485' title='bbox 2125 454 2335 526; x_wconf 84' lang='lat' dir='ltr'><strong>Josephi</strong></span> <span class='ocrx_word' id='word_1_486' title='bbox 2359 456 2583 526; x_wconf 72' lang='lat' dir='ltr'><strong>exemplo</strong></span> <span class='ocrx_word' id='word_1_487' title='bbox 2608 457 2872 510; x_wconf 89' lang='lat' dir='ltr'><strong>utitur.—</strong></span> <span class='ocrx_word' id='word_1_488' title='bbox 2896 457 3141 511; x_wconf 81' lang='lat' dir='ltr'><strong>Attamen</strong></span> <span class='ocrx_word' id='word_1_489' title='bbox 3189 473 3257 513; x_wconf 81' lang='lat' dir='ltr'><strong>ne</strong></span> <span class='ocrx_word' id='word_1_490' title='bbox 3295 459 3373 512; x_wconf 83' lang='lat' dir='ltr'><strong>sic</strong></span> <span class='ocrx_word' id='word_1_491' title='bbox 3410 459 3623 528; x_wconf 83' lang='lat' dir='ltr'><strong>quidem</strong></span> 
     </span>
    </p>
   </div>
   <div class='ocr_carea' id='block_1_64' title="bbox 2056 548 3627 621">
    <p class='ocr_par' dir='ltr' id='par_1_64' title="bbox 2056 548 3627 621">
     <span class='ocr_line' id='line_1_64' title="bbox 2056 548 3627 621; baseline 0.002 -20"><span class='ocrx_word' id='word_1_492' title='bbox 2056 548 2253 619; x_wconf 89' lang='lat' dir='ltr'><strong>quievit</strong></span> <span class='ocrx_word' id='word_1_493' title='bbox 2279 548 2632 603; x_wconf 87' lang='lat' dir='ltr'><strong>calamitatum</strong></span> <span class='ocrx_word' id='word_1_494' title='bbox 2655 564 2793 604; x_wconf 64' lang='lat' dir='ltr'><strong>saeva</strong></span> <span class='ocrx_word' id='word_1_495' title='bbox 2820 548 3008 616; x_wconf 87' lang='lat' dir='ltr'><strong>hiems,</strong></span> <span class='ocrx_word' id='word_1_496' title='bbox 3044 549 3237 621; x_wconf 89' lang='lat' dir='ltr'><strong>quippe</strong></span> <span class='ocrx_word' id='word_1_497' title='bbox 3262 550 3627 607; x_wconf 87' lang='lat' dir='ltr'><strong>vehementior</strong></span> 
     </span>
    </p>
   </div>
   <div class='ocr_carea' id='block_1_65' title="bbox 2057 640 3625 712">
    <p class='ocr_par' dir='ltr' id='par_1_65' title="bbox 2057 640 3625 712">
     <span class='ocr_line' id='line_1_65' title="bbox 2057 640 3625 712; baseline 0.002 -17"><span class='ocrx_word' id='word_1_498' title='bbox 2057 642 2286 712; x_wconf 87' lang='lat' dir='ltr'><strong>procella</strong></span> <span class='ocrx_word' id='word_1_499' title='bbox 2309 642 2513 697; x_wconf 89' lang='lat' dir='ltr'><strong>irruens</strong></span> <span class='ocrx_word' id='word_1_500' title='bbox 2538 643 2707 712; x_wconf 91' lang='lat' dir='ltr'><strong>ipsum</strong></span> <span class='ocrx_word' id='word_1_501' title='bbox 2734 656 2916 697; x_wconf 87' lang='lat' dir='ltr'><strong>rursus</strong></span> <span class='ocrx_word' id='word_1_502' title='bbox 2940 640 3050 697; x_wconf 91' lang='lat' dir='ltr'><strong>fere</strong></span> <span class='ocrx_word' id='word_1_503' title='bbox 3076 642 3349 700; x_wconf 85' lang='lat' dir='ltr'><strong>demersit.</strong></span> <span class='ocrx_word' id='word_1_504' title='bbox 3378 643 3625 698; x_wconf 86' lang='lat' dir='ltr'><strong>Fortasse</strong></span> 
     </span>
    </p>
   </div>
   <div class='ocr_carea' id='block_1_66' title="bbox 2058 733 3624 804">
    <p class='ocr_par' dir='ltr' id='par_1_66' title="bbox 2058 733 3624 804">
     <span class='ocr_line' id='line_1_66' title="bbox 2058 733 3624 804; baseline -0.001 -15"><span class='ocrx_word' id='word_1_505' title='bbox 2058 749 2145 789; x_wconf 89' lang='lat' dir='ltr'><strong>me</strong></span> <span class='ocrx_word' id='word_1_506' title='bbox 2172 734 2432 804; x_wconf 90' lang='lat' dir='ltr'><strong>quispiam</strong></span> <span class='ocrx_word' id='word_1_507' title='bbox 2474 734 2576 790; x_wconf 92' lang='lat' dir='ltr'><strong>hoc</strong></span> <span class='ocrx_word' id='word_1_508' title='bbox 2614 734 2665 789; x_wconf 90' lang='lat' dir='ltr'><strong>in</strong></span> <span class='ocrx_word' id='word_1_509' title='bbox 2700 733 2825 789; x_wconf 78' lang='lat' dir='ltr'><strong>loco</strong></span> <span class='ocrx_word' id='word_1_510' title='bbox 2864 734 3082 789; x_wconf 87' lang='lat' dir='ltr'><strong>insidias</strong></span> <span class='ocrx_word' id='word_1_511' title='bbox 3106 733 3337 789; x_wconf 65' lang='lat' dir='ltr'><strong>dominae</strong></span> <span class='ocrx_word' id='word_1_512' title='bbox 3363 733 3624 789; x_wconf 88' lang='lat' dir='ltr'><strong>dicturum</strong></span> 
     </span>
    </p>
   </div>
   <div class='ocr_carea' id='block_1_67' title="bbox 2058 824 3626 897">
    <p class='ocr_par' dir='ltr' id='par_1_67' title="bbox 2058 824 3626 897">
     <span class='ocr_line' id='line_1_67' title="bbox 2058 824 3626 897; baseline 0 -18"><span class='ocrx_word' id='word_1_513' title='bbox 2058 824 2353 887; x_wconf 85' lang='lat' dir='ltr'><strong>existimet;</strong></span> <span class='ocrx_word' id='word_1_514' title='bbox 2398 838 2497 895; x_wconf 89' lang='lat' dir='ltr'><strong>ego</strong></span> <span class='ocrx_word' id='word_1_515' title='bbox 2532 840 2661 879; x_wconf 88' lang='lat' dir='ltr'><strong>vero</strong></span> <span class='ocrx_word' id='word_1_516' title='bbox 2697 833 2818 879; x_wconf 89' lang='lat' dir='ltr'><strong>ante</strong></span> <span class='ocrx_word' id='word_1_517' title='bbox 2852 839 2969 880; x_wconf 91' lang='lat' dir='ltr'><strong>eam</strong></span> <span class='ocrx_word' id='word_1_518' title='bbox 3012 839 3222 894; x_wconf 87' lang='lat' dir='ltr'><strong>quoque</strong></span> <span class='ocrx_word' id='word_1_519' title='bbox 3263 833 3626 897; x_wconf 88' lang='lat' dir='ltr'><strong>tempestatem</strong></span> 
     </span>
    </p>
   </div>
   <div class='ocr_carea' id='block_1_68' title="bbox 2060 913 3624 986">
    <p class='ocr_par' dir='ltr' id='par_1_68' title="bbox 2060 913 3624 986">
     <span class='ocr_line' id='line_1_68' title="bbox 2060 913 3624 986; baseline 0.003 -19"><span class='ocrx_word' id='word_1_520' title='bbox 2060 914 2217 968; x_wconf 91' lang='lat' dir='ltr'><strong>aliam</strong></span> <span class='ocrx_word' id='word_1_521' title='bbox 2244 916 2518 970; x_wconf 71' lang='lat' dir='ltr'><strong>smviorem</strong></span> <span class='ocrx_word' id='word_1_522' title='bbox 2543 914 2733 970; x_wconf 90' lang='lat' dir='ltr'><strong>dicam.</strong></span> <span class='ocrx_word' id='word_1_523' title='bbox 2761 913 2931 969; x_wconf 89' lang='lat' dir='ltr'><strong>Grave</strong></span> <span class='ocrx_word' id='word_1_524' title='bbox 2951 914 3185 984; x_wconf 91' lang='lat' dir='ltr'><strong>quidem,</strong></span> <span class='ocrx_word' id='word_1_525' title='bbox 3213 930 3274 969; x_wconf 94' lang='lat' dir='ltr'><strong>re</strong></span> <span class='ocrx_word' id='word_1_526' title='bbox 3298 930 3419 970; x_wconf 91' lang='lat' dir='ltr'><strong>vera</strong></span> <span class='ocrx_word' id='word_1_527' title='bbox 3443 930 3624 986; x_wconf 86' lang='lat' dir='ltr'><strong>grave,</strong></span> 
     </span>
    </p>
   </div>
   <div class='ocr_carea' id='block_1_69' title="bbox 2059 1004 3629 1076">
    <p class='ocr_par' dir='ltr' id='par_1_69' title="bbox 2059 1004 3629 1076">
     <span class='ocr_line' id='line_1_69' title="bbox 2059 1004 3629 1076; baseline 0.001 -17"><span class='ocrx_word' id='word_1_528' title='bbox 2059 1006 2349 1060; x_wconf 89' lang='lat' dir='ltr'><strong>calumnias</strong></span> <span class='ocrx_word' id='word_1_529' title='bbox 2390 1004 2689 1075; x_wconf 90' lang='lat' dir='ltr'><strong>hujusmodi</strong></span> <span class='ocrx_word' id='word_1_530' title='bbox 2734 1005 3014 1061; x_wconf 81' lang='lat' dir='ltr'><strong>criminum</strong></span> <span class='ocrx_word' id='word_1_531' title='bbox 3051 1007 3155 1075; x_wconf 88' lang='lat' dir='ltr'><strong>pati</strong></span> <span class='ocrx_word' id='word_1_532' title='bbox 3183 1005 3548 1076; x_wconf 86' lang='lat' dir='ltr'><strong>damnarique.</strong></span> <span class='ocrx_word' id='word_1_533' title='bbox 3578 1017 3629 1061; x_wconf 91' lang='lat' dir='ltr'><strong>et</strong></span> 
     </span>
    </p>
   </div>
   <div class='ocr_carea' id='block_1_70' title="bbox 2061 1095 3627 1166">
    <p class='ocr_par' dir='ltr' id='par_1_70' title="bbox 2061 1095 3627 1166">
     <span class='ocr_line' id='line_1_70' title="bbox 2061 1095 3627 1166; baseline 0.001 -17"><span class='ocrx_word' id='word_1_534' title='bbox 2061 1110 2329 1149; x_wconf 89' lang='lat' dir='ltr'><strong>carcerem</strong></span> <span class='ocrx_word' id='word_1_535' title='bbox 2361 1103 2465 1149; x_wconf 87' lang='lat' dir='ltr'><strong>tam</strong></span> <span class='ocrx_word' id='word_1_536' title='bbox 2496 1096 2703 1165; x_wconf 86' lang='lat' dir='ltr'><strong>prolixo</strong></span> <span class='ocrx_word' id='word_1_537' title='bbox 2728 1104 2965 1164; x_wconf 90' lang='lat' dir='ltr'><strong>tempore</strong></span> <span class='ocrx_word' id='word_1_538' title='bbox 2993 1095 3225 1150; x_wconf 90' lang='lat' dir='ltr'><strong>incolere</strong></span> <span class='ocrx_word' id='word_1_539' title='bbox 3252 1112 3474 1166; x_wconf 89' lang='lat' dir='ltr'><strong>puerum</strong></span> <span class='ocrx_word' id='word_1_540' title='bbox 3506 1097 3627 1151; x_wconf 89' lang='lat' dir='ltr'><strong>libe-</strong></span> 
     </span>
    </p>
   </div>
   <div class='ocr_carea' id='block_1_71' title="bbox 2060 1186 3628 1260">
    <p class='ocr_par' dir='ltr' id='par_1_71' title="bbox 2060 1186 3628 1260">
     <span class='ocr_line' id='line_1_71' title="bbox 2060 1186 3628 1260; baseline 0.001 -20"><span class='ocrx_word' id='word_1_541' title='bbox 2060 1202 2200 1251; x_wconf 90' lang='lat' dir='ltr'><strong>rum,</strong></span> <span class='ocrx_word' id='word_1_542' title='bbox 2224 1186 2474 1252; x_wconf 88' lang='lat' dir='ltr'><strong>nobilem,</strong></span> <span class='ocrx_word' id='word_1_543' title='bbox 2497 1186 2717 1257; x_wconf 87' lang='lat' dir='ltr'><strong>ejusque</strong></span> <span class='ocrx_word' id='word_1_544' title='bbox 2738 1187 3066 1243; x_wconf 90' lang='lat' dir='ltr'><strong>necessitatis</strong></span> <span class='ocrx_word' id='word_1_545' title='bbox 3086 1186 3336 1243; x_wconf 87' lang='lat' dir='ltr'><strong>hactenus</strong></span> <span class='ocrx_word' id='word_1_546' title='bbox 3361 1188 3598 1260; x_wconf 85' lang='lat' dir='ltr'><strong>ignarum</strong></span> <span class='ocrx_word' id='word_1_547' title='bbox 3614 1232 3628 1255; x_wconf 93' lang='lat'><strong>,</strong></span> 
     </span>
    </p>
   </div>
   <div class='ocr_carea' id='block_1_72' title="bbox 2060 1275 3629 1347">
    <p class='ocr_par' dir='ltr' id='par_1_72' title="bbox 2060 1275 3629 1347">
     <span class='ocr_line' id='line_1_72' title="bbox 2060 1275 3629 1347; baseline 0.001 -18"><span class='ocrx_word' id='word_1_548' title='bbox 2060 1275 2153 1329; x_wconf 82' lang='lat' dir='ltr'><strong>Sed</strong></span> <span class='ocrx_word' id='word_1_549' title='bbox 2182 1290 2311 1329; x_wconf 90' lang='lat' dir='ltr'><strong>sane</strong></span> <span class='ocrx_word' id='word_1_550' title='bbox 2337 1277 2549 1345; x_wconf 87' lang='lat' dir='ltr'><strong>gravius</strong></span> <span class='ocrx_word' id='word_1_551' title='bbox 2578 1275 2661 1331; x_wconf 89' lang='lat' dir='ltr'><strong>his</strong></span> <span class='ocrx_word' id='word_1_552' title='bbox 2690 1276 2935 1331; x_wconf 92' lang='lat' dir='ltr'><strong>omnibus</strong></span> <span class='ocrx_word' id='word_1_553' title='bbox 2964 1277 3038 1331; x_wconf 92' lang='lat' dir='ltr'><strong>illi</strong></span> <span class='ocrx_word' id='word_1_554' title='bbox 3066 1278 3238 1333; x_wconf 91' lang='lat' dir='ltr'><strong>visum</strong></span> <span class='ocrx_word' id='word_1_555' title='bbox 3262 1286 3411 1347; x_wconf 92' lang='lat' dir='ltr'><strong>puto,</strong></span> <span class='ocrx_word' id='word_1_556' title='bbox 3441 1278 3629 1333; x_wconf 89' lang='lat' dir='ltr'><strong>ﬂuctus</strong></span> 
     </span>
    </p>
   </div>
   <div class='ocr_carea' id='block_1_73' title="bbox 2061 1368 3626 1441">
    <p class='ocr_par' dir='ltr' id='par_1_73' title="bbox 2061 1368 3626 1441">
     <span class='ocr_line' id='line_1_73' title="bbox 2061 1368 3626 1441; baseline 0.001 -18"><span class='ocrx_word' id='word_1_557' title='bbox 2061 1368 2233 1423; x_wconf 58' lang='lat' dir='ltr'><strong>astatis</strong></span> <span class='ocrx_word' id='word_1_558' title='bbox 2258 1370 2667 1438; x_wconf 78' lang='lat' dir='ltr'><strong>compescuisse.</strong></span> <span class='ocrx_word' id='word_1_559' title='bbox 2697 1368 2751 1425; x_wconf 90' lang='lat' dir='ltr'><strong>Si</strong></span> <span class='ocrx_word' id='word_1_560' title='bbox 2779 1369 2919 1425; x_wconf 90' lang='lat' dir='ltr'><strong>enim</strong></span> <span class='ocrx_word' id='word_1_561' title='bbox 2951 1370 3094 1423; x_wconf 92' lang='lat' dir='ltr'><strong>nulla</strong></span> <span class='ocrx_word' id='word_1_562' title='bbox 3122 1369 3363 1441; x_wconf 84' lang='lat' dir='ltr'><strong>flagranti</strong></span> <span class='ocrx_word' id='word_1_563' title='bbox 3384 1374 3626 1439; x_wconf 74' lang='lat' dir='ltr'><strong>concupi-</strong></span> 
     </span>
    </p>
   </div>
   <div class='ocr_carea' id='block_1_74' title="bbox 2062 1460 3627 1532">
    <p class='ocr_par' dir='ltr' id='par_1_74' title="bbox 2062 1460 3627 1532">
     <span class='ocr_line' id='line_1_74' title="bbox 2062 1460 3627 1532; baseline 0.002 -18"><span class='ocrx_word' id='word_1_564' title='bbox 2062 1462 2261 1519; x_wconf 86' lang='lat' dir='ltr'><strong>scentia</strong></span> <span class='ocrx_word' id='word_1_565' title='bbox 2287 1470 2462 1515; x_wconf 90' lang='lat' dir='ltr'><strong>motus</strong></span> <span class='ocrx_word' id='word_1_566' title='bbox 2497 1461 2634 1516; x_wconf 90' lang='lat' dir='ltr'><strong>illius</strong></span> <span class='ocrx_word' id='word_1_567' title='bbox 2661 1475 2870 1516; x_wconf 87' lang='lat' dir='ltr'><strong>amores</strong></span> <span class='ocrx_word' id='word_1_568' title='bbox 2899 1460 3283 1532; x_wconf 88' lang='lat' dir='ltr'><strong>blanditiasque</strong></span> <span class='ocrx_word' id='word_1_569' title='bbox 3319 1463 3627 1532; x_wconf 84' lang='lat' dir='ltr'><strong>respuisset,</strong></span> 
     </span>
    </p>
   </div>
   <div class='ocr_carea' id='block_1_75' title="bbox 2063 1550 3627 1621">
    <p class='ocr_par' dir='ltr' id='par_1_75' title="bbox 2063 1550 3627 1621">
     <span class='ocr_line' id='line_1_75' title="bbox 2063 1550 3627 1621; baseline 0.002 -17"><span class='ocrx_word' id='word_1_570' title='bbox 2063 1566 2167 1604; x_wconf 91' lang='lat' dir='ltr'><strong>non</strong></span> <span class='ocrx_word' id='word_1_571' title='bbox 2208 1550 2335 1604; x_wconf 92' lang='lat' dir='ltr'><strong>mihi</strong></span> <span class='ocrx_word' id='word_1_572' title='bbox 2364 1550 2435 1605; x_wconf 90' lang='lat' dir='ltr'><strong>ita</strong></span> <span class='ocrx_word' id='word_1_573' title='bbox 2462 1550 2753 1606; x_wconf 86' lang='lat' dir='ltr'><strong>laudandus</strong></span> <span class='ocrx_word' id='word_1_574' title='bbox 2789 1558 2945 1621; x_wconf 89' lang='lat' dir='ltr'><strong>atque</strong></span> <span class='ocrx_word' id='word_1_575' title='bbox 2973 1550 3313 1607; x_wconf 89' lang='lat' dir='ltr'><strong>admirandus</strong></span> <span class='ocrx_word' id='word_1_576' title='bbox 3336 1552 3627 1618; x_wconf 88' lang='lat' dir='ltr'><strong>videretur,</strong></span> 
     </span>
    </p>
   </div>
   <div class='ocr_carea' id='block_1_76' title="bbox 2060 1640 3625 1713">
    <p class='ocr_par' dir='ltr' id='par_1_76' title="bbox 2060 1640 3625 1713">
     <span class='ocr_line' id='line_1_76' title="bbox 2060 1640 3625 1713; baseline 0.002 -17"><span class='ocrx_word' id='word_1_577' title='bbox 2060 1640 2255 1697; x_wconf 87' lang='lat' dir='ltr'><strong>Christi</strong></span> <span class='ocrx_word' id='word_1_578' title='bbox 2283 1642 2483 1696; x_wconf 91' lang='lat' dir='ltr'><strong>scilicet</strong></span> <span class='ocrx_word' id='word_1_579' title='bbox 2501 1642 2775 1697; x_wconf 65' lang='lat' dir='ltr'><strong>sententiae</strong></span> <span class='ocrx_word' id='word_1_580' title='bbox 2795 1641 3049 1697; x_wconf 90' lang='lat' dir='ltr'><strong>credenti.</strong></span> <span class='ocrx_word' id='word_1_581' title='bbox 3075 1641 3255 1713; x_wconf 88' lang='lat' dir='ltr'><strong>Neque</strong></span> <span class='ocrx_word' id='word_1_582' title='bbox 3274 1643 3414 1698; x_wconf 92' lang='lat' dir='ltr'><strong>enim</strong></span> <span class='ocrx_word' id='word_1_583' title='bbox 3436 1644 3521 1699; x_wconf 91' lang='lat' dir='ltr'><strong>ille</strong></span> <span class='ocrx_word' id='word_1_584' title='bbox 3540 1660 3625 1700; x_wconf 82' lang='lat' dir='ltr'><strong>eos</strong></span> 
     </span>
    </p>
   </div>
   <div class='ocr_carea' id='block_1_77' title="bbox 2062 1732 3628 1803">
    <p class='ocr_par' dir='ltr' id='par_1_77' title="bbox 2062 1732 3628 1803">
     <span class='ocr_line' id='line_1_77' title="bbox 2062 1732 3628 1803; baseline 0.001 -16"><span class='ocrx_word' id='word_1_585' title='bbox 2062 1734 2151 1803; x_wconf 90' lang='lat' dir='ltr'><strong>qui</strong></span> <span class='ocrx_word' id='word_1_586' title='bbox 2177 1740 2361 1788; x_wconf 86' lang='lat' dir='ltr'><strong>natura</strong></span> <span class='ocrx_word' id='word_1_587' title='bbox 2382 1742 2504 1788; x_wconf 90' lang='lat' dir='ltr'><strong>sunt</strong></span> <span class='ocrx_word' id='word_1_588' title='bbox 2531 1732 2776 1796; x_wconf 89' lang='lat' dir='ltr'><strong>eunuchi,</strong></span> <span class='ocrx_word' id='word_1_589' title='bbox 2797 1733 2892 1788; x_wconf 94' lang='lat' dir='ltr'><strong>sed</strong></span> <span class='ocrx_word' id='word_1_590' title='bbox 2913 1734 3002 1803; x_wconf 91' lang='lat' dir='ltr'><strong>qui</strong></span> <span class='ocrx_word' id='word_1_591' title='bbox 3025 1733 3228 1803; x_wconf 89' lang='lat' dir='ltr'><strong>seipsos</strong></span> <span class='ocrx_word' id='word_1_592' title='bbox 3244 1742 3628 1798; x_wconf 86' lang='lat' dir='ltr'><strong>castraverunt.</strong></span> 
     </span>
    </p>
   </div>
   <div class='ocr_carea' id='block_1_78' title="bbox 2062 1824 3631 1898">
    <p class='ocr_par' dir='ltr' id='par_1_78' title="bbox 2062 1824 3631 1898">
     <span class='ocr_line' id='line_1_78' title="bbox 2062 1824 3631 1898; baseline 0.001 -18"><span class='ocrx_word' id='word_1_593' title='bbox 2062 1825 2251 1896; x_wconf 89' lang='lat' dir='ltr'><strong>dignos</strong></span> <span class='ocrx_word' id='word_1_594' title='bbox 2294 1841 2456 1895; x_wconf 87' lang='lat' dir='ltr'><strong>regno</strong></span> <span class='ocrx_word' id='word_1_595' title='bbox 2496 1825 2744 1883; x_wconf 68' lang='lat' dir='ltr'><strong>caelorum</strong></span> <span class='ocrx_word' id='word_1_596' title='bbox 2784 1825 2917 1880; x_wconf 88' lang='lat' dir='ltr'><strong>dixit</strong></span> <span class='ocrx_word' id='word_1_597' title='bbox 2963 1824 3189 1897; x_wconf 77' lang='lat' dir='ltr'><strong>(Matth.</strong></span> <span class='ocrx_word' id='word_1_598' title='bbox 3235 1825 3321 1881; x_wconf 86' lang='grc'><strong>19.</strong></span> <span class='ocrx_word' id='word_1_599' title='bbox 3372 1825 3496 1898; x_wconf 76' lang='grc'><strong>12).</strong></span> <span class='ocrx_word' id='word_1_600' title='bbox 3538 1828 3631 1883; x_wconf 89' lang='lat' dir='ltr'><strong>Sin</strong></span> 
     </span>
    </p>
   </div>
   <div class='ocr_carea' id='block_1_79' title="bbox 2064 1915 3632 1985">
    <p class='ocr_par' dir='ltr' id='par_1_79' title="bbox 2064 1915 3632 1985">
     <span class='ocr_line' id='line_1_79' title="bbox 2064 1915 3632 1985; baseline 0.003 -17"><span class='ocrx_word' id='word_1_601' title='bbox 2064 1930 2189 1970; x_wconf 84' lang='lat' dir='ltr'><strong>vero</strong></span> <span class='ocrx_word' id='word_1_602' title='bbox 2215 1930 2397 1979; x_wconf 90' lang='lat' dir='ltr'><strong>secus,</strong></span> <span class='ocrx_word' id='word_1_603' title='bbox 2430 1931 2587 1985; x_wconf 87' lang='lat' dir='ltr'><strong>quam</strong></span> <span class='ocrx_word' id='word_1_604' title='bbox 2617 1915 2707 1970; x_wconf 90' lang='lat' dir='ltr'><strong>ille</strong></span> <span class='ocrx_word' id='word_1_605' title='bbox 2736 1916 3009 1970; x_wconf 73' lang='lat' dir='ltr'><strong>victoriam</strong></span> <span class='ocrx_word' id='word_1_606' title='bbox 3040 1916 3346 1972; x_wconf 81' lang='lat' dir='ltr'><strong>retulisset?</strong></span> <span class='ocrx_word' id='word_1_607' title='bbox 3380 1917 3632 1973; x_wconf 89' lang='lat' dir='ltr'><strong>adversus</strong></span> 
     </span>
    </p>
   </div>
   <div class='ocr_carea' id='block_1_80' title="bbox 2063 2005 3633 2077">
    <p class='ocr_par' dir='ltr' id='par_1_80' title="bbox 2063 2005 3633 2077">
     <span class='ocr_line' id='line_1_80' title="bbox 2063 2005 3633 2077; baseline 0.004 -18"><span class='ocrx_word' id='word_1_608' title='bbox 2063 2020 2220 2075; x_wconf 91' lang='lat' dir='ltr'><strong>quem</strong></span> <span class='ocrx_word' id='word_1_609' title='bbox 2259 2005 2515 2060; x_wconf 85' lang='lat' dir='ltr'><strong>dimicans</strong></span> <span class='ocrx_word' id='word_1_610' title='bbox 2551 2020 2803 2061; x_wconf 89' lang='lat' dir='ltr'><strong>coronam</strong></span> <span class='ocrx_word' id='word_1_611' title='bbox 2848 2007 3172 2076; x_wconf 88' lang='lat' dir='ltr'><strong>reportaret?</strong></span> <span class='ocrx_word' id='word_1_612' title='bbox 3213 2022 3441 2077; x_wconf 89' lang='lat' dir='ltr'><strong>quonam</strong></span> <span class='ocrx_word' id='word_1_613' title='bbox 3482 2012 3633 2065; x_wconf 88' lang='lat' dir='ltr'><strong>hoste</strong></span> 
     </span>
    </p>
   </div>
   <div class='ocr_carea' id='block_1_81' title="bbox 2063 2098 3634 2172">
    <p class='ocr_par' dir='ltr' id='par_1_81' title="bbox 2063 2098 3634 2172">
     <span class='ocr_line' id='line_1_81' title="bbox 2063 2098 3634 2172; baseline 0.003 -20"><span class='ocrx_word' id='word_1_614' title='bbox 2063 2108 2315 2168; x_wconf 90' lang='lat' dir='ltr'><strong>superato</strong></span> <span class='ocrx_word' id='word_1_615' title='bbox 2357 2098 2528 2154; x_wconf 92' lang='lat' dir='ltr'><strong>vietor</strong></span> <span class='ocrx_word' id='word_1_616' title='bbox 2569 2098 3016 2167; x_wconf 88' lang='lat' dir='ltr'><strong>proclamaretur,</strong></span> <span class='ocrx_word' id='word_1_617' title='bbox 3060 2099 3105 2153; x_wconf 92' lang='lat' dir='ltr'><strong>si</strong></span> <span class='ocrx_word' id='word_1_618' title='bbox 3148 2100 3321 2156; x_wconf 91' lang='lat' dir='ltr'><strong>nullus</strong></span> <span class='ocrx_word' id='word_1_619' title='bbox 3363 2112 3504 2158; x_wconf 89' lang='lat' dir='ltr'><strong>esset</strong></span> <span class='ocrx_word' id='word_1_620' title='bbox 3545 2105 3634 2172; x_wconf 91' lang='lat' dir='ltr'><strong>qui</strong></span> 
     </span>
    </p>
   </div>
   <div class='ocr_carea' id='block_1_82' title="bbox 2063 2188 3631 2264">
    <p class='ocr_par' dir='ltr' id='par_1_82' title="bbox 2063 2188 3631 2264">
     <span class='ocr_line' id='line_1_82' title="bbox 2063 2188 3631 2264; baseline 0.005 -23"><span class='ocrx_word' id='word_1_621' title='bbox 2063 2188 2442 2255; x_wconf 87' lang='lat' dir='ltr'><strong>obluctaretur,</strong></span> <span class='ocrx_word' id='word_1_622' title='bbox 2469 2204 2695 2260; x_wconf 85' lang='lat' dir='ltr'><strong>eumque</strong></span> <span class='ocrx_word' id='word_1_623' title='bbox 2725 2189 2979 2245; x_wconf 90' lang='lat' dir='ltr'><strong>niteretur</strong></span> <span class='ocrx_word' id='word_1_624' title='bbox 2997 2190 3259 2259; x_wconf 84' lang='lat' dir='ltr'><strong>dejicere?</strong></span> <span class='ocrx_word' id='word_1_625' title='bbox 3288 2192 3465 2264; x_wconf 88' lang='lat' dir='ltr'><strong>Neque</strong></span> <span class='ocrx_word' id='word_1_626' title='bbox 3490 2196 3631 2249; x_wconf 91' lang='lat' dir='ltr'><strong>enim</strong></span> 
     </span>
    </p>
   </div>
   <div class='ocr_carea' id='block_1_83' title="bbox 2063 2278 3632 2350">
    <p class='ocr_par' dir='ltr' id='par_1_83' title="bbox 2063 2278 3632 2350">
     <span class='ocr_line' id='line_1_83' title="bbox 2063 2278 3632 2350; baseline 0.005 -18"><span class='ocrx_word' id='word_1_627' title='bbox 2063 2293 2156 2333; x_wconf 91' lang='lat' dir='ltr'><strong>eos</strong></span> <span class='ocrx_word' id='word_1_628' title='bbox 2180 2278 2271 2349; x_wconf 92' lang='lat' dir='ltr'><strong>qui</strong></span> <span class='ocrx_word' id='word_1_629' title='bbox 2297 2279 2366 2334; x_wconf 89' lang='lat' dir='ltr'><strong>ab</strong></span> <span class='ocrx_word' id='word_1_630' title='bbox 2398 2280 2739 2335; x_wconf 88' lang='lat' dir='ltr'><strong>animantium</strong></span> <span class='ocrx_word' id='word_1_631' title='bbox 2773 2281 2914 2336; x_wconf 92' lang='lat' dir='ltr'><strong>coitu</strong></span> <span class='ocrx_word' id='word_1_632' title='bbox 2951 2280 3347 2350; x_wconf 91' lang='lat' dir='ltr'><strong>abstinuerunt,</strong></span> <span class='ocrx_word' id='word_1_633' title='bbox 3374 2285 3632 2340; x_wconf 88' lang='lat' dir='ltr'><strong>castitatis</strong></span> 
     </span>
    </p>
   </div>
   <div class='ocr_carea' id='block_1_84' title="bbox 2062 2369 3630 2442">
    <p class='ocr_par' dir='ltr' id='par_1_84' title="bbox 2062 2369 3630 2442">
     <span class='ocr_line' id='line_1_84' title="bbox 2062 2369 3630 2442; baseline 0.003 -18"><span class='ocrx_word' id='word_1_634' title='bbox 2062 2369 2270 2424; x_wconf 88' lang='lat' dir='ltr'><strong>ratione</strong></span> <span class='ocrx_word' id='word_1_635' title='bbox 2296 2370 2676 2439; x_wconf 66' lang='lat' dir='ltr'><strong>praedicamus,</strong></span> <span class='ocrx_word' id='word_1_636' title='bbox 2704 2372 2845 2442; x_wconf 90' lang='lat' dir='ltr'><strong>quod</strong></span> <span class='ocrx_word' id='word_1_637' title='bbox 2883 2379 3084 2427; x_wconf 66' lang='lat' dir='ltr'><strong>naturae</strong></span> <span class='ocrx_word' id='word_1_638' title='bbox 3122 2373 3276 2428; x_wconf 89' lang='lat' dir='ltr'><strong>insita</strong></span> <span class='ocrx_word' id='word_1_639' title='bbox 3306 2388 3411 2429; x_wconf 90' lang='lat' dir='ltr'><strong>non</strong></span> <span class='ocrx_word' id='word_1_640' title='bbox 3442 2375 3511 2430; x_wconf 87' lang='lat' dir='ltr'><strong>sit</strong></span> <span class='ocrx_word' id='word_1_641' title='bbox 3536 2375 3630 2429; x_wconf 86' lang='lat' dir='ltr'><strong>hu-</strong></span> 
     </span>
    </p>
   </div>
   <div class='ocr_carea' id='block_1_85' title="bbox 2058 2460 3631 2533">
    <p class='ocr_par' dir='ltr' id='par_1_85' title="bbox 2058 2460 3631 2533">
     <span class='ocr_line' id='line_1_85' title="bbox 2058 2460 3631 2533; baseline 0.005 -19"><span class='ocrx_word' id='word_1_642' title='bbox 2058 2460 2291 2530; x_wconf 88' lang='lat' dir='ltr'><strong>jusmodi</strong></span> <span class='ocrx_word' id='word_1_643' title='bbox 2316 2462 2762 2531; x_wconf 88' lang='lat' dir='ltr'><strong>concupiscentia.</strong></span> <span class='ocrx_word' id='word_1_644' title='bbox 2785 2464 2840 2518; x_wconf 91' lang='lat' dir='ltr'><strong>Si</strong></span> <span class='ocrx_word' id='word_1_645' title='bbox 2862 2463 3020 2533; x_wconf 86' lang='lat' dir='ltr'><strong>igitur</strong></span> <span class='ocrx_word' id='word_1_646' title='bbox 3039 2464 3194 2519; x_wconf 91' lang='lat' dir='ltr'><strong>beato</strong></span> <span class='ocrx_word' id='word_1_647' title='bbox 3215 2465 3286 2519; x_wconf 93' lang='lat' dir='ltr'><strong>illi</strong></span> <span class='ocrx_word' id='word_1_648' title='bbox 3308 2465 3631 2522; x_wconf 87' lang='lat' dir='ltr'><strong>adolescenti</strong></span> 
     </span>
    </p>
   </div>
   <div class='ocr_carea' id='block_1_86' title="bbox 2062 2552 3631 2628">
    <p class='ocr_par' dir='ltr' id='par_1_86' title="bbox 2062 2552 3631 2628">
     <span class='ocr_line' id='line_1_86' title="bbox 2062 2552 3631 2628; baseline 0.004 -20"><span class='ocrx_word' id='word_1_649' title='bbox 2062 2552 2323 2622; x_wconf 89' lang='lat' dir='ltr'><strong>ejusmodi</strong></span> <span class='ocrx_word' id='word_1_650' title='bbox 2350 2554 2485 2623; x_wconf 89' lang='lat' dir='ltr'><strong>ignis</strong></span> <span class='ocrx_word' id='word_1_651' title='bbox 2513 2554 2642 2609; x_wconf 90' lang='lat' dir='ltr'><strong>nihil</strong></span> <span class='ocrx_word' id='word_1_652' title='bbox 2669 2555 2922 2610; x_wconf 81' lang='lat' dir='ltr'><strong>molestus</strong></span> <span class='ocrx_word' id='word_1_653' title='bbox 2939 2555 3054 2621; x_wconf 92' lang='lat' dir='ltr'><strong>fuit,</strong></span> <span class='ocrx_word' id='word_1_654' title='bbox 3079 2557 3202 2628; x_wconf 91' lang='lat' dir='ltr'><strong>quid</strong></span> <span class='ocrx_word' id='word_1_655' title='bbox 3223 2567 3305 2613; x_wconf 91' lang='lat' dir='ltr'><strong>est</strong></span> <span class='ocrx_word' id='word_1_656' title='bbox 3329 2558 3466 2628; x_wconf 91' lang='lat' dir='ltr'><strong>quod</strong></span> <span class='ocrx_word' id='word_1_657' title='bbox 3492 2559 3631 2614; x_wconf 91' lang='lat' dir='ltr'><strong>illius</strong></span> 
     </span>
    </p>
   </div>
   <div class='ocr_carea' id='block_1_87' title="bbox 2061 2643 3631 2720">
    <p class='ocr_par' dir='ltr' id='par_1_87' title="bbox 2061 2643 3631 2720">
     <span class='ocr_line' id='line_1_87' title="bbox 2061 2643 3631 2720; baseline 0.004 -24"><span class='ocrx_word' id='word_1_658' title='bbox 2061 2643 2357 2698; x_wconf 90' lang='lat' dir='ltr'><strong>castitatem</strong></span> <span class='ocrx_word' id='word_1_659' title='bbox 2384 2643 2455 2698; x_wconf 92' lang='lat' dir='ltr'><strong>ita</strong></span> <span class='ocrx_word' id='word_1_660' title='bbox 2484 2644 2837 2699; x_wconf 89' lang='lat' dir='ltr'><strong>admiramur?</strong></span> <span class='ocrx_word' id='word_1_661' title='bbox 2882 2645 3031 2714; x_wconf 87' lang='lat' dir='ltr'><strong>Quod</strong></span> <span class='ocrx_word' id='word_1_662' title='bbox 3073 2648 3115 2701; x_wconf 92' lang='lat' dir='ltr'><strong>si</strong></span> <span class='ocrx_word' id='word_1_663' title='bbox 3148 2662 3214 2703; x_wconf 92' lang='lat' dir='ltr'><strong>eo</strong></span> <span class='ocrx_word' id='word_1_664' title='bbox 3238 2658 3495 2718; x_wconf 91' lang='lat' dir='ltr'><strong>tempore,</strong></span> <span class='ocrx_word' id='word_1_665' title='bbox 3525 2665 3631 2720; x_wconf 92' lang='lat' dir='ltr'><strong>quo</strong></span> 
     </span>
    </p>
   </div>
   <div class='ocr_carea' id='block_1_88' title="bbox 2062 2734 3630 2814">
    <p class='ocr_par' dir='ltr' id='par_1_88' title="bbox 2062 2734 3630 2814">
     <span class='ocr_line' id='line_1_88' title="bbox 2062 2734 3630 2814; baseline 0.008 -27"><span class='ocrx_word' id='word_1_666' title='bbox 2062 2734 2426 2792; x_wconf 89' lang='lat' dir='ltr'><strong>vehementius</strong></span> <span class='ocrx_word' id='word_1_667' title='bbox 2453 2736 2755 2806; x_wconf 90' lang='lat' dir='ltr'><strong>hujusmodi</strong></span> <span class='ocrx_word' id='word_1_668' title='bbox 2796 2737 3007 2794; x_wconf 86' lang='lat' dir='ltr'><strong>ﬂamma</strong></span> <span class='ocrx_word' id='word_1_669' title='bbox 3046 2742 3380 2796; x_wconf 90' lang='lat' dir='ltr'><strong>succenditur</strong></span> <span class='ocrx_word' id='word_1_670' title='bbox 3406 2745 3630 2814; x_wconf 86' lang='lat' dir='ltr'><strong>(agebat</strong></span> 
     </span>
    </p>
   </div>
   <div class='ocr_carea' id='block_1_89' title="bbox 2062 2827 3630 2903">
    <p class='ocr_par' dir='ltr' id='par_1_89' title="bbox 2062 2827 3630 2903">
     <span class='ocr_line' id='line_1_89' title="bbox 2062 2827 3630 2903; baseline 0.006 -22"><span class='ocrx_word' id='word_1_671' title='bbox 2062 2827 2255 2896; x_wconf 91' lang='lat' dir='ltr'><strong>quippe</strong></span> <span class='ocrx_word' id='word_1_672' title='bbox 2282 2836 2404 2882; x_wconf 93' lang='lat' dir='ltr'><strong>tunc</strong></span> <span class='ocrx_word' id='word_1_673' title='bbox 2425 2829 2735 2897; x_wconf 90' lang='lat' dir='ltr'><strong>vigesimum</strong></span> <span class='ocrx_word' id='word_1_674' title='bbox 2761 2830 2930 2884; x_wconf 67' lang='lat' dir='ltr'><strong>artatis</strong></span> <span class='ocrx_word' id='word_1_675' title='bbox 2951 2830 3201 2903; x_wconf 88' lang='lat' dir='ltr'><strong>annum),</strong></span> <span class='ocrx_word' id='word_1_676' title='bbox 3231 2842 3285 2887; x_wconf 92' lang='lat' dir='ltr'><strong>et</strong></span> <span class='ocrx_word' id='word_1_677' title='bbox 3320 2848 3438 2888; x_wconf 91' lang='lat' dir='ltr'><strong>cum</strong></span> <span class='ocrx_word' id='word_1_678' title='bbox 3474 2837 3630 2892; x_wconf 86' lang='lat' dir='ltr'><strong>nullis</strong></span> 
     </span>
    </p>
   </div>
   <div class='ocr_carea' id='block_1_90' title="bbox 2062 2918 3629 2996">
    <p class='ocr_par' dir='ltr' id='par_1_90' title="bbox 2062 2918 3629 2996">
     <span class='ocr_line' id='line_1_90' title="bbox 2062 2918 3629 2996; baseline 0.006 -25"><span class='ocrx_word' id='word_1_679' title='bbox 2062 2918 2288 2973; x_wconf 88' lang='lat' dir='ltr'><strong>admotis</strong></span> <span class='ocrx_word' id='word_1_680' title='bbox 2317 2919 2433 2973; x_wconf 90' lang='lat' dir='ltr'><strong>aliis</strong></span> <span class='ocrx_word' id='word_1_681' title='bbox 2461 2918 2704 2973; x_wconf 92' lang='lat' dir='ltr'><strong>fomentis</strong></span> <span class='ocrx_word' id='word_1_682' title='bbox 2732 2920 3072 2975; x_wconf 89' lang='lat' dir='ltr'><strong>intolerabilis</strong></span> <span class='ocrx_word' id='word_1_683' title='bbox 3102 2938 3197 2991; x_wconf 88' lang='lat' dir='ltr'><strong>per</strong></span> <span class='ocrx_word' id='word_1_684' title='bbox 3222 2938 3279 2978; x_wconf 90' lang='lat' dir='ltr'><strong>se</strong></span> <span class='ocrx_word' id='word_1_685' title='bbox 3307 2936 3387 2979; x_wconf 90' lang='lat' dir='ltr'><strong>est</strong></span> <span class='ocrx_word' id='word_1_686' title='bbox 3415 2926 3511 2980; x_wconf 82' lang='lat' dir='ltr'><strong>ista</strong></span> <span class='ocrx_word' id='word_1_687' title='bbox 3529 2928 3629 2996; x_wconf 80' lang='lat' dir='ltr'><strong>vis,</strong></span> 
     </span>
    </p>
   </div>
   <div class='ocr_carea' id='block_1_91' title="bbox 2064 3008 3630 3078">
    <p class='ocr_par' dir='ltr' id='par_1_91' title="bbox 2064 3008 3630 3078">
     <span class='ocr_line' id='line_1_91' title="bbox 2064 3008 3630 3078; baseline 0.006 -17"><span class='ocrx_word' id='word_1_688' title='bbox 2064 3016 2189 3063; x_wconf 93' lang='lat' dir='ltr'><strong>tunc</strong></span> <span class='ocrx_word' id='word_1_689' title='bbox 2226 3008 2457 3062; x_wconf 90' lang='lat' dir='ltr'><strong>maxime</strong></span> <span class='ocrx_word' id='word_1_690' title='bbox 2486 3009 2749 3078; x_wconf 91' lang='lat' dir='ltr'><strong>impudica</strong></span> <span class='ocrx_word' id='word_1_691' title='bbox 2777 3009 2965 3065; x_wconf 91' lang='lat' dir='ltr'><strong>mulier</strong></span> <span class='ocrx_word' id='word_1_692' title='bbox 2984 3011 3279 3067; x_wconf 81' lang='lat' dir='ltr'><strong>castissime</strong></span> <span class='ocrx_word' id='word_1_693' title='bbox 3309 3014 3630 3071; x_wconf 88' lang='lat' dir='ltr'><strong>adolescenti</strong></span> 
     </span>
    </p>
   </div>
   <div class='ocr_carea' id='block_1_92' title="bbox 2063 3098 3631 3163">
    <p class='ocr_par' dir='ltr' id='par_1_92' title="bbox 2063 3098 3631 3163">
     <span class='ocr_line' id='line_1_92' title="bbox 2063 3098 3631 3163; baseline 0.006 -12"><span class='ocrx_word' id='word_1_694' title='bbox 2063 3098 2304 3152; x_wconf 91' lang='lat' dir='ltr'><strong>insidiata</strong></span> <span class='ocrx_word' id='word_1_695' title='bbox 2331 3107 2432 3163; x_wconf 93' lang='lat' dir='ltr'><strong>est,</strong></span> <span class='ocrx_word' id='word_1_696' title='bbox 2458 3108 2659 3152; x_wconf 89' lang='lat' dir='ltr'><strong>tantum</strong></span> <span class='ocrx_word' id='word_1_697' title='bbox 2685 3098 2807 3153; x_wconf 93' lang='lat' dir='ltr'><strong>huic</strong></span> <span class='ocrx_word' id='word_1_698' title='bbox 2834 3098 3059 3154; x_wconf 64' lang='lat' dir='ltr'><strong>ﬂammae</strong></span> <span class='ocrx_word' id='word_1_699' title='bbox 3085 3100 3272 3155; x_wconf 90' lang='lat' dir='ltr'><strong>virium</strong></span> <span class='ocrx_word' id='word_1_700' title='bbox 3299 3118 3362 3157; x_wconf 82' lang='lat' dir='ltr'><strong>ex</strong></span> <span class='ocrx_word' id='word_1_701' title='bbox 3386 3104 3496 3159; x_wconf 91' lang='lat' dir='ltr'><strong>suis</strong></span> <span class='ocrx_word' id='word_1_702' title='bbox 3517 3106 3631 3160; x_wconf 91' lang='lat' dir='ltr'><strong>illc-</strong></span> 
     </span>
    </p>
   </div>
   <div class='ocr_carea' id='block_1_93' title="bbox 2061 3190 3631 3265">
    <p class='ocr_par' dir='ltr' id='par_1_93' title="bbox 2061 3190 3631 3265">
     <span class='ocr_line' id='line_1_93' title="bbox 2061 3190 3631 3265; baseline 0.006 -22"><span class='ocrx_word' id='word_1_703' title='bbox 2061 3190 2232 3244; x_wconf 91' lang='lat' dir='ltr'><strong>cebris</strong></span> <span class='ocrx_word' id='word_1_704' title='bbox 2257 3199 2310 3244; x_wconf 91' lang='lat' dir='ltr'><strong>et</strong></span> <span class='ocrx_word' id='word_1_705' title='bbox 2338 3191 2660 3245; x_wconf 89' lang='lat' dir='ltr'><strong>ornamentis</strong></span> <span class='ocrx_word' id='word_1_706' title='bbox 2686 3191 2941 3260; x_wconf 89' lang='lat' dir='ltr'><strong>adjiciens</strong></span> <span class='ocrx_word' id='word_1_707' title='bbox 2960 3233 2973 3256; x_wconf 96' lang='lat'><strong>,</strong></span> <span class='ocrx_word' id='word_1_708' title='bbox 3013 3201 3263 3260; x_wconf 85' lang='lat' dir='ltr'><strong>quantum</strong></span> <span class='ocrx_word' id='word_1_709' title='bbox 3293 3195 3363 3248; x_wconf 90' lang='lat' dir='ltr'><strong>illi</strong></span> <span class='ocrx_word' id='word_1_710' title='bbox 3391 3206 3507 3250; x_wconf 90' lang='lat' dir='ltr'><strong>erat</strong></span> <span class='ocrx_word' id='word_1_711' title='bbox 3534 3213 3631 3265; x_wconf 90' lang='lat' dir='ltr'><strong>per</strong></span> 
     </span>
    </p>
   </div>
   <div class='ocr_carea' id='block_1_94' title="bbox 2062 3280 3631 3350">
    <p class='ocr_par' dir='ltr' id='par_1_94' title="bbox 2062 3280 3631 3350">
     <span class='ocr_line' id='line_1_94' title="bbox 2062 3280 3631 3350; baseline 0.003 -17"><span class='ocrx_word' id='word_1_712' title='bbox 2062 3292 2345 3334; x_wconf 83' lang='lat' dir='ltr'><strong>naturam:</strong></span> <span class='ocrx_word' id='word_1_713' title='bbox 2377 3280 2494 3349; x_wconf 92' lang='lat' dir='ltr'><strong>quis</strong></span> <span class='ocrx_word' id='word_1_714' title='bbox 2526 3280 2637 3350; x_wconf 86' lang='lat' dir='ltr'><strong>jam</strong></span> <span class='ocrx_word' id='word_1_715' title='bbox 2683 3289 2791 3335; x_wconf 92' lang='lat' dir='ltr'><strong>tum</strong></span> <span class='ocrx_word' id='word_1_716' title='bbox 2836 3281 2976 3337; x_wconf 90' lang='lat' dir='ltr'><strong>illius</strong></span> <span class='ocrx_word' id='word_1_717' title='bbox 3022 3282 3229 3349; x_wconf 90' lang='lat' dir='ltr'><strong>ﬂuctus,</strong></span> <span class='ocrx_word' id='word_1_718' title='bbox 3284 3288 3557 3343; x_wconf 72' lang='lat' dir='ltr'><strong>tumultus.</strong></span> <span class='ocrx_word' id='word_1_719' title='bbox 3579 3298 3631 3341; x_wconf 79' lang='lat' dir='ltr'><strong>et</strong></span> 
     </span>
    </p>
   </div>
   <div class='ocr_carea' id='block_1_95' title="bbox 2058 3370 3628 3461">
    <p class='ocr_par' dir='ltr' id='par_1_95' title="bbox 2058 3370 3628 3461">
     <span class='ocr_line' id='line_1_95' title="bbox 2058 3370 3628 3461; baseline 0.015 -36"><span class='ocrx_word' id='word_1_720' title='bbox 2058 3370 2377 3425; x_wconf 85' lang='lat' dir='ltr'><strong>anxietatem</strong></span> <span class='ocrx_word' id='word_1_721' title='bbox 2396 3385 2643 3426; x_wconf 80' lang='lat' dir='ltr'><strong>enarrare</strong></span> <span class='ocrx_word' id='word_1_722' title='bbox 2664 3371 2907 3447; x_wconf 74' lang='lat' dir='ltr'><strong>sufficiat,</strong></span> <span class='ocrx_word' id='word_1_723' title='bbox 2933 3394 3050 3437; x_wconf 75' lang='lat' dir='ltr'><strong>cuin</strong></span> <span class='ocrx_word' id='word_1_724' title='bbox 3078 3386 3393 3444; x_wconf 90' lang='lat' dir='ltr'><strong>intrinsecus</strong></span> <span class='ocrx_word' id='word_1_725' title='bbox 3419 3393 3628 3461; x_wconf 88' lang='lat' dir='ltr'><strong>quidem</strong></span> 
     </span>
    </p>
   </div>
   <div class='ocr_carea' id='block_1_96' title="bbox 2059 3466 3599 3557">
    <p class='ocr_par' dir='ltr' id='par_1_96' title="bbox 2059 3466 3599 3557">
     <span class='ocr_line' id='line_1_96' title="bbox 2059 3466 3599 3557; baseline 0.014 -41"><span class='ocrx_word' id='word_1_726' title='bbox 2059 3469 2113 3516; x_wconf 89' lang='lat' dir='ltr'><strong>et</strong></span> <span class='ocrx_word' id='word_1_727' title='bbox 2136 3474 2329 3521; x_wconf 90' lang='lat' dir='ltr'><strong>natura</strong></span> <span class='ocrx_word' id='word_1_728' title='bbox 2355 3466 2502 3525; x_wconf 87' lang='lat' dir='ltr'><strong>illum</strong></span> <span class='ocrx_word' id='word_1_729' title='bbox 2545 3481 2598 3528; x_wconf 93' lang='lat' dir='ltr'><strong>et</strong></span> <span class='ocrx_word' id='word_1_730' title='bbox 2640 3482 2769 3527; x_wconf 68' lang='lat' dir='ltr'><strong>mtas</strong></span> <span class='ocrx_word' id='word_1_731' title='bbox 2811 3477 3196 3543; x_wconf 88' lang='lat' dir='ltr'><strong>perturbarent,</strong></span> <span class='ocrx_word' id='word_1_732' title='bbox 3242 3496 3432 3551; x_wconf 85' lang='lat' dir='ltr'><strong>arsque</strong></span> <span class='ocrx_word' id='word_1_733' title='bbox 3462 3484 3599 3557; x_wconf 68' lang='lat' dir='ltr'><strong>.‘Egy</strong></span> 
     </span>
    </p>
   </div>
   <div class='ocr_carea' id='block_1_97' title="bbox 2056 3562 3630 3639">
    <p class='ocr_par' dir='ltr' id='par_1_97' title="bbox 2056 3562 3630 3639">
     <span class='ocr_line' id='line_1_97' title="bbox 2056 3562 3630 3639; baseline 0.01 -23"><span class='ocrx_word' id='word_1_734' title='bbox 2056 3562 2185 3631; x_wconf 69' lang='lat' dir='ltr'><strong>ptiae</strong></span> <span class='ocrx_word' id='word_1_735' title='bbox 2211 3564 2538 3619; x_wconf 87' lang='lat' dir='ltr'><strong>extrinsecus</strong></span> <span class='ocrx_word' id='word_1_736' title='bbox 2560 3565 2848 3634; x_wconf 91' lang='lat' dir='ltr'><strong>pelliceret,</strong></span> <span class='ocrx_word' id='word_1_737' title='bbox 2878 3567 3119 3639; x_wconf 90' lang='lat' dir='ltr'><strong>istudque</strong></span> <span class='ocrx_word' id='word_1_738' title='bbox 3147 3586 3250 3623; x_wconf 92' lang='lat' dir='ltr'><strong>non</strong></span> <span class='ocrx_word' id='word_1_739' title='bbox 3284 3588 3389 3626; x_wconf 93' lang='lat' dir='ltr'><strong>uno</strong></span> <span class='ocrx_word' id='word_1_740' title='bbox 3414 3574 3517 3639; x_wconf 91' lang='lat' dir='ltr'><strong>die,</strong></span> <span class='ocrx_word' id='word_1_741' title='bbox 3547 3579 3630 3633; x_wconf 91' lang='lat' dir='ltr'><strong>vel</strong></span> 
     </span>
    </p>
   </div>
   <div class='ocr_carea' id='block_1_98' title="bbox 2060 3651 3631 3731">
    <p class='ocr_par' dir='ltr' id='par_1_98' title="bbox 2060 3651 3631 3731">
     <span class='ocr_line' id='line_1_98' title="bbox 2060 3651 3631 3731; baseline 0.01 -26"><span class='ocrx_word' id='word_1_742' title='bbox 2060 3651 2285 3717; x_wconf 88' lang='lat' dir='ltr'><strong>duobus,</strong></span> <span class='ocrx_word' id='word_1_743' title='bbox 2300 3654 2393 3708; x_wconf 90' lang='lat' dir='ltr'><strong>sed</strong></span> <span class='ocrx_word' id='word_1_744' title='bbox 2414 3654 2639 3725; x_wconf 91' lang='lat' dir='ltr'><strong>plurimo</strong></span> <span class='ocrx_word' id='word_1_745' title='bbox 2660 3664 2896 3725; x_wconf 90' lang='lat' dir='ltr'><strong>tempore</strong></span> <span class='ocrx_word' id='word_1_746' title='bbox 2914 3657 3207 3726; x_wconf 84' lang='lat' dir='ltr'><strong>perferret?</strong></span> <span class='ocrx_word' id='word_1_747' title='bbox 3233 3661 3486 3731; x_wconf 85' lang='lat' dir='ltr'><strong>Equidem</strong></span> <span class='ocrx_word' id='word_1_748' title='bbox 3508 3681 3631 3720; x_wconf 89' lang='lat' dir='ltr'><strong>reor</strong></span> 
     </span>
    </p>
   </div>
   <div class='ocr_carea' id='block_1_99' title="bbox 2061 3741 3624 3814">
    <p class='ocr_par' dir='ltr' id='par_1_99' title="bbox 2061 3741 3624 3814">
     <span class='ocr_line' id='line_1_99' title="bbox 2061 3741 3624 3814; baseline 0.01 -19"><span class='ocrx_word' id='word_1_749' title='bbox 2061 3741 2233 3811; x_wconf 91' lang='lat' dir='ltr'><strong>ipsum</strong></span> <span class='ocrx_word' id='word_1_750' title='bbox 2262 3751 2386 3797; x_wconf 91' lang='lat' dir='ltr'><strong>tunc</strong></span> <span class='ocrx_word' id='word_1_751' title='bbox 2418 3758 2524 3798; x_wconf 92' lang='lat' dir='ltr'><strong>non</strong></span> <span class='ocrx_word' id='word_1_752' title='bbox 2556 3744 2656 3800; x_wconf 89' lang='lat' dir='ltr'><strong>sibi</strong></span> <span class='ocrx_word' id='word_1_753' title='bbox 2694 3754 2893 3799; x_wconf 86' lang='lat' dir='ltr'><strong>tantum</strong></span> <span class='ocrx_word' id='word_1_754' title='bbox 2926 3749 3161 3802; x_wconf 90' lang='lat' dir='ltr'><strong>timuisse</strong></span> <span class='ocrx_word' id='word_1_755' title='bbox 3186 3790 3201 3814; x_wconf 91' lang='lat'><strong>,</strong></span> <span class='ocrx_word' id='word_1_756' title='bbox 3240 3752 3333 3806; x_wconf 92' lang='lat' dir='ltr'><strong>sed</strong></span> <span class='ocrx_word' id='word_1_757' title='bbox 3362 3753 3435 3806; x_wconf 92' lang='lat' dir='ltr'><strong>illi</strong></span> <span class='ocrx_word' id='word_1_758' title='bbox 3466 3756 3624 3810; x_wconf 87' lang='lat' dir='ltr'><strong>etiam</strong></span> 
     </span>
    </p>
   </div>
   <div class='ocr_carea' id='block_1_100' title="bbox 2062 3831 3630 3910">
    <p class='ocr_par' dir='ltr' id='par_1_100' title="bbox 2062 3831 3630 3910">
     <span class='ocr_line' id='line_1_100' title="bbox 2062 3831 3630 3910; baseline 0.011 -26"><span class='ocrx_word' id='word_1_759' title='bbox 2062 3831 2385 3899; x_wconf 91' lang='lat' dir='ltr'><strong>indoluisse,</strong></span> <span class='ocrx_word' id='word_1_760' title='bbox 2431 3832 2571 3901; x_wconf 91' lang='lat' dir='ltr'><strong>quod</strong></span> <span class='ocrx_word' id='word_1_761' title='bbox 2614 3832 2680 3886; x_wconf 89' lang='lat' dir='ltr'><strong>ad</strong></span> <span class='ocrx_word' id='word_1_762' title='bbox 2725 3843 2922 3888; x_wconf 88' lang='lat' dir='ltr'><strong>tantum</strong></span> <span class='ocrx_word' id='word_1_763' title='bbox 2966 3839 3307 3908; x_wconf 47' lang='lat' dir='ltr'><strong>pra‘cipitiuin</strong></span> <span class='ocrx_word' id='word_1_764' title='bbox 3353 3846 3630 3910; x_wconf 88' lang='lat' dir='ltr'><strong>pervenire</strong></span> 
     </span>
    </p>
   </div>
   <div class='ocr_carea' id='block_1_101' title="bbox 2058 3920 3624 4002">
    <p class='ocr_par' dir='ltr' id='par_1_101' title="bbox 2058 3920 3624 4002">
     <span class='ocr_line' id='line_1_101' title="bbox 2058 3920 3624 4002; baseline 0.01 -28"><span class='ocrx_word' id='word_1_765' title='bbox 2058 3920 2353 3976; x_wconf 85' lang='lat' dir='ltr'><strong>festinaret.</strong></span> <span class='ocrx_word' id='word_1_766' title='bbox 2396 3923 2566 3991; x_wconf 82' lang='lat' dir='ltr'><strong>Atque</strong></span> <span class='ocrx_word' id='word_1_767' title='bbox 2604 3922 2729 3977; x_wconf 86' lang='lat' dir='ltr'><strong>illud</strong></span> <span class='ocrx_word' id='word_1_768' title='bbox 2768 3939 2833 3979; x_wconf 89' lang='lat' dir='ltr'><strong>ex</strong></span> <span class='ocrx_word' id='word_1_769' title='bbox 2869 3926 3041 3979; x_wconf 89' lang='lat' dir='ltr'><strong>verbis</strong></span> <span class='ocrx_word' id='word_1_770' title='bbox 3075 3943 3191 3996; x_wconf 70' lang='lat' dir='ltr'><strong>qua:</strong></span> <span class='ocrx_word' id='word_1_771' title='bbox 3230 3931 3433 3986; x_wconf 89' lang='lat' dir='ltr'><strong>mulieri</strong></span> <span class='ocrx_word' id='word_1_772' title='bbox 3473 3935 3624 4002; x_wconf 89' lang='lat' dir='ltr'><strong>plena</strong></span> 
     </span>
    </p>
   </div>
   <div class='ocr_carea' id='block_1_102' title="bbox 2060 4015 3625 4090">
    <p class='ocr_par' dir='ltr' id='par_1_102' title="bbox 2060 4015 3625 4090">
     <span class='ocr_line' id='line_1_102' title="bbox 2060 4015 3625 4090; baseline 0.008 -22"><span class='ocrx_word' id='word_1_773' title='bbox 2060 4015 2332 4069; x_wconf 66' lang='lat' dir='ltr'><strong>modestia:</strong></span> <span class='ocrx_word' id='word_1_774' title='bbox 2377 4015 2647 4086; x_wconf 90' lang='lat' dir='ltr'><strong>respondit</strong></span> <span class='ocrx_word' id='word_1_775' title='bbox 2688 4017 2839 4071; x_wconf 90' lang='lat' dir='ltr'><strong>nobis</strong></span> <span class='ocrx_word' id='word_1_776' title='bbox 2878 4029 3121 4073; x_wconf 88' lang='lat' dir='ltr'><strong>constare</strong></span> <span class='ocrx_word' id='word_1_777' title='bbox 3162 4024 3374 4090; x_wconf 90' lang='lat' dir='ltr'><strong>poterit.</strong></span> <span class='ocrx_word' id='word_1_778' title='bbox 3416 4024 3625 4082; x_wconf 86' lang='lat' dir='ltr'><strong>Etenim</strong></span> 
     </span>
    </p>
   </div>
   <div class='ocr_carea' id='block_1_103' title="bbox 2059 4104 3625 4175">
    <p class='ocr_par' dir='ltr' id='par_1_103' title="bbox 2059 4104 3625 4175">
     <span class='ocr_line' id='line_1_103' title="bbox 2059 4104 3625 4175; baseline 0.009 -16"><span class='ocrx_word' id='word_1_779' title='bbox 2059 4104 2250 4160; x_wconf 88' lang='lat' dir='ltr'><strong>licebat</strong></span> <span class='ocrx_word' id='word_1_780' title='bbox 2296 4106 2367 4159; x_wconf 93' lang='lat' dir='ltr'><strong>illi</strong></span> <span class='ocrx_word' id='word_1_781' title='bbox 2410 4105 2664 4175; x_wconf 85' lang='lat' dir='ltr'><strong>profecto,</strong></span> <span class='ocrx_word' id='word_1_782' title='bbox 2697 4107 2741 4161; x_wconf 91' lang='lat' dir='ltr'><strong>si</strong></span> <span class='ocrx_word' id='word_1_783' title='bbox 2767 4107 3057 4173; x_wconf 87' lang='lat' dir='ltr'><strong>voluisset,</strong></span> <span class='ocrx_word' id='word_1_784' title='bbox 3099 4119 3153 4164; x_wconf 89' lang='lat' dir='ltr'><strong>et</strong></span> <span class='ocrx_word' id='word_1_785' title='bbox 3192 4116 3625 4172; x_wconf 87' lang='lat' dir='ltr'><strong>contumeliosius</strong></span> 
     </span>
    </p>
   </div>
   <div class='ocr_carea' id='block_1_104' title="bbox 2060 4197 3621 4275">
    <p class='ocr_par' dir='ltr' id='par_1_104' title="bbox 2060 4197 3621 4275">
     <span class='ocr_line' id='line_1_104' title="bbox 2060 4197 3621 4275; baseline 0.007 -22"><span class='ocrx_word' id='word_1_786' title='bbox 2060 4207 2114 4253; x_wconf 92' lang='lat' dir='ltr'><strong>ct</strong></span> <span class='ocrx_word' id='word_1_787' title='bbox 2151 4197 2399 4253; x_wconf 87' lang='lat' dir='ltr'><strong>audacius</strong></span> <span class='ocrx_word' id='word_1_788' title='bbox 2423 4198 2488 4252; x_wconf 91' lang='lat' dir='ltr'><strong>ad</strong></span> <span class='ocrx_word' id='word_1_789' title='bbox 2517 4198 2655 4252; x_wconf 83' lang='lat' dir='ltr'><strong>illam</strong></span> <span class='ocrx_word' id='word_1_790' title='bbox 2688 4199 2858 4269; x_wconf 92' lang='lat' dir='ltr'><strong>loqui,</strong></span> <span class='ocrx_word' id='word_1_791' title='bbox 2890 4200 3149 4269; x_wconf 84' lang='lat' dir='ltr'><strong>siquidem</strong></span> <span class='ocrx_word' id='word_1_792' title='bbox 3174 4203 3258 4258; x_wconf 88' lang='lat' dir='ltr'><strong>illa</strong></span> <span class='ocrx_word' id='word_1_793' title='bbox 3284 4220 3377 4275; x_wconf 91' lang='lat' dir='ltr'><strong>per</strong></span> <span class='ocrx_word' id='word_1_794' title='bbox 3408 4209 3621 4264; x_wconf 90' lang='lat' dir='ltr'><strong>nimiam</strong></span> 
     </span>
    </p>
   </div>
   <div class='ocr_carea' id='block_1_105' title="bbox 2060 4289 3631 4358">
    <p class='ocr_par' dir='ltr' id='par_1_105' title="bbox 2060 4289 3631 4358">
     <span class='ocr_line' id='line_1_105' title="bbox 2060 4289 3631 4358; baseline 0.01 -19"><span class='ocrx_word' id='word_1_795' title='bbox 2060 4289 2255 4342; x_wconf 90' lang='lat' dir='ltr'><strong>amoris</strong></span> <span class='ocrx_word' id='word_1_796' title='bbox 2285 4290 2388 4341; x_wconf 91' lang='lat' dir='ltr'><strong>vim</strong></span> <span class='ocrx_word' id='word_1_797' title='bbox 2420 4289 2571 4343; x_wconf 90' lang='lat' dir='ltr'><strong>facile</strong></span> <span class='ocrx_word' id='word_1_798' title='bbox 2599 4299 2785 4343; x_wconf 89' lang='lat' dir='ltr'><strong>cuncta</strong></span> <span class='ocrx_word' id='word_1_799' title='bbox 2823 4291 3125 4358; x_wconf 90' lang='lat' dir='ltr'><strong>tolerasset;</strong></span> <span class='ocrx_word' id='word_1_800' title='bbox 3159 4310 3339 4349; x_wconf 88' lang='lat' dir='ltr'><strong>verum</strong></span> <span class='ocrx_word' id='word_1_801' title='bbox 3365 4298 3492 4353; x_wconf 92' lang='lat' dir='ltr'><strong>nihil</strong></span> <span class='ocrx_word' id='word_1_802' title='bbox 3529 4302 3631 4355; x_wconf 88' lang='lat' dir='ltr'><strong>hu-</strong></span> 
     </span>
    </p>
   </div>
   <div class='ocr_carea' id='block_1_106' title="bbox 2055 4378 3624 4457">
    <p class='ocr_par' dir='ltr' id='par_1_106' title="bbox 2055 4378 3624 4457">
     <span class='ocr_line' id='line_1_106' title="bbox 2055 4378 3624 4457; baseline 0.01 -27"><span class='ocrx_word' id='word_1_803' title='bbox 2055 4378 2286 4447; x_wconf 89' lang='lat' dir='ltr'><strong>jusmodi</strong></span> <span class='ocrx_word' id='word_1_804' title='bbox 2317 4379 2564 4446; x_wconf 84' lang='lat' dir='ltr'><strong>loquutus</strong></span> <span class='ocrx_word' id='word_1_805' title='bbox 2593 4389 2673 4434; x_wconf 91' lang='lat' dir='ltr'><strong>est</strong></span> <span class='ocrx_word' id='word_1_806' title='bbox 2701 4382 3077 4449; x_wconf 82' lang='lat' dir='ltr'><strong>autcogitavit,</strong></span> <span class='ocrx_word' id='word_1_807' title='bbox 3106 4382 3196 4437; x_wconf 91' lang='lat' dir='ltr'><strong>sed</strong></span> <span class='ocrx_word' id='word_1_808' title='bbox 3224 4385 3323 4455; x_wconf 90' lang='lat' dir='ltr'><strong>piis</strong></span> <span class='ocrx_word' id='word_1_809' title='bbox 3348 4390 3624 4457; x_wconf 85' lang='lat' dir='ltr'><strong>cogitatio-</strong></span> 
     </span>
    </p>
   </div>
   <div class='ocr_carea' id='block_1_107' title="bbox 2062 4469 3626 4552">
    <p class='ocr_par' dir='ltr' id='par_1_107' title="bbox 2062 4469 3626 4552">
     <span class='ocr_line' id='line_1_107' title="bbox 2062 4469 3626 4552; baseline 0.01 -30"><span class='ocrx_word' id='word_1_810' title='bbox 2062 4470 2215 4523; x_wconf 89' lang='lat' dir='ltr'><strong>nibus</strong></span> <span class='ocrx_word' id='word_1_811' title='bbox 2243 4469 2470 4523; x_wconf 80' lang='lat' dir='ltr'><strong>admmis</strong></span> <span class='ocrx_word' id='word_1_812' title='bbox 2506 4485 2568 4524; x_wconf 84' lang='lat' dir='ltr'><strong>ea</strong></span> <span class='ocrx_word' id='word_1_813' title='bbox 2609 4470 2939 4526; x_wconf 91' lang='lat' dir='ltr'><strong>solummodo</strong></span> <span class='ocrx_word' id='word_1_814' title='bbox 2978 4473 3224 4543; x_wconf 90' lang='lat' dir='ltr'><strong>loquutus</strong></span> <span class='ocrx_word' id='word_1_815' title='bbox 3259 4488 3359 4541; x_wconf 85' lang='lat' dir='ltr'><strong>est,</strong></span> <span class='ocrx_word' id='word_1_816' title='bbox 3391 4496 3482 4547; x_wconf 92' lang='lat' dir='ltr'><strong>per</strong></span> <span class='ocrx_word' id='word_1_817' title='bbox 3505 4497 3626 4552; x_wconf 74' lang='lat' dir='ltr'><strong>qua:</strong></span> 
     </span>
    </p>
   </div>
   <div class='ocr_carea' id='block_1_108' title="bbox 2060 4560 3624 4640">
    <p class='ocr_par' dir='ltr' id='par_1_108' title="bbox 2060 4560 3624 4640">
     <span class='ocr_line' id='line_1_108' title="bbox 2060 4560 3624 4640; baseline 0.01 -29"><span class='ocrx_word' id='word_1_818' title='bbox 2060 4560 2277 4629; x_wconf 87' lang='lat' dir='ltr'><strong>putabat</strong></span> <span class='ocrx_word' id='word_1_819' title='bbox 2318 4560 2459 4614; x_wconf 88' lang='lat' dir='ltr'><strong>illam</strong></span> <span class='ocrx_word' id='word_1_820' title='bbox 2502 4575 2656 4628; x_wconf 91' lang='lat' dir='ltr'><strong>posse</strong></span> <span class='ocrx_word' id='word_1_821' title='bbox 2686 4560 2885 4630; x_wconf 91' lang='lat' dir='ltr'><strong>pudore</strong></span> <span class='ocrx_word' id='word_1_822' title='bbox 2914 4562 3050 4617; x_wconf 80' lang='lat' dir='ltr'><strong>affici</strong></span> <span class='ocrx_word' id='word_1_823' title='bbox 3075 4604 3089 4627; x_wconf 89' lang='lat'><strong>,</strong></span> <span class='ocrx_word' id='word_1_824' title='bbox 3131 4565 3365 4636; x_wconf 86' lang='lat' dir='ltr'><strong>nihilque</strong></span> <span class='ocrx_word' id='word_1_825' title='bbox 3400 4573 3624 4640; x_wconf 84' lang='lat' dir='ltr'><strong>amplius</strong></span> 
     </span>
    </p>
   </div>
   <div class='ocr_carea' id='block_1_109' title="bbox 2061 4650 3624 4729">
    <p class='ocr_par' dir='ltr' id='par_1_109' title="bbox 2061 4650 3624 4729">
     <span class='ocr_line' id='line_1_109' title="bbox 2061 4650 3624 4729; baseline 0.009 -25"><span class='ocrx_word' id='word_1_826' title='bbox 2061 4652 2270 4720; x_wconf 88' lang='lat' dir='ltr'><strong>adjecit.</strong></span> <span class='ocrx_word' id='word_1_827' title='bbox 2302 4650 2454 4717; x_wconf 86' lang='lat' dir='ltr'><strong>Ecce,</strong></span> <span class='ocrx_word' id='word_1_828' title='bbox 2486 4652 2649 4715; x_wconf 88' lang='lat' dir='ltr'><strong>enim,</strong></span> <span class='ocrx_word' id='word_1_829' title='bbox 2678 4653 2879 4722; x_wconf 85' lang='lat' dir='ltr'><strong>inquit,</strong></span> <span class='ocrx_word' id='word_1_830' title='bbox 2903 4654 3133 4711; x_wconf 81' lang='lat' dir='ltr'><strong>dominus</strong></span> <span class='ocrx_word' id='word_1_831' title='bbox 3158 4674 3295 4711; x_wconf 89' lang='lat' dir='ltr'><strong>meus</strong></span> <span class='ocrx_word' id='word_1_832' title='bbox 3318 4674 3521 4729; x_wconf 86' lang='lat' dir='ltr'><strong>propter</strong></span> <span class='ocrx_word' id='word_1_833' title='bbox 3547 4681 3624 4718; x_wconf 86' lang='lat' dir='ltr'><strong>me</strong></span> 
     </span>
    </p>
   </div>
   <div class='ocr_carea' id='block_1_110' title="bbox 2059 4743 3627 4821">
    <p class='ocr_par' dir='ltr' id='par_1_110' title="bbox 2059 4743 3627 4821">
     <span class='ocr_line' id='line_1_110' title="bbox 2059 4743 3627 4821; baseline 0.008 -26"><span class='ocrx_word' id='word_1_834' title='bbox 2059 4743 2188 4797; x_wconf 86' lang='lat' dir='ltr'><strong>nihil</strong></span> <span class='ocrx_word' id='word_1_835' title='bbox 2210 4744 2301 4797; x_wconf 81' lang='lat' dir='ltr'><strong>scit</strong></span> <span class='ocrx_word' id='word_1_836' title='bbox 2326 4760 2498 4798; x_wconf 89' lang='lat' dir='ltr'><strong>eorum</strong></span> <span class='ocrx_word' id='word_1_837' title='bbox 2520 4760 2632 4814; x_wconf 76' lang='lat' dir='ltr'><strong>qua:</strong></span> <span class='ocrx_word' id='word_1_838' title='bbox 2663 4755 2779 4798; x_wconf 85' lang='lat' dir='ltr'><strong>sunt</strong></span> <span class='ocrx_word' id='word_1_839' title='bbox 2808 4746 2860 4799; x_wconf 88' lang='lat' dir='ltr'><strong>in</strong></span> <span class='ocrx_word' id='word_1_840' title='bbox 2896 4747 3045 4801; x_wconf 89' lang='lat' dir='ltr'><strong>domo</strong></span> <span class='ocrx_word' id='word_1_841' title='bbox 3078 4765 3167 4802; x_wconf 86' lang='lat' dir='ltr'><strong>sua</strong></span> <span class='ocrx_word' id='word_1_842' title='bbox 3193 4764 3212 4803; x_wconf 92' lang='lat'><em>:</em></span> <span class='ocrx_word' id='word_1_843' title='bbox 3240 4760 3287 4803; x_wconf 84' lang='lat' dir='ltr'><strong>et</strong></span> <span class='ocrx_word' id='word_1_844' title='bbox 3321 4754 3490 4805; x_wconf 84' lang='lat' dir='ltr'><strong>omnia</strong></span> <span class='ocrx_word' id='word_1_845' title='bbox 3518 4773 3627 4821; x_wconf 75' lang='lat' dir='ltr'><strong>qua:</strong></span> 
     </span>
    </p>
   </div>
   <div class='ocr_carea' id='block_1_111' title="bbox 2056 4834 3628 4913">
    <p class='ocr_par' dir='ltr' id='par_1_111' title="bbox 2056 4834 3628 4913">
     <span class='ocr_line' id='line_1_111' title="bbox 2056 4834 3628 4913; baseline 0.009 -27"><span class='ocrx_word' id='word_1_846' title='bbox 2056 4851 2148 4887; x_wconf 89' lang='lat' dir='ltr'><strong>sua</strong></span> <span class='ocrx_word' id='word_1_847' title='bbox 2172 4843 2284 4887; x_wconf 87' lang='lat' dir='ltr'><strong>sunt</strong></span> <span class='ocrx_word' id='word_1_848' title='bbox 2312 4834 2450 4889; x_wconf 81' lang='lat' dir='ltr'><strong>dedit</strong></span> <span class='ocrx_word' id='word_1_849' title='bbox 2475 4835 2527 4889; x_wconf 89' lang='lat' dir='ltr'><strong>in</strong></span> <span class='ocrx_word' id='word_1_850' title='bbox 2556 4852 2710 4889; x_wconf 86' lang='lat' dir='ltr'><strong>manu</strong></span> <span class='ocrx_word' id='word_1_851' title='bbox 2734 4852 2862 4900; x_wconf 85' lang='lat' dir='ltr'><strong>mea,</strong></span> <span class='ocrx_word' id='word_1_852' title='bbox 2893 4838 3117 4908; x_wconf 79' lang='lat' dir='ltr'><strong>nihilque</strong></span> <span class='ocrx_word' id='word_1_853' title='bbox 3144 4841 3197 4893; x_wconf 87' lang='lat' dir='ltr'><strong>in</strong></span> <span class='ocrx_word' id='word_1_854' title='bbox 3226 4841 3375 4896; x_wconf 86' lang='lat' dir='ltr'><strong>domo</strong></span> <span class='ocrx_word' id='word_1_855' title='bbox 3396 4860 3490 4897; x_wconf 89' lang='lat' dir='ltr'><strong>sua</strong></span> <span class='ocrx_word' id='word_1_856' title='bbox 3511 4848 3628 4913; x_wconf 86' lang='lat' dir='ltr'><strong>plus</strong></span> 
     </span>
    </p>
   </div>
   <div class='ocr_carea' id='block_1_112' title="bbox 2059 4925 3625 5005">
    <p class='ocr_par' dir='ltr' id='par_1_112' title="bbox 2059 4925 3625 5005">
     <span class='ocr_line' id='line_1_112' title="bbox 2059 4925 3625 5005; baseline 0.009 -29"><span class='ocrx_word' id='word_1_857' title='bbox 2059 4925 2202 4977; x_wconf 80' lang='lat' dir='ltr'><strong>habet</strong></span> <span class='ocrx_word' id='word_1_858' title='bbox 2226 4942 2375 4996; x_wconf 84' lang='lat' dir='ltr'><strong>quam</strong></span> <span class='ocrx_word' id='word_1_859' title='bbox 2400 4942 2488 4995; x_wconf 88' lang='lat' dir='ltr'><strong>ego</strong></span> <span class='ocrx_word' id='word_1_860' title='bbox 2516 4941 2533 4979; x_wconf 85' lang='lat'><strong>.&#39;</strong></span> <span class='ocrx_word' id='word_1_861' title='bbox 2562 4942 2717 4996; x_wconf 87' lang='lat' dir='ltr'><strong>neque</strong></span> <span class='ocrx_word' id='word_1_862' title='bbox 2739 4928 2932 4997; x_wconf 88' lang='lat' dir='ltr'><strong>aliquid</strong></span> <span class='ocrx_word' id='word_1_863' title='bbox 2956 4930 3090 4999; x_wconf 86' lang='lat' dir='ltr'><strong>quod</strong></span> <span class='ocrx_word' id='word_1_864' title='bbox 3116 4948 3215 4985; x_wconf 88' lang='lat' dir='ltr'><strong>non</strong></span> <span class='ocrx_word' id='word_1_865' title='bbox 3240 4933 3429 4987; x_wconf 80' lang='lat' dir='ltr'><strong>dederit</strong></span> <span class='ocrx_word' id='word_1_866' title='bbox 3451 4936 3503 4990; x_wconf 90' lang='lat' dir='ltr'><strong>in</strong></span> <span class='ocrx_word' id='word_1_867' title='bbox 3529 4955 3625 5005; x_wconf 89' lang='lat' dir='ltr'><strong>po-</strong></span> 
     </span>
    </p>
   </div>
   <div class='ocr_carea' id='block_1_113' title="bbox 2059 5020 3623 5092">
    <p class='ocr_par' dir='ltr' id='par_1_113' title="bbox 2059 5020 3623 5092">
     <span class='ocr_line' id='line_1_113' title="bbox 2059 5020 3623 5092; baseline 0.006 -22"><span class='ocrx_word' id='word_1_868' title='bbox 2059 5027 2232 5070; x_wconf 86' lang='lat' dir='ltr'><strong>testate</strong></span> <span class='ocrx_word' id='word_1_869' title='bbox 2264 5033 2373 5068; x_wconf 88' lang='lat' dir='ltr'><strong>mea</strong></span> <span class='ocrx_word' id='word_1_870' title='bbox 2407 5026 2586 5086; x_wconf 70' lang='lat' dir='ltr'><strong>printer</strong></span> <span class='ocrx_word' id='word_1_871' title='bbox 2614 5027 2679 5082; x_wconf 90' lang='lat' dir='ltr'><strong>te,</strong></span> <span class='ocrx_word' id='word_1_872' title='bbox 2712 5033 2769 5071; x_wconf 83' lang='lat' dir='ltr'><strong>eo</strong></span> <span class='ocrx_word' id='word_1_873' title='bbox 2795 5020 2928 5087; x_wconf 88' lang='lat' dir='ltr'><strong>quod</strong></span> <span class='ocrx_word' id='word_1_874' title='bbox 2956 5035 3086 5073; x_wconf 78' lang='lat' dir='ltr'><strong>uxor</strong></span> <span class='ocrx_word' id='word_1_875' title='bbox 3108 5021 3247 5075; x_wconf 86' lang='lat' dir='ltr'><strong>illius</strong></span> <span class='ocrx_word' id='word_1_876' title='bbox 3282 5024 3350 5076; x_wconf 88' lang='lat' dir='ltr'><strong>sis</strong></span> <span class='ocrx_word' id='word_1_877' title='bbox 3372 5039 3392 5078; x_wconf 89' lang='lat'><strong><em>:</em></strong></span> <span class='ocrx_word' id='word_1_878' title='bbox 3414 5034 3460 5078; x_wconf 88' lang='lat' dir='ltr'><strong>et</strong></span> <span class='ocrx_word' id='word_1_879' title='bbox 3498 5043 3623 5092; x_wconf 82' lang='lat' dir='ltr'><strong>quo-</strong></span> 
     </span>
    </p>
   </div>
   <div class='ocr_carea' id='block_1_114' title="bbox 2056 5108 3623 5180">
    <p class='ocr_par' dir='ltr' id='par_1_114' title="bbox 2056 5108 3623 5180">
     <span class='ocr_line' id='line_1_114' title="bbox 2056 5108 3623 5180; baseline 0.005 -18"><span class='ocrx_word' id='word_1_880' title='bbox 2056 5109 2203 5162; x_wconf 89' lang='lat' dir='ltr'><strong>modo</strong></span> <span class='ocrx_word' id='word_1_881' title='bbox 2230 5109 2414 5177; x_wconf 76' lang='lat' dir='ltr'><strong>faciam</strong></span> <span class='ocrx_word' id='word_1_882' title='bbox 2438 5109 2531 5163; x_wconf 88' lang='lat' dir='ltr'><strong>hoc</strong></span> <span class='ocrx_word' id='word_1_883' title='bbox 2552 5108 2749 5165; x_wconf 82' lang='lat' dir='ltr'><strong>uerbum</strong></span> <span class='ocrx_word' id='word_1_884' title='bbox 2773 5110 2980 5177; x_wconf 87' lang='lat' dir='ltr'><strong>malum,</strong></span> <span class='ocrx_word' id='word_1_885' title='bbox 3010 5120 3065 5164; x_wconf 85' lang='lat' dir='ltr'><strong>ut</strong></span> <span class='ocrx_word' id='word_1_886' title='bbox 3094 5128 3289 5180; x_wconf 88' lang='lat' dir='ltr'><strong>peccem</strong></span> <span class='ocrx_word' id='word_1_887' title='bbox 3312 5130 3485 5168; x_wconf 89' lang='lat' dir='ltr'><strong>coram</strong></span> <span class='ocrx_word' id='word_1_888' title='bbox 3518 5116 3623 5171; x_wconf 88' lang='lat' dir='ltr'><strong>Deo</strong></span> 
     </span>
    </p>
   </div>
   <div class='ocr_carea' id='block_1_115' title="bbox 2056 5196 3619 5270">
    <p class='ocr_par' dir='ltr' id='par_1_115' title="bbox 2056 5196 3619 5270">
     <span class='ocr_line' id='line_1_115' title="bbox 2056 5196 3619 5270; baseline 0.006 -19"><span class='ocrx_word' id='word_1_889' title='bbox 2056 5196 2217 5267; x_wconf 82' lang='lat' dir='ltr'><strong>(Gen.</strong></span> <span class='ocrx_word' id='word_1_890' title='bbox 2259 5198 2346 5253; x_wconf 79' lang='lat'><strong>59-</strong></span> <span class='ocrx_word' id='word_1_891' title='bbox 2381 5200 2433 5254; x_wconf 80' lang='lat'><strong>&#39;5.</strong></span> <span class='ocrx_word' id='word_1_892' title='bbox 2467 5199 2576 5270; x_wconf 90' lang='lat'><strong>9)?</strong></span> <span class='ocrx_word' id='word_1_893' title='bbox 2614 5200 2679 5254; x_wconf 88' lang='lat' dir='ltr'><strong>Et</strong></span> <span class='ocrx_word' id='word_1_894' title='bbox 2720 5209 2892 5255; x_wconf 90' lang='lat' dir='ltr'><strong>tamen</strong></span> <span class='ocrx_word' id='word_1_895' title='bbox 2936 5209 3054 5270; x_wconf 92' lang='lat' dir='ltr'><strong>post</strong></span> <span class='ocrx_word' id='word_1_896' title='bbox 3084 5209 3279 5255; x_wconf 88' lang='lat' dir='ltr'><strong>tantam</strong></span> <span class='ocrx_word' id='word_1_897' title='bbox 3310 5205 3619 5261; x_wconf 87' lang='lat' dir='ltr'><strong>modestiam</strong></span> 
     </span>
    </p>
   </div>
   <div class='ocr_carea' id='block_1_116' title="bbox 2056 5292 3621 5361">
    <p class='ocr_par' dir='ltr' id='par_1_116' title="bbox 2056 5292 3621 5361">
     <span class='ocr_line' id='line_1_116' title="bbox 2056 5292 3621 5361; baseline 0.006 -18"><span class='ocrx_word' id='word_1_898' title='bbox 2056 5298 2303 5361; x_wconf 85' lang='lat' dir='ltr'><strong>tantaque</strong></span> <span class='ocrx_word' id='word_1_899' title='bbox 2344 5292 2600 5346; x_wconf 88' lang='lat' dir='ltr'><strong>castitatis</strong></span> <span class='ocrx_word' id='word_1_900' title='bbox 2643 5292 2832 5346; x_wconf 90' lang='lat' dir='ltr'><strong>indicia</strong></span> <span class='ocrx_word' id='word_1_901' title='bbox 2877 5292 2990 5347; x_wconf 92' lang='lat' dir='ltr'><strong>falsi</strong></span> <span class='ocrx_word' id='word_1_902' title='bbox 3030 5294 3265 5348; x_wconf 90' lang='lat' dir='ltr'><strong>criminis</strong></span> <span class='ocrx_word' id='word_1_903' title='bbox 3306 5296 3621 5353; x_wconf 87' lang='lat' dir='ltr'><strong>calumniam</strong></span> 
     </span>
    </p>
   </div>
   <div class='ocr_carea' id='block_1_117' title="bbox 2056 5382 3624 5453">
    <p class='ocr_par' dir='ltr' id='par_1_117' title="bbox 2056 5382 3624 5453">
     <span class='ocr_line' id='line_1_117' title="bbox 2056 5382 3624 5453; baseline 0.006 -18"><span class='ocrx_word' id='word_1_904' title='bbox 2056 5383 2266 5444; x_wconf 88' lang='lat' dir='ltr'><strong>subivit,</strong></span> <span class='ocrx_word' id='word_1_905' title='bbox 2292 5382 2532 5453; x_wconf 86' lang='lat' dir='ltr'><strong>Deusque</strong></span> <span class='ocrx_word' id='word_1_906' title='bbox 2557 5382 2693 5437; x_wconf 91' lang='lat' dir='ltr'><strong>istud</strong></span> <span class='ocrx_word' id='word_1_907' title='bbox 2723 5383 2835 5437; x_wconf 86' lang='lat' dir='ltr'><strong>fieri</strong></span> <span class='ocrx_word' id='word_1_908' title='bbox 2864 5384 3120 5452; x_wconf 87' lang='lat' dir='ltr'><strong>permisit.</strong></span> <span class='ocrx_word' id='word_1_909' title='bbox 3152 5383 3368 5440; x_wconf 80' lang='lat' dir='ltr'><strong>Vinctus</strong></span> <span class='ocrx_word' id='word_1_910' title='bbox 3394 5398 3493 5452; x_wconf 88' lang='lat' dir='ltr'><strong>est,</strong></span> <span class='ocrx_word' id='word_1_911' title='bbox 3526 5406 3624 5445; x_wconf 84' lang='lat' dir='ltr'><strong>nec</strong></span> 
     </span>
    </p>
   </div>
   <div class='ocr_carea' id='block_1_118' title="bbox 2052 5476 3617 5550">
    <p class='ocr_par' dir='ltr' id='par_1_118' title="bbox 2052 5476 3617 5550">
     <span class='ocr_line' id='line_1_118' title="bbox 2052 5476 3617 5550; baseline 0 -17"><span class='ocrx_word' id='word_1_912' title='bbox 2052 5481 2129 5534; x_wconf 91' lang='lat' dir='ltr'><strong>sic</strong></span> <span class='ocrx_word' id='word_1_913' title='bbox 2156 5477 2390 5550; x_wconf 91' lang='lat' dir='ltr'><strong>prodidit</strong></span> <span class='ocrx_word' id='word_1_914' title='bbox 2411 5476 2625 5531; x_wconf 83' lang='lat' dir='ltr'><strong>insidias</strong></span> <span class='ocrx_word' id='word_1_915' title='bbox 2653 5476 3004 5545; x_wconf 86' lang='lat' dir='ltr'><strong>injustamque</strong></span> <span class='ocrx_word' id='word_1_916' title='bbox 3026 5476 3261 5532; x_wconf 90' lang='lat' dir='ltr'><strong>mulieris</strong></span> <span class='ocrx_word' id='word_1_917' title='bbox 3281 5478 3617 5533; x_wconf 85' lang='lat' dir='ltr'><strong>calumniam.</strong></span> 
     </span>
    </p>
   </div>
   <div class='ocr_carea' id='block_1_119' title="bbox 2055 5567 3620 5637">
    <p class='ocr_par' dir='ltr' id='par_1_119' title="bbox 2055 5567 3620 5637">
     <span class='ocr_line' id='line_1_119' title="bbox 2055 5567 3620 5637; baseline -0.001 -15"><span class='ocrx_word' id='word_1_918' title='bbox 2055 5569 2276 5623; x_wconf 79' lang='lat' dir='ltr'><strong>Volebat</strong></span> <span class='ocrx_word' id='word_1_919' title='bbox 2304 5568 2445 5622; x_wconf 89' lang='lat' dir='ltr'><strong>enim</strong></span> <span class='ocrx_word' id='word_1_920' title='bbox 2485 5568 2779 5636; x_wconf 89' lang='lat' dir='ltr'><strong>e0piosiora</strong></span> <span class='ocrx_word' id='word_1_921' title='bbox 2823 5567 3038 5635; x_wconf 63' lang='lat' dir='ltr'><strong>praemia</strong></span> <span class='ocrx_word' id='word_1_922' title='bbox 3078 5582 3404 5637; x_wconf 88' lang='lat' dir='ltr'><strong>coronasque</strong></span> <span class='ocrx_word' id='word_1_923' title='bbox 3432 5569 3620 5623; x_wconf 81' lang='lat' dir='ltr'><strong>clario-</strong></span> 
     </span>
    </p>
   </div>
   <div class='ocr_carea' id='block_1_120' title="bbox 2051 5657 3622 5731">
    <p class='ocr_par' dir='ltr' id='par_1_120' title="bbox 2051 5657 3622 5731">
     <span class='ocr_line' id='line_1_120' title="bbox 2051 5657 3622 5731; baseline 0.001 -18"><span class='ocrx_word' id='word_1_924' title='bbox 2051 5674 2136 5714; x_wconf 86' lang='lat' dir='ltr'><strong>res</strong></span> <span class='ocrx_word' id='word_1_925' title='bbox 2168 5675 2493 5728; x_wconf 70' lang='lat' dir='ltr'><strong>prmpararr,</strong></span> <span class='ocrx_word' id='word_1_926' title='bbox 2524 5668 2678 5728; x_wconf 92' lang='lat' dir='ltr'><strong>atque</strong></span> <span class='ocrx_word' id='word_1_927' title='bbox 2720 5657 2837 5714; x_wconf 88' lang='lat' dir='ltr'><strong>ideo</strong></span> <span class='ocrx_word' id='word_1_928' title='bbox 2872 5658 2998 5729; x_wconf 78' lang='lat' dir='ltr'><strong>ipsis</strong></span> <span class='ocrx_word' id='word_1_929' title='bbox 3028 5673 3234 5730; x_wconf 88' lang='lat' dir='ltr'><strong>quoque</strong></span> <span class='ocrx_word' id='word_1_930' title='bbox 3264 5663 3429 5715; x_wconf 83' lang='lat' dir='ltr'><strong>servis</strong></span> <span class='ocrx_word' id='word_1_931' title='bbox 3466 5663 3622 5731; x_wconf 72' lang='lat' dir='ltr'><strong>regiis</strong></span> 
     </span>
    </p>
   </div>
   <div class='ocr_carea' id='block_1_121' title="bbox 3526 253 3735 319">
    <p class='ocr_par' dir='ltr' id='par_1_121' title="bbox 3526 253 3735 319">
     <span class='ocr_line' id='line_1_121' title="bbox 3526 253 3735 319; baseline -0.014 -13"><span class='ocrx_word' id='word_1_932' title='bbox 3526 253 3631 306; x_wconf 75' lang='lat' dir='ltr'><strong>no</strong></span> <span class='ocrx_word' id='word_1_933' title='bbox 3730 315 3735 319; x_wconf 92' lang='lat'>_</span> 
     </span>
    </p>
   </div>
  </div>
