  <div class='ocr_page' id='page_1' title='image "/cluster/home/n/w/nwhite01/storage/ocr_20150623/47/nnc1.0046978321/433.png"; bbox 0 0 4036 6416; ppageno 0'>
   <div class='ocr_carea' id='block_1_1' title="bbox 481 291 576 348">
    <p class='ocr_par' dir='ltr' id='par_1_1' title="bbox 481 291 576 348">
     <span class='ocr_line' id='line_1_1' title="bbox 481 291 576 348; baseline 0.011 -1"><span class='ocrx_word' id='word_1_1' title='bbox 481 291 576 348; x_wconf 73' lang='grc' dir='ltr'><strong>ιη</strong></span> 
     </span>
    </p>
   </div>
   <div class='ocr_carea' id='block_1_2' title="bbox 475 406 2046 484">
    <p class='ocr_par' dir='ltr' id='par_1_2' title="bbox 475 406 2046 484">
     <span class='ocr_line' id='line_1_2' title="bbox 475 406 2046 484; baseline 0.013 -24"><span class='ocrx_word' id='word_1_2' title='bbox 475 406 709 462; x_wconf 75' lang='lat' dir='ltr'><strong>dimissis</strong></span> <span class='ocrx_word' id='word_1_3' title='bbox 756 408 868 478; x_wconf 86' lang='lat' dir='ltr'><strong>ipse</strong></span> <span class='ocrx_word' id='word_1_4' title='bbox 909 409 1144 467; x_wconf 91' lang='lat' dir='ltr'><strong>inclusus</strong></span> <span class='ocrx_word' id='word_1_5' title='bbox 1186 419 1576 484; x_wconf 81' lang='lat' dir='ltr'><strong>perseverabat.</strong></span> <span class='ocrx_word' id='word_1_6' title='bbox 1628 421 1706 476; x_wconf 88' lang='lat' dir='ltr'><strong>Tu</strong></span> <span class='ocrx_word' id='word_1_7' title='bbox 1751 425 1874 479; x_wconf 87' lang='lat' dir='ltr'><strong>nolo</strong></span> <span class='ocrx_word' id='word_1_8' title='bbox 1915 426 2046 481; x_wconf 93' lang='lat' dir='ltr'><strong>mihi</strong></span> 
     </span>
    </p>
   </div>
   <div class='ocr_carea' id='block_1_3' title="bbox 474 499 2045 581">
    <p class='ocr_par' dir='ltr' id='par_1_3' title="bbox 474 499 2045 581">
     <span class='ocr_line' id='line_1_3' title="bbox 474 499 2045 581; baseline 0.015 -32"><span class='ocrx_word' id='word_1_9' title='bbox 474 499 708 554; x_wconf 80' lang='lat' dir='ltr'><strong>custodis</strong></span> <span class='ocrx_word' id='word_1_10' title='bbox 732 499 1064 558; x_wconf 87' lang='lat' dir='ltr'><strong>clementiam</strong></span> <span class='ocrx_word' id='word_1_11' title='bbox 1091 504 1308 575; x_wconf 92' lang='lat' dir='ltr'><strong>objicias</strong></span> <span class='ocrx_word' id='word_1_12' title='bbox 1334 550 1348 575; x_wconf 95' lang='lat'><strong>,</strong></span> <span class='ocrx_word' id='word_1_13' title='bbox 1385 525 1567 564; x_wconf 91' lang='lat' dir='ltr'><strong>verum</strong></span> <span class='ocrx_word' id='word_1_14' title='bbox 1595 510 1764 581; x_wconf 82' lang='lat' dir='ltr'><strong>ipsius</strong></span> <span class='ocrx_word' id='word_1_15' title='bbox 1781 516 1939 570; x_wconf 90' lang='lat' dir='ltr'><strong>verba</strong></span> <span class='ocrx_word' id='word_1_16' title='bbox 1963 518 2045 571; x_wconf 85' lang='lat' dir='ltr'><strong>di-</strong></span> 
     </span>
    </p>
   </div>
   <div class='ocr_carea' id='block_1_4' title="bbox 474 585 2042 666">
    <p class='ocr_par' dir='ltr' id='par_1_4' title="bbox 474 585 2042 666">
     <span class='ocr_line' id='line_1_4' title="bbox 474 585 2042 666; baseline 0.015 -27"><span class='ocrx_word' id='word_1_17' title='bbox 474 585 718 655; x_wconf 78' lang='lat' dir='ltr'><strong>ligentius</strong></span> <span class='ocrx_word' id='word_1_18' title='bbox 747 592 1022 648; x_wconf 81' lang='lat' dir='ltr'><strong>examines</strong></span> <span class='ocrx_word' id='word_1_19' title='bbox 1043 635 1056 658; x_wconf 93' lang='lat'><strong>,</strong></span> <span class='ocrx_word' id='word_1_20' title='bbox 1086 606 1136 648; x_wconf 86' lang='lat' dir='ltr'><strong>et</strong></span> <span class='ocrx_word' id='word_1_21' title='bbox 1165 595 1413 666; x_wconf 87' lang='lat' dir='ltr'><strong>inspicies</strong></span> <span class='ocrx_word' id='word_1_22' title='bbox 1439 602 1596 656; x_wconf 91' lang='lat' dir='ltr'><strong>animi</strong></span> <span class='ocrx_word' id='word_1_23' title='bbox 1627 604 1880 659; x_wconf 84' lang='lat' dir='ltr'><strong>dolorem.</strong></span> <span class='ocrx_word' id='word_1_24' title='bbox 1913 607 2042 661; x_wconf 89' lang='lat' dir='ltr'><strong>Nam</strong></span> 
     </span>
    </p>
   </div>
   <div class='ocr_carea' id='block_1_5' title="bbox 469 682 2042 766">
    <p class='ocr_par' dir='ltr' id='par_1_5' title="bbox 469 682 2042 766">
     <span class='ocr_line' id='line_1_5' title="bbox 469 682 2042 766; baseline 0.017 -38"><span class='ocrx_word' id='word_1_25' title='bbox 469 690 590 730; x_wconf 87' lang='lat' dir='ltr'><strong>eum</strong></span> <span class='ocrx_word' id='word_1_26' title='bbox 633 682 895 734; x_wconf 81' lang='lat' dir='ltr'><strong>somnium</strong></span> <span class='ocrx_word' id='word_1_27' title='bbox 949 683 1321 754; x_wconf 72' lang='lat' dir='ltr'><strong>interpretatus</strong></span> <span class='ocrx_word' id='word_1_28' title='bbox 1373 701 1535 757; x_wconf 90' lang='lat' dir='ltr'><strong>esset,</strong></span> <span class='ocrx_word' id='word_1_29' title='bbox 1583 696 1728 765; x_wconf 85' lang='lat' dir='ltr'><strong>regio</strong></span> <span class='ocrx_word' id='word_1_30' title='bbox 1778 697 2042 766; x_wconf 73' lang='lat' dir='ltr'><strong>pincerna:</strong></span> 
     </span>
    </p>
   </div>
   <div class='ocr_carea' id='block_1_6' title="bbox 468 767 2040 851">
    <p class='ocr_par' dir='ltr' id='par_1_6' title="bbox 468 767 2040 851">
     <span class='ocr_line' id='line_1_6' title="bbox 468 767 2040 851; baseline 0.017 -34"><span class='ocrx_word' id='word_1_31' title='bbox 468 767 597 820; x_wconf 73' lang='lat' dir='ltr'><strong>dixit</strong></span> <span class='ocrx_word' id='word_1_32' title='bbox 642 768 780 822; x_wconf 85' lang='lat' dir='ltr'><strong>:Sed</strong></span> <span class='ocrx_word' id='word_1_33' title='bbox 808 783 1049 826; x_wconf 83' lang='lat' dir='ltr'><strong>memento</strong></span> <span class='ocrx_word' id='word_1_34' title='bbox 1074 777 1168 828; x_wconf 90' lang='lat' dir='ltr'><strong>mei</strong></span> <span class='ocrx_word' id='word_1_35' title='bbox 1197 793 1285 844; x_wconf 84' lang='lat' dir='ltr'><strong>per</strong></span> <span class='ocrx_word' id='word_1_36' title='bbox 1309 781 1645 851; x_wconf 79' lang='lat' dir='ltr'><strong>temetipsum,</strong></span> <span class='ocrx_word' id='word_1_37' title='bbox 1675 801 1786 838; x_wconf 87' lang='lat' dir='ltr'><strong>cum</strong></span> <span class='ocrx_word' id='word_1_38' title='bbox 1813 787 1898 840; x_wconf 82' lang='lat' dir='ltr'><strong>tibi</strong></span> <span class='ocrx_word' id='word_1_39' title='bbox 1920 790 2040 844; x_wconf 85' lang='lat' dir='ltr'><strong>bene</strong></span> 
     </span>
    </p>
   </div>
   <div class='ocr_carea' id='block_1_7' title="bbox 468 858 2038 950">
    <p class='ocr_par' dir='ltr' id='par_1_7' title="bbox 468 858 2038 950">
     <span class='ocr_line' id='line_1_7' title="bbox 468 858 2038 950; baseline 0.019 -45"><span class='ocrx_word' id='word_1_40' title='bbox 468 858 637 925; x_wconf 78' lang='lat' dir='ltr'><strong>fuerit,</strong></span> <span class='ocrx_word' id='word_1_41' title='bbox 681 859 933 930; x_wconf 81' lang='lat' dir='ltr'><strong>faciesque</strong></span> <span class='ocrx_word' id='word_1_42' title='bbox 968 880 1118 934; x_wconf 85' lang='lat' dir='ltr'><strong>super</strong></span> <span class='ocrx_word' id='word_1_43' title='bbox 1159 883 1236 921; x_wconf 88' lang='lat' dir='ltr'><strong>me</strong></span> <span class='ocrx_word' id='word_1_44' title='bbox 1271 870 1683 939; x_wconf 84' lang='lat' dir='ltr'><strong>misericordiam,</strong></span> <span class='ocrx_word' id='word_1_45' title='bbox 1723 886 1771 929; x_wconf 88' lang='lat' dir='ltr'><strong>et</strong></span> <span class='ocrx_word' id='word_1_46' title='bbox 1806 895 2038 950; x_wconf 81' lang='lat' dir='ltr'><strong>suggeres</strong></span> 
     </span>
    </p>
   </div>
   <div class='ocr_carea' id='block_1_8' title="bbox 467 944 2036 1039">
    <p class='ocr_par' dir='ltr' id='par_1_8' title="bbox 467 944 2036 1039">
     <span class='ocr_line' id='line_1_8' title="bbox 467 944 2036 1039; baseline 0.018 -43"><span class='ocrx_word' id='word_1_47' title='bbox 467 944 728 1002; x_wconf 79' lang='lat' dir='ltr'><strong>Pharaoni</strong></span> <span class='ocrx_word' id='word_1_48' title='bbox 766 950 829 1003; x_wconf 84' lang='lat' dir='ltr'><strong>de</strong></span> <span class='ocrx_word' id='word_1_49' title='bbox 867 968 963 1017; x_wconf 87' lang='lat' dir='ltr'><strong>me,</strong></span> <span class='ocrx_word' id='word_1_50' title='bbox 1006 966 1053 1006; x_wconf 81' lang='lat' dir='ltr'><strong>et</strong></span> <span class='ocrx_word' id='word_1_51' title='bbox 1097 955 1275 1010; x_wconf 86' lang='lat' dir='ltr'><strong>educes</strong></span> <span class='ocrx_word' id='word_1_52' title='bbox 1313 976 1392 1012; x_wconf 87' lang='lat' dir='ltr'><strong>me</strong></span> <span class='ocrx_word' id='word_1_53' title='bbox 1434 961 1497 1015; x_wconf 84' lang='lat' dir='ltr'><strong>de</strong></span> <span class='ocrx_word' id='word_1_54' title='bbox 1535 979 1732 1018; x_wconf 84' lang='lat' dir='ltr'><strong>carcere</strong></span> <span class='ocrx_word' id='word_1_55' title='bbox 1771 968 1887 1034; x_wconf 83' lang='lat' dir='ltr'><strong>isto,</strong></span> <span class='ocrx_word' id='word_1_56' title='bbox 1918 971 2036 1039; x_wconf 83' lang='lat' dir='ltr'><strong>quia</strong></span> 
     </span>
    </p>
   </div>
   <div class='ocr_carea' id='block_1_9' title="bbox 462 1038 2036 1132">
    <p class='ocr_par' dir='ltr' id='par_1_9' title="bbox 462 1038 2036 1132">
     <span class='ocr_line' id='line_1_9' title="bbox 462 1038 2036 1132; baseline 0.017 -44"><span class='ocrx_word' id='word_1_57' title='bbox 462 1038 598 1104; x_wconf 77' lang='lat' dir='ltr'><strong>furto</strong></span> <span class='ocrx_word' id='word_1_58' title='bbox 626 1039 850 1094; x_wconf 84' lang='lat' dir='ltr'><strong>sublatus</strong></span> <span class='ocrx_word' id='word_1_59' title='bbox 872 1059 982 1096; x_wconf 89' lang='lat' dir='ltr'><strong>sum</strong></span> <span class='ocrx_word' id='word_1_60' title='bbox 1009 1044 1072 1098; x_wconf 84' lang='lat' dir='ltr'><strong>de</strong></span> <span class='ocrx_word' id='word_1_61' title='bbox 1096 1055 1224 1100; x_wconf 90' lang='lat' dir='ltr'><strong>terra</strong></span> <span class='ocrx_word' id='word_1_62' title='bbox 1250 1048 1578 1106; x_wconf 62' lang='lat' dir='ltr'><strong>Hebraeorum</strong></span> <span class='ocrx_word' id='word_1_63' title='bbox 1598 1071 1617 1108; x_wconf 91' lang='lat'><strong><em>:</em></strong></span> <span class='ocrx_word' id='word_1_64' title='bbox 1639 1065 1684 1108; x_wconf 91' lang='lat' dir='ltr'><strong>et</strong></span> <span class='ocrx_word' id='word_1_65' title='bbox 1710 1057 1790 1110; x_wconf 86' lang='lat' dir='ltr'><strong>hic</strong></span> <span class='ocrx_word' id='word_1_66' title='bbox 1815 1076 1911 1113; x_wconf 87' lang='lat' dir='ltr'><strong>non</strong></span> <span class='ocrx_word' id='word_1_67' title='bbox 1931 1038 2036 1132; x_wconf 15' lang='lat' dir='ltr'><strong>rfeci</strong></span> 
     </span>
    </p>
   </div>
   <div class='ocr_carea' id='block_1_10' title="bbox 458 1129 2033 1208">
    <p class='ocr_par' dir='ltr' id='par_1_10' title="bbox 458 1129 2033 1208">
     <span class='ocr_line' id='line_1_10' title="bbox 458 1129 2033 1208; baseline 0.018 -30"><span class='ocrx_word' id='word_1_68' title='bbox 458 1129 743 1199; x_wconf 75' lang='lat' dir='ltr'><strong>quicquam,</strong></span> <span class='ocrx_word' id='word_1_69' title='bbox 763 1134 849 1185; x_wconf 85' lang='lat' dir='ltr'><strong>sed</strong></span> <span class='ocrx_word' id='word_1_70' title='bbox 869 1135 1176 1191; x_wconf 81' lang='lat' dir='ltr'><strong>innocentem</strong></span> <span class='ocrx_word' id='word_1_71' title='bbox 1197 1140 1470 1208; x_wconf 83' lang='lat' dir='ltr'><strong>injecerunt</strong></span> <span class='ocrx_word' id='word_1_72' title='bbox 1493 1161 1570 1197; x_wconf 88' lang='lat' dir='ltr'><strong>me</strong></span> <span class='ocrx_word' id='word_1_73' title='bbox 1588 1145 1639 1199; x_wconf 84' lang='lat' dir='ltr'><strong>in</strong></span> <span class='ocrx_word' id='word_1_74' title='bbox 1662 1147 1866 1202; x_wconf 83' lang='lat' dir='ltr'><strong>domum</strong></span> <span class='ocrx_word' id='word_1_75' title='bbox 1893 1150 2033 1206; x_wconf 83' lang='lat' dir='ltr'><strong>locus</strong></span> 
     </span>
    </p>
   </div>
   <div class='ocr_carea' id='block_1_11' title="bbox 457 1217 2032 1299">
    <p class='ocr_par' dir='ltr' id='par_1_11' title="bbox 457 1217 2032 1299">
     <span class='ocr_line' id='line_1_11' title="bbox 457 1217 2032 1299; baseline 0.017 -29"><span class='ocrx_word' id='word_1_76' title='bbox 457 1217 609 1289; x_wconf 79' lang='lat' dir='ltr'><strong>hujus</strong></span> <span class='ocrx_word' id='word_1_77' title='bbox 636 1220 796 1290; x_wconf 82' lang='lat' dir='ltr'><strong>(Gen.</strong></span> <span class='ocrx_word' id='word_1_78' title='bbox 823 1225 912 1280; x_wconf 76' lang='lat'><strong>40.</strong></span> <span class='ocrx_word' id='word_1_79' title='bbox 942 1228 1028 1281; x_wconf 76' lang='grc'><strong>14.</strong></span> <span class='ocrx_word' id='word_1_80' title='bbox 1063 1227 1186 1299; x_wconf 81' lang='grc'><strong>15).</strong></span> <span class='ocrx_word' id='word_1_81' title='bbox 1228 1231 1342 1285; x_wconf 87' lang='lat' dir='ltr'><strong>Etsi</strong></span> <span class='ocrx_word' id='word_1_82' title='bbox 1372 1235 1511 1287; x_wconf 90' lang='lat' dir='ltr'><strong>enim</strong></span> <span class='ocrx_word' id='word_1_83' title='bbox 1542 1235 1769 1292; x_wconf 89' lang='lat' dir='ltr'><strong>claustra</strong></span> <span class='ocrx_word' id='word_1_84' title='bbox 1802 1243 2032 1297; x_wconf 90' lang='lat' dir='ltr'><strong>carceris</strong></span> 
     </span>
    </p>
   </div>
   <div class='ocr_carea' id='block_1_12' title="bbox 456 1310 2029 1404">
    <p class='ocr_par' dir='ltr' id='par_1_12' title="bbox 456 1310 2029 1404">
     <span class='ocr_line' id='line_1_12' title="bbox 456 1310 2029 1404; baseline 0.017 -40"><span class='ocrx_word' id='word_1_85' title='bbox 456 1310 609 1366; x_wconf 85' lang='lat' dir='ltr'><strong>facile</strong></span> <span class='ocrx_word' id='word_1_86' title='bbox 637 1314 858 1388; x_wconf 77' lang='lat' dir='ltr'><strong>ferebat,</strong></span> <span class='ocrx_word' id='word_1_87' title='bbox 888 1333 1006 1372; x_wconf 93' lang='lat' dir='ltr'><strong>cum</strong></span> <span class='ocrx_word' id='word_1_88' title='bbox 1034 1320 1113 1374; x_wconf 90' lang='lat' dir='ltr'><strong>eis</strong></span> <span class='ocrx_word' id='word_1_89' title='bbox 1143 1322 1440 1382; x_wconf 88' lang='lat' dir='ltr'><strong>hominibus</strong></span> <span class='ocrx_word' id='word_1_90' title='bbox 1465 1329 1661 1395; x_wconf 81' lang='lat' dir='ltr'><strong>vivere,</strong></span> <span class='ocrx_word' id='word_1_91' title='bbox 1689 1342 1812 1401; x_wconf 89' lang='lat' dir='ltr'><strong>puta</strong></span> <span class='ocrx_word' id='word_1_92' title='bbox 1849 1337 2029 1404; x_wconf 87' lang='lat' dir='ltr'><strong>sepul-</strong></span> 
     </span>
    </p>
   </div>
   <div class='ocr_carea' id='block_1_13' title="bbox 459 1406 2029 1491">
    <p class='ocr_par' dir='ltr' id='par_1_13' title="bbox 459 1406 2029 1491">
     <span class='ocr_line' id='line_1_13' title="bbox 459 1406 2029 1491; baseline 0.018 -38"><span class='ocrx_word' id='word_1_93' title='bbox 459 1417 670 1457; x_wconf 91' lang='lat' dir='ltr'><strong>crorum</strong></span> <span class='ocrx_word' id='word_1_94' title='bbox 695 1406 1054 1478; x_wconf 72' lang='lat' dir='ltr'><strong>violatoribus,</strong></span> <span class='ocrx_word' id='word_1_95' title='bbox 1080 1412 1299 1480; x_wconf 79' lang='lat' dir='ltr'><strong>furibus,</strong></span> <span class='ocrx_word' id='word_1_96' title='bbox 1319 1419 1610 1485; x_wconf 89' lang='lat' dir='ltr'><strong>parricidis,</strong></span> <span class='ocrx_word' id='word_1_97' title='bbox 1635 1423 1906 1491; x_wconf 88' lang='lat' dir='ltr'><strong>adulteris,</strong></span> <span class='ocrx_word' id='word_1_98' title='bbox 1931 1426 2029 1481; x_wconf 81' lang='lat' dir='ltr'><strong>ho-</strong></span> 
     </span>
    </p>
   </div>
   <div class='ocr_carea' id='block_1_14' title="bbox 454 1491 2026 1578">
    <p class='ocr_par' dir='ltr' id='par_1_14' title="bbox 454 1491 2026 1578">
     <span class='ocr_line' id='line_1_14' title="bbox 454 1491 2026 1578; baseline 0.018 -35"><span class='ocrx_word' id='word_1_99' title='bbox 454 1491 661 1547; x_wconf 91' lang='lat' dir='ltr'><strong>micidis</strong></span> <span class='ocrx_word' id='word_1_100' title='bbox 689 1495 803 1565; x_wconf 92' lang='lat' dir='ltr'><strong>(his</strong></span> <span class='ocrx_word' id='word_1_101' title='bbox 833 1498 971 1552; x_wconf 90' lang='lat' dir='ltr'><strong>enim</strong></span> <span class='ocrx_word' id='word_1_102' title='bbox 1001 1510 1159 1571; x_wconf 87' lang='lat' dir='ltr'><strong>atque</strong></span> <span class='ocrx_word' id='word_1_103' title='bbox 1187 1503 1484 1574; x_wconf 91' lang='lat' dir='ltr'><strong>hujusmodi</strong></span> <span class='ocrx_word' id='word_1_104' title='bbox 1513 1509 1720 1578; x_wconf 91' lang='lat' dir='ltr'><strong>plenum</strong></span> <span class='ocrx_word' id='word_1_105' title='bbox 1753 1523 1868 1567; x_wconf 88' lang='lat' dir='ltr'><strong>erat</strong></span> <span class='ocrx_word' id='word_1_106' title='bbox 1895 1515 2026 1572; x_wconf 91' lang='lat' dir='ltr'><strong>illud</strong></span> 
     </span>
    </p>
   </div>
   <div class='ocr_carea' id='block_1_15' title="bbox 453 1581 2023 1676">
    <p class='ocr_par' dir='ltr' id='par_1_15' title="bbox 453 1581 2023 1676">
     <span class='ocr_line' id='line_1_15' title="bbox 453 1581 2023 1676; baseline 0.019 -43"><span class='ocrx_word' id='word_1_107' title='bbox 453 1581 879 1656; x_wconf 89' lang='lat' dir='ltr'><strong>habitaculum),</strong></span> <span class='ocrx_word' id='word_1_108' title='bbox 906 1592 1117 1659; x_wconf 80' lang='lat' dir='ltr'><strong>gravius</strong></span> <span class='ocrx_word' id='word_1_109' title='bbox 1148 1593 1252 1648; x_wconf 90' lang='lat' dir='ltr'><strong>illis</strong></span> <span class='ocrx_word' id='word_1_110' title='bbox 1281 1611 1343 1651; x_wconf 92' lang='lat' dir='ltr'><strong>ac</strong></span> <span class='ocrx_word' id='word_1_111' title='bbox 1369 1598 1641 1654; x_wconf 90' lang='lat' dir='ltr'><strong>molestius</strong></span> <span class='ocrx_word' id='word_1_112' title='bbox 1667 1611 1798 1655; x_wconf 89' lang='lat' dir='ltr'><strong>erat.</strong></span> <span class='ocrx_word' id='word_1_113' title='bbox 1838 1603 2023 1676; x_wconf 86' lang='lat' dir='ltr'><strong>Neque</strong></span> 
     </span>
    </p>
   </div>
   <div class='ocr_carea' id='block_1_16' title="bbox 451 1670 2026 1752">
    <p class='ocr_par' dir='ltr' id='par_1_16' title="bbox 451 1670 2026 1752">
     <span class='ocr_line' id='line_1_16' title="bbox 451 1670 2026 1752; baseline 0.017 -28"><span class='ocrx_word' id='word_1_114' title='bbox 451 1670 502 1724; x_wconf 90' lang='lat' dir='ltr'><strong>id</strong></span> <span class='ocrx_word' id='word_1_115' title='bbox 547 1673 752 1743; x_wconf 92' lang='lat' dir='ltr'><strong>solum,</strong></span> <span class='ocrx_word' id='word_1_116' title='bbox 795 1678 886 1732; x_wconf 91' lang='lat' dir='ltr'><strong>sed</strong></span> <span class='ocrx_word' id='word_1_117' title='bbox 923 1681 1061 1750; x_wconf 91' lang='lat' dir='ltr'><strong>quod</strong></span> <span class='ocrx_word' id='word_1_118' title='bbox 1104 1683 1357 1752; x_wconf 91' lang='lat' dir='ltr'><strong>plurimos</strong></span> <span class='ocrx_word' id='word_1_119' title='bbox 1398 1687 1692 1745; x_wconf 87' lang='lat' dir='ltr'><strong>intueretur</strong></span> <span class='ocrx_word' id='word_1_120' title='bbox 1730 1670 1948 1749; x_wconf 45' lang='lat' dir='ltr'><strong>frustra-</strong></span> <span class='ocrx_word' id='word_1_121' title='bbox 1971 1706 2026 1750; x_wconf 91' lang='lat' dir='ltr'><strong>et</strong></span> 
     </span>
    </p>
   </div>
   <div class='ocr_carea' id='block_1_17' title="bbox 449 1763 2022 1855">
    <p class='ocr_par' dir='ltr' id='par_1_17' title="bbox 449 1763 2022 1855">
     <span class='ocr_line' id='line_1_17' title="bbox 449 1763 2022 1855; baseline 0.016 -39"><span class='ocrx_word' id='word_1_122' title='bbox 449 1763 678 1822; x_wconf 86' lang='lat' dir='ltr'><strong>inaniter</strong></span> <span class='ocrx_word' id='word_1_123' title='bbox 705 1767 812 1823; x_wconf 91' lang='lat' dir='ltr'><strong>illic</strong></span> <span class='ocrx_word' id='word_1_124' title='bbox 839 1774 1093 1827; x_wconf 89' lang='lat' dir='ltr'><strong>macerari</strong></span> <span class='ocrx_word' id='word_1_125' title='bbox 1125 1784 1176 1828; x_wconf 91' lang='lat' dir='ltr'><strong>et</strong></span> <span class='ocrx_word' id='word_1_126' title='bbox 1196 1776 1403 1830; x_wconf 92' lang='lat' dir='ltr'><strong>conﬁci.</strong></span> <span class='ocrx_word' id='word_1_127' title='bbox 1436 1778 1539 1833; x_wconf 90' lang='lat' dir='ltr'><strong>Sed</strong></span> <span class='ocrx_word' id='word_1_128' title='bbox 1571 1789 1767 1849; x_wconf 89' lang='lat' dir='ltr'><strong>tamen,</strong></span> <span class='ocrx_word' id='word_1_129' title='bbox 1798 1783 1848 1838; x_wconf 90' lang='lat' dir='ltr'><strong>id</strong></span> <span class='ocrx_word' id='word_1_130' title='bbox 1880 1786 2022 1855; x_wconf 91' lang='lat' dir='ltr'><strong>quod</strong></span> 
     </span>
    </p>
   </div>
   <div class='ocr_carea' id='block_1_18' title="bbox 446 1857 1985 1946">
    <p class='ocr_par' dir='ltr' id='par_1_18' title="bbox 446 1857 1985 1946">
     <span class='ocr_line' id='line_1_18' title="bbox 446 1857 1985 1946; baseline 0.016 -40"><span class='ocrx_word' id='word_1_131' title='bbox 446 1862 554 1909; x_wconf 90' lang='lat' dir='ltr'><strong>tute</strong></span> <span class='ocrx_word' id='word_1_132' title='bbox 578 1857 734 1912; x_wconf 89' lang='lat' dir='ltr'><strong>modo</strong></span> <span class='ocrx_word' id='word_1_133' title='bbox 760 1862 997 1929; x_wconf 88' lang='lat' dir='ltr'><strong>quereris</strong></span> <span class='ocrx_word' id='word_1_134' title='bbox 1017 1903 1032 1929; x_wconf 91' lang='lat'><strong>,</strong></span> <span class='ocrx_word' id='word_1_135' title='bbox 1063 1880 1246 1921; x_wconf 87' lang='lat' dir='ltr'><strong>servus</strong></span> <span class='ocrx_word' id='word_1_136' title='bbox 1275 1868 1486 1937; x_wconf 91' lang='lat' dir='ltr'><strong>quidem</strong></span> <span class='ocrx_word' id='word_1_137' title='bbox 1509 1872 1732 1928; x_wconf 89' lang='lat' dir='ltr'><strong>vinculis</strong></span> <span class='ocrx_word' id='word_1_138' title='bbox 1754 1877 1985 1946; x_wconf 85' lang='lat' dir='ltr'><strong>eripicha</strong></span> 
     </span>
    </p>
   </div>
   <div class='ocr_carea' id='block_1_19' title="bbox 446 1947 2019 2040">
    <p class='ocr_par' dir='ltr' id='par_1_19' title="bbox 446 1947 2019 2040">
     <span class='ocr_line' id='line_1_19' title="bbox 446 1947 2019 2040; baseline 0.018 -42"><span class='ocrx_word' id='word_1_139' title='bbox 446 1957 551 2019; x_wconf 90' lang='lat' dir='ltr'><strong>tur,</strong></span> <span class='ocrx_word' id='word_1_140' title='bbox 571 1947 704 2003; x_wconf 89' lang='lat' dir='ltr'><strong>liber</strong></span> <span class='ocrx_word' id='word_1_141' title='bbox 723 1962 895 2006; x_wconf 84' lang='lat' dir='ltr'><strong>autem</strong></span> <span class='ocrx_word' id='word_1_142' title='bbox 925 1955 976 2008; x_wconf 92' lang='lat' dir='ltr'><strong>in</strong></span> <span class='ocrx_word' id='word_1_143' title='bbox 1005 1959 1256 2014; x_wconf 66' lang='lat' dir='ltr'><strong>aerumnis</strong></span> <span class='ocrx_word' id='word_1_144' title='bbox 1283 1963 1616 2029; x_wconf 89' lang='lat' dir='ltr'><strong>persistebat.</strong></span> <span class='ocrx_word' id='word_1_145' title='bbox 1646 1967 1794 2034; x_wconf 88' lang='lat' dir='ltr'><strong>Quod</strong></span> <span class='ocrx_word' id='word_1_146' title='bbox 1825 1985 1868 2023; x_wconf 90' lang='lat' dir='ltr'><strong>SI</strong></span> <span class='ocrx_word' id='word_1_147' title='bbox 1899 1972 2019 2040; x_wconf 88' lang='lat' dir='ltr'><strong>quis</strong></span> 
     </span>
    </p>
   </div>
   <div class='ocr_carea' id='block_1_20' title="bbox 445 2039 2014 2118">
    <p class='ocr_par' dir='ltr' id='par_1_20' title="bbox 445 2039 2014 2118">
     <span class='ocr_line' id='line_1_20' title="bbox 445 2039 2014 2118; baseline 0.017 -28"><span class='ocrx_word' id='word_1_148' title='bbox 445 2039 592 2108; x_wconf 84' lang='lat' dir='ltr'><strong>regni</strong></span> <span class='ocrx_word' id='word_1_149' title='bbox 641 2044 958 2099; x_wconf 84' lang='lat' dir='ltr'><strong>mentionem</strong></span> <span class='ocrx_word' id='word_1_150' title='bbox 1003 2046 1198 2113; x_wconf 79' lang='lat' dir='ltr'><strong>faciat,</strong></span> <span class='ocrx_word' id='word_1_151' title='bbox 1250 2051 1336 2106; x_wconf 92' lang='lat' dir='ltr'><strong>hic</strong></span> <span class='ocrx_word' id='word_1_152' title='bbox 1374 2055 1500 2109; x_wconf 85' lang='lat' dir='ltr'><strong>mihi</strong></span> <span class='ocrx_word' id='word_1_153' title='bbox 1545 2073 1729 2112; x_wconf 82' lang='lat' dir='ltr'><strong>rursus</strong></span> <span class='ocrx_word' id='word_1_154' title='bbox 1770 2077 2014 2118; x_wconf 83' lang='lat' dir='ltr'><strong>curarum</strong></span> 
     </span>
    </p>
   </div>
   <div class='ocr_carea' id='block_1_21' title="bbox 441 2134 2010 2215">
    <p class='ocr_par' dir='ltr' id='par_1_21' title="bbox 441 2134 2010 2215">
     <span class='ocr_line' id='line_1_21' title="bbox 441 2134 2010 2215; baseline 0.018 -34"><span class='ocrx_word' id='word_1_155' title='bbox 441 2143 685 2196; x_wconf 81' lang='lat' dir='ltr'><strong>examen,</strong></span> <span class='ocrx_word' id='word_1_156' title='bbox 718 2134 1009 2204; x_wconf 81' lang='lat' dir='ltr'><strong>vigiliarum</strong></span> <span class='ocrx_word' id='word_1_157' title='bbox 1034 2149 1088 2193; x_wconf 93' lang='lat' dir='ltr'><strong>et</strong></span> <span class='ocrx_word' id='word_1_158' title='bbox 1113 2142 1258 2198; x_wconf 90' lang='lat' dir='ltr'><strong>mille</strong></span> <span class='ocrx_word' id='word_1_159' title='bbox 1295 2148 1631 2215; x_wconf 81' lang='lat' dir='ltr'><strong>negotiorum</strong></span> <span class='ocrx_word' id='word_1_160' title='bbox 1670 2150 2010 2209; x_wconf 88' lang='lat' dir='ltr'><strong>difﬁcultates</strong></span> 
     </span>
    </p>
   </div>
   <div class='ocr_carea' id='block_1_22' title="bbox 1216 299 2994 390">
    <p class='ocr_par' dir='ltr' id='par_1_22' title="bbox 1216 299 2994 390">
     <span class='ocr_line' id='line_1_22' title="bbox 1216 299 2994 390; baseline 0.019 -33"><span class='ocrx_word' id='word_1_161' title='bbox 1216 301 1264 357; x_wconf 18' lang='lat' dir='ltr'><strong>Si</strong></span> <span class='ocrx_word' id='word_1_162' title='bbox 1299 299 1574 362; x_wconf 70' lang='lat' dir='ltr'><strong>JOANNIS</strong></span> <span class='ocrx_word' id='word_1_163' title='bbox 1609 304 2078 372; x_wconf 75' lang='lat' dir='ltr'><strong>CHRYSOSTUMI</strong></span> <span class='ocrx_word' id='word_1_164' title='bbox 2113 318 2429 379; x_wconf 79' lang='lat' dir='ltr'><strong>ARCIIIEP.</strong></span> <span class='ocrx_word' id='word_1_165' title='bbox 2459 324 2994 390; x_wconf 75' lang='lat' dir='ltr'><strong>CUNSTANTINOP.</strong></span> 
     </span>
    </p>
   </div>
   <div class='ocr_carea' id='block_1_23' title="bbox 3630 354 3743 408">
    <p class='ocr_par' dir='ltr' id='par_1_23' title="bbox 3630 354 3743 408">
     <span class='ocr_line' id='line_1_23' title="bbox 3630 354 3743 408; baseline 0 0"><span class='ocrx_word' id='word_1_166' title='bbox 3630 354 3743 408; x_wconf 70' lang='grc'><strong>472</strong></span> 
     </span>
    </p>
   </div>
   <div class='ocr_carea' id='block_1_24' title="bbox 2152 431 3742 527">
    <p class='ocr_par' dir='ltr' id='par_1_24' title="bbox 2152 431 3742 527">
     <span class='ocr_line' id='line_1_24' title="bbox 2152 431 3742 527; baseline 0.025 -45"><span class='ocrx_word' id='word_1_167' title='bbox 2152 431 2207 484; x_wconf 91' lang='lat' dir='ltr'><strong>in</strong></span> <span class='ocrx_word' id='word_1_168' title='bbox 2235 433 2464 490; x_wconf 91' lang='lat' dir='ltr'><strong>medium</strong></span> <span class='ocrx_word' id='word_1_169' title='bbox 2487 437 2741 497; x_wconf 88' lang='lat' dir='ltr'><strong>adducet:</strong></span> <span class='ocrx_word' id='word_1_170' title='bbox 2765 460 2883 514; x_wconf 70' lang='lat' dir='ltr'><strong>quin</strong></span> <span class='ocrx_word' id='word_1_171' title='bbox 2907 448 3081 502; x_wconf 87' lang='lat' dir='ltr'><strong>omnia</strong></span> <span class='ocrx_word' id='word_1_172' title='bbox 3108 451 3170 506; x_wconf 81' lang='lat' dir='ltr'><strong>iis</strong></span> <span class='ocrx_word' id='word_1_173' title='bbox 3195 453 3284 523; x_wconf 90' lang='lat' dir='ltr'><strong>qui</strong></span> <span class='ocrx_word' id='word_1_174' title='bbox 3313 457 3538 527; x_wconf 89' lang='lat' dir='ltr'><strong>quietam</strong></span> <span class='ocrx_word' id='word_1_175' title='bbox 3560 465 3742 520; x_wconf 85' lang='lat' dir='ltr'><strong>curis-</strong></span> 
     </span>
    </p>
   </div>
   <div class='ocr_carea' id='block_1_25' title="bbox 2149 533 3728 618">
    <p class='ocr_par' dir='ltr' id='par_1_25' title="bbox 2149 533 3728 618">
     <span class='ocr_line' id='line_1_25' title="bbox 2149 533 3728 618; baseline 0.023 -43"><span class='ocrx_word' id='word_1_176' title='bbox 2149 537 2254 592; x_wconf 88' lang='lat' dir='ltr'><strong>que</strong></span> <span class='ocrx_word' id='word_1_177' title='bbox 2278 540 2495 582; x_wconf 84' lang='lat' dir='ltr'><strong>vacuam</strong></span> <span class='ocrx_word' id='word_1_178' title='bbox 2526 533 2685 587; x_wconf 86' lang='lat' dir='ltr'><strong>vitam</strong></span> <span class='ocrx_word' id='word_1_179' title='bbox 2710 535 2951 607; x_wconf 87' lang='lat' dir='ltr'><strong>diligunt,</strong></span> <span class='ocrx_word' id='word_1_180' title='bbox 2972 556 3075 596; x_wconf 90' lang='lat' dir='ltr'><strong>non</strong></span> <span class='ocrx_word' id='word_1_181' title='bbox 3098 543 3557 618; x_wconf 89' lang='lat' dir='ltr'><strong>nimiumjucunda</strong></span> <span class='ocrx_word' id='word_1_182' title='bbox 3578 569 3728 612; x_wconf 89' lang='lat' dir='ltr'><strong>sunt.</strong></span> 
     </span>
    </p>
   </div>
   <div class='ocr_carea' id='block_1_26' title="bbox 2148 613 3727 716">
    <p class='ocr_par' dir='ltr' id='par_1_26' title="bbox 2148 613 3727 716">
     <span class='ocr_line' id='line_1_26' title="bbox 2148 613 3727 716; baseline 0.025 -51"><span class='ocrx_word' id='word_1_183' title='bbox 2148 613 2412 672; x_wconf 67' lang='lat' dir='ltr'><strong>Praeterea</strong></span> <span class='ocrx_word' id='word_1_184' title='bbox 2441 624 2635 677; x_wconf 85' lang='lat' dir='ltr'><strong>sanctis</strong></span> <span class='ocrx_word' id='word_1_185' title='bbox 2663 625 2766 681; x_wconf 91' lang='lat' dir='ltr'><strong>illis</strong></span> <span class='ocrx_word' id='word_1_186' title='bbox 2792 630 3003 697; x_wconf 82' lang='lat' dir='ltr'><strong>quidem</strong></span> <span class='ocrx_word' id='word_1_187' title='bbox 3026 633 3068 686; x_wconf 90' lang='lat' dir='ltr'><strong>si</strong></span> <span class='ocrx_word' id='word_1_188' title='bbox 3091 636 3214 704; x_wconf 93' lang='lat' dir='ltr'><strong>quid</strong></span> <span class='ocrx_word' id='word_1_189' title='bbox 3243 613 3417 694; x_wconf 63' lang='lat' dir='ltr'><strong>ianum</strong></span> <span class='ocrx_word' id='word_1_190' title='bbox 3443 646 3727 716; x_wconf 82' lang='lat' dir='ltr'><strong>continge-</strong></span> 
     </span>
    </p>
   </div>
   <div class='ocr_carea' id='block_1_27' title="bbox 2147 703 3726 794">
    <p class='ocr_par' dir='ltr' id='par_1_27' title="bbox 2147 703 3726 794">
     <span class='ocr_line' id='line_1_27' title="bbox 2147 703 3726 794; baseline 0.024 -38"><span class='ocrx_word' id='word_1_191' title='bbox 2147 703 2254 770; x_wconf 90' lang='lat' dir='ltr'><strong>bat,</strong></span> <span class='ocrx_word' id='word_1_192' title='bbox 2289 709 2478 764; x_wconf 92' lang='lat' dir='ltr'><strong>mirum</strong></span> <span class='ocrx_word' id='word_1_193' title='bbox 2511 717 2743 781; x_wconf 85' lang='lat' dir='ltr'><strong>profecto</strong></span> <span class='ocrx_word' id='word_1_194' title='bbox 2777 735 2881 773; x_wconf 88' lang='lat' dir='ltr'><strong>non</strong></span> <span class='ocrx_word' id='word_1_195' title='bbox 2911 735 3065 791; x_wconf 89' lang='lat' dir='ltr'><strong>erat,</strong></span> <span class='ocrx_word' id='word_1_196' title='bbox 3099 741 3219 781; x_wconf 93' lang='lat' dir='ltr'><strong>cum</strong></span> <span class='ocrx_word' id='word_1_197' title='bbox 3256 732 3479 788; x_wconf 88' lang='lat' dir='ltr'><strong>necdum</strong></span> <span class='ocrx_word' id='word_1_198' title='bbox 3505 738 3726 794; x_wconf 84' lang='lat' dir='ltr'><strong>caeleste</strong></span> 
     </span>
    </p>
   </div>
   <div class='ocr_carea' id='block_1_28' title="bbox 2145 802 3732 881">
    <p class='ocr_par' dir='ltr' id='par_1_28' title="bbox 2145 802 3732 881">
     <span class='ocr_line' id='line_1_28' title="bbox 2145 802 3732 881; baseline 0.021 -34"><span class='ocrx_word' id='word_1_199' title='bbox 2145 811 2363 866; x_wconf 88' lang='lat' dir='ltr'><strong>regnum</strong></span> <span class='ocrx_word' id='word_1_200' title='bbox 2398 802 2607 870; x_wconf 90' lang='lat' dir='ltr'><strong>planum</strong></span> <span class='ocrx_word' id='word_1_201' title='bbox 2636 817 2690 861; x_wconf 90' lang='lat' dir='ltr'><strong>et</strong></span> <span class='ocrx_word' id='word_1_202' title='bbox 2717 822 2959 879; x_wconf 90' lang='lat' dir='ltr'><strong>apertum</strong></span> <span class='ocrx_word' id='word_1_203' title='bbox 2986 829 3147 878; x_wconf 82' lang='lat' dir='ltr'><strong>esset,</strong></span> <span class='ocrx_word' id='word_1_204' title='bbox 3175 836 3271 876; x_wconf 91' lang='lat' dir='ltr'><strong>nec</strong></span> <span class='ocrx_word' id='word_1_205' title='bbox 3293 821 3584 881; x_wconf 75' lang='lat' dir='ltr'><strong>futurorum</strong></span> <span class='ocrx_word' id='word_1_206' title='bbox 3625 827 3732 880; x_wconf 82' lang='lat' dir='ltr'><strong>bo-</strong></span> 
     </span>
    </p>
   </div>
   <div class='ocr_carea' id='block_1_29' title="bbox 2144 897 3726 984">
    <p class='ocr_par' dir='ltr' id='par_1_29' title="bbox 2144 897 3726 984">
     <span class='ocr_line' id='line_1_29' title="bbox 2144 897 3726 984; baseline 0.024 -45"><span class='ocrx_word' id='word_1_207' title='bbox 2144 903 2331 944; x_wconf 89' lang='lat' dir='ltr'><strong>norum</strong></span> <span class='ocrx_word' id='word_1_208' title='bbox 2363 897 2644 962; x_wconf 85' lang='lat' dir='ltr'><strong>promissio</strong></span> <span class='ocrx_word' id='word_1_209' title='bbox 2669 903 2947 961; x_wconf 86' lang='lat' dir='ltr'><strong>manifesta</strong></span> <span class='ocrx_word' id='word_1_210' title='bbox 2981 926 2993 960; x_wconf 89' lang='lat'><strong>:</strong></span> <span class='ocrx_word' id='word_1_211' title='bbox 3023 925 3162 965; x_wconf 93' lang='lat' dir='ltr'><strong>nunc</strong></span> <span class='ocrx_word' id='word_1_212' title='bbox 3182 927 3308 968; x_wconf 89' lang='lat' dir='ltr'><strong>vero</strong></span> <span class='ocrx_word' id='word_1_213' title='bbox 3334 917 3542 984; x_wconf 89' lang='lat' dir='ltr'><strong>quando</strong></span> <span class='ocrx_word' id='word_1_214' title='bbox 3567 929 3726 978; x_wconf 85' lang='lat' dir='ltr'><strong>tanta</strong></span> 
     </span>
    </p>
   </div>
   <div class='ocr_carea' id='block_1_30' title="bbox 2141 978 3716 1069">
    <p class='ocr_par' dir='ltr' id='par_1_30' title="bbox 2141 978 3716 1069">
     <span class='ocr_line' id='line_1_30' title="bbox 2141 978 3716 1069; baseline 0.021 -38"><span class='ocrx_word' id='word_1_215' title='bbox 2141 978 2400 1037; x_wconf 91' lang='lat' dir='ltr'><strong>bonorum</strong></span> <span class='ocrx_word' id='word_1_216' title='bbox 2427 989 2576 1056; x_wconf 87' lang='lat' dir='ltr'><strong>copia</strong></span> <span class='ocrx_word' id='word_1_217' title='bbox 2604 996 2946 1061; x_wconf 82' lang='lat' dir='ltr'><strong>preponitur,</strong></span> <span class='ocrx_word' id='word_1_218' title='bbox 2975 1013 3166 1069; x_wconf 90' lang='lat' dir='ltr'><strong>resque</strong></span> <span class='ocrx_word' id='word_1_219' title='bbox 3200 1006 3404 1059; x_wconf 87' lang='lat' dir='ltr'><strong>cunctis</strong></span> <span class='ocrx_word' id='word_1_220' title='bbox 3434 1006 3716 1064; x_wconf 75' lang='lat' dir='ltr'><strong>manifesta</strong></span> 
     </span>
    </p>
   </div>
   <div class='ocr_carea' id='block_1_31' title="bbox 2139 1077 3716 1166">
    <p class='ocr_par' dir='ltr' id='par_1_31' title="bbox 2139 1077 3716 1166">
     <span class='ocr_line' id='line_1_31' title="bbox 2139 1077 3716 1166; baseline 0.02 -41"><span class='ocrx_word' id='word_1_221' title='bbox 2139 1082 2240 1138; x_wconf 90' lang='lat' dir='ltr'><strong>est,</strong></span> <span class='ocrx_word' id='word_1_222' title='bbox 2274 1077 2575 1145; x_wconf 89' lang='lat' dir='ltr'><strong>audebitne,</strong></span> <span class='ocrx_word' id='word_1_223' title='bbox 2605 1083 2846 1152; x_wconf 88' lang='lat' dir='ltr'><strong>obsecro,</strong></span> <span class='ocrx_word' id='word_1_224' title='bbox 2875 1089 2982 1156; x_wconf 91' lang='lat' dir='ltr'><strong>jam</strong></span> <span class='ocrx_word' id='word_1_225' title='bbox 3025 1093 3286 1162; x_wconf 87' lang='lat' dir='ltr'><strong>quispiam</strong></span> <span class='ocrx_word' id='word_1_226' title='bbox 3325 1096 3535 1166; x_wconf 87' lang='lat' dir='ltr'><strong>dolere,</strong></span> <span class='ocrx_word' id='word_1_227' title='bbox 3571 1101 3616 1155; x_wconf 89' lang='lat' dir='ltr'><strong>si</strong></span> <span class='ocrx_word' id='word_1_228' title='bbox 3661 1103 3716 1156; x_wconf 91' lang='lat' dir='ltr'><strong>in</strong></span> 
     </span>
    </p>
   </div>
   <div class='ocr_carea' id='block_1_32' title="bbox 2139 1168 3716 1258">
    <p class='ocr_par' dir='ltr' id='par_1_32' title="bbox 2139 1168 3716 1258">
     <span class='ocr_line' id='line_1_32' title="bbox 2139 1168 3716 1258; baseline 0.02 -43"><span class='ocrx_word' id='word_1_229' title='bbox 2139 1168 2384 1232; x_wconf 74' lang='lat' dir='ltr'><strong>praesenti</strong></span> <span class='ocrx_word' id='word_1_230' title='bbox 2417 1171 2519 1223; x_wconf 90' lang='lat' dir='ltr'><strong>vita</strong></span> <span class='ocrx_word' id='word_1_231' title='bbox 2542 1171 2790 1241; x_wconf 87' lang='lat' dir='ltr'><strong>jucundis</strong></span> <span class='ocrx_word' id='word_1_232' title='bbox 2831 1180 2988 1235; x_wconf 89' lang='lat' dir='ltr'><strong>nullis</strong></span> <span class='ocrx_word' id='word_1_233' title='bbox 3028 1183 3347 1252; x_wconf 82' lang='lat' dir='ltr'><strong>perfruatur,</strong></span> <span class='ocrx_word' id='word_1_234' title='bbox 3376 1199 3466 1242; x_wconf 89' lang='lat' dir='ltr'><strong>aut</strong></span> <span class='ocrx_word' id='word_1_235' title='bbox 3496 1205 3716 1258; x_wconf 92' lang='lat' dir='ltr'><strong>prorsus</strong></span> 
     </span>
    </p>
   </div>
   <div class='ocr_carea' id='block_1_33' title="bbox 2138 1254 3716 1344">
    <p class='ocr_par' dir='ltr' id='par_1_33' title="bbox 2138 1254 3716 1344">
     <span class='ocr_line' id='line_1_33' title="bbox 2138 1254 3716 1344; baseline 0.018 -37"><span class='ocrx_word' id='word_1_236' title='bbox 2138 1254 2190 1308; x_wconf 92' lang='lat' dir='ltr'><strong>in</strong></span> <span class='ocrx_word' id='word_1_237' title='bbox 2222 1257 2318 1311; x_wconf 92' lang='lat' dir='ltr'><strong>hac</strong></span> <span class='ocrx_word' id='word_1_238' title='bbox 2346 1262 2446 1314; x_wconf 90' lang='lat' dir='ltr'><strong>vita</strong></span> <span class='ocrx_word' id='word_1_239' title='bbox 2473 1262 2626 1319; x_wconf 89' lang='lat' dir='ltr'><strong>dulce</strong></span> <span class='ocrx_word' id='word_1_240' title='bbox 2659 1268 2854 1336; x_wconf 89' lang='lat' dir='ltr'><strong>aliquid</strong></span> <span class='ocrx_word' id='word_1_241' title='bbox 2890 1272 3210 1328; x_wconf 83' lang='lat' dir='ltr'><strong>existimabit</strong></span> <span class='ocrx_word' id='word_1_242' title='bbox 3233 1277 3320 1344; x_wconf 91' lang='lat' dir='ltr'><strong>qui</strong></span> <span class='ocrx_word' id='word_1_243' title='bbox 3349 1278 3434 1332; x_wconf 89' lang='lat' dir='ltr'><strong>illa</strong></span> <span class='ocrx_word' id='word_1_244' title='bbox 3465 1254 3716 1336; x_wconf 79' lang='lat' dir='ltr'><strong>noverit?</strong></span> 
     </span>
    </p>
   </div>
   <div class='ocr_carea' id='block_1_34' title="bbox 2136 1345 3706 1438">
    <p class='ocr_par' dir='ltr' id='par_1_34' title="bbox 2136 1345 3706 1438">
     <span class='ocr_line' id='line_1_34' title="bbox 2136 1345 3706 1438; baseline 0.018 -40"><span class='ocrx_word' id='word_1_245' title='bbox 2136 1345 2202 1398; x_wconf 79' lang='lat' dir='ltr'><strong>Et</strong></span> <span class='ocrx_word' id='word_1_246' title='bbox 2243 1347 2366 1414; x_wconf 78' lang='lat' dir='ltr'><strong>quid</strong></span> <span class='ocrx_word' id='word_1_247' title='bbox 2409 1349 2509 1406; x_wconf 91' lang='lat' dir='ltr'><strong>hoc</strong></span> <span class='ocrx_word' id='word_1_248' title='bbox 2545 1355 2723 1410; x_wconf 88' lang='lat' dir='ltr'><strong>animo</strong></span> <span class='ocrx_word' id='word_1_249' title='bbox 2749 1358 2850 1413; x_wconf 90' lang='lat' dir='ltr'><strong>dici</strong></span> <span class='ocrx_word' id='word_1_250' title='bbox 2878 1359 3133 1429; x_wconf 87' lang='lat' dir='ltr'><strong>abjectius</strong></span> <span class='ocrx_word' id='word_1_251' title='bbox 3157 1374 3365 1433; x_wconf 88' lang='lat' dir='ltr'><strong>potest,</strong></span> <span class='ocrx_word' id='word_1_252' title='bbox 3397 1371 3462 1434; x_wconf 90' lang='lat' dir='ltr'><strong>si,</strong></span> <span class='ocrx_word' id='word_1_253' title='bbox 3484 1385 3706 1438; x_wconf 88' lang='lat' dir='ltr'><strong>sperans</strong></span> 
     </span>
    </p>
   </div>
   <div class='ocr_carea' id='block_1_35' title="bbox 2136 1438 3698 1526">
    <p class='ocr_par' dir='ltr' id='par_1_35' title="bbox 2136 1438 3698 1526">
     <span class='ocr_line' id='line_1_35' title="bbox 2136 1438 3698 1526; baseline 0.02 -38"><span class='ocrx_word' id='word_1_254' title='bbox 2136 1438 2294 1503; x_wconf 84' lang='lat' dir='ltr'><strong>paulo</strong></span> <span class='ocrx_word' id='word_1_255' title='bbox 2317 1450 2433 1508; x_wconf 88' lang='lat' dir='ltr'><strong>post</strong></span> <span class='ocrx_word' id='word_1_256' title='bbox 2461 1444 2511 1496; x_wconf 94' lang='lat' dir='ltr'><strong>in</strong></span> <span class='ocrx_word' id='word_1_257' title='bbox 2535 1447 2720 1501; x_wconf 70' lang='lat' dir='ltr'><strong>cazlum</strong></span> <span class='ocrx_word' id='word_1_258' title='bbox 2750 1463 2808 1503; x_wconf 84' lang='lat' dir='ltr'><strong>se</strong></span> <span class='ocrx_word' id='word_1_259' title='bbox 2832 1451 3195 1523; x_wconf 86' lang='lat' dir='ltr'><strong>migraturum,</strong></span> <span class='ocrx_word' id='word_1_260' title='bbox 3228 1456 3381 1526; x_wconf 90' lang='lat' dir='ltr'><strong>hujus</strong></span> <span class='ocrx_word' id='word_1_261' title='bbox 3407 1463 3584 1516; x_wconf 90' lang='lat' dir='ltr'><strong>mundi</strong></span> <span class='ocrx_word' id='word_1_262' title='bbox 3609 1481 3698 1519; x_wconf 86' lang='lat' dir='ltr'><strong>re-</strong></span> 
     </span>
    </p>
   </div>
   <div class='ocr_carea' id='block_1_36' title="bbox 2132 1528 3705 1610">
    <p class='ocr_par' dir='ltr' id='par_1_36' title="bbox 2132 1528 3705 1610">
     <span class='ocr_line' id='line_1_36' title="bbox 2132 1528 3705 1610; baseline 0.02 -32"><span class='ocrx_word' id='word_1_263' title='bbox 2132 1528 2311 1594; x_wconf 90' lang='lat' dir='ltr'><strong>quiem</strong></span> <span class='ocrx_word' id='word_1_264' title='bbox 2357 1531 2584 1602; x_wconf 89' lang='lat' dir='ltr'><strong>inquirat</strong></span> <span class='ocrx_word' id='word_1_265' title='bbox 2610 1553 2672 1592; x_wconf 86' lang='lat' dir='ltr'><strong>ac</strong></span> <span class='ocrx_word' id='word_1_266' title='bbox 2698 1543 3100 1610; x_wconf 88' lang='lat' dir='ltr'><strong>prosperitatcm</strong></span> <span class='ocrx_word' id='word_1_267' title='bbox 3134 1548 3316 1604; x_wconf 90' lang='lat' dir='ltr'><strong>umbra</strong></span> <span class='ocrx_word' id='word_1_268' title='bbox 3342 1552 3479 1607; x_wconf 87' lang='lat' dir='ltr'><strong>nulla</strong></span> <span class='ocrx_word' id='word_1_269' title='bbox 3515 1555 3705 1610; x_wconf 80' lang='lat' dir='ltr'><strong>melio-</strong></span> 
     </span>
    </p>
   </div>
   <div class='ocr_carea' id='block_1_37' title="bbox 2133 1617 3705 1704">
    <p class='ocr_par' dir='ltr' id='par_1_37' title="bbox 2133 1617 3705 1704">
     <span class='ocr_line' id='line_1_37' title="bbox 2133 1617 3705 1704; baseline 0.02 -36"><span class='ocrx_word' id='word_1_270' title='bbox 2133 1618 2284 1670; x_wconf 88' lang='lat' dir='ltr'><strong>rem?</strong></span> <span class='ocrx_word' id='word_1_271' title='bbox 2321 1617 2530 1677; x_wconf 84' lang='lat' dir='ltr'><strong>Vanitas</strong></span> <span class='ocrx_word' id='word_1_272' title='bbox 2555 1626 2695 1681; x_wconf 91' lang='lat' dir='ltr'><strong>enim</strong></span> <span class='ocrx_word' id='word_1_273' title='bbox 2724 1632 3019 1697; x_wconf 80' lang='lat' dir='ltr'><strong>vanitatum,</strong></span> <span class='ocrx_word' id='word_1_274' title='bbox 3050 1635 3239 1704; x_wconf 87' lang='lat' dir='ltr'><strong>inquit,</strong></span> <span class='ocrx_word' id='word_1_275' title='bbox 3271 1649 3320 1692; x_wconf 89' lang='lat' dir='ltr'><strong>et</strong></span> <span class='ocrx_word' id='word_1_276' title='bbox 3359 1644 3526 1696; x_wconf 86' lang='lat' dir='ltr'><strong>omnia</strong></span> <span class='ocrx_word' id='word_1_277' title='bbox 3561 1651 3705 1699; x_wconf 75' lang='lat' dir='ltr'><strong>vani-</strong></span> 
     </span>
    </p>
   </div>
   <div class='ocr_carea' id='block_1_38' title="bbox 2131 1708 3703 1796">
    <p class='ocr_par' dir='ltr' id='par_1_38' title="bbox 2131 1708 3703 1796">
     <span class='ocr_line' id='line_1_38' title="bbox 2131 1708 3703 1796; baseline 0.022 -38"><span class='ocrx_word' id='word_1_278' title='bbox 2131 1716 2206 1760; x_wconf 85' lang='lat' dir='ltr'><strong>tas</strong></span> <span class='ocrx_word' id='word_1_279' title='bbox 2237 1708 2590 1782; x_wconf 68' lang='lat' dir='ltr'><strong>(lfccle.i.2).</strong></span> <span class='ocrx_word' id='word_1_280' title='bbox 2632 1717 2780 1784; x_wconf 84' lang='lat' dir='ltr'><strong>Quod</strong></span> <span class='ocrx_word' id='word_1_281' title='bbox 2807 1721 2852 1774; x_wconf 88' lang='lat' dir='ltr'><strong>si</strong></span> <span class='ocrx_word' id='word_1_282' title='bbox 2886 1723 2958 1789; x_wconf 91' lang='lat' dir='ltr'><strong>is,</strong></span> <span class='ocrx_word' id='word_1_283' title='bbox 2991 1726 3078 1794; x_wconf 91' lang='lat' dir='ltr'><strong>qui</strong></span> <span class='ocrx_word' id='word_1_284' title='bbox 3109 1733 3380 1796; x_wconf 58' lang='lat' dir='ltr'><strong>pra-sentis</strong></span> <span class='ocrx_word' id='word_1_285' title='bbox 3410 1735 3528 1789; x_wconf 65' lang='lat' dir='ltr'><strong>vitae</strong></span> <span class='ocrx_word' id='word_1_286' title='bbox 3554 1737 3703 1792; x_wconf 82' lang='lat' dir='ltr'><strong>volu-</strong></span> 
     </span>
    </p>
   </div>
   <div class='ocr_carea' id='block_1_39' title="bbox 2128 1805 3702 1893">
    <p class='ocr_par' dir='ltr' id='par_1_39' title="bbox 2128 1805 3702 1893">
     <span class='ocr_line' id='line_1_39' title="bbox 2128 1805 3702 1893; baseline 0.023 -45"><span class='ocrx_word' id='word_1_287' title='bbox 2128 1805 2300 1864; x_wconf 88' lang='lat' dir='ltr'><strong>ptates</strong></span> <span class='ocrx_word' id='word_1_288' title='bbox 2341 1816 2447 1870; x_wconf 72' lang='lat' dir='ltr'><strong>prin</strong></span> <span class='ocrx_word' id='word_1_289' title='bbox 2482 1807 2690 1861; x_wconf 68' lang='lat' dir='ltr'><strong>caneris</strong></span> <span class='ocrx_word' id='word_1_290' title='bbox 2729 1810 3030 1870; x_wconf 90' lang='lat' dir='ltr'><strong>hominibus</strong></span> <span class='ocrx_word' id='word_1_291' title='bbox 3065 1816 3234 1874; x_wconf 77' lang='lat' dir='ltr'><strong>fuerat</strong></span> <span class='ocrx_word' id='word_1_292' title='bbox 3261 1834 3535 1893; x_wconf 84' lang='lat' dir='ltr'><strong>expertus,</strong></span> <span class='ocrx_word' id='word_1_293' title='bbox 3563 1827 3702 1884; x_wconf 86' lang='lat' dir='ltr'><strong>hanc</strong></span> 
     </span>
    </p>
   </div>
   <div class='ocr_carea' id='block_1_40' title="bbox 2127 1887 3697 1982">
    <p class='ocr_par' dir='ltr' id='par_1_40' title="bbox 2127 1887 3697 1982">
     <span class='ocr_line' id='line_1_40' title="bbox 2127 1887 3697 1982; baseline 0.022 -44"><span class='ocrx_word' id='word_1_294' title='bbox 2127 1887 2380 1944; x_wconf 88' lang='lat' dir='ltr'><strong>adversus</strong></span> <span class='ocrx_word' id='word_1_295' title='bbox 2419 1893 2542 1947; x_wconf 89' lang='lat' dir='ltr'><strong>illas</strong></span> <span class='ocrx_word' id='word_1_296' title='bbox 2580 1901 2892 1961; x_wconf 79' lang='lat' dir='ltr'><strong>sententiam</strong></span> <span class='ocrx_word' id='word_1_297' title='bbox 2924 1904 3062 1968; x_wconf 91' lang='lat' dir='ltr'><strong>tulit,</strong></span> <span class='ocrx_word' id='word_1_298' title='bbox 3090 1909 3253 1963; x_wconf 91' lang='lat' dir='ltr'><strong>multo</strong></span> <span class='ocrx_word' id='word_1_299' title='bbox 3292 1915 3458 1982; x_wconf 85' lang='lat' dir='ltr'><strong>magis</strong></span> <span class='ocrx_word' id='word_1_300' title='bbox 3498 1931 3592 1969; x_wconf 86' lang='lat' dir='ltr'><strong>nos</strong></span> <span class='ocrx_word' id='word_1_301' title='bbox 3624 1916 3697 1971; x_wconf 86' lang='lat' dir='ltr'><strong>ita</strong></span> 
     </span>
    </p>
   </div>
   <div class='ocr_carea' id='block_1_41' title="bbox 2126 1975 3699 2062">
    <p class='ocr_par' dir='ltr' id='par_1_41' title="bbox 2126 1975 3699 2062">
     <span class='ocr_line' id='line_1_41' title="bbox 2126 1975 3699 2062; baseline 0.022 -35"><span class='ocrx_word' id='word_1_302' title='bbox 2126 1975 2263 2031; x_wconf 88' lang='lat' dir='ltr'><strong>afﬁci</strong></span> <span class='ocrx_word' id='word_1_303' title='bbox 2309 1989 2361 2032; x_wconf 90' lang='lat' dir='ltr'><strong>et</strong></span> <span class='ocrx_word' id='word_1_304' title='bbox 2402 1986 2597 2038; x_wconf 85' lang='lat' dir='ltr'><strong>sentire</strong></span> <span class='ocrx_word' id='word_1_305' title='bbox 2635 1991 2898 2055; x_wconf 80' lang='lat' dir='ltr'><strong>eunvenit,</strong></span> <span class='ocrx_word' id='word_1_306' title='bbox 2927 1995 3115 2062; x_wconf 86' lang='lat' dir='ltr'><strong>quibus</strong></span> <span class='ocrx_word' id='word_1_307' title='bbox 3156 1999 3283 2052; x_wconf 92' lang='lat' dir='ltr'><strong>nihil</strong></span> <span class='ocrx_word' id='word_1_308' title='bbox 3314 2011 3393 2056; x_wconf 81' lang='lat' dir='ltr'><strong>est</strong></span> <span class='ocrx_word' id='word_1_309' title='bbox 3419 2019 3699 2062; x_wconf 85' lang='lat' dir='ltr'><strong>commune</strong></span> 
     </span>
    </p>
   </div>
   <div class='ocr_carea' id='block_1_42' title="bbox 2123 2078 3695 2162">
    <p class='ocr_par' dir='ltr' id='par_1_42' title="bbox 2123 2078 3695 2162">
     <span class='ocr_line' id='line_1_42' title="bbox 2123 2078 3695 2162; baseline 0.021 -41"><span class='ocrx_word' id='word_1_310' title='bbox 2123 2083 2241 2123; x_wconf 91' lang='lat' dir='ltr'><strong>cum</strong></span> <span class='ocrx_word' id='word_1_311' title='bbox 2283 2083 2440 2136; x_wconf 85' lang='lat' dir='ltr'><strong>terra,</strong></span> <span class='ocrx_word' id='word_1_312' title='bbox 2476 2078 2770 2148; x_wconf 82' lang='lat' dir='ltr'><strong>quibusque</strong></span> <span class='ocrx_word' id='word_1_313' title='bbox 2814 2082 2864 2136; x_wconf 91' lang='lat' dir='ltr'><strong>in</strong></span> <span class='ocrx_word' id='word_1_314' title='bbox 2909 2100 3133 2154; x_wconf 88' lang='lat' dir='ltr'><strong>superna</strong></span> <span class='ocrx_word' id='word_1_315' title='bbox 3175 2090 3444 2162; x_wconf 89' lang='lat' dir='ltr'><strong>inscriptis</strong></span> <span class='ocrx_word' id='word_1_316' title='bbox 3479 2097 3695 2154; x_wconf 80' lang='lat' dir='ltr'><strong>civitate</strong></span> 
     </span>
    </p>
   </div>
   <div class='ocr_carea' id='block_1_43' title="bbox 2127 2167 3479 2249">
    <p class='ocr_par' dir='ltr' id='par_1_43' title="bbox 2127 2167 3479 2249">
     <span class='ocr_line' id='line_1_43' title="bbox 2127 2167 3479 2249; baseline 0.02 -37"><span class='ocrx_word' id='word_1_317' title='bbox 2127 2170 2399 2234; x_wconf 87' lang='lat' dir='ltr'><strong>totamque</strong></span> <span class='ocrx_word' id='word_1_318' title='bbox 2427 2167 2552 2222; x_wconf 92' lang='lat' dir='ltr'><strong>illuc</strong></span> <span class='ocrx_word' id='word_1_319' title='bbox 2578 2182 2808 2226; x_wconf 85' lang='lat' dir='ltr'><strong>mentem</strong></span> <span class='ocrx_word' id='word_1_320' title='bbox 2837 2179 3124 2234; x_wconf 77' lang='lat' dir='ltr'><strong>transferre</strong></span> <span class='ocrx_word' id='word_1_321' title='bbox 3143 2180 3350 2249; x_wconf 90' lang='lat' dir='ltr'><strong>jussum</strong></span> <span class='ocrx_word' id='word_1_322' title='bbox 3380 2195 3479 2241; x_wconf 90' lang='lat' dir='ltr'><strong>est.</strong></span> 
     </span>
    </p>
   </div>
   <div class='ocr_carea' id='block_1_44' title="bbox 442 2261 3138 2549">
    <p class='ocr_par' dir='ltr' id='par_1_44' title="bbox 442 2261 3138 2549">
     <span class='ocr_line' id='line_1_44' title="bbox 442 2261 3138 2549; baseline 0.022 -60"><span class='ocrx_word' id='word_1_323' title='bbox 442 2261 584 2277; x_wconf 55' lang='grc'><strong>’”</strong></span> <span class='ocrx_word' id='word_1_324' title='bbox 796 2357 1714 2510; x_wconf 88' lang='lat' dir='ltr'><strong>EJUSDEM</strong></span> <span class='ocrx_word' id='word_1_325' title='bbox 1803 2374 2086 2520; x_wconf 86' lang='lat' dir='ltr'><strong>AD</strong></span> <span class='ocrx_word' id='word_1_326' title='bbox 2189 2381 3138 2549; x_wconf 81' lang='lat' dir='ltr'><strong>STAGIRIU</strong></span> 
     </span>
    </p>
   </div>
   <div class='ocr_carea' id='block_1_45' title="bbox 1731 2604 3128 2680">
    <p class='ocr_par' dir='ltr' id='par_1_45' title="bbox 1731 2604 3128 2680">
     <span class='ocr_line' id='line_1_45' title="bbox 1731 2604 3128 2680; baseline 0.027 -17"><span class='ocrx_word' id='word_1_327' title='bbox 1731 2604 1836 2664; x_wconf 91' lang='lat' dir='ltr'><strong>DE</strong></span> <span class='ocrx_word' id='word_1_328' title='bbox 1881 2608 2282 2679; x_wconf 83' lang='lat' dir='ltr'><strong>TRISTITIA</strong></span> <span class='ocrx_word' id='word_1_329' title='bbox 2336 2622 2376 2680; x_wconf 81' lang='lat'><strong>‘.</strong></span> <span class='ocrx_word' id='word_1_330' title='bbox 3125 2647 3128 2650; x_wconf 81' lang='grc'><strong>’</strong></span> 
     </span>
    </p>
   </div>
   <div class='ocr_carea' id='block_1_46' title="bbox 1465 2739 2740 2876">
    <p class='ocr_par' dir='ltr' id='par_1_46' title="bbox 1465 2739 2740 2876">
     <span class='ocr_line' id='line_1_46' title="bbox 1465 2739 2740 2876; baseline 0.027 -32"><span class='ocrx_word' id='word_1_331' title='bbox 1465 2739 1937 2849; x_wconf 87' lang='lat' dir='ltr'><strong><em>LIBER</em></strong></span> <span class='ocrx_word' id='word_1_332' title='bbox 2025 2751 2740 2876; x_wconf 70' lang='lat' dir='ltr'><strong>TERTIUS.</strong></span> 
     </span>
    </p>
   </div>
   <div class='ocr_carea' id='block_1_47' title="bbox 1832 2957 2246 3004">
    <p class='ocr_par' dir='ltr' id='par_1_47' title="bbox 1832 2957 2246 3004">
     <span class='ocr_line' id='line_1_47' title="bbox 1832 2957 2246 3004; baseline -0.002 -3"><span class='ocrx_word' id='word_1_333' title='bbox 1832 2957 2246 3004; x_wconf 62' lang='grc' dir='ltr'><strong>-ηθθοοςρθμ-</strong></span> 
     </span>
    </p>
   </div>
   <div class='ocr_carea' id='block_1_48' title="bbox 502 3045 1992 3126">
    <p class='ocr_par' dir='ltr' id='par_1_48' title="bbox 502 3045 1992 3126">
     <span class='ocr_line' id='line_1_48' title="bbox 502 3045 1992 3126; baseline 0.014 -27"><span class='ocrx_word' id='word_1_334' title='bbox 502 3049 547 3099; x_wconf 89' lang='lat' dir='ltr'><strong>l.</strong></span> <span class='ocrx_word' id='word_1_335' title='bbox 579 3045 833 3102; x_wconf 88' lang='lat' dir='ltr'><strong>Sufﬁcere</strong></span> <span class='ocrx_word' id='word_1_336' title='bbox 861 3049 1072 3118; x_wconf 91' lang='lat' dir='ltr'><strong>quidem</strong></span> <span class='ocrx_word' id='word_1_337' title='bbox 1105 3059 1346 3120; x_wconf 86' lang='lat' dir='ltr'><strong>poterant</strong></span> <span class='ocrx_word' id='word_1_338' title='bbox 1375 3069 1435 3108; x_wconf 84' lang='lat' dir='ltr'><strong>ea</strong></span> <span class='ocrx_word' id='word_1_339' title='bbox 1463 3071 1580 3126; x_wconf 70' lang='lat' dir='ltr'><strong>qua:</strong></span> <span class='ocrx_word' id='word_1_340' title='bbox 1615 3059 1751 3113; x_wconf 92' lang='lat' dir='ltr'><strong>dicta</strong></span> <span class='ocrx_word' id='word_1_341' title='bbox 1780 3074 1901 3118; x_wconf 88' lang='lat' dir='ltr'><strong>sunt</strong></span> <span class='ocrx_word' id='word_1_342' title='bbox 1926 3068 1992 3121; x_wconf 89' lang='lat' dir='ltr'><strong>ad</strong></span> 
     </span>
    </p>
   </div>
   <div class='ocr_carea' id='block_1_49' title="bbox 426 3139 1996 3223">
    <p class='ocr_par' dir='ltr' id='par_1_49' title="bbox 426 3139 1996 3223">
     <span class='ocr_line' id='line_1_49' title="bbox 426 3139 1996 3223; baseline 0.013 -32"><span class='ocrx_word' id='word_1_343' title='bbox 426 3139 855 3210; x_wconf 78' lang='lat' dir='ltr'><strong>exstinguendam</strong></span> <span class='ocrx_word' id='word_1_344' title='bbox 884 3144 1130 3217; x_wconf 70' lang='lat' dir='ltr'><strong>maeroris</strong></span> <span class='ocrx_word' id='word_1_345' title='bbox 1157 3143 1422 3200; x_wconf 84' lang='lat' dir='ltr'><strong>ﬂammam</strong></span> <span class='ocrx_word' id='word_1_346' title='bbox 1444 3191 1456 3211; x_wconf 91' lang='lat'><strong>,</strong></span> <span class='ocrx_word' id='word_1_347' title='bbox 1485 3158 1643 3218; x_wconf 89' lang='lat' dir='ltr'><strong>atque</strong></span> <span class='ocrx_word' id='word_1_348' title='bbox 1671 3158 1996 3223; x_wconf 86' lang='lat' dir='ltr'><strong>persuaden-</strong></span> 
     </span>
    </p>
   </div>
   <div class='ocr_carea' id='block_1_50' title="bbox 423 3229 2000 3305">
    <p class='ocr_par' dir='ltr' id='par_1_50' title="bbox 423 3229 2000 3305">
     <span class='ocr_line' id='line_1_50' title="bbox 423 3229 2000 3305; baseline 0.012 -21"><span class='ocrx_word' id='word_1_349' title='bbox 423 3229 547 3284; x_wconf 93' lang='lat' dir='ltr'><strong>dum</strong></span> <span class='ocrx_word' id='word_1_350' title='bbox 587 3231 806 3287; x_wconf 89' lang='lat' dir='ltr'><strong>meliore</strong></span> <span class='ocrx_word' id='word_1_351' title='bbox 832 3248 893 3287; x_wconf 89' lang='lat' dir='ltr'><strong>ac</strong></span> <span class='ocrx_word' id='word_1_352' title='bbox 931 3237 1291 3305; x_wconf 90' lang='lat' dir='ltr'><strong>tranquilliore</strong></span> <span class='ocrx_word' id='word_1_353' title='bbox 1322 3254 1441 3294; x_wconf 89' lang='lat' dir='ltr'><strong>esse</strong></span> <span class='ocrx_word' id='word_1_354' title='bbox 1471 3242 1650 3298; x_wconf 89' lang='lat' dir='ltr'><strong>animo</strong></span> <span class='ocrx_word' id='word_1_355' title='bbox 1682 3263 1694 3298; x_wconf 92' lang='lat'>:</span> <span class='ocrx_word' id='word_1_356' title='bbox 1730 3264 1909 3303; x_wconf 90' lang='lat' dir='ltr'><strong>verum</strong></span> <span class='ocrx_word' id='word_1_357' title='bbox 1943 3261 2000 3305; x_wconf 91' lang='lat' dir='ltr'><strong>ut</strong></span> 
     </span>
    </p>
   </div>
   <div class='ocr_carea' id='block_1_51' title="bbox 420 3322 1998 3405">
    <p class='ocr_par' dir='ltr' id='par_1_51' title="bbox 420 3322 1998 3405">
     <span class='ocr_line' id='line_1_51' title="bbox 420 3322 1998 3405; baseline 0.013 -30"><span class='ocrx_word' id='word_1_358' title='bbox 420 3322 713 3377; x_wconf 87' lang='lat' dir='ltr'><strong>consolatio</strong></span> <span class='ocrx_word' id='word_1_359' title='bbox 739 3324 808 3377; x_wconf 90' lang='lat' dir='ltr'><strong>sit</strong></span> <span class='ocrx_word' id='word_1_360' title='bbox 835 3325 1168 3393; x_wconf 86' lang='lat' dir='ltr'><strong>cumulatior,</strong></span> <span class='ocrx_word' id='word_1_361' title='bbox 1198 3339 1249 3381; x_wconf 89' lang='lat' dir='ltr'><strong>et</strong></span> <span class='ocrx_word' id='word_1_362' title='bbox 1276 3328 1414 3384; x_wconf 91' lang='lat' dir='ltr'><strong>hunc</strong></span> <span class='ocrx_word' id='word_1_363' title='bbox 1442 3333 1630 3388; x_wconf 86' lang='lat' dir='ltr'><strong>librum</strong></span> <span class='ocrx_word' id='word_1_364' title='bbox 1659 3337 1888 3405; x_wconf 88' lang='lat' dir='ltr'><strong>adjicere</strong></span> <span class='ocrx_word' id='word_1_365' title='bbox 1914 3343 1998 3395; x_wconf 88' lang='lat' dir='ltr'><strong>in-</strong></span> 
     </span>
    </p>
   </div>
   <div class='ocr_carea' id='block_1_52' title="bbox 419 3413 1984 3496">
    <p class='ocr_par' dir='ltr' id='par_1_52' title="bbox 419 3413 1984 3496">
     <span class='ocr_line' id='line_1_52' title="bbox 419 3413 1984 3496; baseline 0.01 -27"><span class='ocrx_word' id='word_1_366' title='bbox 419 3413 564 3485; x_wconf 81' lang='lat' dir='ltr'><strong>stitui</strong></span> <span class='ocrx_word' id='word_1_367' title='bbox 589 3456 604 3481; x_wconf 93' lang='lat'><strong>,</strong></span> <span class='ocrx_word' id='word_1_368' title='bbox 637 3416 764 3470; x_wconf 88' lang='lat' dir='ltr'><strong>illud</strong></span> <span class='ocrx_word' id='word_1_369' title='bbox 793 3419 888 3472; x_wconf 92' lang='lat' dir='ltr'><strong>abs</strong></span> <span class='ocrx_word' id='word_1_370' title='bbox 924 3428 974 3472; x_wconf 92' lang='lat' dir='ltr'><strong>te</strong></span> <span class='ocrx_word' id='word_1_371' title='bbox 1017 3419 1238 3487; x_wconf 92' lang='lat' dir='ltr'><strong>primum</strong></span> <span class='ocrx_word' id='word_1_372' title='bbox 1281 3422 1548 3490; x_wconf 91' lang='lat' dir='ltr'><strong>inquirens</strong></span> <span class='ocrx_word' id='word_1_373' title='bbox 1581 3445 1594 3479; x_wconf 92' lang='lat'><strong>:</strong></span> <span class='ocrx_word' id='word_1_374' title='bbox 1630 3427 1721 3481; x_wconf 90' lang='lat' dir='ltr'><strong>Dic</strong></span> <span class='ocrx_word' id='word_1_375' title='bbox 1747 3470 1762 3496; x_wconf 88' lang='lat'><strong>,</strong></span> <span class='ocrx_word' id='word_1_376' title='bbox 1796 3446 1914 3494; x_wconf 91' lang='lat' dir='ltr'><strong>oro,</strong></span> <span class='ocrx_word' id='word_1_377' title='bbox 1941 3433 1984 3487; x_wconf 92' lang='lat' dir='ltr'><strong>si</strong></span> 
     </span>
    </p>
   </div>
   <div class='ocr_carea' id='block_1_53' title="bbox 421 3506 1992 3585">
    <p class='ocr_par' dir='ltr' id='par_1_53' title="bbox 421 3506 1992 3585">
     <span class='ocr_line' id='line_1_53' title="bbox 421 3506 1992 3585; baseline 0.011 -28"><span class='ocrx_word' id='word_1_378' title='bbox 421 3506 540 3573; x_wconf 88' lang='lat' dir='ltr'><strong>quis</strong></span> <span class='ocrx_word' id='word_1_379' title='bbox 569 3513 620 3560; x_wconf 91' lang='lat' dir='ltr'><strong>te</strong></span> <span class='ocrx_word' id='word_1_380' title='bbox 646 3506 711 3560; x_wconf 89' lang='lat' dir='ltr'><strong>ad</strong></span> <span class='ocrx_word' id='word_1_381' title='bbox 753 3522 970 3577; x_wconf 85' lang='lat' dir='ltr'><strong>regnum</strong></span> <span class='ocrx_word' id='word_1_382' title='bbox 1014 3519 1261 3564; x_wconf 89' lang='lat' dir='ltr'><strong>terrestre</strong></span> <span class='ocrx_word' id='word_1_383' title='bbox 1300 3525 1510 3566; x_wconf 86' lang='lat' dir='ltr'><strong>vocaret</strong></span> <span class='ocrx_word' id='word_1_384' title='bbox 1534 3557 1548 3580; x_wconf 91' lang='lat'><strong>,</strong></span> <span class='ocrx_word' id='word_1_385' title='bbox 1577 3527 1734 3585; x_wconf 87' lang='lat' dir='ltr'><strong>atque</strong></span> <span class='ocrx_word' id='word_1_386' title='bbox 1763 3529 1886 3574; x_wconf 89' lang='lat' dir='ltr'><strong>ante</strong></span> <span class='ocrx_word' id='word_1_387' title='bbox 1911 3523 1992 3575; x_wconf 86' lang='lat' dir='ltr'><strong>iu-</strong></span> 
     </span>
    </p>
   </div>
   <div class='ocr_carea' id='block_1_54' title="bbox 416 3597 1987 3680">
    <p class='ocr_par' dir='ltr' id='par_1_54' title="bbox 416 3597 1987 3680">
     <span class='ocr_line' id='line_1_54' title="bbox 416 3597 1987 3680; baseline 0.011 -32"><span class='ocrx_word' id='word_1_388' title='bbox 416 3610 658 3666; x_wconf 77' lang='lat' dir='ltr'><strong>gressum</strong></span> <span class='ocrx_word' id='word_1_389' title='bbox 681 3597 795 3665; x_wconf 90' lang='lat' dir='ltr'><strong>ejus</strong></span> <span class='ocrx_word' id='word_1_390' title='bbox 818 3599 1060 3662; x_wconf 90' lang='lat' dir='ltr'><strong>civitatis,</strong></span> <span class='ocrx_word' id='word_1_391' title='bbox 1089 3599 1170 3653; x_wconf 91' lang='lat' dir='ltr'><strong>vel</strong></span> <span class='ocrx_word' id='word_1_392' title='bbox 1195 3610 1476 3671; x_wconf 85' lang='lat' dir='ltr'><strong>antequam</strong></span> <span class='ocrx_word' id='word_1_393' title='bbox 1501 3621 1750 3660; x_wconf 89' lang='lat' dir='ltr'><strong>coronam</strong></span> <span class='ocrx_word' id='word_1_394' title='bbox 1778 3611 1987 3680; x_wconf 85' lang='lat' dir='ltr'><strong>accipe-</strong></span> 
     </span>
    </p>
   </div>
   <div class='ocr_carea' id='block_1_55' title="bbox 416 3686 1993 3764">
    <p class='ocr_par' dir='ltr' id='par_1_55' title="bbox 416 3686 1993 3764">
     <span class='ocr_line' id='line_1_55' title="bbox 416 3686 1993 3764; baseline 0.011 -25"><span class='ocrx_word' id='word_1_395' title='bbox 416 3701 505 3740; x_wconf 85' lang='lat' dir='ltr'><strong>res</strong></span> <span class='ocrx_word' id='word_1_396' title='bbox 548 3686 598 3739; x_wconf 94' lang='lat' dir='ltr'><strong>in</strong></span> <span class='ocrx_word' id='word_1_397' title='bbox 639 3688 898 3741; x_wconf 87' lang='lat' dir='ltr'><strong>stabulum</strong></span> <span class='ocrx_word' id='word_1_398' title='bbox 932 3689 1193 3746; x_wconf 89' lang='lat' dir='ltr'><strong>divertere</strong></span> <span class='ocrx_word' id='word_1_399' title='bbox 1222 3707 1438 3747; x_wconf 89' lang='lat' dir='ltr'><strong>necesse</strong></span> <span class='ocrx_word' id='word_1_400' title='bbox 1475 3706 1647 3764; x_wconf 89' lang='lat' dir='ltr'><strong>esset,</strong></span> <span class='ocrx_word' id='word_1_401' title='bbox 1679 3699 1766 3753; x_wconf 87' lang='lat' dir='ltr'><strong>ubi</strong></span> <span class='ocrx_word' id='word_1_402' title='bbox 1808 3700 1900 3754; x_wconf 92' lang='lat' dir='ltr'><strong>luti</strong></span> <span class='ocrx_word' id='word_1_403' title='bbox 1931 3718 1993 3758; x_wconf 90' lang='lat' dir='ltr'><strong>ac</strong></span> 
     </span>
    </p>
   </div>
   <div class='ocr_carea' id='block_1_56' title="bbox 417 3777 1993 3855">
    <p class='ocr_par' dir='ltr' id='par_1_56' title="bbox 417 3777 1993 3855">
     <span class='ocr_line' id='line_1_56' title="bbox 417 3777 1993 3855; baseline 0.01 -24"><span class='ocrx_word' id='word_1_404' title='bbox 417 3777 545 3834; x_wconf 88' lang='lat' dir='ltr'><strong>fumi</strong></span> <span class='ocrx_word' id='word_1_405' title='bbox 575 3780 854 3848; x_wconf 91' lang='lat' dir='ltr'><strong>plurimum</strong></span> <span class='ocrx_word' id='word_1_406' title='bbox 885 3782 1247 3852; x_wconf 87' lang='lat' dir='ltr'><strong>viatorumque</strong></span> <span class='ocrx_word' id='word_1_407' title='bbox 1274 3785 1524 3840; x_wconf 90' lang='lat' dir='ltr'><strong>tumultus</strong></span> <span class='ocrx_word' id='word_1_408' title='bbox 1552 3797 1714 3855; x_wconf 88' lang='lat' dir='ltr'><strong>esset,</strong></span> <span class='ocrx_word' id='word_1_409' title='bbox 1747 3799 1798 3843; x_wconf 92' lang='lat' dir='ltr'><strong>et</strong></span> <span class='ocrx_word' id='word_1_410' title='bbox 1828 3791 1993 3846; x_wconf 87' lang='lat' dir='ltr'><strong>latro-</strong></span> 
     </span>
    </p>
   </div>
   <div class='ocr_carea' id='block_1_57' title="bbox 417 3872 1990 3950">
    <p class='ocr_par' dir='ltr' id='par_1_57' title="bbox 417 3872 1990 3950">
     <span class='ocr_line' id='line_1_57' title="bbox 417 3872 1990 3950; baseline 0.011 -29"><span class='ocrx_word' id='word_1_411' title='bbox 417 3886 540 3922; x_wconf 87' lang='lat' dir='ltr'><strong>num</strong></span> <span class='ocrx_word' id='word_1_412' title='bbox 574 3872 920 3939; x_wconf 82' lang='lat' dir='ltr'><strong>perturbatio,</strong></span> <span class='ocrx_word' id='word_1_413' title='bbox 935 3889 1241 3944; x_wconf 89' lang='lat' dir='ltr'><strong>summaque</strong></span> <span class='ocrx_word' id='word_1_414' title='bbox 1261 3891 1502 3944; x_wconf 89' lang='lat' dir='ltr'><strong>pressura</strong></span> <span class='ocrx_word' id='word_1_415' title='bbox 1517 3887 1568 3932; x_wconf 91' lang='lat' dir='ltr'><strong>et</strong></span> <span class='ocrx_word' id='word_1_416' title='bbox 1584 3882 1844 3950; x_wconf 83' lang='lat' dir='ltr'><strong>angustia,</strong></span> <span class='ocrx_word' id='word_1_417' title='bbox 1865 3899 1990 3940; x_wconf 91' lang='lat' dir='ltr'><strong>num</strong></span> 
     </span>
    </p>
   </div>
   <div class='ocr_carea' id='block_1_58' title="bbox 417 3960 1992 4035">
    <p class='ocr_par' dir='ltr' id='par_1_58' title="bbox 417 3960 1992 4035">
     <span class='ocr_line' id='line_1_58' title="bbox 417 3960 1992 4035; baseline 0.012 -24"><span class='ocrx_word' id='word_1_418' title='bbox 417 3960 485 4012; x_wconf 89' lang='lat' dir='ltr'><strong>ad</strong></span> <span class='ocrx_word' id='word_1_419' title='bbox 532 3960 615 4013; x_wconf 87' lang='lat' dir='ltr'><strong>illa</strong></span> <span class='ocrx_word' id='word_1_420' title='bbox 648 3961 817 4016; x_wconf 88' lang='lat' dir='ltr'><strong>tristia</strong></span> <span class='ocrx_word' id='word_1_421' title='bbox 860 3965 1172 4032; x_wconf 86' lang='lat' dir='ltr'><strong>cogitatione</strong></span> <span class='ocrx_word' id='word_1_422' title='bbox 1202 3970 1588 4023; x_wconf 88' lang='lat' dir='ltr'><strong>convertereris</strong></span> <span class='ocrx_word' id='word_1_423' title='bbox 1611 4011 1626 4035; x_wconf 93' lang='lat'><strong>,</strong></span> <span class='ocrx_word' id='word_1_424' title='bbox 1659 3987 1835 4026; x_wconf 88' lang='lat' dir='ltr'><strong>nonne</strong></span> <span class='ocrx_word' id='word_1_425' title='bbox 1863 3990 1992 4030; x_wconf 89' lang='lat' dir='ltr'><strong>vero</strong></span> 
     </span>
    </p>
   </div>
   <div class='ocr_carea' id='block_1_59' title="bbox 412 4051 1992 4128">
    <p class='ocr_par' dir='ltr' id='par_1_59' title="bbox 412 4051 1992 4128">
     <span class='ocr_line' id='line_1_59' title="bbox 412 4051 1992 4128; baseline 0.011 -25"><span class='ocrx_word' id='word_1_426' title='bbox 412 4051 503 4104; x_wconf 89' lang='lat' dir='ltr'><strong>illa</strong></span> <span class='ocrx_word' id='word_1_427' title='bbox 541 4053 716 4105; x_wconf 90' lang='lat' dir='ltr'><strong>omnia</strong></span> <span class='ocrx_word' id='word_1_428' title='bbox 742 4055 890 4122; x_wconf 90' lang='lat' dir='ltr'><strong>quasi</strong></span> <span class='ocrx_word' id='word_1_429' title='bbox 921 4055 1048 4108; x_wconf 91' lang='lat' dir='ltr'><strong>nihil</strong></span> <span class='ocrx_word' id='word_1_430' title='bbox 1078 4067 1256 4110; x_wconf 89' lang='lat' dir='ltr'><strong>essent</strong></span> <span class='ocrx_word' id='word_1_431' title='bbox 1282 4063 1689 4114; x_wconf 89' lang='lat' dir='ltr'><strong>contemneres?</strong></span> <span class='ocrx_word' id='word_1_432' title='bbox 1717 4063 1992 4128; x_wconf 84' lang='lat' dir='ltr'><strong>Quomodo</strong></span> 
     </span>
    </p>
   </div>
   <div class='ocr_carea' id='block_1_60' title="bbox 410 4141 1988 4234">
    <p class='ocr_par' dir='ltr' id='par_1_60' title="bbox 410 4141 1988 4234">
     <span class='ocr_line' id='line_1_60' title="bbox 410 4141 1988 4234; baseline 0.011 -40"><span class='ocrx_word' id='word_1_433' title='bbox 410 4141 569 4210; x_wconf 81' lang='lat' dir='ltr'><strong>igitur</strong></span> <span class='ocrx_word' id='word_1_434' title='bbox 591 4159 692 4196; x_wconf 88' lang='lat' dir='ltr'><strong>non</strong></span> <span class='ocrx_word' id='word_1_435' title='bbox 715 4144 996 4198; x_wconf 89' lang='lat' dir='ltr'><strong>absurdum</strong></span> <span class='ocrx_word' id='word_1_436' title='bbox 1025 4145 1207 4210; x_wconf 90' lang='lat' dir='ltr'><strong>fuerit,</strong></span> <span class='ocrx_word' id='word_1_437' title='bbox 1239 4151 1462 4204; x_wconf 92' lang='lat' dir='ltr'><strong>terrenis</strong></span> <span class='ocrx_word' id='word_1_438' title='bbox 1491 4151 1650 4206; x_wconf 89' lang='lat' dir='ltr'><strong>rebus</strong></span> <span class='ocrx_word' id='word_1_439' title='bbox 1672 4155 1988 4234; x_wconf 84' lang='lat' dir='ltr'><strong>potiturum,</strong></span> 
     </span>
    </p>
   </div>
   <div class='ocr_carea' id='block_1_61' title="bbox 411 4233 1992 4307">
    <p class='ocr_par' dir='ltr' id='par_1_61' title="bbox 411 4233 1992 4307">
     <span class='ocr_line' id='line_1_61' title="bbox 411 4233 1992 4307; baseline 0.011 -24"><span class='ocrx_word' id='word_1_440' title='bbox 411 4245 506 4298; x_wconf 81' lang='lat' dir='ltr'><strong>spe</strong></span> <span class='ocrx_word' id='word_1_441' title='bbox 535 4233 682 4300; x_wconf 89' lang='lat' dir='ltr'><strong>regni</strong></span> <span class='ocrx_word' id='word_1_442' title='bbox 721 4233 918 4288; x_wconf 90' lang='lat' dir='ltr'><strong>elatum</strong></span> <span class='ocrx_word' id='word_1_443' title='bbox 950 4235 1075 4288; x_wconf 91' lang='lat' dir='ltr'><strong>nihil</strong></span> <span class='ocrx_word' id='word_1_444' title='bbox 1107 4235 1190 4291; x_wconf 90' lang='lat' dir='ltr'><strong>his</strong></span> <span class='ocrx_word' id='word_1_445' title='bbox 1216 4253 1332 4307; x_wconf 70' lang='lat' dir='ltr'><strong>qua:</strong></span> <span class='ocrx_word' id='word_1_446' title='bbox 1361 4240 1568 4295; x_wconf 91' lang='lat' dir='ltr'><strong>interim</strong></span> <span class='ocrx_word' id='word_1_447' title='bbox 1609 4243 1830 4299; x_wconf 86' lang='lat' dir='ltr'><strong>adversa</strong></span> <span class='ocrx_word' id='word_1_448' title='bbox 1861 4246 1992 4300; x_wconf 85' lang='lat' dir='ltr'><strong>inci-</strong></span> 
     </span>
    </p>
   </div>
   <div class='ocr_carea' id='block_1_62' title="bbox 410 4323 1989 4408">
    <p class='ocr_par' dir='ltr' id='par_1_62' title="bbox 410 4323 1989 4408">
     <span class='ocr_line' id='line_1_62' title="bbox 410 4323 1989 4408; baseline 0.013 -33"><span class='ocrx_word' id='word_1_449' title='bbox 410 4323 588 4378; x_wconf 90' lang='lat' dir='ltr'><strong>derint</strong></span> <span class='ocrx_word' id='word_1_450' title='bbox 624 4327 897 4393; x_wconf 88' lang='lat' dir='ltr'><strong>contrahi,</strong></span> <span class='ocrx_word' id='word_1_451' title='bbox 927 4328 991 4382; x_wconf 92' lang='lat' dir='ltr'><strong>ad</strong></span> <span class='ocrx_word' id='word_1_452' title='bbox 1034 4330 1192 4384; x_wconf 64' lang='lat' dir='ltr'><strong>caelos</strong></span> <span class='ocrx_word' id='word_1_453' title='bbox 1218 4341 1393 4387; x_wconf 90' lang='lat' dir='ltr'><strong>autem</strong></span> <span class='ocrx_word' id='word_1_454' title='bbox 1420 4337 1731 4393; x_wconf 90' lang='lat' dir='ltr'><strong>accersitum</strong></span> <span class='ocrx_word' id='word_1_455' title='bbox 1759 4355 1853 4408; x_wconf 91' lang='lat' dir='ltr'><strong>per</strong></span> <span class='ocrx_word' id='word_1_456' title='bbox 1877 4341 1989 4395; x_wconf 82' lang='lat' dir='ltr'><strong>sin-</strong></span> 
     </span>
    </p>
   </div>
   <div class='ocr_carea' id='block_1_63' title="bbox 408 4415 1984 4493">
    <p class='ocr_par' dir='ltr' id='par_1_63' title="bbox 408 4415 1984 4493">
     <span class='ocr_line' id='line_1_63' title="bbox 408 4415 1984 4493; baseline 0.012 -26"><span class='ocrx_word' id='word_1_457' title='bbox 408 4415 528 4483; x_wconf 88' lang='lat' dir='ltr'><strong>gula</strong></span> <span class='ocrx_word' id='word_1_458' title='bbox 556 4431 672 4485; x_wconf 74' lang='lat' dir='ltr'><strong>qua:</strong></span> <span class='ocrx_word' id='word_1_459' title='bbox 703 4417 752 4471; x_wconf 92' lang='lat' dir='ltr'><strong>in</strong></span> <span class='ocrx_word' id='word_1_460' title='bbox 779 4417 1072 4474; x_wconf 87' lang='lat' dir='ltr'><strong>diversorio</strong></span> <span class='ocrx_word' id='word_1_461' title='bbox 1098 4422 1408 4493; x_wconf 91' lang='lat' dir='ltr'><strong>contingunt</strong></span> <span class='ocrx_word' id='word_1_462' title='bbox 1433 4427 1603 4480; x_wconf 88' lang='lat' dir='ltr'><strong>tristia</strong></span> <span class='ocrx_word' id='word_1_463' title='bbox 1634 4427 1880 4487; x_wconf 89' lang='lat' dir='ltr'><strong>decidere</strong></span> <span class='ocrx_word' id='word_1_464' title='bbox 1907 4441 1984 4486; x_wconf 90' lang='lat' dir='ltr'><strong>at-</strong></span> 
     </span>
    </p>
   </div>
   <div class='ocr_carea' id='block_1_64' title="bbox 407 4507 1977 4576">
    <p class='ocr_par' dir='ltr' id='par_1_64' title="bbox 407 4507 1977 4576">
     <span class='ocr_line' id='line_1_64' title="bbox 407 4507 1977 4576; baseline 0.012 -19"><span class='ocrx_word' id='word_1_465' title='bbox 407 4519 515 4575; x_wconf 91' lang='lat' dir='ltr'><strong>que</strong></span> <span class='ocrx_word' id='word_1_466' title='bbox 554 4507 888 4576; x_wconf 89' lang='lat' dir='ltr'><strong>perturbari?</strong></span> <span class='ocrx_word' id='word_1_467' title='bbox 916 4509 1160 4566; x_wconf 82' lang='lat' dir='ltr'><strong>Profecto</strong></span> <span class='ocrx_word' id='word_1_468' title='bbox 1189 4513 1327 4566; x_wconf 90' lang='lat' dir='ltr'><strong>enim</strong></span> <span class='ocrx_word' id='word_1_469' title='bbox 1361 4513 1652 4572; x_wconf 90' lang='lat' dir='ltr'><strong>diversorio</strong></span> <span class='ocrx_word' id='word_1_470' title='bbox 1681 4533 1743 4572; x_wconf 88' lang='lat' dir='ltr'><strong>ac</strong></span> <span class='ocrx_word' id='word_1_471' title='bbox 1786 4521 1977 4576; x_wconf 87' lang='lat' dir='ltr'><strong>stabuli</strong></span> 
     </span>
    </p>
   </div>
   <div class='ocr_carea' id='block_1_65' title="bbox 413 4597 1991 4684">
    <p class='ocr_par' dir='ltr' id='par_1_65' title="bbox 413 4597 1991 4684">
     <span class='ocr_line' id='line_1_65' title="bbox 413 4597 1991 4684; baseline 0.011 -32"><span class='ocrx_word' id='word_1_472' title='bbox 413 4597 739 4655; x_wconf 89' lang='lat' dir='ltr'><strong>habitatione</strong></span> <span class='ocrx_word' id='word_1_473' title='bbox 765 4601 930 4656; x_wconf 90' lang='lat' dir='ltr'><strong>nihilo</strong></span> <span class='ocrx_word' id='word_1_474' title='bbox 954 4607 1234 4672; x_wconf 64' lang='lat' dir='ltr'><strong>praesentis</strong></span> <span class='ocrx_word' id='word_1_475' title='bbox 1256 4606 1376 4661; x_wconf 72' lang='lat' dir='ltr'><strong>vita:</strong></span> <span class='ocrx_word' id='word_1_476' title='bbox 1399 4617 1564 4663; x_wconf 90' lang='lat' dir='ltr'><strong>status</strong></span> <span class='ocrx_word' id='word_1_477' title='bbox 1587 4612 1805 4678; x_wconf 91' lang='lat' dir='ltr'><strong>melior;</strong></span> <span class='ocrx_word' id='word_1_478' title='bbox 1833 4614 1991 4684; x_wconf 83' lang='lat' dir='ltr'><strong>idque</strong></span> 
     </span>
    </p>
   </div>
   <div class='ocr_carea' id='block_1_66' title="bbox 411 4691 1981 4774">
    <p class='ocr_par' dir='ltr' id='par_1_66' title="bbox 411 4691 1981 4774">
     <span class='ocr_line' id='line_1_66' title="bbox 411 4691 1981 4774; baseline 0.013 -34"><span class='ocrx_word' id='word_1_479' title='bbox 411 4704 532 4741; x_wconf 90' lang='lat' dir='ltr'><strong>cum</strong></span> <span class='ocrx_word' id='word_1_480' title='bbox 565 4691 730 4744; x_wconf 90' lang='lat' dir='ltr'><strong>sancti</strong></span> <span class='ocrx_word' id='word_1_481' title='bbox 756 4693 910 4747; x_wconf 90' lang='lat' dir='ltr'><strong>nobis</strong></span> <span class='ocrx_word' id='word_1_482' title='bbox 935 4693 1167 4750; x_wconf 88' lang='lat' dir='ltr'><strong>indicare</strong></span> <span class='ocrx_word' id='word_1_483' title='bbox 1188 4709 1462 4766; x_wconf 88' lang='lat' dir='ltr'><strong>cuperent,</strong></span> <span class='ocrx_word' id='word_1_484' title='bbox 1503 4700 1736 4771; x_wconf 79' lang='lat' dir='ltr'><strong>hOSpileS</strong></span> <span class='ocrx_word' id='word_1_485' title='bbox 1761 4718 1822 4758; x_wconf 89' lang='lat' dir='ltr'><strong>ac</strong></span> <span class='ocrx_word' id='word_1_486' title='bbox 1860 4720 1981 4774; x_wconf 86' lang='lat' dir='ltr'><strong>per-</strong></span> 
     </span>
    </p>
   </div>
   <div class='ocr_carea' id='block_1_67' title="bbox 413 4780 1982 4863">
    <p class='ocr_par' dir='ltr' id='par_1_67' title="bbox 413 4780 1982 4863">
     <span class='ocr_line' id='line_1_67' title="bbox 413 4780 1982 4863; baseline 0.012 -31"><span class='ocrx_word' id='word_1_487' title='bbox 413 4780 625 4848; x_wconf 84' lang='lat' dir='ltr'><strong>cgrinos</strong></span> <span class='ocrx_word' id='word_1_488' title='bbox 641 4782 844 4850; x_wconf 86' lang='lat' dir='ltr'><strong>scipsos</strong></span> <span class='ocrx_word' id='word_1_489' title='bbox 869 4785 1226 4853; x_wconf 85' lang='lat' dir='ltr'><strong>appellabant,</strong></span> <span class='ocrx_word' id='word_1_490' title='bbox 1254 4787 1338 4841; x_wconf 91' lang='lat' dir='ltr'><strong>his</strong></span> <span class='ocrx_word' id='word_1_491' title='bbox 1353 4789 1527 4845; x_wconf 90' lang='lat' dir='ltr'><strong>verbis</strong></span> <span class='ocrx_word' id='word_1_492' title='bbox 1550 4807 1649 4846; x_wconf 92' lang='lat' dir='ltr'><strong>nos</strong></span> <span class='ocrx_word' id='word_1_493' title='bbox 1663 4795 1982 4863; x_wconf 85' lang='lat' dir='ltr'><strong>erudientes,</strong></span> 
     </span>
    </p>
   </div>
   <div class='ocr_carea' id='block_1_68' title="bbox 409 4869 1984 4956">
    <p class='ocr_par' dir='ltr' id='par_1_68' title="bbox 409 4869 1984 4956">
     <span class='ocr_line' id='line_1_68' title="bbox 409 4869 1984 4956; baseline 0.011 -33"><span class='ocrx_word' id='word_1_494' title='bbox 409 4876 464 4923; x_wconf 86' lang='lat' dir='ltr'><strong>et</strong></span> <span class='ocrx_word' id='word_1_495' title='bbox 492 4869 608 4924; x_wconf 75' lang='lat' dir='ltr'><strong>laeta</strong></span> <span class='ocrx_word' id='word_1_496' title='bbox 637 4872 813 4925; x_wconf 68' lang='lat' dir='ltr'><strong>saeculi</strong></span> <span class='ocrx_word' id='word_1_497' title='bbox 860 4875 1136 4941; x_wconf 64' lang='lat' dir='ltr'><strong>priesentis</strong></span> <span class='ocrx_word' id='word_1_498' title='bbox 1174 4885 1229 4930; x_wconf 91' lang='lat' dir='ltr'><strong>et</strong></span> <span class='ocrx_word' id='word_1_499' title='bbox 1267 4878 1433 4932; x_wconf 89' lang='lat' dir='ltr'><strong>tristia</strong></span> <span class='ocrx_word' id='word_1_500' title='bbox 1462 4879 1703 4936; x_wconf 89' lang='lat' dir='ltr'><strong>deridere</strong></span> <span class='ocrx_word' id='word_1_501' title='bbox 1725 4925 1739 4948; x_wconf 93' lang='lat'><strong>,</strong></span> <span class='ocrx_word' id='word_1_502' title='bbox 1771 4893 1930 4956; x_wconf 87' lang='lat' dir='ltr'><strong>atque</strong></span> <span class='ocrx_word' id='word_1_503' title='bbox 1954 4901 1984 4940; x_wconf 93' lang='lat' dir='ltr'><strong>a</strong></span> 
     </span>
    </p>
   </div>
   <div class='ocr_carea' id='block_1_69' title="bbox 413 4965 1983 5047">
    <p class='ocr_par' dir='ltr' id='par_1_69' title="bbox 413 4965 1983 5047">
     <span class='ocr_line' id='line_1_69' title="bbox 413 4965 1983 5047; baseline 0.012 -31"><span class='ocrx_word' id='word_1_504' title='bbox 413 4971 554 5017; x_wconf 88' lang='lat' dir='ltr'><strong>terra</strong></span> <span class='ocrx_word' id='word_1_505' title='bbox 590 4965 895 5035; x_wconf 87' lang='lat' dir='ltr'><strong>longissime</strong></span> <span class='ocrx_word' id='word_1_506' title='bbox 920 4976 1152 5023; x_wconf 89' lang='lat' dir='ltr'><strong>remotos</strong></span> <span class='ocrx_word' id='word_1_507' title='bbox 1179 4979 1286 5025; x_wconf 92' lang='lat' dir='ltr'><strong>toto</strong></span> <span class='ocrx_word' id='word_1_508' title='bbox 1309 4973 1485 5028; x_wconf 91' lang='lat' dir='ltr'><strong>animo</strong></span> <span class='ocrx_word' id='word_1_509' title='bbox 1507 4976 1734 5030; x_wconf 62' lang='lat' dir='ltr'><strong>caelestia</strong></span> <span class='ocrx_word' id='word_1_510' title='bbox 1760 4982 1983 5047; x_wconf 90' lang='lat' dir='ltr'><strong>ambire,</strong></span> 
     </span>
    </p>
   </div>
   <div class='ocr_carea' id='block_1_70' title="bbox 411 5055 1684 5132">
    <p class='ocr_par' dir='ltr' id='par_1_70' title="bbox 411 5055 1684 5132">
     <span class='ocr_line' id='line_1_70' title="bbox 411 5055 1684 5132; baseline 0.008 -25"><span class='ocrx_word' id='word_1_511' title='bbox 411 5064 569 5124; x_wconf 85' lang='lat' dir='ltr'><strong>atque</strong></span> <span class='ocrx_word' id='word_1_512' title='bbox 595 5055 660 5110; x_wconf 90' lang='lat' dir='ltr'><strong>ad</strong></span> <span class='ocrx_word' id='word_1_513' title='bbox 690 5071 750 5110; x_wconf 91' lang='lat' dir='ltr'><strong>ea</strong></span> <span class='ocrx_word' id='word_1_514' title='bbox 783 5066 943 5110; x_wconf 88' lang='lat' dir='ltr'><strong>totam</strong></span> <span class='ocrx_word' id='word_1_515' title='bbox 975 5059 1266 5116; x_wconf 88' lang='lat' dir='ltr'><strong>transferre</strong></span> <span class='ocrx_word' id='word_1_516' title='bbox 1294 5063 1684 5132; x_wconf 84' lang='lat' dir='ltr'><strong>cogitationem.</strong></span> 
     </span>
    </p>
   </div>
   <div class='ocr_carea' id='block_1_71' title="bbox 484 5146 1985 5225">
    <p class='ocr_par' dir='ltr' id='par_1_71' title="bbox 484 5146 1985 5225">
     <span class='ocr_line' id='line_1_71' title="bbox 484 5146 1985 5225; baseline 0.013 -27"><span class='ocrx_word' id='word_1_517' title='bbox 484 5146 642 5201; x_wconf 73' lang='lat' dir='ltr'><strong>Hosis</strong></span> <span class='ocrx_word' id='word_1_518' title='bbox 685 5149 964 5218; x_wconf 69' lang='lat' dir='ltr'><strong>exemplum</strong></span> <span class='ocrx_word' id='word_1_519' title='bbox 1006 5149 1174 5217; x_wconf 76' lang='lat' dir='ltr'><strong>affert.</strong></span> <span class='ocrx_word' id='word_1_520' title='bbox 1206 5182 1276 5191; x_wconf 93' lang='lat'><strong><em>—</em></strong></span> <span class='ocrx_word' id='word_1_521' title='bbox 1302 5156 1414 5224; x_wconf 85' lang='lat' dir='ltr'><strong>Age</strong></span> <span class='ocrx_word' id='word_1_522' title='bbox 1454 5154 1629 5225; x_wconf 87' lang='lat' dir='ltr'><strong>itaque</strong></span> <span class='ocrx_word' id='word_1_523' title='bbox 1669 5158 1734 5212; x_wconf 91' lang='lat' dir='ltr'><strong>ad</strong></span> <span class='ocrx_word' id='word_1_524' title='bbox 1772 5170 1985 5218; x_wconf 90' lang='lat' dir='ltr'><strong>sanctos</strong></span> 
     </span>
    </p>
   </div>
   <div class='ocr_carea' id='block_1_72' title="bbox 410 5237 1981 5311">
    <p class='ocr_par' dir='ltr' id='par_1_72' title="bbox 410 5237 1981 5311">
     <span class='ocr_line' id='line_1_72' title="bbox 410 5237 1981 5311; baseline 0.009 -21"><span class='ocrx_word' id='word_1_525' title='bbox 410 5237 554 5305; x_wconf 72' lang='lat' dir='ltr'><strong>ipsos</strong></span> <span class='ocrx_word' id='word_1_526' title='bbox 580 5237 870 5306; x_wconf 87' lang='lat' dir='ltr'><strong>veniamus,</strong></span> <span class='ocrx_word' id='word_1_527' title='bbox 891 5255 920 5292; x_wconf 90' lang='lat' dir='ltr'><strong>a</strong></span> <span class='ocrx_word' id='word_1_528' title='bbox 949 5238 1142 5311; x_wconf 86' lang='lat' dir='ltr'><strong>Joseph</strong></span> <span class='ocrx_word' id='word_1_529' title='bbox 1171 5243 1235 5296; x_wconf 91' lang='lat' dir='ltr'><strong>ad</strong></span> <span class='ocrx_word' id='word_1_530' title='bbox 1257 5241 1451 5298; x_wconf 79' lang='lat' dir='ltr'><strong>Mosem</strong></span> <span class='ocrx_word' id='word_1_531' title='bbox 1479 5247 1771 5302; x_wconf 89' lang='lat' dir='ltr'><strong>orationem</strong></span> <span class='ocrx_word' id='word_1_532' title='bbox 1805 5259 1981 5304; x_wconf 52' lang='lat' dir='ltr'><strong>trans-</strong></span> 
     </span>
    </p>
   </div>
   <div class='ocr_carea' id='block_1_73' title="bbox 409 5329 1980 5405">
    <p class='ocr_par' dir='ltr' id='par_1_73' title="bbox 409 5329 1980 5405">
     <span class='ocr_line' id='line_1_73' title="bbox 409 5329 1980 5405; baseline 0.009 -23"><span class='ocrx_word' id='word_1_533' title='bbox 409 5329 661 5384; x_wconf 88' lang='lat' dir='ltr'><strong>ferentes.</strong></span> <span class='ocrx_word' id='word_1_534' title='bbox 695 5331 789 5384; x_wconf 89' lang='lat' dir='ltr'><strong>Hic</strong></span> <span class='ocrx_word' id='word_1_535' title='bbox 809 5332 970 5396; x_wconf 91' lang='lat' dir='ltr'><strong>enim,</strong></span> <span class='ocrx_word' id='word_1_536' title='bbox 995 5335 1226 5387; x_wconf 91' lang='lat' dir='ltr'><strong>omnium</strong></span> <span class='ocrx_word' id='word_1_537' title='bbox 1261 5336 1348 5405; x_wconf 92' lang='lat' dir='ltr'><strong>qui</strong></span> <span class='ocrx_word' id='word_1_538' title='bbox 1375 5336 1426 5389; x_wconf 90' lang='lat' dir='ltr'><strong>in</strong></span> <span class='ocrx_word' id='word_1_539' title='bbox 1451 5346 1590 5390; x_wconf 88' lang='lat' dir='ltr'><strong>terra</strong></span> <span class='ocrx_word' id='word_1_540' title='bbox 1637 5340 1980 5396; x_wconf 83' lang='lat' dir='ltr'><strong>versabantur</strong></span> 
     </span>
    </p>
   </div>
   <div class='ocr_carea' id='block_1_74' title="bbox 412 5422 1984 5496">
    <p class='ocr_par' dir='ltr' id='par_1_74' title="bbox 412 5422 1984 5496">
     <span class='ocr_line' id='line_1_74' title="bbox 412 5422 1984 5496; baseline 0.009 -22"><span class='ocrx_word' id='word_1_541' title='bbox 412 5422 722 5477; x_wconf 85' lang='lat' dir='ltr'><strong>mitissimus</strong></span> <span class='ocrx_word' id='word_1_542' title='bbox 744 5461 757 5486; x_wconf 89' lang='lat'><strong>,</strong></span> <span class='ocrx_word' id='word_1_543' title='bbox 785 5423 1015 5493; x_wconf 85' lang='lat' dir='ltr'><strong>gignitur</strong></span> <span class='ocrx_word' id='word_1_544' title='bbox 1041 5426 1322 5494; x_wconf 83' lang='lat' dir='ltr'><strong>gentilibus</strong></span> <span class='ocrx_word' id='word_1_545' title='bbox 1355 5427 1564 5496; x_wconf 91' lang='lat' dir='ltr'><strong>quidem</strong></span> <span class='ocrx_word' id='word_1_546' title='bbox 1596 5429 1705 5483; x_wconf 92' lang='lat' dir='ltr'><strong>suis</strong></span> <span class='ocrx_word' id='word_1_547' title='bbox 1733 5430 1783 5483; x_wconf 90' lang='lat' dir='ltr'><strong>vi</strong></span> <span class='ocrx_word' id='word_1_548' title='bbox 1811 5431 1984 5488; x_wconf 88' lang='lat' dir='ltr'><strong>duris-</strong></span> 
     </span>
    </p>
   </div>
   <div class='ocr_carea' id='block_1_75' title="bbox 411 5513 1979 5590">
    <p class='ocr_par' dir='ltr' id='par_1_75' title="bbox 411 5513 1979 5590">
     <span class='ocr_line' id='line_1_75' title="bbox 411 5513 1979 5590; baseline 0.007 -24"><span class='ocrx_word' id='word_1_549' title='bbox 411 5513 557 5568; x_wconf 84' lang='lat' dir='ltr'><strong>simae</strong></span> <span class='ocrx_word' id='word_1_550' title='bbox 584 5513 849 5568; x_wconf 84' lang='lat' dir='ltr'><strong>servitutis</strong></span> <span class='ocrx_word' id='word_1_551' title='bbox 879 5517 1168 5585; x_wconf 86' lang='lat' dir='ltr'><strong>oppressis,</strong></span> <span class='ocrx_word' id='word_1_552' title='bbox 1199 5518 1457 5573; x_wconf 90' lang='lat' dir='ltr'><strong>alienatus</strong></span> <span class='ocrx_word' id='word_1_553' title='bbox 1483 5528 1655 5574; x_wconf 90' lang='lat' dir='ltr'><strong>autem</strong></span> <span class='ocrx_word' id='word_1_554' title='bbox 1686 5537 1715 5573; x_wconf 89' lang='lat' dir='ltr'><strong>a</strong></span> <span class='ocrx_word' id='word_1_555' title='bbox 1747 5525 1979 5590; x_wconf 86' lang='lat' dir='ltr'><strong>parenti-</strong></span> 
     </span>
    </p>
   </div>
   <div class='ocr_carea' id='block_1_76' title="bbox 470 5666 1979 5737">
    <p class='ocr_par' dir='ltr' id='par_1_76' title="bbox 470 5666 1979 5737">
     <span class='ocr_line' id='line_1_76' title="bbox 470 5666 1979 5737; baseline 0.009 -24"><span class='ocrx_word' id='word_1_556' title='bbox 470 5673 484 5698; x_wconf 79' lang='grc' dir='ltr'><strong>ι</strong></span> <span class='ocrx_word' id='word_1_557' title='bbox 509 5666 658 5737; x_wconf 74' lang='grc' dir='ltr'><strong>οριὶι..</strong></span> <span class='ocrx_word' id='word_1_558' title='bbox 686 5668 908 5737; x_wconf 67' lang='lat' dir='ltr'><strong>Ejusdem</strong></span> <span class='ocrx_word' id='word_1_559' title='bbox 931 5670 994 5720; x_wconf 89' lang='lat' dir='ltr'><strong>ad</strong></span> <span class='ocrx_word' id='word_1_560' title='bbox 1018 5672 1238 5722; x_wconf 84' lang='lat' dir='ltr'><strong>eumdem</strong></span> <span class='ocrx_word' id='word_1_561' title='bbox 1259 5671 1399 5724; x_wconf 78' lang='lat' dir='ltr'><strong>etiam</strong></span> <span class='ocrx_word' id='word_1_562' title='bbox 1425 5673 1484 5723; x_wconf 88' lang='lat' dir='ltr'><strong>de</strong></span> <span class='ocrx_word' id='word_1_563' title='bbox 1504 5671 1709 5724; x_wconf 76' lang='lat' dir='ltr'><strong>tristitia.</strong></span> <span class='ocrx_word' id='word_1_564' title='bbox 1728 5674 1885 5737; x_wconf 86' lang='lat' dir='ltr'><strong>Savil.,</strong></span> <span class='ocrx_word' id='word_1_565' title='bbox 1913 5676 1979 5727; x_wconf 83' lang='lat' dir='ltr'><strong>ad</strong></span> 
     </span>
    </p>
   </div>
   <div class='ocr_carea' id='block_1_77' title="bbox 409 5729 1190 5795">
    <p class='ocr_par' dir='ltr' id='par_1_77' title="bbox 409 5729 1190 5795">
     <span class='ocr_line' id='line_1_77' title="bbox 409 5729 1190 5795; baseline 0.006 -18"><span class='ocrx_word' id='word_1_566' title='bbox 409 5729 624 5779; x_wconf 73' lang='lat' dir='ltr'><strong>omudem</strong></span> <span class='ocrx_word' id='word_1_567' title='bbox 646 5729 899 5795; x_wconf 67' lang='lat' dir='ltr'><strong>Stagirium</strong></span> <span class='ocrx_word' id='word_1_568' title='bbox 917 5741 1075 5783; x_wconf 80' lang='lat' dir='ltr'><strong>Sermo</strong></span> <span class='ocrx_word' id='word_1_569' title='bbox 1100 5742 1190 5782; x_wconf 78' lang='grc' dir='ltr'><strong>ιη.</strong></span> 
     </span>
    </p>
   </div>
   <div class='ocr_carea' id='block_1_78' title="bbox 2103 3072 3686 3168">
    <p class='ocr_par' dir='ltr' id='par_1_78' title="bbox 2103 3072 3686 3168">
     <span class='ocr_line' id='line_1_78' title="bbox 2103 3072 3686 3168; baseline 0.022 -43"><span class='ocrx_word' id='word_1_570' title='bbox 2103 3072 2203 3126; x_wconf 92' lang='lat' dir='ltr'><strong>bus</strong></span> <span class='ocrx_word' id='word_1_571' title='bbox 2223 3116 2238 3140; x_wconf 95' lang='lat'><strong>,</strong></span> <span class='ocrx_word' id='word_1_572' title='bbox 2269 3076 2620 3152; x_wconf 88' lang='lat' dir='ltr'><strong>ignoransque</strong></span> <span class='ocrx_word' id='word_1_573' title='bbox 2647 3100 2676 3138; x_wconf 87' lang='lat' dir='ltr'><strong>a</strong></span> <span class='ocrx_word' id='word_1_574' title='bbox 2703 3087 2892 3156; x_wconf 90' lang='lat' dir='ltr'><strong>quibus</strong></span> <span class='ocrx_word' id='word_1_575' title='bbox 2917 3093 3125 3160; x_wconf 84' lang='lat' dir='ltr'><strong>genitus</strong></span> <span class='ocrx_word' id='word_1_576' title='bbox 3150 3105 3318 3163; x_wconf 87' lang='lat' dir='ltr'><strong>esset,</strong></span> <span class='ocrx_word' id='word_1_577' title='bbox 3348 3099 3508 3168; x_wconf 92' lang='lat' dir='ltr'><strong>priori</strong></span> <span class='ocrx_word' id='word_1_578' title='bbox 3537 3107 3686 3161; x_wconf 90' lang='lat' dir='ltr'><strong>omni</strong></span> 
     </span>
    </p>
   </div>
   <div class='ocr_carea' id='block_1_79' title="bbox 2105 3169 3686 3262">
    <p class='ocr_par' dir='ltr' id='par_1_79' title="bbox 2105 3169 3686 3262">
     <span class='ocr_line' id='line_1_79' title="bbox 2105 3169 3686 3262; baseline 0.023 -47"><span class='ocrx_word' id='word_1_579' title='bbox 2105 3174 2263 3220; x_wconf 80' lang='lat' dir='ltr'><strong>:ctate</strong></span> <span class='ocrx_word' id='word_1_580' title='bbox 2299 3184 2329 3222; x_wconf 89' lang='lat' dir='ltr'><strong>a</strong></span> <span class='ocrx_word' id='word_1_581' title='bbox 2370 3169 2609 3228; x_wconf 90' lang='lat' dir='ltr'><strong>barbaris</strong></span> <span class='ocrx_word' id='word_1_582' title='bbox 2653 3177 2778 3232; x_wconf 92' lang='lat' dir='ltr'><strong>viris</strong></span> <span class='ocrx_word' id='word_1_583' title='bbox 2823 3180 3126 3239; x_wconf 91' lang='lat' dir='ltr'><strong>educatur:</strong></span> <span class='ocrx_word' id='word_1_584' title='bbox 3159 3203 3263 3257; x_wconf 91' lang='lat' dir='ltr'><strong>quo</strong></span> <span class='ocrx_word' id='word_1_585' title='bbox 3305 3191 3429 3259; x_wconf 91' lang='lat' dir='ltr'><strong>quid</strong></span> <span class='ocrx_word' id='word_1_586' title='bbox 3469 3195 3686 3262; x_wconf 81' lang='lat' dir='ltr'><strong>gravius</strong></span> 
     </span>
    </p>
   </div>
   <div class='ocr_carea' id='block_1_80' title="bbox 2103 3255 3683 3346">
    <p class='ocr_par' dir='ltr' id='par_1_80' title="bbox 2103 3255 3683 3346">
     <span class='ocr_line' id='line_1_80' title="bbox 2103 3255 3683 3346; baseline 0.022 -38"><span class='ocrx_word' id='word_1_587' title='bbox 2103 3255 2327 3313; x_wconf 78' lang='lat' dir='ltr'><strong>Hebraeo</strong></span> <span class='ocrx_word' id='word_1_588' title='bbox 2351 3302 2366 3327; x_wconf 96' lang='lat'><strong>,</strong></span> <span class='ocrx_word' id='word_1_589' title='bbox 2396 3263 2751 3338; x_wconf 88' lang='lat' dir='ltr'><strong>singularique</strong></span> <span class='ocrx_word' id='word_1_590' title='bbox 2775 3272 3052 3340; x_wconf 89' lang='lat' dir='ltr'><strong>prudentia</strong></span> <span class='ocrx_word' id='word_1_591' title='bbox 3096 3255 3338 3346; x_wconf 57' lang='lat' dir='ltr'><strong>praedito</strong></span> <span class='ocrx_word' id='word_1_592' title='bbox 3354 3255 3683 3342; x_wconf 65' lang='lat' dir='ltr'><strong>adolescenti</strong></span> 
     </span>
    </p>
   </div>
   <div class='ocr_carea' id='block_1_81' title="bbox 2102 3349 3683 3440">
    <p class='ocr_par' dir='ltr' id='par_1_81' title="bbox 2102 3349 3683 3440">
     <span class='ocr_line' id='line_1_81' title="bbox 2102 3349 3683 3440; baseline 0.02 -41"><span class='ocrx_word' id='word_1_593' title='bbox 2102 3349 2272 3414; x_wconf 90' lang='lat' dir='ltr'><strong>potuit</strong></span> <span class='ocrx_word' id='word_1_594' title='bbox 2298 3355 2630 3424; x_wconf 85' lang='lat' dir='ltr'><strong>contingere,</strong></span> <span class='ocrx_word' id='word_1_595' title='bbox 2655 3360 2753 3413; x_wconf 89' lang='lat' dir='ltr'><strong>etsi</strong></span> <span class='ocrx_word' id='word_1_596' title='bbox 2783 3361 2972 3416; x_wconf 89' lang='lat' dir='ltr'><strong>millies</strong></span> <span class='ocrx_word' id='word_1_597' title='bbox 3000 3364 3135 3419; x_wconf 89' lang='lat' dir='ltr'><strong>ﬁlius</strong></span> <span class='ocrx_word' id='word_1_598' title='bbox 3166 3368 3304 3436; x_wconf 85' lang='lat' dir='ltr'><strong>regis</strong></span> <span class='ocrx_word' id='word_1_599' title='bbox 3324 3385 3441 3425; x_wconf 90' lang='lat' dir='ltr'><strong>esse</strong></span> <span class='ocrx_word' id='word_1_600' title='bbox 3470 3383 3683 3440; x_wconf 88' lang='lat' dir='ltr'><strong>putare-</strong></span> 
     </span>
    </p>
   </div>
   <div class='ocr_carea' id='block_1_82' title="bbox 2105 3443 3680 3528">
    <p class='ocr_par' dir='ltr' id='par_1_82' title="bbox 2105 3443 3680 3528">
     <span class='ocr_line' id='line_1_82' title="bbox 2105 3443 3680 3528; baseline 0.02 -36"><span class='ocrx_word' id='word_1_601' title='bbox 2105 3443 2232 3496; x_wconf 87' lang='lat' dir='ltr'><strong>tur?</strong></span> <span class='ocrx_word' id='word_1_602' title='bbox 2260 3443 2375 3499; x_wconf 89' lang='lat' dir='ltr'><strong>Non</strong></span> <span class='ocrx_word' id='word_1_603' title='bbox 2404 3457 2580 3502; x_wconf 91' lang='lat' dir='ltr'><strong>autem</strong></span> <span class='ocrx_word' id='word_1_604' title='bbox 2609 3450 2710 3506; x_wconf 88' lang='lat' dir='ltr'><strong>hoc</strong></span> <span class='ocrx_word' id='word_1_605' title='bbox 2739 3452 2856 3508; x_wconf 87' lang='lat' dir='ltr'><strong>solo</strong></span> <span class='ocrx_word' id='word_1_606' title='bbox 2885 3456 3176 3525; x_wconf 84' lang='lat' dir='ltr'><strong>angebatur</strong></span> <span class='ocrx_word' id='word_1_607' title='bbox 3202 3461 3290 3515; x_wconf 92' lang='lat' dir='ltr'><strong>ille</strong></span> <span class='ocrx_word' id='word_1_608' title='bbox 3320 3470 3463 3528; x_wconf 90' lang='lat' dir='ltr'><strong>tunc,</strong></span> <span class='ocrx_word' id='word_1_609' title='bbox 3495 3480 3680 3523; x_wconf 83' lang='lat' dir='ltr'><strong>verum</strong></span> 
     </span>
    </p>
   </div>
   <div class='ocr_carea' id='block_1_83' title="bbox 2101 3535 3676 3615">
    <p class='ocr_par' dir='ltr' id='par_1_83' title="bbox 2101 3535 3676 3615">
     <span class='ocr_line' id='line_1_83' title="bbox 2101 3535 3676 3615; baseline 0.018 -29"><span class='ocrx_word' id='word_1_610' title='bbox 2101 3535 2240 3601; x_wconf 89' lang='lat' dir='ltr'><strong>quod</strong></span> <span class='ocrx_word' id='word_1_611' title='bbox 2278 3537 2570 3595; x_wconf 90' lang='lat' dir='ltr'><strong>intueretur</strong></span> <span class='ocrx_word' id='word_1_612' title='bbox 2602 3555 2814 3613; x_wconf 89' lang='lat' dir='ltr'><strong>gentem</strong></span> <span class='ocrx_word' id='word_1_613' title='bbox 2855 3562 3003 3602; x_wconf 91' lang='lat' dir='ltr'><strong>suam</strong></span> <span class='ocrx_word' id='word_1_614' title='bbox 3043 3553 3263 3607; x_wconf 92' lang='lat' dir='ltr'><strong>summis</strong></span> <span class='ocrx_word' id='word_1_615' title='bbox 3289 3555 3676 3615; x_wconf 85' lang='lat' dir='ltr'><strong>calamitatibus</strong></span> 
     </span>
    </p>
   </div>
   <div class='ocr_carea' id='block_1_84' title="bbox 2103 3626 3677 3720">
    <p class='ocr_par' dir='ltr' id='par_1_84' title="bbox 2103 3626 3677 3720">
     <span class='ocr_line' id='line_1_84' title="bbox 2103 3626 3677 3720; baseline 0.018 -44"><span class='ocrx_word' id='word_1_616' title='bbox 2103 3626 2349 3694; x_wconf 88' lang='lat' dir='ltr'><strong>opprimi.</strong></span> <span class='ocrx_word' id='word_1_617' title='bbox 2381 3630 2478 3696; x_wconf 89' lang='lat' dir='ltr'><strong>Qui</strong></span> <span class='ocrx_word' id='word_1_618' title='bbox 2507 3633 2647 3688; x_wconf 91' lang='lat' dir='ltr'><strong>enim</strong></span> <span class='ocrx_word' id='word_1_619' title='bbox 2682 3637 2798 3691; x_wconf 91' lang='lat' dir='ltr'><strong>sine</strong></span> <span class='ocrx_word' id='word_1_620' title='bbox 2835 3638 3046 3694; x_wconf 90' lang='lat' dir='ltr'><strong>illorum</strong></span> <span class='ocrx_word' id='word_1_621' title='bbox 3072 3643 3241 3698; x_wconf 90' lang='lat' dir='ltr'><strong>salute</strong></span> <span class='ocrx_word' id='word_1_622' title='bbox 3267 3661 3335 3701; x_wconf 88' lang='lat' dir='ltr'><strong>ne</strong></span> <span class='ocrx_word' id='word_1_623' title='bbox 3359 3647 3536 3704; x_wconf 87' lang='lat' dir='ltr'><strong>vivere</strong></span> <span class='ocrx_word' id='word_1_624' title='bbox 3554 3652 3677 3720; x_wconf 88' lang='lat' dir='ltr'><strong>qui-</strong></span> 
     </span>
    </p>
   </div>
   <div class='ocr_carea' id='block_1_85' title="bbox 2103 3715 3676 3808">
    <p class='ocr_par' dir='ltr' id='par_1_85' title="bbox 2103 3715 3676 3808">
     <span class='ocr_line' id='line_1_85' title="bbox 2103 3715 3676 3808; baseline 0.017 -39"><span class='ocrx_word' id='word_1_625' title='bbox 2103 3715 2245 3783; x_wconf 90' lang='lat' dir='ltr'><strong>dem,</strong></span> <span class='ocrx_word' id='word_1_626' title='bbox 2267 3735 2437 3789; x_wconf 90' lang='lat' dir='ltr'><strong>neque</strong></span> <span class='ocrx_word' id='word_1_627' title='bbox 2459 3722 2510 3776; x_wconf 91' lang='lat' dir='ltr'><strong>in</strong></span> <span class='ocrx_word' id='word_1_628' title='bbox 2532 3723 2624 3778; x_wconf 91' lang='lat' dir='ltr'><strong>Dei</strong></span> <span class='ocrx_word' id='word_1_629' title='bbox 2647 3726 2783 3782; x_wconf 91' lang='lat' dir='ltr'><strong>libro</strong></span> <span class='ocrx_word' id='word_1_630' title='bbox 2802 3731 3062 3786; x_wconf 89' lang='lat' dir='ltr'><strong>conscribi</strong></span> <span class='ocrx_word' id='word_1_631' title='bbox 3083 3735 3398 3802; x_wconf 89' lang='lat' dir='ltr'><strong>patiebatur,</strong></span> <span class='ocrx_word' id='word_1_632' title='bbox 3414 3715 3676 3808; x_wconf 76' lang='lat' dir='ltr'><strong>quomodo</strong></span> 
     </span>
    </p>
   </div>
   <div class='ocr_carea' id='block_1_86' title="bbox 2101 3808 3674 3892">
    <p class='ocr_par' dir='ltr' id='par_1_86' title="bbox 2101 3808 3674 3892">
     <span class='ocr_line' id='line_1_86' title="bbox 2101 3808 3674 3892; baseline 0.018 -34"><span class='ocrx_word' id='word_1_633' title='bbox 2101 3808 2236 3861; x_wconf 71' lang='lat' dir='ltr'><strong>aula:</strong></span> <span class='ocrx_word' id='word_1_634' title='bbox 2265 3811 2425 3880; x_wconf 84' lang='lat' dir='ltr'><strong>regiae</strong></span> <span class='ocrx_word' id='word_1_635' title='bbox 2453 3815 2705 3885; x_wconf 88' lang='lat' dir='ltr'><strong>regnique</strong></span> <span class='ocrx_word' id='word_1_636' title='bbox 2734 3818 2887 3876; x_wconf 88' lang='lat' dir='ltr'><strong>bonis</strong></span> <span class='ocrx_word' id='word_1_637' title='bbox 2927 3820 3029 3876; x_wconf 93' lang='lat' dir='ltr'><strong>frui</strong></span> <span class='ocrx_word' id='word_1_638' title='bbox 3063 3825 3354 3892; x_wconf 90' lang='lat' dir='ltr'><strong>potuisset,</strong></span> <span class='ocrx_word' id='word_1_639' title='bbox 3381 3842 3499 3882; x_wconf 93' lang='lat' dir='ltr'><strong>cum</strong></span> <span class='ocrx_word' id='word_1_640' title='bbox 3531 3840 3674 3887; x_wconf 76' lang='lat' dir='ltr'><strong>tanta</strong></span> 
     </span>
    </p>
   </div>
   <div class='ocr_carea' id='block_1_87' title="bbox 2098 3909 3672 3982">
    <p class='ocr_par' dir='ltr' id='par_1_87' title="bbox 2098 3909 3672 3982">
     <span class='ocr_line' id='line_1_87' title="bbox 2098 3909 3672 3982; baseline 0.016 -31"><span class='ocrx_word' id='word_1_641' title='bbox 2098 3913 2284 3955; x_wconf 93' lang='lat' dir='ltr'><strong>omnes</strong></span> <span class='ocrx_word' id='word_1_642' title='bbox 2325 3910 2640 3974; x_wconf 89' lang='lat' dir='ltr'><strong>tempestate</strong></span> <span class='ocrx_word' id='word_1_643' title='bbox 2675 3909 2878 3977; x_wconf 87' lang='lat' dir='ltr'><strong>jactare</strong></span> <span class='ocrx_word' id='word_1_644' title='bbox 2911 3914 3137 3982; x_wconf 83' lang='lat' dir='ltr'><strong>gentiles</strong></span> <span class='ocrx_word' id='word_1_645' title='bbox 3165 3919 3447 3972; x_wconf 88' lang='lat' dir='ltr'><strong>cerneret?</strong></span> <span class='ocrx_word' id='word_1_646' title='bbox 3469 3919 3596 3974; x_wconf 84' lang='lat' dir='ltr'><strong>Nam</strong></span> <span class='ocrx_word' id='word_1_647' title='bbox 3625 3923 3672 3976; x_wconf 89' lang='lat' dir='ltr'><strong>si</strong></span> 
     </span>
    </p>
   </div>
   <div class='ocr_carea' id='block_1_88' title="bbox 2098 4001 3672 4075">
    <p class='ocr_par' dir='ltr' id='par_1_88' title="bbox 2098 4001 3672 4075">
     <span class='ocr_line' id='line_1_88' title="bbox 2098 4001 3672 4075; baseline 0.015 -35"><span class='ocrx_word' id='word_1_648' title='bbox 2098 4004 2195 4044; x_wconf 90' lang='lat' dir='ltr'><strong>nos</strong></span> <span class='ocrx_word' id='word_1_649' title='bbox 2223 4005 2433 4062; x_wconf 92' lang='lat' dir='ltr'><strong>quoque</strong></span> <span class='ocrx_word' id='word_1_650' title='bbox 2463 4004 2582 4062; x_wconf 90' lang='lat' dir='ltr'><strong>post</strong></span> <span class='ocrx_word' id='word_1_651' title='bbox 2612 4005 2716 4050; x_wconf 92' lang='lat' dir='ltr'><strong>tam</strong></span> <span class='ocrx_word' id='word_1_652' title='bbox 2745 4001 2911 4054; x_wconf 88' lang='lat' dir='ltr'><strong>multa</strong></span> <span class='ocrx_word' id='word_1_653' title='bbox 2945 4003 3134 4057; x_wconf 84' lang='lat' dir='ltr'><strong>saecula</strong></span> <span class='ocrx_word' id='word_1_654' title='bbox 3163 4015 3376 4060; x_wconf 82' lang='lat' dir='ltr'><strong>exortos</strong></span> <span class='ocrx_word' id='word_1_655' title='bbox 3399 4049 3413 4075; x_wconf 94' lang='lat'><strong>,</strong></span> <span class='ocrx_word' id='word_1_656' title='bbox 3443 4009 3672 4064; x_wconf 88' lang='lat' dir='ltr'><strong>nullam-</strong></span> 
     </span>
    </p>
   </div>
   <div class='ocr_carea' id='block_1_89' title="bbox 2097 4084 3670 4169">
    <p class='ocr_par' dir='ltr' id='par_1_89' title="bbox 2097 4084 3670 4169">
     <span class='ocr_line' id='line_1_89' title="bbox 2097 4084 3670 4169; baseline 0.014 -35"><span class='ocrx_word' id='word_1_657' title='bbox 2097 4096 2200 4151; x_wconf 92' lang='lat' dir='ltr'><strong>que</strong></span> <span class='ocrx_word' id='word_1_658' title='bbox 2242 4084 2538 4154; x_wconf 91' lang='lat' dir='ltr'><strong>hujusmodi</strong></span> <span class='ocrx_word' id='word_1_659' title='bbox 2566 4103 2780 4144; x_wconf 89' lang='lat' dir='ltr'><strong>causam</strong></span> <span class='ocrx_word' id='word_1_660' title='bbox 2807 4096 3282 4152; x_wconf 83' lang='lat' dir='ltr'><strong>commiserationis</strong></span> <span class='ocrx_word' id='word_1_661' title='bbox 3309 4115 3432 4169; x_wconf 88' lang='lat' dir='ltr'><strong>erga</strong></span> <span class='ocrx_word' id='word_1_662' title='bbox 3460 4099 3670 4156; x_wconf 70' lang='lat' dir='ltr'><strong>Judaros</strong></span> 
     </span>
    </p>
   </div>
   <div class='ocr_carea' id='block_1_90' title="bbox 2097 4173 3666 4257">
    <p class='ocr_par' dir='ltr' id='par_1_90' title="bbox 2097 4173 3666 4257">
     <span class='ocr_line' id='line_1_90' title="bbox 2097 4173 3666 4257; baseline 0.013 -29"><span class='ocrx_word' id='word_1_663' title='bbox 2097 4173 2372 4242; x_wconf 88' lang='lat' dir='ltr'><strong>habentes,</strong></span> <span class='ocrx_word' id='word_1_664' title='bbox 2406 4187 2549 4233; x_wconf 89' lang='lat' dir='ltr'><strong>tanta</strong></span> <span class='ocrx_word' id='word_1_665' title='bbox 2573 4182 2716 4236; x_wconf 87' lang='lat' dir='ltr'><strong>subit</strong></span> <span class='ocrx_word' id='word_1_666' title='bbox 2742 4184 3036 4240; x_wconf 90' lang='lat' dir='ltr'><strong>occisorum</strong></span> <span class='ocrx_word' id='word_1_667' title='bbox 3069 4204 3349 4257; x_wconf 88' lang='lat' dir='ltr'><strong>puerorum</strong></span> <span class='ocrx_word' id='word_1_668' title='bbox 3379 4191 3666 4249; x_wconf 87' lang='lat' dir='ltr'><strong>commise-</strong></span> 
     </span>
    </p>
   </div>
   <div class='ocr_carea' id='block_1_91' title="bbox 2095 4267 3666 4353">
    <p class='ocr_par' dir='ltr' id='par_1_91' title="bbox 2095 4267 3666 4353">
     <span class='ocr_line' id='line_1_91' title="bbox 2095 4267 3666 4353; baseline 0.013 -36"><span class='ocrx_word' id='word_1_669' title='bbox 2095 4267 2250 4332; x_wconf 88' lang='lat' dir='ltr'><strong>ratio,</strong></span> <span class='ocrx_word' id='word_1_670' title='bbox 2282 4267 2409 4337; x_wconf 92' lang='lat' dir='ltr'><strong>quid</strong></span> <span class='ocrx_word' id='word_1_671' title='bbox 2429 4269 2613 4326; x_wconf 87' lang='lat' dir='ltr'><strong>beatus</strong></span> <span class='ocrx_word' id='word_1_672' title='bbox 2643 4272 2730 4328; x_wconf 91' lang='lat' dir='ltr'><strong>ille</strong></span> <span class='ocrx_word' id='word_1_673' title='bbox 2756 4289 2859 4328; x_wconf 89' lang='lat' dir='ltr'><strong>non</strong></span> <span class='ocrx_word' id='word_1_674' title='bbox 2886 4291 3072 4344; x_wconf 91' lang='lat' dir='ltr'><strong>passus</strong></span> <span class='ocrx_word' id='word_1_675' title='bbox 3097 4287 3213 4346; x_wconf 90' lang='lat' dir='ltr'><strong>est,</strong></span> <span class='ocrx_word' id='word_1_676' title='bbox 3242 4281 3329 4349; x_wconf 92' lang='lat' dir='ltr'><strong>qui</strong></span> <span class='ocrx_word' id='word_1_677' title='bbox 3361 4290 3465 4335; x_wconf 88' lang='lat' dir='ltr'><strong>tam</strong></span> <span class='ocrx_word' id='word_1_678' title='bbox 3487 4283 3666 4353; x_wconf 83' lang='lat' dir='ltr'><strong>singu-</strong></span> 
     </span>
    </p>
   </div>
   <div class='ocr_carea' id='block_1_92' title="bbox 2097 4359 3666 4442">
    <p class='ocr_par' dir='ltr' id='par_1_92' title="bbox 2097 4359 3666 4442">
     <span class='ocr_line' id='line_1_92' title="bbox 2097 4359 3666 4442; baseline 0.013 -31"><span class='ocrx_word' id='word_1_679' title='bbox 2097 4359 2192 4412; x_wconf 90' lang='lat' dir='ltr'><strong>lari</strong></span> <span class='ocrx_word' id='word_1_680' title='bbox 2233 4361 2420 4416; x_wconf 75' lang='lat' dir='ltr'><strong>aﬁ‘ectu</strong></span> <span class='ocrx_word' id='word_1_681' title='bbox 2459 4366 2603 4434; x_wconf 85' lang='lat' dir='ltr'><strong>genti</strong></span> <span class='ocrx_word' id='word_1_682' title='bbox 2631 4380 2740 4422; x_wconf 64' lang='lat' dir='ltr'><strong>sua:</strong></span> <span class='ocrx_word' id='word_1_683' title='bbox 2781 4369 3064 4424; x_wconf 89' lang='lat' dir='ltr'><strong>adstrictus</strong></span> <span class='ocrx_word' id='word_1_684' title='bbox 3101 4373 3244 4442; x_wconf 87' lang='lat' dir='ltr'><strong>ipsas</strong></span> <span class='ocrx_word' id='word_1_685' title='bbox 3271 4391 3450 4429; x_wconf 88' lang='lat' dir='ltr'><strong>eorum</strong></span> <span class='ocrx_word' id='word_1_686' title='bbox 3489 4377 3666 4432; x_wconf 88' lang='lat' dir='ltr'><strong>clades</strong></span> 
     </span>
    </p>
   </div>
   <div class='ocr_carea' id='block_1_93' title="bbox 2096 4451 3667 4534">
    <p class='ocr_par' dir='ltr' id='par_1_93' title="bbox 2096 4451 3667 4534">
     <span class='ocr_line' id='line_1_93' title="bbox 2096 4451 3667 4534; baseline 0.011 -31"><span class='ocrx_word' id='word_1_687' title='bbox 2096 4451 2262 4506; x_wconf 90' lang='lat' dir='ltr'><strong>oculis</strong></span> <span class='ocrx_word' id='word_1_688' title='bbox 2291 4455 2644 4524; x_wconf 90' lang='lat' dir='ltr'><strong>percipiebat,</strong></span> <span class='ocrx_word' id='word_1_689' title='bbox 2676 4472 2739 4512; x_wconf 94' lang='lat' dir='ltr'><strong>ac</strong></span> <span class='ocrx_word' id='word_1_690' title='bbox 2781 4474 2874 4514; x_wconf 91' lang='lat' dir='ltr'><strong>eos</strong></span> <span class='ocrx_word' id='word_1_691' title='bbox 2920 4471 3177 4530; x_wconf 64' lang='lat' dir='ltr'><strong>prieterea</strong></span> <span class='ocrx_word' id='word_1_692' title='bbox 3219 4465 3309 4534; x_wconf 91' lang='lat' dir='ltr'><strong>qui</strong></span> <span class='ocrx_word' id='word_1_693' title='bbox 3355 4467 3511 4521; x_wconf 85' lang='lat' dir='ltr'><strong>tantis</strong></span> <span class='ocrx_word' id='word_1_694' title='bbox 3547 4468 3667 4522; x_wconf 88' lang='lat' dir='ltr'><strong>illos</strong></span> 
     </span>
    </p>
   </div>
   <div class='ocr_carea' id='block_1_94' title="bbox 2095 4543 3666 4627">
    <p class='ocr_par' dir='ltr' id='par_1_94' title="bbox 2095 4543 3666 4627">
     <span class='ocr_line' id='line_1_94' title="bbox 2095 4543 3666 4627; baseline 0.014 -34"><span class='ocrx_word' id='word_1_695' title='bbox 2095 4543 2248 4595; x_wconf 91' lang='lat' dir='ltr'><strong>malis</strong></span> <span class='ocrx_word' id='word_1_696' title='bbox 2270 4543 2568 4600; x_wconf 79' lang='lat' dir='ltr'><strong>afﬁciebant</strong></span> <span class='ocrx_word' id='word_1_697' title='bbox 2585 4559 2863 4619; x_wconf 89' lang='lat' dir='ltr'><strong>parentum</strong></span> <span class='ocrx_word' id='word_1_698' title='bbox 2889 4553 3038 4606; x_wconf 89' lang='lat' dir='ltr'><strong>titulo</strong></span> <span class='ocrx_word' id='word_1_699' title='bbox 3063 4553 3327 4612; x_wconf 89' lang='lat' dir='ltr'><strong>honorare</strong></span> <span class='ocrx_word' id='word_1_700' title='bbox 3347 4559 3666 4627; x_wconf 77' lang='lat' dir='ltr'><strong>cogebatur?</strong></span> 
     </span>
    </p>
   </div>
   <div class='ocr_carea' id='block_1_95' title="bbox 2094 4634 3663 4717">
    <p class='ocr_par' dir='ltr' id='par_1_95' title="bbox 2094 4634 3663 4717">
     <span class='ocr_line' id='line_1_95' title="bbox 2094 4634 3663 4717; baseline 0.012 -31"><span class='ocrx_word' id='word_1_701' title='bbox 2094 4634 2238 4688; x_wconf 81' lang='lat' dir='ltr'><strong>Reor</strong></span> <span class='ocrx_word' id='word_1_702' title='bbox 2274 4635 2445 4704; x_wconf 89' lang='lat' dir='ltr'><strong>ipsum</strong></span> <span class='ocrx_word' id='word_1_703' title='bbox 2473 4639 2697 4694; x_wconf 90' lang='lat' dir='ltr'><strong>miseros</strong></span> <span class='ocrx_word' id='word_1_704' title='bbox 2733 4641 2853 4696; x_wconf 90' lang='lat' dir='ltr'><strong>illos</strong></span> <span class='ocrx_word' id='word_1_705' title='bbox 2883 4651 3006 4697; x_wconf 83' lang='lat' dir='ltr'><strong>tunc</strong></span> <span class='ocrx_word' id='word_1_706' title='bbox 3034 4645 3261 4701; x_wconf 84' lang='lat' dir='ltr'><strong>infantes</strong></span> <span class='ocrx_word' id='word_1_707' title='bbox 3291 4649 3406 4717; x_wconf 93' lang='lat' dir='ltr'><strong>plus</strong></span> <span class='ocrx_word' id='word_1_708' title='bbox 3431 4650 3624 4705; x_wconf 74' lang='lat' dir='ltr'><strong>luxisse</strong></span> <span class='ocrx_word' id='word_1_709' title='bbox 3646 4691 3663 4716; x_wconf 96' lang='lat'><strong>,</strong></span> 
     </span>
    </p>
   </div>
   <div class='ocr_carea' id='block_1_96' title="bbox 2094 4725 3664 4811">
    <p class='ocr_par' dir='ltr' id='par_1_96' title="bbox 2094 4725 3664 4811">
     <span class='ocr_line' id='line_1_96' title="bbox 2094 4725 3664 4811; baseline 0.012 -33"><span class='ocrx_word' id='word_1_710' title='bbox 2094 4741 2250 4796; x_wconf 87' lang='lat' dir='ltr'><strong>quam</strong></span> <span class='ocrx_word' id='word_1_711' title='bbox 2278 4725 2498 4782; x_wconf 88' lang='lat' dir='ltr'><strong>fecerint</strong></span> <span class='ocrx_word' id='word_1_712' title='bbox 2522 4739 2771 4799; x_wconf 87' lang='lat' dir='ltr'><strong>parentes</strong></span> <span class='ocrx_word' id='word_1_713' title='bbox 2796 4733 2895 4804; x_wconf 92' lang='lat' dir='ltr'><strong>ipsi</strong></span> <span class='ocrx_word' id='word_1_714' title='bbox 2923 4753 2938 4789; x_wconf 87' lang='lat'><strong>:</strong></span> <span class='ocrx_word' id='word_1_715' title='bbox 2965 4737 3102 4806; x_wconf 88' lang='lat' dir='ltr'><strong>quod</strong></span> <span class='ocrx_word' id='word_1_716' title='bbox 3127 4754 3193 4792; x_wconf 85' lang='lat' dir='ltr'><strong>ex</strong></span> <span class='ocrx_word' id='word_1_717' title='bbox 3219 4740 3346 4809; x_wconf 90' lang='lat' dir='ltr'><strong>ipsis</strong></span> <span class='ocrx_word' id='word_1_718' title='bbox 3367 4742 3525 4811; x_wconf 87' lang='lat' dir='ltr'><strong>liquet</strong></span> <span class='ocrx_word' id='word_1_719' title='bbox 3547 4759 3664 4811; x_wconf 74' lang='lat' dir='ltr'><strong>qure</strong></span> 
     </span>
    </p>
   </div>
   <div class='ocr_carea' id='block_1_97' title="bbox 2094 4820 3667 4901">
    <p class='ocr_par' dir='ltr' id='par_1_97' title="bbox 2094 4820 3667 4901">
     <span class='ocr_line' id='line_1_97' title="bbox 2094 4820 3667 4901; baseline 0.011 -31"><span class='ocrx_word' id='word_1_720' title='bbox 2094 4825 2275 4886; x_wconf 88' lang='lat' dir='ltr'><strong>postea</strong></span> <span class='ocrx_word' id='word_1_721' title='bbox 2300 4820 2482 4887; x_wconf 89' lang='lat' dir='ltr'><strong>gessit.</strong></span> <span class='ocrx_word' id='word_1_722' title='bbox 2509 4821 2640 4876; x_wconf 91' lang='lat' dir='ltr'><strong>Cum</strong></span> <span class='ocrx_word' id='word_1_723' title='bbox 2665 4825 2805 4878; x_wconf 90' lang='lat' dir='ltr'><strong>enim</strong></span> <span class='ocrx_word' id='word_1_724' title='bbox 2828 4840 2947 4879; x_wconf 92' lang='lat' dir='ltr'><strong>eum</strong></span> <span class='ocrx_word' id='word_1_725' title='bbox 2971 4827 3056 4897; x_wconf 90' lang='lat' dir='ltr'><strong>qui</strong></span> <span class='ocrx_word' id='word_1_726' title='bbox 3083 4839 3232 4897; x_wconf 88' lang='lat' dir='ltr'><strong>pater</strong></span> <span class='ocrx_word' id='word_1_727' title='bbox 3250 4846 3368 4886; x_wconf 84' lang='lat' dir='ltr'><strong>esse</strong></span> <span class='ocrx_word' id='word_1_728' title='bbox 3390 4834 3667 4901; x_wconf 86' lang='lat' dir='ltr'><strong>putabatur</strong></span> 
     </span>
    </p>
   </div>
   <div class='ocr_carea' id='block_1_98' title="bbox 2093 4911 3665 4988">
    <p class='ocr_par' dir='ltr' id='par_1_98' title="bbox 2093 4911 3665 4988">
     <span class='ocr_line' id='line_1_98' title="bbox 2093 4911 3665 4988; baseline 0.011 -26"><span class='ocrx_word' id='word_1_729' title='bbox 2093 4925 2192 4964; x_wconf 89' lang='lat' dir='ltr'><strong>nec</strong></span> <span class='ocrx_word' id='word_1_730' title='bbox 2219 4911 2486 4966; x_wconf 87' lang='lat' dir='ltr'><strong>suadendo</strong></span> <span class='ocrx_word' id='word_1_731' title='bbox 2511 4913 2743 4981; x_wconf 82' lang='lat' dir='ltr'><strong>ﬂectere,</strong></span> <span class='ocrx_word' id='word_1_732' title='bbox 2773 4932 2946 4988; x_wconf 90' lang='lat' dir='ltr'><strong>neque</strong></span> <span class='ocrx_word' id='word_1_733' title='bbox 2974 4935 3165 4988; x_wconf 85' lang='lat' dir='ltr'><strong>cogere</strong></span> <span class='ocrx_word' id='word_1_734' title='bbox 3195 4923 3412 4988; x_wconf 89' lang='lat' dir='ltr'><strong>valeret,</strong></span> <span class='ocrx_word' id='word_1_735' title='bbox 3444 4933 3500 4978; x_wconf 92' lang='lat' dir='ltr'><strong>ut</strong></span> <span class='ocrx_word' id='word_1_736' title='bbox 3530 4924 3665 4979; x_wconf 84' lang='lat' dir='ltr'><strong>fera-</strong></span> 
     </span>
    </p>
   </div>
   <div class='ocr_carea' id='block_1_99' title="bbox 2092 5001 3661 5084">
    <p class='ocr_par' dir='ltr' id='par_1_99' title="bbox 2092 5001 3661 5084">
     <span class='ocr_line' id='line_1_99' title="bbox 2092 5001 3661 5084; baseline 0.011 -30"><span class='ocrx_word' id='word_1_737' title='bbox 2092 5001 2194 5055; x_wconf 93' lang='lat' dir='ltr'><strong>lem</strong></span> <span class='ocrx_word' id='word_1_738' title='bbox 2238 5003 2672 5075; x_wconf 83' lang='lat' dir='ltr'><strong>tyrannicamque</strong></span> <span class='ocrx_word' id='word_1_739' title='bbox 2713 5007 3003 5076; x_wconf 90' lang='lat' dir='ltr'><strong>jussionem</strong></span> <span class='ocrx_word' id='word_1_740' title='bbox 3049 5023 3368 5080; x_wconf 85' lang='lat' dir='ltr'><strong>removeret,</strong></span> <span class='ocrx_word' id='word_1_741' title='bbox 3411 5015 3520 5084; x_wconf 90' lang='lat' dir='ltr'><strong>ipse</strong></span> <span class='ocrx_word' id='word_1_742' title='bbox 3559 5031 3661 5072; x_wconf 82' lang='lat' dir='ltr'><strong>una</strong></span> 
     </span>
    </p>
   </div>
   <div class='ocr_carea' id='block_1_100' title="bbox 2093 5092 3664 5176">
    <p class='ocr_par' dir='ltr' id='par_1_100' title="bbox 2093 5092 3664 5176">
     <span class='ocr_line' id='line_1_100' title="bbox 2093 5092 3664 5176; baseline 0.011 -32"><span class='ocrx_word' id='word_1_743' title='bbox 2093 5092 2353 5146; x_wconf 90' lang='lat' dir='ltr'><strong>malorum</strong></span> <span class='ocrx_word' id='word_1_744' title='bbox 2393 5098 2753 5151; x_wconf 90' lang='lat' dir='ltr'><strong>communium</strong></span> <span class='ocrx_word' id='word_1_745' title='bbox 2799 5099 2963 5155; x_wconf 88' lang='lat' dir='ltr'><strong>voluit</strong></span> <span class='ocrx_word' id='word_1_746' title='bbox 3002 5117 3119 5156; x_wconf 88' lang='lat' dir='ltr'><strong>esse</strong></span> <span class='ocrx_word' id='word_1_747' title='bbox 3163 5106 3441 5174; x_wconf 88' lang='lat' dir='ltr'><strong>particeps.</strong></span> <span class='ocrx_word' id='word_1_748' title='bbox 3484 5106 3664 5176; x_wconf 88' lang='lat' dir='ltr'><strong>Neque</strong></span> 
     </span>
    </p>
   </div>
   <div class='ocr_carea' id='block_1_101' title="bbox 2092 5180 3660 5263">
    <p class='ocr_par' dir='ltr' id='par_1_101' title="bbox 2092 5180 3660 5263">
     <span class='ocr_line' id='line_1_101' title="bbox 2092 5180 3660 5263; baseline 0.011 -30"><span class='ocrx_word' id='word_1_749' title='bbox 2092 5180 2232 5236; x_wconf 90' lang='lat' dir='ltr'><strong>istud</strong></span> <span class='ocrx_word' id='word_1_750' title='bbox 2263 5190 2344 5236; x_wconf 89' lang='lat' dir='ltr'><strong>est</strong></span> <span class='ocrx_word' id='word_1_751' title='bbox 2381 5184 2521 5253; x_wconf 93' lang='lat' dir='ltr'><strong>quod</strong></span> <span class='ocrx_word' id='word_1_752' title='bbox 2563 5202 2660 5256; x_wconf 87' lang='lat' dir='ltr'><strong>ego</strong></span> <span class='ocrx_word' id='word_1_753' title='bbox 2705 5204 2846 5244; x_wconf 91' lang='lat' dir='ltr'><strong>nunc</strong></span> <span class='ocrx_word' id='word_1_754' title='bbox 2885 5199 3158 5262; x_wconf 84' lang='lat' dir='ltr'><strong>tantopere</strong></span> <span class='ocrx_word' id='word_1_755' title='bbox 3193 5194 3446 5263; x_wconf 90' lang='lat' dir='ltr'><strong>admiror,</strong></span> <span class='ocrx_word' id='word_1_756' title='bbox 3483 5197 3572 5251; x_wconf 87' lang='lat' dir='ltr'><strong>sed</strong></span> <span class='ocrx_word' id='word_1_757' title='bbox 3597 5215 3660 5252; x_wconf 77' lang='lat' dir='ltr'><strong>cx</strong></span> 
     </span>
    </p>
   </div>
   <div class='ocr_carea' id='block_1_102' title="bbox 2090 5273 3655 5356">
    <p class='ocr_par' dir='ltr' id='par_1_102' title="bbox 2090 5273 3655 5356">
     <span class='ocr_line' id='line_1_102' title="bbox 2090 5273 3655 5356; baseline 0.012 -31"><span class='ocrx_word' id='word_1_758' title='bbox 2090 5273 2235 5328; x_wconf 68' lang='lat' dir='ltr'><strong>caede</strong></span> <span class='ocrx_word' id='word_1_759' title='bbox 2257 5274 2343 5328; x_wconf 90' lang='lat' dir='ltr'><strong>illa</strong></span> <span class='ocrx_word' id='word_1_760' title='bbox 2362 5276 2838 5349; x_wconf 90' lang='lat' dir='ltr'><strong>conjiciens,quam</strong></span> <span class='ocrx_word' id='word_1_761' title='bbox 2864 5285 3127 5350; x_wconf 73' lang='lat' dir='ltr'><strong>prmterito</strong></span> <span class='ocrx_word' id='word_1_762' title='bbox 3151 5294 3388 5356; x_wconf 84' lang='lat' dir='ltr'><strong>tempore</strong></span> <span class='ocrx_word' id='word_1_763' title='bbox 3413 5289 3655 5344; x_wconf 63' lang='lat' dir='ltr'><strong>maeroris</strong></span> 
     </span>
    </p>
   </div>
   <div class='ocr_carea' id='block_1_103' title="bbox 2091 5355 3657 5450">
    <p class='ocr_par' dir='ltr' id='par_1_103' title="bbox 2091 5355 3657 5450">
     <span class='ocr_line' id='line_1_103' title="bbox 2091 5355 3657 5450; baseline 0.011 -33"><span class='ocrx_word' id='word_1_764' title='bbox 2091 5365 2360 5420; x_wconf 81' lang='lat' dir='ltr'><strong>ﬂammam</strong></span> <span class='ocrx_word' id='word_1_765' title='bbox 2403 5355 2610 5431; x_wconf 74' lang='lat' dir='ltr'><strong>aluerit,</strong></span> <span class='ocrx_word' id='word_1_766' title='bbox 2653 5371 2701 5424; x_wconf 90' lang='lat' dir='ltr'><strong>id</strong></span> <span class='ocrx_word' id='word_1_767' title='bbox 2742 5371 3026 5428; x_wconf 87' lang='lat' dir='ltr'><strong>admodum</strong></span> <span class='ocrx_word' id='word_1_768' title='bbox 3065 5355 3275 5446; x_wconf 54' lang='lat' dir='ltr'><strong>stupeo:</strong></span> <span class='ocrx_word' id='word_1_769' title='bbox 3302 5377 3430 5433; x_wconf 76' lang='lat' dir='ltr'><strong>Nam</strong></span> <span class='ocrx_word' id='word_1_770' title='bbox 3471 5379 3556 5450; x_wconf 91' lang='lat' dir='ltr'><strong>qui</strong></span> <span class='ocrx_word' id='word_1_771' title='bbox 3594 5396 3657 5435; x_wconf 77' lang='lat' dir='ltr'><strong>ex</strong></span> 
     </span>
    </p>
   </div>
   <div class='ocr_carea' id='block_1_104' title="bbox 2093 5457 3660 5539">
    <p class='ocr_par' dir='ltr' id='par_1_104' title="bbox 2093 5457 3660 5539">
     <span class='ocr_line' id='line_1_104' title="bbox 2093 5457 3660 5539; baseline 0.011 -30"><span class='ocrx_word' id='word_1_772' title='bbox 2093 5457 2319 5510; x_wconf 80' lang='lat' dir='ltr'><strong>maxima</strong></span> <span class='ocrx_word' id='word_1_773' title='bbox 2351 5457 2547 5514; x_wconf 84' lang='lat' dir='ltr'><strong>doloris</strong></span> <span class='ocrx_word' id='word_1_774' title='bbox 2576 5461 2623 5514; x_wconf 91' lang='lat' dir='ltr'><strong>vi</strong></span> <span class='ocrx_word' id='word_1_775' title='bbox 2653 5461 2716 5516; x_wconf 86' lang='lat' dir='ltr'><strong>ad</strong></span> <span class='ocrx_word' id='word_1_776' title='bbox 2745 5463 3082 5520; x_wconf 87' lang='lat' dir='ltr'><strong>homicidium</strong></span> <span class='ocrx_word' id='word_1_777' title='bbox 3115 5469 3354 5537; x_wconf 90' lang='lat' dir='ltr'><strong>protinus</strong></span> <span class='ocrx_word' id='word_1_778' title='bbox 3380 5472 3564 5539; x_wconf 87' lang='lat' dir='ltr'><strong>entpit.</strong></span> <span class='ocrx_word' id='word_1_779' title='bbox 3593 5487 3660 5529; x_wconf 76' lang='lat' dir='ltr'><strong>ex</strong></span> 
     </span>
    </p>
   </div>
   <div class='ocr_carea' id='block_1_105' title="bbox 2091 5552 3661 5631">
    <p class='ocr_par' dir='ltr' id='par_1_105' title="bbox 2091 5552 3661 5631">
     <span class='ocr_line' id='line_1_105' title="bbox 2091 5552 3661 5631; baseline 0.01 -28"><span class='ocrx_word' id='word_1_780' title='bbox 2091 5565 2156 5603; x_wconf 89' lang='lat' dir='ltr'><strong>eo</strong></span> <span class='ocrx_word' id='word_1_781' title='bbox 2184 5565 2343 5616; x_wconf 87' lang='lat' dir='ltr'><strong>opere</strong></span> <span class='ocrx_word' id='word_1_782' title='bbox 2371 5552 2458 5622; x_wconf 91' lang='lat' dir='ltr'><strong>qui</strong></span> <span class='ocrx_word' id='word_1_783' title='bbox 2489 5553 2632 5622; x_wconf 88' lang='lat' dir='ltr'><strong>prius</strong></span> <span class='ocrx_word' id='word_1_784' title='bbox 2659 5555 2820 5608; x_wconf 92' lang='lat' dir='ltr'><strong>animi</strong></span> <span class='ocrx_word' id='word_1_785' title='bbox 2849 5556 3002 5611; x_wconf 83' lang='lat' dir='ltr'><strong>dolor</strong></span> <span class='ocrx_word' id='word_1_786' title='bbox 3032 5559 3187 5614; x_wconf 87' lang='lat' dir='ltr'><strong>fuerit</strong></span> <span class='ocrx_word' id='word_1_787' title='bbox 3209 5562 3454 5616; x_wconf 88' lang='lat' dir='ltr'><strong>ostendit.</strong></span> <span class='ocrx_word' id='word_1_788' title='bbox 3481 5561 3661 5631; x_wconf 82' lang='lat' dir='ltr'><strong>Neque</strong></span> 
     </span>
    </p>
   </div>
   <div class='ocr_carea' id='block_1_106' title="bbox 2089 5642 3661 5722">
    <p class='ocr_par' dir='ltr' id='par_1_106' title="bbox 2089 5642 3661 5722">
     <span class='ocr_line' id='line_1_106' title="bbox 2089 5642 3661 5722; baseline 0.008 -27"><span class='ocrx_word' id='word_1_789' title='bbox 2089 5642 2232 5695; x_wconf 91' lang='lat' dir='ltr'><strong>enim</strong></span> <span class='ocrx_word' id='word_1_790' title='bbox 2271 5651 2419 5697; x_wconf 88' lang='lat' dir='ltr'><strong>tanta</strong></span> <span class='ocrx_word' id='word_1_791' title='bbox 2463 5643 2582 5699; x_wconf 91' lang='lat' dir='ltr'><strong>illos</strong></span> <span class='ocrx_word' id='word_1_792' title='bbox 2625 5647 2957 5702; x_wconf 88' lang='lat' dir='ltr'><strong>vehementia</strong></span> <span class='ocrx_word' id='word_1_793' title='bbox 2999 5649 3139 5705; x_wconf 92' lang='lat' dir='ltr'><strong>ultus</strong></span> <span class='ocrx_word' id='word_1_794' title='bbox 3178 5650 3379 5716; x_wconf 88' lang='lat' dir='ltr'><strong>fuisset,</strong></span> <span class='ocrx_word' id='word_1_795' title='bbox 3415 5653 3513 5706; x_wconf 88' lang='lat' dir='ltr'><strong>nisi</strong></span> <span class='ocrx_word' id='word_1_796' title='bbox 3541 5653 3661 5722; x_wconf 84' lang='lat' dir='ltr'><strong>plus</strong></span> 
     </span>
    </p>
   </div>
   <div class='ocr_carea' id='block_1_107' title="bbox 2091 5732 3656 5814">
    <p class='ocr_par' dir='ltr' id='par_1_107' title="bbox 2091 5732 3656 5814">
     <span class='ocr_line' id='line_1_107' title="bbox 2091 5732 3656 5814; baseline 0.01 -31"><span class='ocrx_word' id='word_1_797' title='bbox 2091 5745 2245 5800; x_wconf 88' lang='lat' dir='ltr'><strong>quam</strong></span> <span class='ocrx_word' id='word_1_798' title='bbox 2273 5742 2448 5802; x_wconf 87' lang='lat' dir='ltr'><strong>patres</strong></span> <span class='ocrx_word' id='word_1_799' title='bbox 2474 5732 2572 5803; x_wconf 89' lang='lat' dir='ltr'><strong>ipsi</strong></span> <span class='ocrx_word' id='word_1_800' title='bbox 2598 5749 2780 5790; x_wconf 88' lang='lat' dir='ltr'><strong>eorum</strong></span> <span class='ocrx_word' id='word_1_801' title='bbox 2811 5738 2962 5793; x_wconf 84' lang='lat' dir='ltr'><strong>malis</strong></span> <span class='ocrx_word' id='word_1_802' title='bbox 2987 5740 3368 5798; x_wconf 84' lang='lat' dir='ltr'><strong>contabuisset.</strong></span> <span class='ocrx_word' id='word_1_803' title='bbox 3396 5742 3530 5814; x_wconf 86' lang='lat' dir='ltr'><strong>Quid</strong></span> <span class='ocrx_word' id='word_1_804' title='bbox 3559 5744 3656 5814; x_wconf 76' lang='lat' dir='ltr'><strong>igi-</strong></span> 
     </span>
    </p>
   </div>
  </div>
