4036 6416
345 269 441 327 ΠΙ

341 388 540 461 ψυχῆς.
559 389 712 443 Μετὰ
736 390 844 463 γάρ
870 392 932 446 τὸ
965 390 1217 447 ἐπιλῦσαι
1234 394 1294 448 τὸ
1319 395 1453 468 δναρ
1489 395 1643 465 ἔλεγε
1675 396 1813 466 πρὸς
1833 398 1924 452 τὸν

345 474 578 544 οἰνοχόον
597 490 608 502 ·
659 476 832 530 Ἀλλὰ
865 477 1168 546 μνήσθητὶ
1196 497 1313 547 μου
1344 479 1440 534 διὰ
1466 481 1749 544 σεαυτοῦ,
1775 482 1922 536 ὅταν

345 551 415 610 εὖ
449 573 547 611 σοι
581 556 842 626 γένηται,
875 561 975 613 καί
1008 561 1282 626 ποιήσεις
1309 563 1402 616 ἐπ’
1450 563 1555 632 ἐμὲ
1593 565 1786 630 ἕλεος,
1826 565 1926 620 καὶ

337 639 670 709 μνησθήσῃ
702 642 836 710 περὶ
855 642 1000 711 ἐμοῦ
1035 644 1184 710 πρὸς
1207 645 1435 712 Φαραὼ,
1463 647 1559 700 καὶ
1593 647 1831 714 ἐξάξεις
1848 667 1923 718 με

343 721 412 774 ἐκ
448 723 554 776 τοῦ
584 725 962 792 ὀχῑζρώματος
997 729 1229 788 τούτου,
1272 730 1360 780 ὅτι
1410 728 1612 797 κλοπῇ
1649 730 1924 800 ἐκλάπην

342 805 410 858 ἐκ
439 804 552 873 γῆς
601 806 901 886 Ἑϐραίων,
949 811 1046 863 καί
1085 805 1202 863 ὦδε
1251 814 1362 864 οὐκ
1405 813 1670 877 ἐποίησα
1717 813 1920 882 οὐδὲν,

341 887 790 944 ἀλλ’ὲνέϐαλόν
817 910 894 961 με
921 897 1005 959 είς
1038 895 1146 946 τὸν
1182 891 1350 948 οἷκον
1378 895 1484 948 τοῦ
1519 895 1753 950 λάκκου
1790 899 1924 951 τού-

341 987 468 1023 του.
501 973 563 1025 Εί
603 973 712 1044 7&9
747 977 842 1028 καὶ
875 976 934 1029 τὸ
969 977 1291 1048 καθεῖρχθαι
1338 978 1530 1048 ἔφερεν
1564 979 1823 1044 εὐκόλως,
1860 981 1922 1034 τὸ

342 1054 472 1120 γοῦν
524 1056 782 1122 τοιούτοις
820 1057 988 1131 συζῇν
1046 1061 1294 1132 ἀνδράσι,
1336 1063 1739 1134 τυμϐωρύχοις,
1797 1064 1922 1117 κλέ-

342 1154 525 1203 πταις,
542 1142 918 1212 πατραλοίαις,
948 1149 1176 1214 μοιχοῖς,
1195 1146 1540 1216 ἀνδροφόνοις
1561 1147 1787 1216 (τούτων
1810 1148 1919 1218 7&9

343 1220 596 1276 ἁπάντων
651 1225 746 1278 καὶ
790 1227 898 1280 τῶν
937 1227 1193 1281 τοιούτων
1225 1230 1284 1281 τὸ
1317 1231 1526 1300 οἴκημα
1556 1231 1714 1283 τοῦτο
1749 1233 1920 1301 ἐμπέ-

340 1303 592 1376 πληστο),
629 1307 848 1362 πάντων
886 1309 1034 1380 αὐτῷ
1063 1311 1358 1383 βαρύτερον
1397 1308 1484 1383 ἦν.
1525 1315 1636 1366 Καὶ
1664 1315 1723 1366 ού
1761 1315 1920 1369 τοῦτο

341 1388 502 1458 μόνον
531 1391 692 1444 αὐτὸν
724 1392 912 1446 ἐλύπει
947 1395 1042 1448 καὶ
1061 1394 1289 1462 έθλιϐεν,
1325 1396 1461 1449 ἀλλά
1481 1399 1577 1451 καί
1597 1397 1659 1449 τὸ
1690 1397 1918 1462 πολλοὺς

337 1472 470 1542 όρᾷν
503 1475 624 1544 είκῆ
655 1477 746 1529 καὶ
776 1477 951 1546 μάτην
973 1479 1429 1549 ταριχευομένους
1447 1482 1582 1534 ἐκεῖ.
1616 1480 1919 1550 Ἀλλ’ὃμως

337 1555 366 1606 6
400 1553 500 1624 μὲν
531 1557 751 1628 οἰκέτης
772 1599 784 1620 ,
831 1561 968 1630 ὅπερ
995 1562 1239 1634 ἀποδύρῃ
1275 1565 1370 1616 καί⁴
1406 1565 1469 1617 σὺ
1493 1563 1608 1626 νῦν,
1642 1564 1917 1632 ἀπηλλάτ-

336 1654 460 1691 τετο
480 1641 589 1693 τῶν
627 1642 863 1712 δεσμῶν,
895 1647 923 1697 ὀ
947 1645 1003 1699 δὲ
1026 1645 1306 1717 ἐλεύθερος
1340 1648 1500 1718 ἔμενε
1538 1647 1914 1717 ταλαιπωρού-

339 1737 500 1790 μενος
528 1723 628 1776 ἐτι.
669 1726 732 1778 Ei
762 1726 818 1780 δὲ
862 1728 960 1796 τὴν
994 1728 1268 1798 βασιλείαν
1307 1731 1454 1799 λέγοι
1495 1748 1597 1796 τις,
1627 1731 1789 1785 πάλιν
1822 1748 1911 1802 μοι

334 1805 427 1860 τὸν
453 1807 619 1878 ἐσμὸν
646 1808 753 1862 τῶν
779 1811 1073 1880 φροντίδων
1099 1815 1190 1866 καὶ
1224 1814 1322 1883 τῆς
1353 1814 1658 1884 ἀγρυπνίας
1685 1815 1779 1868 καὶ
1804 1814 1911 1867 τῶν

339 1891 548 1960 μυρίων
578 1893 918 1963 πραγμάτων
947 1895 1081 1966 ἐρεῖ,
1113 1895 1256 1967 ἀπερ
1286 1896 1499 1950 ἅπαντα
1520 1901 1632 1962 τοῖς
1657 1898 1749 1951 τὸν
1776 1897 1910 1968 ἡσύ-

337 1990 452 2044 χιον
491 1975 586 2028 καὶ
619 1977 954 2049 ἀπράγμονα
987 1978 1100 2048 βίον
1150 1980 1549 2049 ἀσπαζομένοις
1605 1981 1664 2035 οὐ
1709 1980 1910 2051 σφόδρα

1155 276 1243 330 AD
1285 276 1664 336 STAGIRIUM
1703 279 1749 333 Α
1787 279 2097 336 ΝΕΜΟΝΕ
2150 277 2513 337 VEXATUM.
2533 279 2663 334 LIB.
2708 279 2797 335 Ill.

3489 285 3598 342 472

2025 400 2146 453 ἐστὶ
2181 398 2305 452 καθ’
2343 397 2558 469 ἡδονήν.
2607 397 2790 467 Χωρὶς
2822 394 2878 449 δέ
2904 395 3112 449 τούτων
3153 397 3382 464 ἐκείνοις
3419 399 3518 470 μὲν
3547 401 3598 454 εί

2027 482 2121 536 καί
2165 499 2218 534 τι
2264 480 2500 552 χρηστὸν
2548 479 2776 548 ἐγίνετο,
2824 478 2939 532 ἀλλ’
2989 479 3142 533 οὔπω
3192 481 3291 553 τῆς
3322 481 3598 551 βασιλείας

2023 565 2460 637 τετρανωμένης,
2499 563 2618 616 οὐδὲ
2656 563 2756 632 τῆς
2788 562 2894 615 τῶν
2935 562 3232 633 μελλόντων
3271 567 3599 635 ἐπαγγελίας

2022 649 2191 720 οῦσης
2224 650 2464 720 φανερᾶς
2484 665 2497 678 ·
2539 645 2770 700 ἐνταῦθα
2803 645 2859 699 δέ
2888 646 3016 700 ἔνθα
3044 648 3277 700 τοσαῦτα
3313 651 3600 721 ’πρόκειται

2025 733 2226 802 ἀγαθὰ,
2275 735 2369 786 καὶ
2415 732 2549 784 πᾶσι
2594 730 2654 783 τὸ
2692 731 2926 800 πρᾶγμα
2963 729 3119 799 δῆλόν
3162 733 3331 799 ἐστιν,
3375 733 3598 804 ἀλγήσει

2023 835 2126 881 τις,
2170 816 2288 869 εἰπέ
2317 833 2427 885 μοι,
2457 816 2504 866 εί
2531 815 2623 866 καί
2653 813 2881 884 μηδενὸς
2918 813 3058 866 κατά
3092 813 3184 868 τὸν
3212 815 3454 886 παρόντα
3485 816 3599 886 βίον

2023 899 2390 955 ἀπολαύσεται
2429 896 2665 969 χρηστοῦ
2684 939 2698 962 ,
2736 897 2873 960 ὅλως
2893 897 2950 950 δέ
2985 899 3222 968 χρηστὸν
3251 900 3516 970 ἡγήσεταί
3545 918 3598 954 τι

2021 984 2130 1036 τῶν
2176 982 2361 1036 ἐνθάδε
2407 981 2708 1051 γινομένων
2747 982 2930 1034 ἐκεῖνα
2957 980 3145 1047 είδώς;
3176 982 3286 1034 Καὶ
3313 982 3366 1034 τί
3395 981 3599 1052 ταύτης

2021 1067 2403 1137 ταπεινότερον
2437 1065 2632 1134 γένοιτ’
2669 1063 2735 1116 ἂν
2770 1065 2868 1134 τῆς
2913 1063 3110 1134 ψυχῆς,
3158 1065 3206 1117 εί
3242 1065 3597 1137 προσδοκῶσα

2025 1151 2220 1223 μικρὸν
2266 1150 2492 1222 ὕστερον
2541 1148 3047 1219 μεταναστήσεσθαι
3076 1159 3102 1188 ει
3134 1149 3272 1219 πρὸς
3311 1149 3402 1203 τὸν
3441 1150 3598 1219 οὐρα-

2021 1235 2132 1300 νὸν,
2183 1234 2283 1296 τάς
2322 1231 2554 1285 ἐνταῦθα
2595 1231 2808 1293 ἀνέσεις
2854 1230 3158 1302 ἐπιζητοίη,
3193 1231 3286 1285 καὶ
3312 1231 3410 1303 τὴν
3438 1235 3596 1296 σκιᾶς

2020 1317 2170 1371 οὐδὲν
2199 1317 2562 1388 διαφέρουσαν
2591 1314 2888 1384 εύθυμίανς
2919 1314 3254 1381 Ματαιότης
3283 1314 3413 1385 7&9.
3439 1315 3593 1386 φησὶ,

2015 1399 2444 1471 ματαιοτήτων,
2489 1397 2561 1451 τὰ
2601 1397 2799 1450 πάντα
2825 1398 3173 1465 ματαιότης.
3214 1397 3278 1448 Et
3332 1396 3388 1449 δὲ
3419 1400 3447 1450 ό
3491 1399 3597 1468 μά-

2019 1483 2174 1538 λιστα
2207 1483 2420 1535 πάντων
2447 1479 2749 1550 ἀνθρώπων
2788 1482 2980 1551 πεῖραν
3009 1479 3110 1550 τῆς
3139 1479 3232 1532 τοῦ
3262 1477 3376 1548 βίου
3417 1479 3597 1533 λαϐὼν

2019 1565 2232 1636 ἡδονῆς,
2261 1563 2518 1633 τοιαύτην
2563 1563 2826 1633 ἐξήνεγκε
2877 1565 2996 1617 κατ’
3041 1563 3211 1633 αὐτῆς
3256 1562 3354 1632 τὴν
3383 1561 3597 1632 ἀπόφα-

2024 1666 2129 1712 σιν,
2187 1648 2368 1719 πολλῷ
2401 1648 2600 1718 μᾶλλον
2645 1648 2792 1718 ἡμᾶς
2819 1647 2960 1699 οὔτω
2986 1645 3288 1700 διακεῖσθαι
3332 1645 3427 1698 καὶ
3473 1662 3599 1715 φρο-

2022 1735 2131 1786 νεῖν
2169 1733 2297 1804 χρὴ,
2335 1734 2461 1796 τοὺς
2489 1731 2643 1785 οὐδὲν
2687 1732 2786 1802 μὲν
2818 1731 2994 1785 κοινὸν
3038 1729 3174 1802 πρὸς
3193 1729 3290 1800 τὴν
3319 1730 3424 1798 γῆν
3449 1727 3599 1799 ἔχον-

2017 1833 2137 1880 τας,
2185 1819 2265 1878 είς
2305 1815 2362 1869 δὲ
2391 1816 2490 1887 τὴν
2519 1815 2630 1869 ἀνω
2680 1814 2835 1868 πόλιν
2875 1814 3270 1883 ἐγγραφέντας,
3295 1812 3388 1866 καὶ
3421 1810 3598 1866 πάντα

2021 1900 2326 1970 μετοικίσαι
2361 1899 2451 1952 τὸν
2485 1899 2609 1952 νοῦν
2639 1897 3026 1960 κελευσθέντας
3045 1899 3178 1951 ἐκεῖ.

2081 1995 2108 2024 ⁸
2127 1995 2258 2046 Colb.
2290 2000 2342 2044 et
2359 1995 2510 2044 Savil.
2539 1996 2932 2058 μεταστήσεσθαι.

711 2339 862 2414 ίεοι]
919 2354 1218 2472 ΤΟΥ
1273 2358 1764 2476 ΑΥΤΟΥ
1840 2358 2253 2476 ΠΡΟΣ
2313 2359 3216 2478 ΣΤΑΓΕΙΡΙΟΝ

1659 2623 1821 2679 ΠΕΡΙ
1870 2623 2175 2679 ΛΘΥΜΙΑΣ
2198 2639 2245 2682 ⁸.

1535 2833 1899 2920 ΛΟΓΟΣ
1953 2835 2370 2920 ΤΡΙΤΟΣ.

403 3179 472 3227 α’.
525 3168 704 3222 Ἱκανὰ
753 3167 852 3239 μὲν
895 3165 988 3224 οὖν
1028 3173 1122 3225 καὶ
1166 3174 1233 3228 τὰ
1274 3175 1540 3248 είρημένα
1587 3175 1779 3228 σϐέσαι
1817 3175 1916 3244 τῆς

335 3256 572 3325 ἀθυμίας
601 3254 698 3324 τὴν
728 3254 920 3322 φλόγα,
961 3257 1055 3308 καὶ
1093 3260 1278 3310 πεῖσαι
1321 3261 1450 3330 ῥᾷον
1491 3257 1792 3312 διακεῖσθαι
1819 3257 1918 3330 τὴν

333 3339 534 3410 ψυχήν⁶
557 3337 696 3391 ὥστε
725 3338 783 3390 δέ
808 3341 872 3391 ἐκ
901 3341 1218 3410 περιουσίας
1250 3342 1504 3409 γενέσθαι
1528 3343 1628 3412 τὴν
1662 3359 1919 3413 παραμυ-

336 3423 476 3482 θίαν.
503 3425 596 3475 καί¹
624 3422 814 3474 τοῦτον
847 3422 1063 3490 ἔγνωκά
1101 3441 1182 3476 σοι
1226 3426 1542 3496 προσθεῖναι
1602 3427 1693 3479 τὸν
1735 3427 1914 3496 λόγον,

335 3507 510 3562 ἐκεῖνό
543 3524 602 3558 σε
634 3507 854 3577 πρῶτον
883 3507 1142 3578 ἐρόμενος
1165 3526 1176 3538 ·
1210 3509 1331 3561 εἰπὲ
1359 3510 1468 3578 γάρ
1511 3527 1622 3580 μοι,
1659 3511 1713 3563 εί
1732 3510 1816 3574 τίς
1855 3527 1916 3563 σε

335 3593 416 3653 είς
441 3589 715 3660 βασιλείαν
749 3589 932 3642 ἐκάλει
973 3591 1070 3659 τὴν
1103 3594 1161 3643 ἐν
1181 3595 1246 3662 τῇ
1277 3594 1371 3663 γῇ,
1400 3591 1519 3646 εἶτα
1550 3593 1680 3664 πρὶν
1703 3595 1784 3658 είς
1815 3595 1915 3664 τὴν

335 3673 490 3726 πόλιν
511 3673 792 3736 εἰσελθεῖν,
814 3675 907 3726 καὶ
934 3674 1026 3726 τὸν
1055 3675 1318 3742 στέφανον
1339 3675 1732 3747 ἀναδήσασθαι,
1757 3678 1917 3748 ἐμελ-

335 3756 425 3819 λες
446 3758 504 3808 ἐν
533 3757 836 3826 πανδοχείῳ
875 3757 1188 3822 καταλύειν,
1224 3759 1280 3811 ὲν
1388 3759 1482 3812 καὶ
1531 3760 1788 3832 βόρϐορος
1822 3763 1916 3816 καὶ

335 3841 560 3905 καπνὸς,
583 3842 676 3893 καί
704 3840 999 3911 ὁδοιπόρων
1035 3841 1283 3912 θόρυϐος,
1314 3845 1408 3896 καὶ
1436 3843 1648 3917 λῃστῶν
1677 3847 1912 3917 ταραχὴ,

336 3925 431 3978 καὶ
474 3924 802 3995 στενοχωρία
840 3924 933 3976 καὶ
959 3924 1135 3993 θλῖψις
1169 3925 1357 3996 πολλὴ.
1392 3923 1500 3998 ἆρα
1532 3927 1597 3981 ἂν
1637 3929 1915 4001 ἀπεστρά-

338 4023 445 4076 φης
490 4006 624 4075 πρὸς
675 4008 856 4058 ἐκεῖνα
895 4006 963 4059 τά
1003 4007 1243 4079 λυπηρὰ,
1283 4009 1396 4062 ἀλλ’
1434 4011 1532 4063 οὐκ
1562 4012 1628 4064 ἂν
1662 4013 1917 4066 ἁπάντων

337 4090 519 4142 αὐτῶν
563 4089 638 4152 ὡς
671 4090 822 4142 οὐδὲν
855 4090 1026 4143 ὄντων
1056 4091 1495 4162 κατεφρόνησας;
1525 4095 1648 4158 Πῶς
1693 4091 1784 4148 οὖν
1816 4097 1916 4150 ούκ

336 4173 538 4227 ἄτοπον
579 4174 678 4242 τῆς
714 4172 812 4242 μὲν
860 4173 964 4241 γῆς
1007 4174 1267 4244 μέλλοντα
1305 4179 1524 4245 κρατεῖν
1582 4177 1771 4247 μηδενὶ
1808 4178 1916 4231 τῶν

337 4256 718 4326 ἐμπιπτόντων
765 4257 1148 4310 συστέλλεσθαι
1197 4257 1472 4329 δυσχερῶν
1517 4263 1636 4322 ταῖς
1671 4261 1768 4329 τῆς
1818 4261 1911 4330 βα-

339 4341 542 4404 σιλείας
582 4340 761 4393 ἐλπίσι
795 4341 1194 4411 γαυρούμενον,
1231 4344 1367 4414 πρὸς
1395 4343 1451 4396 δέ
1496 4345 1621 4407 τοὺς
1656 4344 1916 4414 οὐρανοὺς

339 4422 688 4495 στελλόμενον
719 4425 1078 4477 καταπίπτειν
1103 4425 1196 4478 καὶ
1228 4423 1572 4496 θορυϐεῖσθαι
1599 4428 1683 4495 ἐφ’
1703 4428 1916 4498 ἐκάστῳ

337 4508 447 4562 τῶν
474 4510 532 4562 ἐν
558 4507 637 4578 τῷ
668 4507 1000 4577 καταγωγίῳ
1028 4508 1203 4577 τούτῳ
1226 4509 1636 4579 συμϐαινόντων
1665 4514 1796 4581 ήμῖν
1826 4511 1911 4564 λυ-

341 4591 532 4664 πηρῶν
579 4593 637 4649 δζ
678 4591 1036 4660 Καταγωγίου
1080 4593 1188 4662 7&9
1233 4594 1328 4646 καὶ
1374 4593 1474 4663 τῆς
1519 4595 1576 4646 ἐν
1619 4595 1919 4664 πανδοχείῳ

344 4676 512 4746 μονῆς
545 4675 696 4728 οὐδὲν
729 4677 868 4746 αῦτη
901 4678 934 4747 ἡ
963 4676 1056 4729 τοῦ
1087 4677 1203 4748 βίου
1231 4677 1424 4731 τούτου
1478 4679 1816 4742 κατάστασις
1842 4681 1920 4732 δι-

341 4761 612 4829 ενήνοχεν·
633 4761 725 4813 καὶ
757 4761 984 4814 τοῦτοοὶ
1010 4761 1155 4830 ἆγιοι
1187 4762 1355 4829 δεῖξαι
1392 4761 1703 4833 βουλόμενοι
1735 4763 1919 4828 ξένους

339 4845 436 4898 καὶ
463 4842 735 4912 παρεπιδὴ
747 4861 879 4913 μους
918 4844 1146 4897 ἐκάλουν
1175 4845 1422 4909 ἑαυτοὺς,
1440 4846 1529 4898 διά
1559 4845 1764 4899 τούτων
1794 4863 1921 4898 παι-

339 4925 587 4988 δεύοντες
617 4929 768 4996 ήμᾶς
813 4927 920 4980 τῶν
956 4930 1216 5000 ῥημάτων
1260 4932 1355 4983 καὶ
1386 4931 1494 4982 τῶν
1528 4930 1782 5002 χρηστῶν
1827 4932 1921 4984 καί

340 5009 448 5062 τῶν
494 5009 732 5080 ἀνιαρῶν
754 5010 864 5063 τῶν
895 5014 953 5064 ἐν
981 5012 1059 5083 τῷ
1089 5013 1315 5084 παρόντι
1341 5013 1440 5085 βίῳ
1467 5015 1796 5084 καταγελᾷν,
1825 5015 1921 5068 καί¹

341 5092 442 5162 τῆς
485 5093 590 5163 γῆς
635 5093 1045 5164 ἀπαλλαγέντας
1087 5095 1218 5168 ὃλην
1263 5099 1565 5169 προσδήσαι
1594 5097 1672 5169 τῷ
1704 5099 1920 5170 οὐρανῷ

342 5176 440 5248 τὴν
460 5175 658 5248 ψυχήν.

415 5261 553 5332 Φέρε
579 5257 672 5315 οὖν
706 5262 792 5316 ἐπ’
817 5263 1013 5327 αὐτοὺς
1040 5266 1166 5327 τοὺς
1194 5265 1382 5333 ἁγίους
1405 5264 1668 5334 ἔλθωμεν,
1693 5265 1801 5318 ἀπὸ
1827 5265 1920 5319 τοῦ

355 5343 554 5414 Ἰωσὴφ
581 5345 673 5398 ἐπὶ
705 5345 796 5398 τὸν
834 5347 1038 5400 Μωσέα
1073 5349 1398 5418 μεταθέντες
1420 5349 1513 5402 τὸν
1541 5349 1718 5416 λόγον.
1755 5343 1923 5414 Οὗτος

343 5427 454 5498 γὰρ
489 5430 518 5481 6
566 5429 784 5483 πάντων
825 5431 1133 5502 πραότατος
1161 5432 1268 5486 τῶν
1296 5434 1390 5486 ἐπὶ
1416 5432 1515 5504 τῆς
1545 5432 1648 5503 γῆς
1678 5432 1921 5486 τίκτεται

348 5510 446 5580 μὲν
477 5512 586 5566 τῶν
629 5514 843 5568 οἰκείων
885 5517 1232 5588 πραττόντων
1277 5516 1499 5581 κακῶς,
1541 5515 1922 5589 ἀλλοτριωθεὶς

409 5667 432 5739 ξ
460 5668 594 5754 (ἔφη).
614 5668 718 5754 "1‘05:
746 5671 910 5754 αὐτοῦ(
929 5671 994 5728 εἷς
1018 5673 1099 5754 τργ
1121 5673 1263 5754 αῦτρν
1287 5674 1355 5722 ἐτι
1386 5673 1497 5736 περὶ
1515 5673 1730 5736 ἀθυμίας,
1767 5674 1918 5724 Smil.

343 5732 457 5792 πρῲ
478 5732 558 5776 τὸν
582 5732 723 5779 αὐτὸν
747 5733 1010 5796 Σταγείρων
1041 5734 1143 5795 λὸγ.
1169 5733 1239 5798 γ’.
1452 5732 1462 5736 “
1606 5732 1615 5736 “
1719 5732 1724 5733 ⁷

343 5788 625 5868 w_ll__Mn.rel.
651 5793 875 5868 et_Savil.
920 5795 970 5846 in
994 5803 1133 5847 textu
1176 5799 1414 5862 λυπηρῶν,
1435 5797 1572 5851 Colb.
1594 5800 1647 5850 ει
1685 5796 1832 5848 Savil,
1866 5798 1916 5846 in

341 5863 492 5915 marg.
516 5853 772 5918 δυσχερῶν.

2021 3172 2080 3226 δέ
2125 3171 2232 3224 τῶν
2273 3171 2540 3238 τεκόντων
2594 3169 2775 3233 αὑτὸν,
2832 3169 2922 3221 καὶ
2979 3171 3103 3233 τοὺς
3158 3173 3594 3242 γεννησαμένους

2019 3257 2297 3328 ἀγνοήσας
2319 3257 2497 3309 πᾶσαν
2544 3255 2643 3324 τὴν
2678 3252 2900 3324 πρώτην
2929 3253 3142 3322 ἡλικίαν
3174 3255 3276 3308 ὑπὸ
3308 3255 3600 3329 βαρϐάρων

2019 3339 2230 3412 ἀνδρῶν
2280 3339 2678 3410 ἀνατρέφεταιο
2722 3332 2784 3391 οὗ
2826 3337 2878 3389 τί
2906 3336 3104 3404 γένοιτ’
3132 3336 3196 3391 ἂν
3219 3338 3601 3412 χαλεπώτερον

2033 3424 2268 3496 Ἑϐραίῳ
2322 3423 2594 3494 μειρακίῳ
2640 3422 2734 3474 καὶ
2773 3420 2898 3474 νοῦν
2950 3420 3148 3491 ἔχοντι,
3187 3422 3290 3474 κᾶν
3341 3423 3602 3494 μυριάκις

2019 3503 2160 3561 εἶναι
2188 3508 2318 3579 δοκῇ
2348 3506 2614 3577 βασιλέως
2639 3505 2786 3569 υἱός;
2817 3504 2951 3556 Τότε
2977 3504 3032 3556 δέ
3063 3504 3123 3556 οὑ
3149 3505 3306 3557 τοῦτο
3346 3507 3504 3576 μόνον
3530 3502 3598 3578 ἦν

2018 3592 2080 3645 τὸ
2122 3592 2314 3658 δεινὸν,
2350 3591 2463 3644 ἀλλ’
2505 3591 2587 3643 ὅτι
2631 3591 2725 3641 καὶ
2759 3588 2822 3641 τὸ
2863 3588 3135 3658 ὁμόφυλον
3185 3590 3330 3642 ἅπαν
3377 3593 3434 3642 ἐν
3479 3595 3599 3654 ταῖς

2019 3677 2276 3747 ἐσχάταις
2303 3675 2449 3746 ἐώρα
2480 3675 2806 3744 συμφοραῖς.
2855 3673 2914 3724 '0
2939 3671 3047 3743 7&9
3080 3673 3212 3744 μηδέ
3237 3673 3335 3744 ζῇν
3366 3675 3598 3745 ἀνασχό-

2023 3775 2203 3829 μενος,
2251 3758 2384 3829 μηδὲ
2422 3759 2479 3809 ἐν
2524 3761 2590 3827 τῇ
2629 3755 2795 3826 βίϐλῳ
2832 3754 3143 3826 γεγράφθαι
3186 3754 3280 3808 τοῦ
3324 3756 3459 3808 Θεοῦ
3497 3757 3596 3827 τῆς

2020 3843 2293 3913 σωτηρίας
2340 3841 2440 3912 τῆς
2489 3841 2713 3893 ἐκείνων
2764 3840 2954 3910 χωρίς,
2991 3839 3109 3902 πῶς
3141 3838 3206 3892 ἂν
3257 3839 3364 3892 τῶν
3396 3842 3453 3893 ἐν
3485 3845 3596 3904 τοῖς

2021 3925 2314 3995 βασιλείοις
2347 3923 2621 3977 ἀπέλαυσε
2657 3921 2838 3976 καλῶν
2872 3923 2930 3974 ἐν
2959 3922 3200 3992 τοσούτῳ
3226 3922 3453 3976 κλύδωνι
3486 3942 3599 3977 κει-

2023 4009 2216 4080 μένους
2247 4007 2389 4080 ὁρῶν
2418 4008 2694 4072 ἆπαντας;
2713 4007 2777 4058 Εί
2798 4006 2906 4076 γὰρ
2931 4007 3077 4076 ἡμᾶς
3099 4007 3223 4068 τοὺς
3256 4006 3395 4076 μετὰ
3419 4007 3602 4060 τοσοῦ-

2019 4111 2109 4147 τον
2140 4093 2333 4162 χρόνον
2372 4107 2570 4161 γεγενη
2581 4089 2773 4159 μένους
2791 4089 2886 4142 καὶ
2905 4089 3061 4141 οὐδὲν
3090 4088 3299 4142 τοιοῦτο
3323 4089 3600 4161 δικαίωμα

2020 4175 2364 4246 συμπαθείας
2414 4175 2548 4242 πρὸς
2586 4173 2875 4234 Ἰουδαίους
2910 4173 3131 4242 ἔχοντας
3157 4172 3410 4237 τοσοῦτος
3452 4173 3600 4238 ἔλεος

2018 4259 2438 4330 είσέρχεταιτῆς
2464 4257 2843 4318 παιδοκτονίας
2867 4257 3101 4326 ἐκείνης,
3126 4257 3178 4307 τί
3211 4257 3311 4308 ούκ
3341 4257 3408 4310 ἂν
3443 4256 3471 4308 6
3499 4275 3601 4327 μα-

2018 4345 2208 4414 κάριος
2233 4345 2441 4404 ἐκεῖνος
2462 4341 2630 4394 ἔπαθε
2651 4381 2665 4404 ,
2700 4339 2878 4409 πολλῷ
2909 4341 3007 4409 μὲν
3035 4338 3113 4409 τῷ
3143 4340 3292 4409 πόθῳ
3328 4340 3463 4411 πρὸς
3490 4342 3599 4396 πᾶν

2017 4426 2080 4479 τὸ
2107 4426 2258 4489 ἐθνος
2287 4422 2854 4494 συνδεδεμένος,δψεσι
2873 4423 2930 4475 δὲ
2948 4422 3044 4484 τὰς
3061 4422 3285 4476 ἐκείνων
3309 4423 3599 4494 παραλαμ-

2019 4511 2195 4565 ϐάνων
2232 4507 2538 4580 συμφορὰς,
2580 4507 2674 4560 καί⁸
2721 4508 2846 4570 τοὺς
2883 4505 3056 4559 ταῦτα
3097 4506 3498 4578 ἐργαζομένους
3530 4508 3598 4561 τὰ

2020 4593 2168 4647 κακὰ
2187 4595 2364 4662 γονεῖς
2382 4590 2787 4661 ἐπιγράφεσθαι
2816 4590 3258 4660 ἀναγκαζόμενος
3278 4607 3292 4656 ;
3323 4591 3466 4658 Ἐγὼ
3490 4591 3599 4660 γάρ

2020 4678 2181 4732 αὐτὸν
2214 4675 2439 4729 καὶτῶν
2463 4674 2732 4727 τεκόντων
2771 4673 2971 4743 μᾶλλον
2993 4676 3119 4738 τοὺς
3154 4675 3372 4739 ἀθλίους
3404 4677 3602 4740 παῖδας

2019 4762 2260 4824 ἐκείνους
2283 4755 2438 4829 οἶμαι
2469 4757 2588 4810 τότε
2624 4756 2869 4809 πενθεῖν·
2920 4758 3016 4812 καὶ
3048 4756 3207 4811 τοῦτο
3238 4758 3395 4828 δῆλον
3430 4758 3489 4824 ἐξ
3525 4753 3600 4812 ὧν

2024 4846 2162 4918 μετά
2205 4843 2379 4897 ταῦτα
2415 4839 2670 4912 ἔπραξεν.
2717 4840 2934 4911 Ἐπειδὴ
2975 4842 3080 4910 γὰρ
3113 4841 3236 4894 οῦτε
3275 4841 3483 4896 πείθειν
3523 4840 3600 4895 εἴ-

2020 4947 2148 5001 χεν,
2190 4925 2314 4980 οὔτε
2365 4924 2696 4992 ἀναγκάζειν
2737 4923 2970 4993 ἠδύνατο
3016 4924 3108 4977 τὸν
3150 4924 3412 4978 δοκοῦντα
3457 4921 3600 4980 εἶναι

2021 5011 2175 5084 [205]
2204 5010 2415 5081 πατέρα
2451 5005 2739 5061 καταλύειν
2773 5007 2833 5059 τὸ
2855 5006 3116 5078 θηριῶδες
3138 5009 3234 5061 καὶ
3279 5010 3599 5080 τυραννικὸν

2021 5097 2324 5166 ἐπίταγμα,
2356 5092 2518 5156 αὐτὸς
2567 5090 2734 5161 ὁμόσε
2777 5091 2964 5144 λοιπὸν
2995 5095 3108 5154 τοῖς
3144 5092 3366 5146 ἐκείνων
3402 5093 3598 5164 ἐχώρει

2023 5183 2233 5241 κακοῖς.
2281 5176 2392 5230 Καὶ
2427 5177 2489 5228 οὐ
2520 5173 2679 5228 τοῦτο
2709 5174 2974 5244 θαυμάζω
3015 5174 3268 5228 τοσοῦτον
3309 5176 3424 5241 νῦν,
3481 5175 3596 5229 ἀλλ’

2020 5263 2129 5315 ἀπὸ
2158 5261 2251 5314 τοῦ
2295 5260 2457 5328 φόνου
2488 5257 2888 5329 στοχαζόμενος
2915 5259 3048 5329 ὅσην
3074 5260 3132 5311 ἐν
3171 5257 3250 5327 τῷ
3279 5259 3600 5330 παρελθόντι

2019 5346 2196 5418 χρόνῳ
2213 5343 2387 5414 φλόγα
2417 5341 2654 5412 ἀθυμίας
2683 5341 2898 5413 ἔτρεφε,
2924 5341 3133 5414 ταύτην
3147 5342 3347 5414 μᾶλλον
3364 5343 3601 5414 ἐκπλήτ-

2019 5447 2205 5500 τομαι.
2260 5427 2320 5482 Ὀ
2350 5426 2459 5498 γὰρ
2488 5428 2566 5489 είς
2599 5418 2758 5494 φόνον
2796 5424 3114 5497 ἀπορρήξας
3149 5428 3246 5497 τὴν
3269 5427 3432 5481 ὠδῖνα
3458 5427 3602 5480 ἐκεί·

2020 5532 2141 5583 νην,
2185 5512 2422 5582 ἐδήλωσε
2460 5509 2548 5563 διὰ
2580 5508 2689 5560 τῶν
2718 5509 2962 5579 ἐσχάτων
2991 5510 3061 5562 τά
3089 5510 3350 5582 πρότερα.
3384 5512 3457 5565 Οὐ
3490 5511 3601 5582 γὰρ

2021 5598 2086 5651 ἂν
2123 5594 2264 5667 μετά
2294 5593 2563 5662 τοσαύτης
2595 5594 2777 5656 αὐτοῖς
2800 5593 3157 5667 σφοδρότητος
3190 5597 3414 5666 ἡμυνεν,
3440 5595 3490 5647 εί
3524 5593 3601 5665 μὴ

2020 5679 2128 5734 τῶν
2167 5677 2419 5751 πατέρων
2469 5677 2666 5748 μᾶλλον
2685 5680 2797 5741 τοῖς
2849 5677 3072 5731 ἐκείνων
3107 5680 3333 5750 ἐτήκετο
3385 5679 3599 5742 κακοῖς.

2023 5765 2089 5818 Τί
2113 5760 2204 5818 οὖν
2229 5763 2414 5832 ἐπειδὴ
2440 5764 2633 5834 ἤμυνε,
2666 5764 2760 5815 καὶ
2777 5762 2877 5834 τὴν
2907 5763 3084 5834 ψυχὴν
3107 5763 3381 5817 ἀνέπαυσε
3403 5759 3600 5833 μικρὸν

2025 5849 2133 5905 ἀπὸ
2173 5849 2273 5921 τῆς
2307 5846 2542 5918 ἀθυμίας
2567 5846 2813 5919 ἐκείνης;
2836 5843 2945 5920 ἆρα
2974 5846 3213 5921 ἠδυνήθη
3253 5848 3438 5901 τέλεον
3464 5846 3599 5900 ἀπο-
