4036 6416
483 294 592 355 επ.

482 412 682 470 Ααῦσαι
707 413 810 487 τῆς
851 415 1203 488 παραμυθίας
1224 418 1446 491 ἐκείνης
1467 418 1568 489 τῆς
1592 417 1701 471 ἀπὸ
1722 417 1821 489 τῆς
1846 417 2065 491 ἐκδική-

485 516 625 563 σεως
675 499 1085 571 γεγενημένης;
1121 502 1363 575 Δευτέρα
1401 502 1501 573 μὲν
1544 496 1638 555 οῦν
1675 501 1776 555 οὐκ
1828 500 2064 571 ἔφθασεν

481 584 687 654 ⁴ἰηιέρα,
730 579 827 637 καὶ
866 582 965 653 τῆς
1012 583 1286 655 προτέρας
1315 585 1479 657 ἐτέρα
1515 583 1873 657 χαλεπωτέρα
1899 585 2064 639 διεδέ-

481 685 607 739 χετο
636 667 728 721 τὸν
761 667 1033 738 μακάριον
1074 669 1282 724 ἐκεῖνον
1313 668 1496 739 ὀδύνη,
1544 669 1642 724 καί
1686 669 1849 739 φόϐος
1876 669 2065 723 τοσοῦ-

480 767 594 813 τος,
637 748 713 813 ὡς
742 749 838 803 καὶ
872 749 1146 805 ἀπελάσαι
1184 753 1285 823 τῆς
1325 753 1604 821 Αἰγύπτου
1655 753 1839 823 πάσης
1876 752 2060 807 αὐτόν.

481 832 665 886 Δεινὸν
694 831 793 903 μὲν
828 827 922 887 οὖν
969 836 1062 888 καὶ
1105 834 1166 888 1:6
1207 835 1297 904 ὑφ’
1347 835 1566 890 ὁτουοῦν
1599 836 1818 890 ἀκούειν
1852 837 2060 902 κακῶς,

481 915 612 970 όταν
644 914 702 969 66
730 914 827 969 καὶ
857 914 969 970 τῶν
1012 917 1484 989 εύεργετηθέντων
1527 936 1613 983 τις
1644 921 1672 973 6
1704 919 1864 973 τοῦτο
1892 920 2063 974 ποιῶν

481 992 538 1071 ᾗ,
579 997 676 1052 καὶ
714 997 816 1063 τὰς
852 1000 933 1064 εἰς
973 1001 1137 1055 αὐτὸν
1179 1002 1503 1073 εὐεργεσίας
1528 1002 1762 1075 ὀνειδίζῃ
1803 1005 1898 1057 κα)⁸
1927 1020 2063 1075 προ-

482 1082 771 1154 φέρῃ,Μὴ
809 1083 1054 1139 ἀνελεῖν
1089 1102 1168 1155 με
1219 1086 1330 1156 γὰρ
1384 1086 1488 1152 σὺ,
1529 1087 1684 1158 φησὶ,
1728 1086 1943 1154 θέλεις,
1992 1087 2065 1143 ὃν

480 1167 709 1236 τρόπον
729 1167 971 1235 ἀνεῖλες
999 1167 1143 1239 χθὲς
1172 1170 1281 1224 τὸν
1307 1171 1668 1240 Αἰγύπτιον;
1684 1171 1804 1224 τότε
1836 1172 2063 1244 δὴ,τότε

480 1251 516 1324 η
559 1249 717 1322 ῦϐρις
751 1250 1027 1323 ἀφόρητος
1071 1253 1302 1322 γίνεται,
1338 1255 1433 1309 καὶ
1456 1253 1659 1309 δύναιτ’
1691 1253 1759 1309 ἀν
1791 1255 1887 1310 καὶ
1925 1256 2064 1309 ἀπο-

482 1333 669 1399 πνίξαι
698 1333 790 1388 τὸν
816 1333 1204 1407 ὑϐριζόμενονσ
1230 1336 1484 1391 τοσοῦτον
1518 1338 1657 1408 μετά
1685 1338 1784 1410 τῆς
1822 1338 2063 1409 ἀθυμίας

482 1418 682 1488 ἐπάγει
706 1419 801 1474 καὶ
830 1418 923 1471 τὸν
949 1418 1143 1491 θυμόν.
1192 1420 1316 1475 Ἐπὶ
1339 1421 1397 1475 δὲ
1428 1421 1524 1475 τοῦ
1549 1423 1794 1486 Μωσέως
1822 1423 1917 1476 καὶ
1947 1423 2064 1493 τρί-

479 1520 573 1558 τον
608 1503 796 1576 ἕτερον
835 1502 1045 1568 τούτοις
1094 1504 1328 1577 προσῆν,
1363 1507 1392 1559 6
1434 1504 1530 1558 τοῦ
1579 1505 1842 1576 βασιλέως
1873 1505 2059 1574 φόϐος,

480 1586 542 1651 ὃς
565 1585 740 1651 οὕτως
777 1587 1051 1658 ἐκράτησε
1085 1588 1187 1659 τῆς
1228 1588 1323 1643 τοῦ
1365 1587 1576 1643 δικαίου
1615 1589 1815 1659 ψυχῆς,
1852 1589 1928 1647 ὡς
1966 1591 2063 1645 καὶ

480 1670 583 1741 τῆς
609 1670 793 1743 χώρας
834 1670 1054 1741 ἀπάσης
1094 1671 1258 1725 αὑτὸν
1305 1670 1577 1725 ἐκϐαλεῖν.
1617 1672 1829 1725 Γίνεται
1871 1669 1935 1742 δὴ
1968 1667 2060 1725 οὖν

482 1753 663 1823 φυγὰς
684 1756 713 1808 6
733 1752 827 1807 τοῦ
851 1753 1115 1826 βασιλέως
1141 1753 1257 1819 υἱός
1276 1769 1292 1784 ·
1319 1753 1461 1808 ὥστε
1493 1754 1547 1807 εῐ
1574 1771 1658 1819 τις
1686 1754 1847 1810 αὑτὸν
1880 1772 2061 1825 μακα-

485 1835 627 1909 ρίζει
656 1835 747 1891 διὰ
773 1836 876 1910 τὴν
896 1838 955 1891 ἐν
979 1838 1095 1902 τοῖς
1124 1836 1417 1908 βασιλείοις
1448 1837 1772 1917 ἀνατροφὴν.
1809 1836 1905 1892 νῦν
1929 1855 2062 1909 μνη-

486 1919 759 1988 μονευέτω
789 1921 890 1991 τῆς
917 1919 1179 1990 ἀφθονίας
1220 1921 1457 1994 ἐκείνης,
1506 1922 1601 1975 καὶ
1645 1922 1845 1993 μυρίας
1889 1923 2058 1992 αὐτὴν

480 2001 670 2074 ὖψεται
714 2002 953 2075 ἀθυμίας
985 2004 1081 2058 καὶ
1116 2003 1407 2069 δυσκολίας
1453 2004 1712 2058 ὑπόθεσιν
1743 2004 1822 2075 τῷ
1863 2004 2059 2077 δικαίῳ

481 2086 875 2159 γεγενημένην.
916 2087 993 2140 Ού
1039 2087 1149 2159 γάρ
1191 2089 1341 2142 ἐστιν
1386 2088 1500 2141 ἴσον
1543 2089 1601 2142 ἐν
1645 2087 1886 2159 ἰδιωτικῇ
1925 2105 2060 2156 τρα-

481 2168 654 2239 φέντα
698 2170 864 2242 οἰκίᾳ,
906 2171 1001 2225 καὶ
1030 2170 1263 2235 πολλοὺς
1313 2170 1413 2242 μὲν
1448 2171 1701 2243 μόχθους,
1757 2170 1958 2236 πολλὰς
2002 2170 2060 2226 66

480 2251 789 2327 ἀποδημίας
846 2253 941 2307 καὶ
990 2253 1367 2325 ταλαιπωρίας
1425 2253 1797 2325 ὑπομείναντα
1850 2255 2059 2320 πλάνας

481 2333 769 2405 ἀνέχεσθαι
798 2335 1037 2407 μακρὰς,
1069 2337 1165 2390 καὶ
1198 2337 1269 2391 τὰ
1309 2337 1410 2408 τῆς
1437 2336 1727 2410 ἀλλοτρίας
1767 2338 2058 2411 ὑπομένειν

478 2432 542 2469 τε
585 2417 731 2471 κακά
763 2430 818 2482 ι,
870 2419 964 2472 καὶ
1011 2419 1147 2491 μηδὲ
1184 2422 1264 2484 είς
1313 2420 1570 2493 βραχεῖαν
1617 2424 1812 2495 πεῖραν
1853 2421 2059 2478 τούτων

481 2498 704 2555 ἐλθόντα
736 2500 889 2565 ποτὲ,
932 2500 1048 2554 ἀλλ’
1076 2503 1134 2555 ἐν
1177 2502 1495 2565 πολυτελείᾳ
1543 2501 1926 2559 διατελέσαντα
1967 2505 2061 2559 τὸν

481 2581 696 2662 ἅπαντα
724 2582 917 2654 χρόνον
942 2584 1003 2637 τὸ
1027 2585 1157 2639 αὐτὸ
1192 2585 1257 2656 δὴ
1286 2585 1445 2640 τοῦτο
1483 2587 1679 2641 παθεῖν
1696 2605 1709 2619 ·
1741 2587 1921 2661 πολλῷ
1949 2588 2060 2662 γὰρ

478 2658 636 2729 οὗτος
681 2666 892 2719 ἐκείνου
939 2667 1328 2739 χαλεπωτέρας
1354 2670 1678 2740 αἰσθήσεται
1716 2671 1815 2743 τῆς
1855 2658 2058 2741 φυγῆς,

481 2747 538 2801 εί
562 2766 693 2802 ποτε
722 2751 804 2813 εἰς
822 2750 1026 2821 ταύτην
1056 2754 1397 2822 καταστῆναι
1424 2752 1662 2824 συμϐαίη
1690 2756 1791 2825 τὴν
1813 2755 2061 2827 ἀνάγκην

481 2831 664 2902 αὐτῷ’
707 2832 736 2885 6
769 2832 832 2905 δὴ
875 2833 1115 2903 κάκείνῳ
1144 2834 1267 2887 τότε
1298 2835 1599 2890 συνέϐαινε.
1634 2837 1745 2891 Καὶ
1772 2838 2062 2909 γενόμενος

482 2915 682 2985 φυγάς,
717 2915 1015 2985 κατάγεται
1051 2916 1149 2988 μὲν
1188 2917 1341 2989 παρὰ
1369 2918 1525 2991 ἀνδρὶ
1559 2918 1922 2993 εἰδωλολάτρῃ
1965 2922 2062 2976 καὶ

479 2998 764 3069 ἀλλοφύλῳ
781 3016 795 3030 ·
819 3000 915 3054 καὶ
938 2998 1096 3054 τοῦτο
1121 3000 1178 3054 δὲ
1202 3002 1280 3063 εἰς
1296 3000 1538 3072 ἀθυμίας
1564 3001 1722 3071 λόγον
1748 3004 1809 3057 ού
1841 3005 2059 3076 μικρὸν,

426 3130 431 3135 .
482 3081 783 3148 ξενίζεσθαι
807 3083 959 3155 παρά
974 3083 1053 3155 τῷ
1076 3083 1374 3155 δαιμονίοις
1402 3085 1683 3156 ἱερωμένῳ
1707 3086 1896 3157 χρόνον
1917 3085 2062 3141 οὕτω

485 3166 718 3239 μακρόν.
763 3166 1159 3240 Ἐγχειρισθεὶς
1191 3167 1249 3220 δὲ
1284 3167 1385 3238 τὴν
1413 3167 1522 3221 τῶν
1557 3170 1825 3240 ποιμνίων
1864 3169 2059 3243 ἐπιμέ-

480 3247 632 3303 λειαν
657 3248 766 3304 τῶν
791 3250 1023 3314 ἐκείνου,
1054 3248 1198 3304 οὕτω
1224 3249 1294 3304 τὰ
1317 3251 1729 3323 τεσσαράκοντα
1769 3253 1863 3326 ἐτη
1893 3253 2061 3307 διετέ-

479 3328 655 3387 λεσεν.
674 3332 738 3386 Εἰ
762 3332 821 3387 δέ
845 3350 951 3386 τινι
967 3330 1125 3385 τοῦτο
1148 3332 1314 3402 μηδὲν
1336 3329 1476 3387 εἶναι
1504 3333 1651 3388 δοκεῖ
1664 3336 1855 3401 δεινὸν,
1875 3336 2061 3400 ἐξετά-

482 3432 668 3487 σωμεν
690 3416 818 3480 τοὺς
851 3415 925 3488 μὴ
941 3416 1028 3469 δια
1060 3414 1223 3485 φόϐον
1255 3416 1348 3470 καὶ
1373 3415 1489 3481 δέος
1511 3418 1924 3489 ἀποδημοῦντας
1966 3417 2061 3473 καὶ

480 3499 915 3572 κρυπτομένους,
958 3498 1095 3553 ἀλλά
1141 3500 1268 3563 τοὺς
1302 3501 1484 3554 ἑκοντὶ
1520 3502 1714 3575 μικρὸν
1744 3502 1842 3574 τῆς
1880 3502 2062 3568 οἰκίας

480 3581 916 3653 διασπωμένους,
942 3581 1060 3647 πῶς
1092 3579 1335 3647 ἀλύουσι,
1362 3584 1480 3648 πῶς
1507 3584 1940 3657 δυσχεραίνουσι,
1963 3585 2061 3639 πό-

484 3682 595 3720 σων
628 3664 850 3735 ἀγαθῶν
870 3665 901 3705 ιι
941 3665 1041 3737 τὴν
1085 3665 1347 3720 ἐπάνοδον
1386 3667 1644 3726 τίθενται.
1680 3669 1849 3723 Ὅταν
1880 3669 1938 3723 66
1968 3670 2061 3723 καὶ

482 3749 651 3822 φόϐος
678 3750 855 3820 προσῇ
895 3747 991 3802 καὶ
1023 3747 1137 3819 βίος
1172 3748 1542 3823 ταλαίπωρος,
1594 3752 1691 3805 καὶ
1717 3752 1788 3805 τὰ
1825 3751 2061 3824 φορτικὰ

480 3834 655 3889 ταῦτα
681 3832 778 3886 καὶ
813 3832 1025 3903 ἐπαχθῆ
1052 3833 1154 3903 τῆς
1188 3833 1413 3905 ἡδίστης
1457 3835 1716 3889 ἐπανόδου
1755 3835 2059 3908 κουφότερα

481 3918 764 3989 φαίνηται,
797 3914 896 3969 θέα
925 3934 1015 3987 μοι
1035 3915 1096 3970 τὸ
1116 3916 1359 3970 ποικίλον
1386 3917 1485 3988 τῆς
1515 3919 1818 3989 συμφορᾶς.
1837 3918 1927 3990 Μὴ
1951 3918 2056 3990 γὰρ

483 3998 670 4063 ἁπλῶς
707 3998 949 4070 ἀκούσῃς
975 3998 1058 4062 τὸ,
1097 3999 1466 4069 ἐποίμαινεν,
1513 4000 1630 4055 ἀλλ’
1682 3989 2057 4073 ἀναμνήσθητι

479 4085 576 4140 νῦν
612 4083 721 4139 τῶν
757 4084 1017 4156 ῥημάτων
1046 4082 1139 4137 τοῦ
1177 4082 1391 4148 Ἰακὼϐ,
1417 4077 1491 4138 ὧν
1517 4085 1655 4156 πρὸς
1675 4085 1764 4140 τὸν
1792 4086 2058 4158 κηδεστὴν

481 4169 798 4242 ἀπωδύρετο
843 4167 1020 4238 λέγων
1040 4185 1054 4199 ο
1112 4166 1260 4237 Ἐγὼ
1310 4168 1676 4224 ἀπετιννυον
1718 4171 1856 4238 παρ’
1906 4168 2055 4243 [206]

479 4250 739 4322 ἐμαυτοῦ
761 4248 1068 4319 κλέμματα
1088 4249 1313 4320 ἡμέρας
1341 4250 1441 4303 καὶ
1473 4250 1777 4321 κλέμματα
1802 4253 2022 4318 νυκτός
2040 4269 2055 4285 ’

480 4336 772 4406 ἐγενόμην
812 4332 925 4402 τῆς
947 4333 1173 4404 ἡμέρας
1205 4335 1643 4405 συγκαιόμενος
1673 4334 1754 4401 τῷ
1778 4337 2053 4406 καύματι,

482 4420 580 4473 καί
607 4417 687 4485 τῷ
721 4416 955 4486 παγετῷ
979 4417 1088 4484 τῆς
1111 4418 1352 4485 νυκτὸς,
1377 4419 1475 4473 καί
1498 4420 1841 4489 ἀφίστατοό
1866 4420 2059 4487 ὕπνος

480 4499 602 4558 ἀπὸ
649 4500 767 4555 τῶν
798 4498 1123 4570 ὀφθαλμῶν
1154 4519 1294 4570 μου.
1333 4500 1520 4556 Ταῦτα
1555 4502 1663 4572 γὰρ
1705 4502 1918 4560 ἅπαντα
1963 4504 2059 4558 καὶ

480 4584 658 4655 τούτῳ
709 4582 1030 4654 συμϐαίνειν
1060 4584 1206 4648 εἰκὸς
1244 4580 1336 4655 ἦν,
1370 4585 1465 4639 ἐπὶ
1507 4584 1751 4639 πλείοσιν
1788 4585 1934 4639 ἔτεσι
1963 4584 2059 4640 καὶ

485 4668 624 4742 μετὰ
666 4668 912 4740 μείζονος
930 4667 1029 4738 τῆς
1057 4667 1438 4740 σφοδρότητος,
1464 4670 1573 4740 ὅσῳ
1597 4669 1746 4740 καὶὴ
1783 4667 1936 4741 χώρα
1960 4670 2060 4743 τῆς

481 4750 668 4824 χώρας
714 4748 1045 4822 ἐρημοτέρα.
1102 4751 1168 4806 Εἰ
1212 4752 1272 4805 66
1317 4753 1392 4825 μὴ
1429 4751 1751 4822 ἀπωδύρατο
1797 4752 1969 4806 ταῦτα
2029 4754 2060 4807 ὀ

481 4834 742 4904 Μωῦσῆς,
777 4834 896 4886 οὐδὲ
927 4833 1035 4904 γὰρ
1063 4844 1086 4873 ο
1115 4837 1144 4888 6
1168 4836 1433 4909 μακάριος
1464 4837 1667 4899 ἐκεῖνος
1695 4830 1849 4889 εἶπεν
1893 4835 1978 4901 ἂν,
2009 4836 2059 4889 εἰ

485 4922 562 4992 μὴ
588 4920 668 4982 εἰς
703 4915 903 4988 πολλὴν
922 4916 1018 4969 τοῦ
1052 4920 1377 4989 πράγματος
1397 4919 1630 4989 κατέστη
1661 4918 1760 4989 τὴν
1789 4919 2055 4990 ἀνάγκην,

482 5004 578 5058 καὶ
609 5001 715 5055 ὑπὸ
760 5001 859 5070 τῆς
900 5001 1295 5072 ἀγνωμοσύνης
1326 5001 1419 5055 τοῦ
1472 5002 1731 5074 κηδεστοῦ
1774 5006 1853 5067 εἰς
1886 5005 2060 5059 ταῦτα

480 5085 656 5140 ἐλθεῖν
706 5083 936 5153 ἐϐιάσθη
964 5083 1030 5137 τὰ
1063 5087 1303 5157 ῥήματα.
1345 5086 1520 5158 Ἱκανὴ
1554 5088 1650 5156 μὲν
1674 5082 1767 5141 οὖν
1802 5088 1897 5143 καὶ
1919 5090 2058 5159 αὐτὴ

481 5169 604 5224 καθ’
624 5167 823 5240 ἐαυτὴν
838 5170 871 5238 ή
892 5166 1147 5239 ἀλλοτρία
1170 5169 1506 5224 ταπεινῶσαι
1531 5170 1619 5223 τὸν
1642 5171 1832 5244 ἄνδρα,
1850 5173 1941 5227 τδν
1964 5176 2060 5228 καὶ

482 5254 675 5325 χρείας
705 5251 893 5306 ἕνεκεν
929 5250 1315 5321 ἀποδημοῦντα
1355 5253 1536 5324 μόνον.
1585 5254 1672 5317 Ὠς
1707 5254 1816 5327 γὰρ
1850 5256 2056 5328 ὄρνεον,

485 5338 673 5408 φησιν,
702 5337 831 5390 ὅταν
858 5335 1167 5407 ἐκπετασθῇ
1198 5337 1263 5390 ἐκ
1288 5337 1389 5407 τῆς
1414 5339 1633 5403 νοσσιᾶς
1669 5338 1856 5403 αὐτοῦ,
1888 5339 2060 5406 οὕτως

484 5420 771 5493 ἄνθρωπος
795 5419 1096 5486 δουλοῦται,
1121 5420 1249 5474 ὃταν
1275 5418 1589 5494 ἀποξενωθῇ
1630 5422 1738 5475 ἀπὸ
1769 5423 1876 5477 τῶν
1915 5424 2059 5480 ἰδίων

516 5539 575 5617 ‘1'
594 5536 734 5615 Coll).
754 5537 1264 5617 ὑπομείναντα-πόνους
1286 5541 1531 5617 ἀνέχεσθαι
1550 5542 1776 5617 μακροὺς,
1799 5544 1879 5617 καί
1900 5544 1960 5592 τὰ
1978 5550 2061 5604 τῆς

483 5600 733 5681 ἀλλοτρίας
746 5599 896 5681 κακάέ
938 5599 1108 5681 ξίοτει.
1122 5599 1453 5681 ’ὑπομείναξιτα
1472 5599 1663 5679 πλάνας
1679 5603 1949 5681 (ἀνέχεσθαα
1968 5599 2060 5668 μαὲ

484 5662 721 5726 κράς,καὶ
739 5663 801 5711 τὰ
838 5667 923 5720 τῆς
946 5662 1193 5726 ἀλλοτρίας
1225 5662 1474 5727 ὑπομένειν
1493 5665 1640 5723 κακά,
1679 5662 1829 5715 Ξαιῖὶι.
1858 5662 2061 5724 πλάνους

482 5727 560 5788 ἀν.
583 5741 632 5788 με
656 5726 738 5788 καὶ
753 5725 814 5772 τὰ
834 5729 917 5788 τῆς
932 5724 1180 5788 ἀλλοτρίας
1195 5727 1443 5788 ὑπομένειν
1464 5741 1517 5775 τε
1535 5726 1678 5774 κακά.

546 5741 738 5838 ιίὲοἲὲῗ
753 5740 819 5834 ἷξὶ
834 5740 1374 5848 ἕέιῖ-ῗῗξιῗὲζῗίέῗοΐθίὲῖῖ

552 5851 576 5881 ο
600 5848 661 5913 Si_
674 5852 805 5913 [uotae
821 5848 1074 5913 maljginali
1101 5846 1253 5913 Savil'.
1278 5848 1710 5913 {ldieshlegﬁendum
1734 5856 1897 5903 esset:
1926 5854 1982 5903 Εἰ
2005 5854 2058 5903 δὲ

493 5910 617 5972 μὴ...
645 5911 855 5965 Μωῦσῆς
876 5909 947 5971 Pii
964 5909 1221 5974 θωμάσῃς
1249 5911 1359 5960 αὐδέ
1379 5910 1485 5976 γάρ.
1500 5909 1641 5964 Ἐπιτ.

1178 296 1237 353 S.
1274 296 1561 356 JOANNIS
1599 293 2095 360 CHRYSOSTOMI
2141 301 2462 360 ARCHIEP.
2504 301 3050 362 CONSTANTINOP.

3635 297 3755 370 571

2164 421 2365 478 τόπων.
2403 424 2537 479 Τότε
2559 425 2617 479 66
2655 424 2792 496 πρὸς
2812 424 2987 495 τούτῳ
3011 422 3132 477 ούδέ
3158 420 3300 493 ὑπὲρ
3334 424 3433 493 τῆς
3467 421 3601 484 ἰδίας
3635 439 3757 476 σω-

2162 505 2355 577 τηρίας
2387 504 2500 579 εἶχε
2545 508 2788 581 θαρρεῖν,
2836 508 2950 562 ἀλλ’
2985 506 3174 580 ῶσπερ
3218 523 3302 569 τις
3340 504 3555 576 οἰκέτης
3586 504 3756 577 ὠμὸν

2163 589 2429 661 δεσπότην
2472 591 2715 664 ἀποδρὰς
2748 592 2940 663 τρέμει
2969 590 3287 656 διαπαντὸς,
3317 591 3412 644 καὶ
3436 590 3639 643 δέδοικε
3665 587 3758 660 μὴ

2164 671 2307 742 ἀλῷο
2330 672 2475 727 οὕτω
2503 674 2598 729 καὶ
2622 678 2651 728 6
2678 676 2947 746 μακάριος
2989 675 3195 746 Μωσῆς
3236 674 3387 745 φόϐῳ
3440 671 3636 742 συνέζη
3664 672 3759 725 δι-

2163 759 2378 828 ηνεκεῖο
2409 759 2505 811 καὶ
2533 757 2693 828 δῆλον
2722 757 2781 825 ἐξ
2821 753 2895 811 ῶν
2927 759 3129 812 καὶτοῦ
3164 758 3297 812 Θεοῦ
3324 756 3458 827 μετά
3488 754 3758 809 τοσοῦτον

2163 841 2355 910 χρόνον
2368 840 2683 905 κελεύοντος
2703 841 2978 905 ἀπελθεῖν,
3013 842 3303 896 ἀναδύεται
3336 840 3431 894 καὶ
3452 840 3622 902 ὀκνεῖ,
3648 838 3757 891 καὶ

2161 923 2336 977 ταῦτα
2363 925 2603 989 ἀκούσας
2653 926 2735 979 ὅτι
2763 925 2823 979 '0
2842 924 3031 992 ζητῶν
3058 925 3173 995 τὴν
3192 924 3409 995 ψυχὴν
3434 923 3620 978 αὐτοῦ
3647 920 3756 975 τέ-

2163 1008 2408 1076 θνηκεν.

2237 1128 2303 1199 β’.
2356 1128 2577 1202 Ἐπειδὴ
2604 1128 2662 1182 δέ
2697 1145 2827 1181 ποτε
2864 1126 3087 1199 ἐπείσθη
3122 1125 3217 1181 καὶ
3253 1124 3481 1188 ἀπῆλθε,
3512 1125 3607 1177 καὶ
3639 1122 3756 1193 τὴν

2162 1213 2397 1279 γυναῖκα
2416 1213 2509 1265 καί
2529 1212 2657 1276 τοὺς
2676 1212 2872 1275 παῖδας
2883 1210 3200 1282 ἠναγκάσθη
3223 1209 3558 1270 καταλιπεῖν,
3577 1206 3754 1259 πάλιν

2166 1295 2402 1367 μέμψεις
2424 1297 2519 1351 καὶ
2544 1297 2730 1368 ὕϐρεις
2755 1296 2848 1350 καὶ
2874 1296 3093 1350 ἀπειλαὶ
3120 1294 3271 1367 παρὰ
3296 1292 3392 1347 τοῦ
3413 1292 3755 1365 κρατοῦντος

2161 1377 2264 1448 τῆς
2286 1378 2564 1448 Δίγύπτου
2580 1380 2720 1442 τότε,
2750 1380 3074 1451 κατηγορίαι
3100 1378 3157 1432 δὲ
3188 1379 3281 1432 καὶ
3310 1378 3439 1449 ἀραὶ
3457 1375 3605 1447 παρά
3627 1372 3754 1426 τῶν

2163 1461 2635 1533 εὐεργετουμένων
2679 1463 2879 1518 αὐτῶν.
2921 1462 2982 1519 Ὀ
3014 1464 3111 1535 μὲν
3151 1458 3248 1516 οὖν
3282 1461 3483 1529 ἔλεγεν·
3534 1457 3749 1517 Ἰνατί.

2161 1545 2352 1615 Μωσῆ
2375 1547 2474 1601 καί
2511 1547 2745 1617 Ἀαρὼν,
2767 1547 3152 1617 διαστρέφετε
3172 1546 3279 1601 τὸν
3297 1545 3450 1600 λαόν
3480 1543 3599 1599 ἀπὸ
3619 1541 3754 1595 τῶν

2162 1626 2353 1697 ἐὶργων
2385 1628 2617 1695 αὐτῶν;
2661 1631 2967 1686 Ἆπέλθετε
3016 1632 3273 1697 ἕκαστος
3304 1627 3469 1698 ὑμῶν
3497 1625 3648 1697 πρὸς
3664 1624 3752 1678 τὰ

2162 1710 2307 1780 ἔργα
2327 1712 2537 1767 αὐτοῦ·
2573 1716 2622 1768 οἱ
2655 1714 2715 1768 δὲ
2743 1715 3107 1787 Ἰσραηλῖται·
3136 1713 3296 1774 Ἵδοι,
3332 1713 3512 1783 φασὶν,
3532 1715 3563 1766 ό
3593 1708 3752 1775 Θεὸς

2159 1792 2318 1863 ὑμᾶς
2346 1795 2446 1849 καί
2478 1797 2695 1865 κρίναι,
2718 1798 2807 1852 ὅτι
2829 1798 3189 1863 ἐϐδελύξατε
3208 1796 3322 1865 τὴν
3346 1795 3545 1867 ὀσμὴν
3566 1792 3752 1863 ἡμῶν

2161 1877 2418 1931 ἐνώπιον
2449 1879 2677 1948 Φαραὼ,
2702 1881 2799 1935 καί
2828 1880 3084 1935 ἐνώπιον
3100 1880 3219 1935 τῶν
3241 1881 3615 1949 θεραπόντων
3639 1878 3750 1929 αὐ-

2162 1961 2289 2023 τοῦ,
2320 1961 2531 2016 δοῦναι
2552 1964 2858 2033 ῥομφαίαν
2883 1968 2972 2031 εἰς
2998 1965 3103 2031 τὰς
3142 1965 3342 2033 χεῖρας
3370 1961 3565 2017 αὐτῶν
3590 1962 3751 2014 ἀπο-

2161 2044 2386 2100 κτεῖναι
2410 2045 2587 2116 ἡμᾶς.
2637 2048 2871 2120 Λυπηρά
2914 2050 3012 2120 μὲν
3044 2044 3138 2103 οῦν
3163 2046 3333 2101 ταῦτα
3371 2047 3466 2100 καὶ
3501 2043 3748 2115 ἐπαχθῆ,

2159 2130 2223 2183 τὸ
2245 2130 2301 2184 66
2342 2131 2559 2185 πάντων
2601 2132 3003 2205 φορτικώτερον
3058 2135 3234 2186 ἐκεῖνο
3255 2128 3342 2204 ἦν,
3371 2133 3454 2185 ὃτι
3485 2126 3752 2183 εἰσελθὼν

2161 2215 2255 2267 καὶ
2287 2214 2455 2286 μυρία
2482 2215 2949 2287 ἐπαγγειλάμενος
2976 2215 3177 2284 ἀγαθὰ,
3211 2214 3543 2286 ἐλευθερίαν,
3562 2211 3752 2265 ἀπαλ-

2160 2297 2331 2371 λαγὴν
2358 2298 2468 2353 τῶν
2488 2300 2849 2371 ἐπικειμένων
2874 2299 3080 2361 κακῶν,
3098 2298 3273 2366 ἔδοξεν
3297 2294 3434 2351 εἶναι
3463 2293 3747 2351 ἀπατεὼν.

2161 2383 2237 2436 Οὐ
2267 2382 2376 2454 γὰρ
2406 2386 2567 2454 μόνον
2590 2384 2775 2447 αὐτοῖς
2795 2386 2899 2438 οὐκ
2933 2382 3302 2454 ὲπεκουφίσθη
3334 2382 3396 2435 τὸ
3414 2380 3514 2451 τῆς
3532 2381 3749 2432 ἐπικει-

2165 2466 2331 2538 μένης
2354 2467 2597 2531 δουλείας
2623 2467 2808 2539 βάρος,
2840 2467 2976 2521 ἀλλὰ
3005 2467 3250 2539 καὶπρὸς
3274 2465 3335 2519 τὸ
3364 2462 3750 2536 χαλεπώτερον

2162 2551 2491 2616 ἐπετείνετο,
2520 2553 2615 2605 καὶ
2642 2553 2671 2605 6
2704 2551 3096 2624 προσδοκηθεὶς
3126 2548 3489 2622 ἐλευθερωτὴς
3521 2547 3749 2600 ἔσεσθαι

2162 2634 2257 2689 τοῦ
2288 2634 2489 2699 παντὸς
2526 2635 2733 2702 ἔθνους,
2780 2636 2875 2690 καὶ
2905 2634 3062 2690 τοῦτο
3091 2635 3581 2704 ἐπαγγειλάμενος,
3632 2631 3750 2683 τῶν

2164 2718 2550 2787 στρεϐλώσεων
2579 2720 2676 2774 καὶ
2712 2719 2820 2774 τῶν
2857 2719 3136 2791 μαστίγων
3172 2721 3344 2782 αἴτιος
3371 2716 3546 2781 ἔδοξεν
3568 2711 3740 2778 εἶναι,

2161 2804 2258 2857 καὶ
2301 2802 2581 2867 ἐπίϐουλος
2607 2803 2699 2856 καί
2725 2803 2959 2874 λαμεών.
2987 2804 3084 2866 Τίς
3111 2803 3211 2855 οὑκ
3234 2801 3298 2855 ἂν
3337 2800 3442 2853 ὑπὸ
3469 2799 3568 2871 τῆς
3607 2797 3750 2851 ἀθυ-

2165 2886 2296 2959 μίας
2328 2886 2605 2958 κατεπόθη
2658 2886 2876 2960 ῥᾳδίως,
2910 2886 3280 2957 ύποσχόμενος
3307 2885 3406 2956 μὲν
3433 2883 3588 2937 λύσιν
3635 2881 3751 2935 τῶν

2162 2969 2430 3024 τοσούτων
2455 2970 2664 3034 κακῶν,
2696 2969 2834 3040 μετά
2862 2969 2918 3022 δέ
2946 2968 3043 3040 τὴν
3086 2969 3382 3038 ὑπόσχεσιν
3423 2966 3751 3040 προσθήκην

2163 3051 2366 3123 ἐτέρων
2416 3053 2815 3124 χαλεπωτέρων
2860 3052 3016 3119 ἱδών;
3083 3051 3309 3123 Ἥθύμει
3368 3050 3467 3119 μὲν
3520 3048 3615 3105 οὖν
3669 3050 3753 3112 ὡς

2161 3135 2390 3207 ἀθυμεῖν
2417 3135 2563 3199 εἰκὸς
2600 3136 2692 3189 τὸν
2736 3135 2909 3188 ταῦτα
2949 3134 3217 3191 ἀκούοντα
3261 3132 3355 3189 καὶ
3390 3133 3627 3206 ὁρῶντα,
3682 3134 3748 3187 οὐ

2159 3219 2541 3290 παρετρέπετο
2563 3220 2620 3273 66
2636 3220 2740 3272 ὑπὸ
2761 3219 2853 3273 τοῦ
2883 3219 3105 3283 πάθους,
3138 3218 3251 3273 ἀλλ’
3277 3218 3465 3289 ἔμενεν
3495 3218 3747 3289 ἀκλινὴς,

2162 3303 2339 3357 καίτοι
2370 3305 2494 3365 ταῖς
2541 3303 2896 3371 ἐπαγγελίαις
2923 3303 3031 3357 τῶν
3059 3302 3360 3373 γινομένων
3405 3304 3467 3356 οὐ
3505 3302 3716 3373 συμϐαι

2161 3387 2378 3450 νόντων,
2406 3387 2540 3441 ἀλλά
2570 3388 2665 3441 καὶ
2696 3388 3038 3458 μαχομένων.
3070 3385 3387 3457 Προσελθὼν
3414 3387 3471 3439 δέ
3494 3385 3577 3456 τῷ
3598 3384 3745 3455 θεῷ,

2160 3469 2255 3523 καὶ
2286 3469 2584 3541 διαλεχθεὶς
2618 3470 2758 3542 ὑπὲρ
2785 3470 3013 3534 τούτων,
3047 3470 3138 3523 καὶ
3163 3470 3571 3541 ἀποδυράμενος
3613 3469 3747 3521 πολ-

2160 3552 2248 3607 λά·
2296 3548 2421 3605 εἰπε
2470 3552 2600 3623 γὰρ,
2640 3553 2793 3624 φησὶ,
2827 3554 3025 3620 Κύριε,
3058 3552 3157 3607 διὰ
3181 3554 3236 3606 τί
3268 3553 3581 3616 ἐκάκωσας
3632 3552 3748 3604 τὸν

2158 3638 2315 3691 λαόν
2342 3653 2480 3700 σου,
2500 3637 2613 3710 ,καί
2657 3639 2816 3691 ἱνατί
2866 3637 3230 3704 ἁπέστειλάς
3250 3654 3361 3707 με;
3386 3638 3483 3692 καὶ
3515 3636 3616 3706 ἀφ’
3663 3632 3744 3692 οὗ

2159 3724 2628 3792 εἰσπεπόρευμαι
2667 3721 2817 3790 πρὸς
2851 3722 3061 3790 Φαραὼ
3097 3723 3367 3792 λαλῆσαι
3394 3724 3493 3778 ἐπὶ
3514 3721 3593 3786 τῷ
3647 3719 3744 3787 σῷ

2160 3808 2424 3876 ὀνόματι,
2453 3804 2722 3860 ἐκάκωσε
2767 3805 2874 3859 τόν
2912 3806 3069 3860 λαὸν
3097 3805 3335 3874 τοῦτον,
3372 3807 3468 3861 καί
3504 3809 3615 3861 οὐκ
3640 3806 3741 3874 ἐῤ-

2152 3891 2324 3959 ῥύσω
2338 3892 2447 3943 τὸν
2464 3889 2619 3943 λαόν
2642 3904 2780 3943 σου·
2805 3888 2979 3943 ταῦτα
3006 3889 3070 3961 δὴ
3090 3886 3183 3944 οῦν
3218 3890 3511 3963 θρηνήσας,
3545 3892 3639 3943 καὶ
3668 3892 3743 3944 τὰ

2159 3971 2299 4028 αὐτὰ
2319 3972 2481 4027 πάλιν
2507 3972 2747 4036 ἀκούσας
2786 3972 2929 4046 άπερ
2958 3974 3054 4028 καὶ
3087 3974 3375 4046 πρότερον,
3406 3972 3740 4041 ἀπαγγέλλει

2163 4056 2263 4128 μὲν
2293 4056 2435 4111 αύτά
2461 4058 2574 4121 τοῖς
2618 4058 2978 4129 Ἰσραηλίταις
3016 4057 3199 4122 πάλιν,
3245 4059 3308 4112 οὐ
3343 4058 3739 4129 παραδέχονται

2157 4141 2216 4194 66
2250 4143 2450 4195 ἐκεῖνοι
2471 4140 2549 4213 τῷ
2577 4142 2896 4218 κρατεῖσθαι
2921 4142 3021 4209 τὰς
3047 4142 3223 4214 ψυχάς
3250 4144 3355 4198 ὑπὸ
3382 4145 3474 4198 τοῦ
3487 4144 3737 4214 καμάτου

2158 4226 2254 4279 καὶ
2280 4225 2382 4294 τῆς
2392 4224 2652 4297 ἀθυμίας.
2675 4224 3184 4296 Οὐκ-εἰσήκουσαν
3208 4226 3318 4299 γὰρ
3329 4227 3602 4293 Μωσέως,
3630 4244 3738 4295 φη-

2158 4308 2264 4372 σὶν,
2286 4309 2406 4362 ἀπὸ
2430 4307 2539 4376 τῆς
2557 4309 2812 4379 ἀθυμίας
2839 4309 2937 4363 καὶ
2957 4311 3074 4365 ἀπὸ
3092 4308 3212 4364 τῶν
3230 4310 3421 4381 ἔργων
3441 4309 3560 4364 τῶν
3580 4309 3736 4383 [Ξυη

2157 4391 2462 4460 σκληρῶν.
2493 4393 2605 4447 Καὶ
2627 4392 2785 4447 τοῦτο
2807 4393 2863 4447 δὲ
2890 4395 2991 4465 οὐχ
3017 4395 3094 4460 ὡς
3121 4395 3309 4466 ἔτυχεν
3330 4395 3487 4449 αὑτὸν
3503 4394 3736 4449 έθλιϐεν.

2169 4475 2259 4539 Ὧς
2291 4475 2350 4528 66
2378 4476 2470 4528 ἐπὶ
2508 4475 2620 4530 τῶν
2666 4477 2911 4548 σημείων
2934 4477 3164 4547 ἐγίνετο,
3211 4479 3308 4532 καὶ
3337 4478 3594 4544 πολλάκις
3627 4479 3740 4533 ὑπὸ

2156 4559 2251 4613 τοῦ
2273 4557 2474 4631 Φαραὼ
2510 4558 2851 4630 διαπαιχθεὶς
2874 4561 3073 4632 ἤνεγκε
3110 4563 3372 4631 γενναίως
3407 4564 3501 4617 καί
3530 4563 3739 4634 ταύτην

2156 4643 2255 4715 τὴν
2287 4643 2598 4716 χλευασίαν,
2632 4642 2974 4713 ἀπαλλαγεὶς
3011 4645 3110 4716 τῆς
3140 4636 3439 4716 Αἰγύπτου,
3471 4647 3565 4701 καί
3597 4647 3738 4720 θαρ-

2160 4729 2337 4801 ρήσας
2369 4726 2508 4798 μετά
2538 4725 2646 4780 τῶν
2697 4727 2965 4781 Ἰουδαίων
3011 4727 3215 4795 λοιπὸν,
3250 4731 3378 4801 πρὶν
3399 4729 3741 4784 ἀναπνεῦσαι

2157 4812 2359 4877 τέλεον,
2388 4811 2467 4883 τῷ
2493 4811 2762 4883 προτέρῳ,
2788 4810 2986 4882 μᾶλλον
3009 4813 3065 4865 66
3094 4814 3190 4867 καὶ
3218 4812 3395 4884 πολλῷ
3422 4811 3737 4885 μείζονιτοῦ

2160 4896 2426 4968 προτέρου
2455 4896 2895 4967 κατελαμϐάνετο
2925 4897 3093 4968 φόϐῳ.
3114 4896 3281 4951 Οὔπω
3310 4898 3417 4968 γὰρ
3444 4898 3563 4951 ὅλαι
3584 4900 3739 4969 τρεῖς

2158 4980 2383 5053 ἡμέραι,
2407 4982 2501 5033 κα)⁸
2521 4980 2646 5044 τοὺς
2680 4979 2986 5051 βαρϐάρους
2999 4979 3245 5045 ἅπαντας
3277 4981 3414 5052 μετά
3431 4981 3538 5033 τῶν
3552 4981 3743 5034 ὃπλων

2158 5062 2297 5119 εἶδον
2337 5065 2564 5136 πλησίον
2602 5064 2844 5128 ἑστῶτας
2885 5065 3084 5128 αὐτῶν,
3124 5067 3217 5119 καὶ
3247 5066 3440 5120 ταυτὸν
3472 5065 3739 5136 ἔπασχον,

2159 5146 2271 5205 οἷον
2299 5152 2347 5203 εἰ
2368 5149 2635 5223 δραπέται
2658 5150 2805 5213 τινές
2830 5149 2923 5203 ἐπὶ
2974 5151 3073 5221 τῆς
3103 5149 3386 5221 ἀλλοτρίας
3435 5150 3587 5220 ἄφνω
3622 5154 3741 5217 tot;

2160 5232 2268 5287 τῶν
2319 5233 2597 5287 δεσποτῶν
2632 5233 2962 5305 ἐμπεσόντες
2995 5233 3310 5305 ὀφθαλμοῖς·
3342 5235 3374 5305 ἦ
3404 5236 3452 5287 εἰ
3482 5235 3743 5306 καθάπερ

2160 5318 2314 5372 αὐτοὶ
2338 5318 2403 5387 δὴ
2429 5310 2575 5371 οὗτοι
2604 5316 2787 5371 εῐποτε
2816 5317 3028 5388 συμϐὰν
3058 5320 3313 5389 χρηστοῖς
3339 5319 3611 5390 ὀνείρασιν
3647 5321 3743 5372 ἐν-

2158 5402 2553 5472 τρυφήσαντες,
2580 5402 2675 5454 καὶ
2711 5400 2914 5472 ταύτην
2943 5401 3338 5472 φαντασθέντες
3363 5400 3461 5473 τὴν
3488 5402 3743 5455 ἀπαλλα-

2159 5486 2284 5557 γὴν,
2322 5482 2443 5539 εἷτα
2480 5485 2854 5558 διεγερθέντες
2887 5481 3043 5558 εὗρον
3099 5487 3325 5551 ἑαυτοὺς
3371 5487 3429 5539 ἐν
3473 5488 3745 5557 Αἰγύπτῳ

2162 5570 2347 5635 πάλιν,
2388 5569 2483 5623 καὶ
2514 5572 2627 5633 τοῖς
2660 5570 2867 5641 ὀμοίοις
2908 5572 3115 5633 κακοῖς.
3153 5569 3369 5624 Μᾶλλον
3405 5571 3462 5624 δὲ
3496 5572 3598 5624 οὐκ
3620 5568 3749 5625 οἶδα

2158 5657 2211 5709 τί
2248 5657 2313 5712 ἀν
2348 5673 2432 5720 τις
2467 5657 2665 5720 αὐτοὺς
2693 5657 2825 5729 φαίη
2851 5655 3088 5727 νομίζειν
3115 5657 3267 5730 ὄναρ,
3296 5657 3396 5722 τὰς
3426 5662 3569 5729 τρεῖς
3601 5659 3752 5730 ἡμέ-

2161 5757 2262 5812 ρας
2316 5740 2415 5809 τῆς
2460 5740 2802 5813 ἀπαλλαγῆς,
2833 5741 2867 5811 ἢ
2900 5740 3000 5811 τὴν
3034 5741 3311 5812 παροῦσαν
3358 5742 3480 5813 ὄψιν
3521 5744 3752 5818 ἐκείνην

2160 5825 2261 5893 τὴν
2297 5823 2541 5896 φρικώδη
2598 5825 2694 5878 καὶ
2749 5823 3005 5895 φοϐεράψ
3045 5825 3281 5896 τοσαύτη
3329 5826 3746 5901 κατεσκεδάσθη

2161 5909 2272 5972 τοῖς
2301 5908 2553 5965 ἀπάντων
2576 5906 2874 5985 ὀφθαλμοῖς
2903 5908 3138 5981 ἀθυμίας
3166 5909 3350 5981 ἀχλύς.
3386 5911 3444 5965 '0
3460 5911 3515 5963 66
3532 5911 3751 5983 Μωσῆς
