4036 6416
341 297 447 353 47⁵5

343 419 428 461 tur
457 414 797 479 posteaquam
836 408 953 464 illos
986 408 1127 464 ultus
1154 418 1255 476 est,
1287 427 1412 465 num
1450 410 1532 466 vel
1573 426 1759 481 parum
1789 416 1907 468 ani-

342 517 460 556 mus
510 517 577 558 ex
611 517 841 557 maerore
869 502 960 557 illo
989 503 1253 556 relaxatus
1291 504 1409 558 est?
1441 507 1680 574 potuitne
1707 506 1905 561 diutius

339 592 440 648 frui
478 594 838 649 consolatione
876 595 1014 648 illius
1039 594 1292 649 ultionis?
1332 595 1430 649 Vix
1457 595 1572 650 dies
1596 598 1760 652 altera
1788 598 1909 651 illu-

341 694 509 751 serat,
537 701 657 741 cum
683 686 895 740 beatum
923 685 1067 738 illum
1093 684 1243 739 dolor
1268 686 1402 739 alius
1422 686 1707 756 etquidem
1731 688 1908 757 priore

340 775 493 846 longe
539 777 748 846 gravior
791 775 1032 846 excepit,
1073 784 1353 846 tantusque
1395 785 1586 844 metus,
1630 789 1688 833 ut
1732 778 1903 848 ipsum

338 869 569 942 Egypto
599 878 706 924 tota
731 869 1058 924 deturbaret.
1087 869 1286 924 Durum
1304 870 1514 940 quidem
1535 886 1598 926 ac
1621 871 1903 926 molestum

336 972 419 1017 est
439 1004 454 1028 ,
486 977 515 1015 a
542 962 729 1031 quovis
757 961 972 1016 homine
998 961 1290 1017 maledictis
1317 963 1500 1017 lacessi
1525 978 1540 1028 ;
1571 979 1753 1018 verum
1782 979 1904 1017 eum

336 1052 607 1107 beneﬁciis
642 1053 903 1123 quiSpiam
937 1052 1155 1108 allectus
1182 1053 1433 1108 beneﬁcia
1478 1055 1590 1123 ipsa
1617 1055 1905 1124 exprobra-

335 1144 468 1197 verit
498 1161 510 1196 :
541 1141 804 1213 Numquid
829 1143 1049 1196 occidere
1075 1159 1152 1197 me
1176 1152 1229 1197 tu
1250 1144 1341 1211 vis,
1371 1144 1556 1213 inquit,
1583 1146 1905 1213 quemadmo-

336 1234 455 1290 dum
474 1231 776 1304 .Egyptiunt
803 1234 909 1288 heri
936 1235 1159 1288 occidisti
1181 1233 1378 1305 (Exod.
1400 1235 1458 1288 2.
1484 1236 1606 1309 ﬂ)?
1630 1246 1752 1291 tunc
1768 1238 1900 1307 jam,

339 1333 462 1378 tunc
483 1326 709 1379 elliettur
732 1339 793 1379 ea
822 1326 1143 1379 contumelia
1171 1326 1534 1391 intolerabilis,
1559 1329 1629 1382 ita
1657 1338 1712 1381 ut
1736 1329 1905 1397 possit

336 1416 423 1469 illa
453 1416 636 1470 Icesum
667 1415 929 1471 suﬁ‘ocare
953 1436 965 1470 :
989 1425 1186 1471 tantam
1212 1418 1343 1472 iram
1371 1418 1541 1473 dolori
1564 1420 1899 1488 conjunctam

333 1506 504 1561 all‘ert.
534 1508 602 1560 At
631 1522 756 1562 vero
781 1508 832 1561 in
864 1508 1008 1562 Mose
1037 1517 1226 1578 prmter
1248 1508 1363 1564 haec
1388 1509 1533 1564 aliud
1560 1526 1768 1581 quoque
1790 1520 1897 1565 ter-

338 1598 467 1651 tium
498 1597 667 1652 inerat
685 1639 699 1662 ,
728 1599 867 1668 regis
891 1598 1138 1653 videlicet
1160 1608 1330 1653 metus
1349 1639 1363 1663 ,
1392 1600 1480 1668 qui
1507 1600 1641 1655 adeo
1658 1601 1782 1670 justi
1810 1616 1900 1657 oc-

332 1699 614 1759 cupaverat
641 1693 908 1756 animum,
936 1700 993 1746 ut
1020 1692 1265 1746 universa
1294 1692 1440 1745 illum
1471 1693 1687 1762 regione
1716 1702 1898 1748 extur-

332 1783 500 1837 baret.
558 1782 800 1838 Efﬁcitur
840 1783 1088 1853 fugitivus
1128 1783 1267 1851 regis
1305 1782 1464 1836 ﬁlius.
1496 1783 1674 1852 Itaque
1708 1784 1752 1837 si
1784 1785 1900 1851 quis

332 1875 489 1943 regiae
529 1874 675 1936 illum
717 1874 1044 1934 educationis
1086 1888 1245 1927 causa
1282 1874 1495 1928 beatum
1527 1874 1820 1942 putaverit,
1853 1874 1899 1928 is

331 1964 490 2018 tundo
517 1964 706 2033 prioris
739 1962 1074 2018 abundantia:
1102 1962 1426 2029 recordetur,
1460 1974 1614 2034 atque
1643 1965 1784 2018 illam
1809 1965 1895 2033 ju-

335 2065 417 2109 sto
448 2056 563 2108 viro
599 2054 797 2109 doloris
824 2056 1050 2125 ingentis
1076 2064 1129 2109 et
1155 2057 1409 2125 angustia:
1438 2057 1710 2111 materiam
1739 2057 1900 2113 fuisse

337 2145 554 2199 videbit.
596 2145 779 2213 Neque
817 2146 959 2199 enim
1001 2145 1139 2200 idem
1173 2155 1253 2200 est
1288 2146 1586 2215 quempiam
1616 2147 1667 2199 in
1700 2150 1899 2214 privata

331 2240 582 2295 nutritum
598 2238 777 2305 domo,
802 2239 1039 2309 plurimis
1054 2240 1163 2309 jam
1185 2240 1450 2294 laboribus
1473 2241 1755 2310 multisque
1780 2258 1897 2311 per-

326 2331 737 2401 egrinationibus
760 2341 814 2387 et
848 2332 1097 2387 atrumnis
1122 2332 1322 2387 exactis
1343 2373 1358 2398 ,
1386 2332 1570 2401 longos
1605 2333 1793 2387 iterum
1821 2334 1900 2388 la-

326 2423 482 2479 bores
509 2431 667 2494 atque
693 2439 756 2478 ea
782 2423 1114 2478 incommoda
1144 2439 1261 2492 qua:
1294 2433 1444 2479 extra
1474 2427 1697 2494 patrium
1725 2427 1897 2481 solum

325 2518 625 2573 necessario
653 2517 924 2572 subeunda
954 2527 1077 2571 sunt
1104 2517 1329 2586 perpeti,
1361 2526 1414 2571 et
1439 2533 1558 2572 eum
1586 2519 1674 2588 qui
1703 2520 1801 2573 ista
1830 2535 1899 2575 ne

326 2611 599 2665 minimum
623 2609 836 2680 quidem
861 2608 1020 2662 luerit
1042 2616 1313 2679 expertus,
1338 2607 1433 2662 sed
1456 2610 1506 2661 in
1529 2624 1705 2663 rerum
1734 2609 1899 2663 abun-

321 2707 497 2760 dantia
536 2718 694 2759 omne
730 2711 940 2771 tempus
979 2701 1232 2757 educatus
1255 2742 1270 2767 ,
1308 2700 1534 2770 idipsum
1566 2701 1693 2770 pati.
1735 2701 1898 2755 Multo

321 2800 465 2853 enim
493 2797 703 2866 gravior
730 2795 781 2849 ei
821 2794 939 2864 fuga
970 2793 1262 2858 videbitur,
1290 2807 1447 2861 quam
1475 2792 1549 2845 illi
1572 2833 1586 2857 ,
1614 2793 1658 2845 si
1687 2791 1898 2862 quando

321 2888 550 2958 experiri
590 2887 727 2940 banc
767 2885 1069 2940 necessario
1103 2893 1322 2954 cogetur
1353 2900 1367 2937 :
1401 2883 1539 2953 quod
1571 2884 1644 2937 illi
1688 2899 1897 2954 quoque

326 2992 452 3036 tunc
486 2980 725 3049 contigit.
754 2978 934 3048 Itaque
959 2978 1208 3047 profugus
1232 2977 1450 3030 eﬂ'eetus
1468 3017 1482 3039 ,
1510 2977 1819 3047 alienigena:
1843 2986 1898 3032 et

323 3075 611 3129 idololatra:
631 3074 731 3127 viri
752 3072 978 3142 hospitio
1001 3071 1219 3126 fruitur:
1239 3072 1377 3141 quod
1400 3086 1503 3125 non
1526 3072 1789 3125 mediocre
1814 3079 1896 3125 est

324 3167 552 3220 tristitiae
576 3174 965 3235 argumentum,
990 3173 1094 3217 tam
1122 3163 1279 3233 longo
1305 3163 1502 3216 scilicet
1531 3171 1765 3232 tempore
1786 3162 1895 3216 dte-

322 3260 619 3314 moniorum
664 3258 954 3312 sacerdotis
1002 3256 1259 3325 hospitem
1298 3270 1437 3311 esse.
1467 3255 1679 3309 Tradita
1715 3264 1892 3309 autem

320 3352 421 3407 sibi
462 3349 712 3422 pascendi
750 3347 923 3419 gregis
956 3347 1189 3403 custodia
1215 3389 1229 3412 ,
1260 3348 1606 3418 quadraginta
1637 3348 1789 3402 annis
1820 3350 1893 3402 ita

320 3442 567 3513 perstitit.
591 3442 756 3495 Porro
779 3441 821 3494 si
846 3441 944 3493 hoc
964 3440 1153 3493 durum
1181 3454 1286 3492 non
1309 3454 1429 3493 esse
1450 3438 1606 3493 alicui
1632 3439 1889 3505 videatur,

322 3538 365 3588 is
392 3536 543 3589 velim
571 3548 663 3587 eos
687 3532 970 3594 examinet,
996 3546 1103 3584 non
1124 3530 1211 3599 qui
1234 3538 1404 3583 metus
1426 3540 1514 3582 aut
1542 3532 1742 3581 timoris
1764 3544 1890 3582 cau-

319 3642 377 3680 sa
406 3625 806 3695 percgrinantur
833 3632 886 3677 et
917 3622 1130 3676 latebris
1157 3621 1444 3683 abduntur,
1472 3618 1565 3673 sed
1594 3618 1683 3688 qui
1705 3630 1892 3688 sponte

320 3732 413 3772 sua
442 3717 602 3771 domo
630 3714 1025 3778 abstrahuntur,
1054 3728 1210 3783 quam
1239 3712 1463 3766 moleste
1484 3751 1500 3773 ,
1531 3726 1687 3780 quam
1715 3711 1890 3781 gravi-

322 3823 401 3862 ter
427 3818 586 3878 agant
609 3848 622 3870 ,
654 3816 1013 3876 quantumque
1041 3802 1303 3858 commodi
1329 3804 1382 3856 in
1411 3802 1584 3857 reditu
1610 3812 1886 3872 reponant.

319 3900 448 3953 Cum
471 3914 597 3953 vero
620 3899 690 3951 illi
711 3908 763 3952 et
786 3908 957 3951 metus
977 3897 1222 3960 adfuerit,
1245 3904 1299 3949 et
1318 3896 1422 3949 vita
1443 3897 1691 3949 aerumnis
1713 3896 1887 3964 plena,

323 3994 527 4060 istaque
552 4004 779 4045 onerosa
805 3999 859 4043 et
887 3989 1107 4042 molesta
1138 3988 1308 4041 reditu
1337 3988 1440 4041 isto
1468 3986 1781 4041 suavissimo
1808 3987 1889 4042 le-

321 4085 465 4136 viora
486 4081 827 4151 judicaverit,
860 4078 1139 4133 considera
1159 4119 1173 4143 ,
1204 4090 1405 4147 quzeso,
1438 4078 1751 4132 calamitatis
1776 4078 1891 4147 ejus

323 4173 751 4246 magnitudinem.
772 4172 952 4241 Neque
973 4171 1113 4224 enim
1134 4170 1443 4238 simpliciter
1462 4172 1644 4224 audies
1660 4212 1674 4235 ,
1699 4168 1889 4224 Pasce-

321 4271 401 4322 bat
428 4312 442 4334 ,
471 4268 561 4322 sed
589 4267 765 4322 recole
792 4281 931 4319 nunc
954 4264 1135 4319 Jacobi
1162 4263 1321 4317 verba
1348 4303 1364 4326 ,
1395 4279 1512 4331 qua:
1548 4264 1613 4318 ad
1644 4279 1888 4318 socerum

319 4374 650 4429 conquerens
680 4357 808 4410 dixit
834 4372 845 4407 :
871 4355 979 4425 Ego
1004 4371 1035 4407 a
1062 4355 1249 4424 meipso
1271 4352 1536 4406 reddebant
1561 4358 1696 4424 furta
1721 4354 1817 4407 diei
1843 4362 1890 4406 et

319 4452 455 4521 furta
482 4450 638 4503 noctis
664 4467 683 4502 ι
709 4448 790 4502 die
814 4451 991 4501 urebar
1020 4456 1169 4510 azstu,
1202 4456 1343 4498 nocte
1366 4445 1478 4515 gelu
1495 4485 1511 4510 ,
1541 4444 1891 4514 recedebatque

318 4560 521 4598 somnus
549 4543 611 4595 ab
647 4542 803 4595 oculis
832 4541 953 4593 meis
989 4541 1005 4607 (
1035 4538 1159 4593 Cen.
1193 4540 1280 4594 51.
1309 4537 1397 4593 59.
1423 4538 1492 4592 40
1522 4539 1562 4607 ).
1596 4537 1719 4591 Hcce
1746 4538 1889 4591 enim

319 4635 495 4689 omnia
540 4633 615 4687 illi
660 4633 817 4686 etiam
860 4631 1143 4699 contigisse
1182 4629 1469 4698 putandum
1514 4636 1624 4692 est,
1655 4634 1710 4681 et
1735 4628 1888 4681 anuis

317 4726 556 4797 pluribus
580 4766 594 4791 ,
621 4736 673 4779 et
708 4724 893 4792 majori
937 4738 1056 4777 cum
1096 4721 1402 4776 difﬁcultate
1430 4738 1443 4773 :
1471 4721 1665 4790 quippe
1702 4728 1784 4773 est
1825 4733 1887 4773 ea

322 4822 465 4890 regio
501 4820 654 4889 longe
681 4819 938 4873 desertior
965 4828 1119 4887 atque
1150 4818 1424 4881 incultior,
1453 4830 1609 4883 quam
1640 4812 1888 4881 MeSOpo-

322 4912 501 4965 tatnia.
534 4912 682 4977 Quod
713 4912 755 4964 si
787 4928 891 4964 non
922 4912 993 4963 ita
1017 4909 1331 4978 querebatur
1356 4908 1548 4970 Moses,
1580 4921 1678 4960 nec
1704 4906 1887 4959 beatus

318 5004 527 5073 quidem
556 5004 642 5057 ille
668 5011 883 5071 questus
912 5017 1161 5069 umquam
1186 4999 1368 5052 fuisset
1391 5039 1406 5060 ,
1439 4997 1539 5051 nisi
1561 5011 1765 5051 summa
1795 5009 1888 5048 ne-

317 5095 565 5149 cessitate
604 5094 908 5163 compulsus
934 5134 949 5159 ,
979 5101 1136 5161 atque
1174 5091 1242 5144 ob
1281 5091 1540 5160 ingratum
1568 5088 1737 5141 soceri
1768 5086 1886 5140 ani-

318 5202 462 5239 mum
503 5186 553 5240 in
600 5186 713 5240 haec
755 5187 917 5239 verba
958 5198 1297 5254 prorumpere
1338 5181 1636 5237 necessario
1674 5187 1889 5235 coactus

320 5287 481 5331 esset.
513 5276 714 5331 Sufﬁcit
740 5276 950 5346 quidem
977 5285 1031 5330 et
1060 5276 1173 5344 ipsa
1194 5290 1289 5343 per
1312 5289 1371 5329 se
1394 5274 1580 5327 alienae
1607 5281 1765 5326 terrae
1796 5272 1890 5325 ha-

322 5367 507 5420 bitatio
535 5366 601 5420 ad
635 5382 753 5421 eum
791 5365 1170 5420 humiliandum
1200 5366 1369 5418 virum
1396 5405 1410 5428 ,
1440 5364 1528 5433 qui
1560 5362 1888 5417 necessitatis

324 5468 527 5513 tantum
554 5474 711 5514 causa
743 5460 1123 5529 peregrinatur.
1150 5458 1299 5513 Sicut
1326 5458 1465 5511 enim
1491 5456 1602 5509 avis
1626 5497 1640 5521 ,
1672 5469 1791 5508 cum
1822 5469 1888 5508 ex

326 5549 448 5604 nido
490 5566 587 5604 suo
625 5550 944 5616 avolaverit,
973 5549 1173 5603 facilius
1206 5548 1409 5618 capitur
1434 5546 1625 5619 (Prov.
1653 5546 1744 5601 27.
1770 5544 1838 5615 8)
1872 5561 1885 5598 :

326 5640 396 5693 ita
419 5650 474 5696 et
500 5640 679 5704 homo,
705 5656 823 5695 cum
847 5657 877 5695 a
903 5640 1117 5696 sedibus
1142 5640 1365 5709 propriis
1393 5638 1597 5708 longius
1625 5634 1890 5706 profectus

326 5730 507 5797 fuerit,
550 5733 763 5791 servitio
792 5732 1083 5804 subjicitur.
1117 5732 1264 5786 'I'unc
1300 5745 1424 5787 vero
1452 5744 1549 5786 nec
1582 5729 1647 5784 de
1678 5728 1887 5799 propria

1153 299 1244 355 AD
1281 300 1651 359 STAGIRIUM
1690 305 1727 357 Α
1771 302 2070 363 υᾸεΜΟΝΕ
2110 309 2456 370 VEXA'I'UM.
2498 316 2605 371 LIB
2668 319 2752 374 III.

3474 333 3577 391 ιη

2014 419 2183 474 salute
2208 437 2425 477 securus
2450 440 2568 481 esse
2594 438 2799 496 poterat
2826 431 2935 499 ille,
2960 433 3054 489 sed
3080 444 3135 490 ttt
3159 450 3343 495 servus
3365 442 3573 513 aliquis,

2014 509 2432 567 crudelissimum
2470 515 2741 573 dominum
2778 520 3032 591 eﬁ‘ugiens
3054 567 3068 590 ,
3102 538 3256 595 pavet
3283 509 3491 602 semper
3516 509 3578 590 ae

2015 599 2242 668 trepidat
2261 618 2327 656 ne
2347 604 2585 673 capiatur
2606 624 2621 661 :
2645 608 2715 663 ita
2735 620 2789 664 et
2808 611 2993 669 beatus
3014 615 3185 671 Moses
3207 620 3260 673 in
3283 599 3423 676 metu
3445 638 3577 679 sem-

2013 704 2109 759 per
2132 699 2247 745 erat
2276 708 2290 747 :
2318 693 2473 764 idque
2495 711 2561 751 ex
2586 713 2651 752 eo
2674 702 2901 756 maxime
2930 704 3125 774 liquet,
3157 710 3296 777 quod
3326 711 3431 766 Deo
3457 728 3577 784 post

2015 789 2213 873 tantum
2244 786 2495 852 temporis
2524 790 2859 859 prmcipiente
2881 803 2939 847 ut
2968 796 3163 851 rediret
3191 798 3243 852 in
3265 800 3572 873 Egyptum,

2012 869 2179 926 barret
2213 888 2276 928 ac
2312 875 2530 943 titubat,
2555 878 2711 949 idque
2747 896 2865 936 cum
2903 886 3171 953 audisset,
3202 869 3479 962 Defunctus
3504 905 3577 949 est

2010 963 2097 1033 qui
2120 966 2367 1031 quaerebat
2391 969 2610 1023 animam
2636 981 2772 1026 tuam
2803 974 2991 1045 (Exod.
3024 979 3078 1033 4.
3110 981 3219 1051 19).

2079 1054 2133 1107 2.
2184 1056 2373 1112 Postea
2420 1075 2547 1115 vero
2591 1078 2747 1133 quam
2795 1070 2967 1136 paruit
3015 1079 3069 1124 et
3111 1075 3371 1141 excessit,
3420 1087 3577 1147 atque

2008 1160 2232 1202 uxorem
2276 1163 2338 1203 ac
2379 1150 2573 1207 liberos
2624 1155 2923 1226 relinquere
2969 1171 3184 1218 coactus
3236 1176 3352 1231 est,
3393 1184 3578 1226 rursus

2009 1239 2350 1306 querimoniae
2395 1250 2450 1296 et
2493 1248 2824 1303 contumelia:
2849 1258 2902 1304 et
2939 1253 3096 1307 minae
3135 1256 3203 1310 ab
3238 1273 3302 1311 eo
3328 1260 3417 1329 qui
3452 1269 3576 1317 tunc

2008 1330 2263 1397 regnabat
2300 1332 2351 1385 in
2378 1333 2628 1405 ngypto,
2659 1338 2983 1411 criminaque
3008 1352 3060 1397 et
3087 1347 3363 1404 maledicta
3400 1351 3465 1405 ab
3495 1352 3573 1408 eis

2009 1422 2144 1490 ipsis
2174 1439 2305 1493 quos
2329 1425 2597 1483 beneﬁciis
2613 1428 2840 1486 fovebat.
2862 1434 2953 1489 Ille
2969 1437 3109 1490 enim
3133 1439 3306 1495 aiebat
3330 1460 3343 1495 :
3381 1442 3569 1513 Quare,

2008 1510 2174 1567 Moses
2207 1526 2253 1568 et
2279 1517 2483 1584 Aaron,
2513 1524 2731 1575 auertitis
2773 1526 3014 1595 papulum
3042 1528 3103 1583 ab
3141 1533 3373 1600 operibus
3421 1510 3573 1591 suis?

2007 1602 2239 1659 Recedite
2290 1611 2623 1679 unusquisque
2679 1624 2891 1670 vestrum
2944 1618 3013 1672 ad
3056 1636 3208 1691 opera
3255 1641 3345 1677 sua
3376 1625 3570 1693 (Exod.

2006 1692 2059 1747 5.
2091 1694 2125 1748 4
2145 1697 2181 1763 ).
2211 1695 2460 1754 Israelita:
2484 1710 2682 1769 autem,
2719 1704 2913 1773 Videat,
2947 1711 3178 1778 aiebant,
3208 1712 3341 1769 Deus
3369 1692 3413 1769 et
3432 1720 3573 1787 judi-

2005 1795 2082 1838 cet
2111 1803 2224 1852 vos,
2253 1790 2370 1859 quia
2396 1797 2747 1851 exsecrabilem
2778 1800 2960 1869 fecistis
3004 1803 3205 1858 odorem
3241 1819 3462 1862 nostrum
3489 1827 3574 1865 eoo

2004 1891 2116 1929 ram
2144 1876 2414 1935 Pharaone
2441 1894 2485 1935 et
2514 1900 2683 1939 coram
2709 1891 2862 1943 servis
2900 1893 3022 1956 suis,
3052 1904 3105 1946 ut
3142 1897 3326 1952 daretis
3348 1900 3573 1969 gladium

2004 1967 2059 2063 in
2088 1985 2267 2025 manus
2304 1990 2473 2028 eorum
2496 1978 2564 2030 ad
2599 1979 2998 2049 interﬁciendum
3035 2003 3124 2041 nos
3155 1988 3313 2059 (Ibid.
3443 1994 3503 2049 2|
3526 1997 3565 2063 ).

2005 2056 2194 2115 Gravia
2220 2063 2429 2131 quidem
2453 2081 2607 2123 erant
2645 2070 2757 2127 haec
2795 2082 2849 2126 et
2888 2078 3129 2142 molesta,
3163 2056 3264 2135 sed
3306 2084 3430 2138 illttd
3460 2056 3573 2139 orn-

2005 2150 2149 2205 nium
2179 2155 2564 2225 gravissimum,
2584 2162 2724 2231 quod
2750 2163 3018 2234 ingressus
3043 2169 3108 2223 ad
3134 2184 3257 2225 suos
3275 2174 3574 2231 innumera-

2003 2257 2109 2311 que
2133 2246 2445 2314 promittens
2482 2251 2640 2319 bona,
2672 2254 2987 2322 libertatem,
3018 2259 3426 2319 incumbentium
3456 2284 3571 2322 ma-

2005 2332 2175 2388 lorum
2200 2339 2523 2407 ereptionem
2548 2382 2563 2408 ,
2598 2343 2755 2400 fallax
2785 2362 2903 2402 esse
2934 2351 3227 2418 putabatur.
3257 2355 3369 2411 Non
3402 2360 3571 2413 solum

2004 2424 2144 2477 enim
2176 2426 2280 2481 illis
2308 2439 2431 2485 tunc
2456 2431 2683 2488 levatum
2711 2452 2814 2491 non
2844 2448 2924 2493 est
2956 2440 3278 2499 imminentis
3300 2448 3571 2503 servitutis

2003 2532 2161 2591 onus,
2202 2536 2384 2576 verum
2424 2527 2637 2595 gravius
2670 2539 2752 2583 est
2780 2530 3042 2599 adjectum
3088 2552 3099 2585 :
3133 2545 3186 2588 et
3227 2537 3315 2604 qui
3360 2548 3570 2608 gentem

2003 2629 2214 2668 omnem
2253 2616 2572 2671 liberaturus
2597 2620 2931 2687 sperabatur,
2973 2623 3127 2692 idque
3168 2629 3498 2695 promiserat,
3528 2632 3572 2685 is

2003 2706 2331 2760 cruciatuum
2359 2717 2412 2761 et
2431 2709 2706 2763 verberum
2737 2726 2893 2765 causa
2922 2713 3197 2770 insidiator
3213 2726 3267 2770 et
3292 2730 3569 2789 corruptor

2002 2814 2122 2854 esse
2145 2800 2443 2869 putabatur.
2474 2802 2600 2866 Quis
2626 2818 2731 2856 non
2762 2818 2991 2859 marrore
3022 2817 3145 2861 tunc
3172 2808 3354 2863 fuisset
3379 2811 3566 2865 absor-

2004 2897 2146 2960 ptus,
2192 2906 2311 2944 cum
2354 2891 2619 2960 pollicitus
2663 2900 2740 2947 tot
2785 2894 3044 2948 malorum
3087 2899 3411 2967 ereptionem
3456 2910 3571 2970 post

2003 2979 2436 3048 pollicitationem
2488 2981 2684 3035 diriora
2747 2984 2953 3038 videret
2998 2988 3292 3043 cumulari?
3352 2991 3571 3047 Dolebat

2001 3070 2211 3139 quidem
2240 3080 2490 3140 quantum
2533 3087 2626 3140 par
2662 3081 2776 3126 erat
2803 3088 2925 3128 eum
2966 3075 3056 3145 qui
3102 3077 3221 3132 talia
3265 3080 3472 3135 audiret
3517 3093 3572 3136 et

2000 3160 2237 3225 videret;
2294 3177 2397 3216 non
2451 3178 2509 3217 ea
2544 3174 2717 3218 tamen
2766 3166 3163 3235 perturbatione
3204 3169 3567 3240 dejiciebatur,

2001 3251 2091 3305 sed
2119 3253 2366 3306 manebat
2392 3254 2696 3319 immobilis,
2724 3264 2779 3309 et
2811 3256 3025 3325 quidem
3052 3273 3171 3313 cum
3204 3264 3570 3330 promissioni-

2000 3342 2101 3396 bus
2121 3358 2181 3397 ea
2200 3359 2316 3412 qua:
2344 3345 2719 3415 contingebant
2737 3363 2839 3400 non
2867 3348 3037 3402 solum
3063 3365 3167 3404 non
3187 3354 3565 3423 consentirent,

1999 3450 2180 3489 verum
2209 3444 2264 3489 et
2291 3437 2517 3489 maxime
2539 3436 2954 3492 obluctarentur.
2997 3441 3271 3497 Accedens
3296 3454 3471 3499 autem
3500 3450 3567 3503 ad

2001 3530 2184 3593 Deum,
2214 3538 2267 3585 et
2289 3530 2354 3585 de
2375 3531 2455 3584 his
2477 3532 2719 3601 loquens,
2736 3548 2797 3588 ac
2815 3536 3033 3590 multum
3048 3536 3398 3608 ingemiscens
3418 3585 3433 3609 ,
3459 3543 3566 3598 Do-

1998 3623 2152 3683 mine,
2184 3623 2386 3692 inquit,
2420 3640 2575 3693 quare
2613 3626 2831 3695 aﬁlixisti
2868 3630 3111 3696 populum
3139 3639 3298 3697 tuum,
3343 3643 3388 3686 et
3413 3652 3565 3704 quare

1997 3730 2075 3767 me
2095 3714 2272 3767 misisti
2294 3714 2318 3767 7
2335 3713 2468 3768 Ecce
2482 3715 2612 3768 enim
2632 3732 2694 3769 ea:
2712 3733 2808 3784 quo
2832 3718 3085 3789 ingressus
3104 3737 3216 3775 sum
3240 3723 3308 3775 ad
3329 3722 3534 3779 Pharao
3546 3754 3567 3766 -

1997 3820 2131 3869 nem,
2163 3814 2216 3857 ut
2241 3806 2466 3874 loquerer
2489 3806 2541 3858 in
2558 3807 2756 3859 nomine
2784 3817 2887 3869 tuo,
2921 3809 3095 3879 aﬂlixil
3123 3813 3364 3881 populum
3400 3822 3560 3881 tuum,

1996 3911 2084 3947 nec
2116 3894 2335 3948 liberasti
2372 3912 2483 3948 eum
2505 3896 2521 3964 (
2546 3894 2681 3949 Ibid.
2710 3914 2757 3951 υ.
2790 3898 2904 3969 23).
2948 3899 3071 3954 Ilaec
3098 3916 3196 3971 ego
3220 3918 3339 3957 cum
3381 3905 3468 3959 ille
3491 3906 3568 3959 la-

1998 3995 2261 4040 mentatus
2281 3996 2441 4053 esset,
2471 3996 2629 4057 atque
2656 3988 2839 4043 eadem
2862 3990 3048 4043 iterum
3073 3991 3329 4059 audisset,
3359 4010 3565 4049 annuri-

1998 4078 2089 4130 tiat
2116 4078 2327 4147 quidem
2349 4094 2409 4131 ea
2446 4094 2631 4132 rursus
2661 4080 2908 4134 Israelitis
2932 4095 2946 4137 :
2971 4082 3063 4136 sed
3094 4084 3166 4137 illi
3196 4085 3412 4141 minime
3436 4088 3566 4142 tole-

1996 4178 2133 4232 rant,
2158 4182 2223 4221 eo
2247 4168 2387 4236 quod
2411 4169 2599 4222 anima:
2627 4170 2836 4223 illorum
2876 4170 3057 4226 labore
3092 4184 3479 4240 premerentur,
3502 4193 3565 4231 ac

1997 4272 2231 4311 mmrore
2273 4257 2579 4311 deﬁcerent.
2619 4257 2760 4324 Non,
2817 4260 3012 4329 inquit,
3061 4262 3329 4316 audierunt
3371 4265 3564 4319 Mosam

1996 4366 2100 4420 pra:
2118 4352 2347 4420 angustia
2369 4360 2413 4403 et
2433 4350 2683 4405 laboribus
2712 4353 2851 4404 duris
2878 4355 3027 4424 (Gen.
3068 4354 3117 4408 6.
3147 4354 3223 4425 9).
3252 4355 3362 4409 Hoc
3388 4366 3563 4411 autem

1996 4441 2133 4495 haud
2165 4457 2349 4510 parum
2380 4441 2523 4494 illum
2544 4441 2825 4511 afﬂigebat.
2852 4441 2919 4497 Ut
2947 4458 3075 4497 vero
3094 4445 3160 4498 ad
3178 4445 3323 4514 signa
3349 4456 3565 4501 ventmn

1995 4542 2095 4597 est,
2122 4533 2314 4600 sa‘pius
2342 4548 2367 4584 a
2401 4532 2679 4586 Pharaone
2707 4533 2925 4588 delusus
2962 4549 3079 4588 eam
3125 4536 3423 4591 irrisionem
3453 4538 3565 4592 for-

1997 4627 2118 4679 titer
2149 4626 2285 4680 tulit.
2318 4625 2449 4677 Cum
2482 4640 2615 4679 vero
2654 4625 2907 4679 liberatus
2937 4626 3149 4680 tandem
3190 4644 3259 4682 ex
3306 4628 3561 4700 Egypto,

1993 4728 2152 4788 atque
2172 4734 2271 4772 una
2303 4733 2420 4771 cum
2452 4717 2770 4786 Judmisjam
2791 4717 2903 4772 fere
2919 4733 3136 4772 securus
3156 4721 3443 4785 videretur,
3471 4738 3568 4775 an-

1994 4818 2203 4879 tequam
2250 4810 2403 4877 plene
2440 4808 2792 4876 reSpirasset,
2842 4807 3049 4876 priore,
3099 4810 3206 4863 imo
3242 4825 3371 4865 vero
3411 4812 3572 4880 longe

1992 4900 2231 4970 graviore
2258 4908 2398 4953 metu
2424 4908 2700 4967 correptus
2724 4907 2823 4952 est.
2848 4898 2943 4952 Vix
2986 4900 3127 4953 enim
3161 4903 3314 4955 tertia
3357 4902 3569 4957 efﬁnxe-

1993 5001 2076 5047 rat
2100 4992 2233 5057 dies,
2277 5006 2396 5045 cum
2437 4999 2655 5059 repente
2693 4991 2948 5045 barbaros
2972 5007 3160 5047 omnes
3184 5006 3418 5050 armatos
3449 5012 3541 5052 cer

1995 5093 2126 5138 nunt
2160 5098 2321 5153 super
2353 5098 2411 5137 se
2454 5084 2687 5146 irruere;
2717 5092 2873 5151 atque
2901 5082 3038 5137 idem
3075 5089 3215 5154 passi
3251 5095 3396 5152 sunt,
3424 5092 3565 5157 quod

1994 5174 2195 5241 fugitivi
2220 5174 2381 5239 servi,
2401 5174 2525 5226 dum
2559 5173 2608 5226 in
2632 5174 2802 5225 aliena
2832 5176 3046 5243 regione
3086 5186 3307 5243 repente
3328 5177 3571 5230 detaine-

1994 5280 2111 5318 rum
2161 5266 2343 5318 oculos
2384 5264 2659 5317 ollendunt
2690 5282 2702 5318 :
2734 5266 2816 5319 vel
2859 5276 3004 5319 certe
3044 5267 3488 5335 quemadmodum
3522 5270 3568 5323 si

1994 5357 2071 5411 illi
2112 5357 2210 5426 ipsi
2251 5357 2533 5425 aliquando
2562 5357 2919 5411 somniassent
2963 5375 3022 5413 se
3058 5361 3249 5427 lic-tari,
3280 5370 3332 5415 et
3357 5378 3475 5416 esse
3503 5377 3566 5416 ea

1996 5448 2252 5502 servitute
2277 5448 2550 5513 liberatos,
2574 5462 2636 5501 ac
2660 5448 2870 5502 demum
2908 5453 3203 5519 experrecti
3235 5468 3293 5506 se
3322 5454 3372 5507 in
3399 5453 3535 5524 Aigy
3560 5485 3569 5491 -

1997 5548 2087 5609 pto
2112 5548 2167 5592 et
2208 5540 2260 5593 in
2290 5539 2490 5594 eisdem
2536 5540 2689 5595 malis
2718 5539 3064 5595 invenissent.
3100 5542 3210 5597 Imo
3235 5559 3362 5599 vero
3389 5552 3570 5599 ιιοςιιῖο

1994 5630 2120 5697 quid
2145 5629 2217 5683 illi
2246 5631 2509 5684 somnium
2548 5640 2823 5700 reputassc
2858 5632 3197 5688 existimandi
3226 5644 3346 5689 sunt
3369 5633 3564 5704 potiUS.

1998 5723 2226 5779 triduiue
2279 5723 2421 5778 illam
2465 5722 2851 5792 liberationem,
2898 5738 2965 5778 an
3014 5733 3329 5795 praesentem
3380 5741 3561 5782 rerum
