4036 6416
443 311 544 366 475

453 426 642 480 faciem
670 423 991 478 horrendam
1006 437 1068 476 ac
1091 421 1377 492 pavendam
1401 439 1413 474 :
1434 429 1579 474 tanta
1590 419 1757 474 oculis
1777 418 2020 474 omnium

452 517 619 571 oﬂusa
659 525 774 570 erat
829 513 1074 567 maeroris
1115 512 1327 567 nebula.
1386 512 1591 566 Interea
1639 511 1812 565 Moses
1857 509 2022 563 multo

448 609 738 678 majoribus
764 608 998 662 tenebris
1019 605 1220 660 offusus
1245 613 1380 661 erat.
1406 604 1522 658 Non
1543 605 1682 667 enim
1700 604 1841 658 solos
1859 603 2024 674 Egy-

447 702 586 774 ptios
603 700 888 763 metuebat,
913 709 970 753 ut
993 699 1201 768 reliqui,
1227 713 1408 751 verum
1433 698 1576 765 ipsos
1595 712 1697 750 una
1721 695 1983 749 Israelitas
2007 712 2022 748 :

453 809 676 866 utraque
691 796 830 849 enim
855 809 986 863 gens
1015 793 1160 846 illum
1181 794 1288 859 jam
1333 799 1390 845 ut
1411 791 1746 845 seductorem
1766 805 1828 843 ac
1856 787 2024 843 versi-

449 887 642 956 pellem
673 900 982 954 aggressura
1023 893 1136 936 erat
1163 925 1175 944 ,
1222 882 1453 954 Egyptii
1491 882 1702 951 quidem
1743 880 2026 934 irridentes

451 989 610 1046 atque
648 977 959 1030 invadentes
985 1017 998 1039 ,
1029 973 1280 1028 Israelita:
1322 987 1448 1026 vero
1474 971 1758 1025 exulcerati
1787 985 1848 1022 ac
1889 983 2024 1023 moe-

449 1084 572 1124 rore
596 1065 840 1121 confecti.
866 1065 968 1120 Sed
1000 1063 1124 1134 quid
1151 1079 1234 1118 me
1264 1078 1481 1116 necesse
1504 1074 1585 1115 est
1609 1061 1818 1115 dolores
1848 1075 2016 1129 angu-

449 1162 686 1229 stiasque
710 1158 808 1212 viri
847 1157 1165 1228 coniecturis
1209 1157 1478 1225 colligere,
1510 1171 1630 1210 cum
1666 1157 1930 1223 possimus
1955 1169 2022 1208 ex

451 1255 550 1308 ista
590 1255 700 1322 ipsa
736 1266 960 1319 superna
1005 1265 1134 1304 voce
1174 1259 1421 1303 cunctum
1464 1248 1628 1316 ipsius
1663 1247 1902 1300 dolorem
1944 1249 2024 1298 in-

452 1343 729 1414 telligere?
758 1342 972 1395 Tacenti
1012 1341 1152 1395 enim
1189 1340 1282 1401 illi,
1313 1355 1482 1406 neque
1525 1338 1657 1392 labia
1688 1337 1892 1406 aperire
1937 1352 2030 1389 au-

461 1435 629 1498 denti,
669 1434 800 1486 dixit
839 1433 977 1486 Deus
1021 1448 1034 1483 :
1090 1430 1222 1496 Quid
1264 1430 1452 1482 clantus
1499 1430 1565 1480 ad
1611 1425 1898 1491 nte(E.tod.
1940 1427 2026 1478 Μ.

457 1526 526 1583 15
546 1526 564 1595 )
588 1526 612 1578 ‘i
639 1524 920 1578 tumultum
959 1521 1120 1575 animi
1167 1521 1330 1590 ipsius
1375 1519 1525 1573 nobis
1554 1518 1652 1572 hoc
1683 1517 1844 1571 verbo
1876 1517 2033 1587 signi-

454 1618 640 1673 ficans.

529 1719 584 1771 5.
619 1713 670 1767 Μ
681 1712 821 1782 oysis
843 1723 1094 1764 wrumna:
1115 1707 1168 1761 in
1184 1706 1408 1761 deserto.
1428 1736 1494 1746 —
1517 1704 1706 1760 Postea
1723 1720 1850 1760 vero
1863 1719 2024 1774 quam

459 1808 508 1864 is
527 1813 688 1863 etlam
708 1805 921 1858 solutus
932 1809 1016 1855 est
1032 1808 1232 1862 metus,
1253 1799 1460 1864 majora
1483 1798 1676 1852 iterum
1701 1799 2028 1864 parabantur

456 1891 698 1944 adversa.
730 1888 856 1941 Nam
881 1902 974 1955 per
1002 1901 1157 1938 omne
1181 1883 1305 1938 illud
1328 1885 1428 1937 iter
1446 1884 1636 1936 szevius
1661 1891 1818 1950 atque
1834 1878 2028 1934 imma-

459 1981 579 2034 nius
609 1979 699 2032 illo
728 1979 805 2031 usi
846 1986 966 2030 sunt
993 1979 1024 2029 ii
1052 1975 1142 2045 qui
1173 1975 1239 2028 ab
1266 1990 1329 2029 eo
1355 1973 1674 2043 regebantur
1701 1971 2026 2026 innumeris-
2061 2007 2067 2012 ε

461 2085 567 2139 que
609 2085 702 2138 per
737 2068 882 2122 illum
917 2066 1070 2120 bonis
1100 2065 1430 2126 fruebantur,
1475 2078 1631 2132 quam
1659 2062 1869 2116 fecisset
1896 2060 2036 2114 I’lia-

463 2177 557 2216 rao
589 2161 699 2230 ipse
737 2168 791 2213 et
835 2157 1089 2229 Egyptii.
1136 2157 1212 2210 Ac
1245 2155 1472 2226 primum
1512 2153 1724 2223 quidem
1770 2150 2035 2205 instabant

461 2253 828 2309 vehementius
859 2252 1005 2304 illum
1033 2247 1373 2310 suffocantes,
1420 2244 1804 2316 Egyptiasquc
1846 2255 2036 2296 carnes

461 2345 812 2413 requirentes,
834 2341 1126 2410 ingratique
1155 2337 1430 2406 prmsvntia
1459 2335 1810 2398 fastidiebant,
1832 2342 1885 2386 et
1904 2348 2038 2400 pra:-

463 2435 619 2490 terita
652 2433 1026 2489 desiderabant
1057 2449 1070 2484 :
1100 2430 1240 2500 quod
1272 2438 1386 2482 erat
1415 2443 1543 2480 sane
1566 2425 1799 2478 omnium
1829 2424 2032 2493 gravis—

464 2529 676 2581 simum.
708 2522 845 2590 Quid
883 2523 1022 2576 enim
1063 2521 1166 2590 pati
1211 2527 1418 2588 p01erat
1463 2515 1726 2578 acerbius,
1767 2515 1810 2568 si
1857 2529 2038 2567 amen-

466 2617 596 2670 timn
629 2614 1106 2680 insanientiumque
1125 2610 1394 2663 hominum
1429 2607 1535 2660 dux
1563 2607 1882 2660 constitutus
1913 2604 2039 2657 fuis-

465 2709 591 2762 set?
637 2706 704 2760 Et
747 2715 920 2758 tamen
947 2701 1122 2756 omnia
1151 2702 1337 2755 beatus
1365 2699 1451 2754 ille
1482 2698 1688 2752 fortiter
1733 2696 1954 2758 ferebat,
1984 2704 2038 2749 et

465 2801 565 2854 nisi
589 2800 705 2852 illos
734 2810 944 2851 summo
971 2793 1164 2848 affectu
1191 2791 1483 2854 dilexisset,
1529 2788 1807 2842 tolerabile
1839 2787 2036 2839 malum

465 2901 581 2948 erat
626 2905 744 2945 cum
787 2903 884 2958 pro
927 2887 1040 2941 suis
1093 2891 1294 2938 tantum
1338 2880 1594 2935 doluisset
1624 2878 1868 2947 injuriiS'
1918 2891 2038 2930 eum

467 2993 642 3038 autem
663 2995 782 3049 erga
814 2979 932 3032 illos
953 2992 1057 3031 non
1080 2990 1233 3029 secus
1253 2987 1410 3043 quam
1435 2980 1581 3042 pater
1610 2970 1931 3032 afficeretur,
1964 2983 2035 3022 ex

470 3076 571 3129 hoc
599 3073 789 3128 affectu
811 3071 969 3125 aliam
999 3084 1184 3124 rursus
1213 3066 1506 3120 molestiam
1526 3063 1705 3117 subire
1731 3061 2037 3132 cogebatur,

479 3179 672 3234 nempe
717 3163 785 3218 de
823 3161 1029 3215 illorum
1074 3156 1419 3227 perversitate
1457 3170 1519 3208 ac
1560 3153 1812 3222 nequitia.
1859 3151 2040 3219 Neque

468 3256 608 3309 enim
657 3265 761 3307 tam
807 3251 950 3304 illum
995 3247 1257 3317 angebant
1297 3243 1649 3308 contumeliae,
1698 3257 1854 3311 quam
1903 3240 2041 3310 quod

471 3347 546 3402 illi
592 3345 691 3415 ipsi
733 3341 1099 3398 contumeliosi
1144 3347 1342 3394 essent.
1385 3336 1554 3392 Grave
1593 3335 1804 3404 quidem
1855 3348 2051 3388 revera.

472 3440 644 3496 fuerat
686 3437 843 3491 etiam
886 3441 1007 3487 ante
1050 3432 1152 3486 cibi
1200 3431 1340 3484 illius
1377 3427 1671 3482 mirabilem
1712 3426 2045 3496 largitionem

475 3532 710 3600 ingratos
735 3543 853 3582 esse
877 3543 892 3591 ;
930 3541 1112 3578 verum
1139 3522 1214 3576 illi
1241 3522 1400 3577 etiam
1432 3521 1568 3574 inter
1593 3518 1764 3573 media
1790 3517 2044 3571 miracula

476 3619 762 3689 nequitiam
790 3613 1140 3669 ostendebant
1166 3627 1336 3676 suam,
1367 3609 1694 3678 iniquitatem
1721 3617 1774 3661 et
1800 3605 2047 3659 infraena-

476 3725 582 3766 tam
608 3708 930 3778 cupidinem,
961 3720 1118 3774 quam
1158 3703 1466 3771 colligentes
1493 3714 1682 3754 manna
1712 3712 1822 3766 pra:
1863 3711 1921 3751 se
1961 3696 2045 3750 fe-

476 3803 692 3865 rebant;
747 3809 904 3867 atque
947 3811 1066 3850 cum
1125 3808 1309 3863 parum
1366 3789 1788 3860 processissent,
1861 3799 2046 3840 rursus

477 3892 899 3956 murmurabant,
947 3902 1130 3943 rursus
1151 3886 1217 3939 de
1246 3884 1338 3938 Dei
1384 3882 1659 3938 beneficiis
1698 3880 1890 3949 ingrati
1918 3893 2048 3949 que-

478 3987 748 4040 rebantur.
789 3982 922 4036 Cum
944 3993 1070 4033 vero
1102 3991 1196 4047 per
1220 3975 1424 4044 singula
1468 3972 1699 4043 quotidie
1742 3979 2043 4041 peccarent,

479 4079 663 4132 beatus
690 4075 776 4127 ille
800 4072 1011 4140 lugebat
1034 4069 1148 4137 plus
1184 4082 1339 4136 quant
1372 4066 1445 4119 illi
1483 4075 1721 4119 moestus.
1750 4064 1881 4118 Nam
1925 4078 2046 4118 cum

479 4169 696 4223 vitulum
727 4164 983 4228 fecerunt,
1035 4160 1133 4230 ipsi
1160 4158 1372 4228 quidem
1411 4156 1663 4210 ludebant
1708 4170 1769 4210 ac
1805 4155 2048 4210 lascivie-

481 4261 628 4324 bant,
660 4257 831 4311 Moses
850 4264 1025 4307 autem
1053 4252 1236 4320 lugens
1265 4263 1327 4302 ac
1355 4262 1585 4302 mterore
1622 4245 1863 4311 affectus,
1887 4247 2051 4301 male-

480 4351 678 4404 dictum
709 4345 833 4400 illud
857 4342 1088 4396 terribile
1116 4341 1213 4393 sibi
1246 4337 1651 4406 imprecabatur,
1684 4337 1917 4405 nihilque
1933 4353 2050 4389 om-

482 4442 609 4496 nino
651 4439 744 4508 ipsi
766 4433 1082 4507 persuadere
1107 4439 1327 4499 poterat,
1356 4439 1456 4482 uta
1490 4429 1838 4482 miserationis
1865 4428 2052 4482 affectu

482 4534 790 4586 abstineret.
819 4527 949 4581 Cum
974 4526 1129 4594 igitur
1148 4524 1224 4575 sic
1247 4521 1466 4575 dilectos
1483 4520 1534 4572 in
1557 4519 1818 4572 deteriora
1845 4534 2054 4585 semper

486 4623 728 4696 progredi
766 4619 1118 4687 conspiceret,
1151 4623 1347 4684 quanto
1373 4613 1519 4665 illum
1552 4611 1603 4664 in
1633 4611 1835 4676 dolore,
1864 4611 2053 4679 quibus

485 4716 734 4787 Iacrymis
762 4711 955 4780 iugiter
986 4717 1252 4761 versatum
1281 4703 1478 4774 putas?
1503 4702 1556 4755 Si
1585 4701 1725 4754 enim
1750 4716 1910 4753 unum
1938 4700 2056 4768 quis

486 4815 689 4863 tantum
714 4802 916 4857 habens
947 4798 1110 4850 lilium
1137 4795 1316 4848 vivere
1345 4795 1460 4847 sine
1500 4791 1686 4846 dolore
1719 4807 1823 4844 non
1859 4797 2053 4860 potest,

485 4913 604 4952 cum
623 4897 766 4950 illum
788 4905 998 4959 semper
1020 4889 1070 4942 in
1094 4887 1217 4940 vitia
1238 4900 1457 4955 pronum
1480 4882 1869 4947 animadvertit,
1895 4883 2054 4936 etiam

487 4990 530 5042 si
561 4989 673 5058 ipse
713 4982 958 5037 omnibus
984 4977 1208 5047 nequior
1233 4979 1302 5030 sit
1330 4993 1343 5040 ;
1374 4975 1418 5029 is
1443 4975 1530 5044 qui
1563 4984 1640 5028 tot
1683 4975 1843 5028 millia
1884 4973 2056 5027 homi-

490 5093 615 5132 num
641 5075 692 5128 in
721 5073 946 5126 filiorum
979 5068 1164 5122 ordine
1188 5067 1472 5129 locaverat,
1501 5064 1606 5117 imo
1626 5079 1751 5117 vero
1783 5065 2056 5132 plusquam

491 5171 626 5225 filios
653 5166 862 5221 amabat
887 5162 1096 5235 (nullus
1133 5159 1272 5212 enim
1300 5167 1466 5226 pater,
1503 5157 1637 5211 sicut
1663 5155 1772 5221 ille,
1801 5171 1922 5210 cum
1953 5157 2059 5210 filio

490 5275 593 5313 una
625 5257 795 5324 perire
824 5253 988 5322 cupit,
1008 5267 1124 5306 cum
1147 5249 1413 5320 praecipue
1447 5247 1576 5300 nihil
1601 5247 1918 5317 peccaverit)
1949 5264 1962 5308 ;
1992 5247 2057 5311 is,

490 5351 727 5420 inquam,
749 5346 835 5417 qui
859 5352 937 5399 tot
956 5342 1182 5396 habebat
1201 5341 1353 5400 filios,
1381 5338 1514 5392 mala
1542 5352 1812 5399 aversans,
1839 5352 1901 5391 ac
1926 5337 2061 5390 bona

491 5442 726 5498 studiose
751 5437 994 5504 diligens,
1023 5434 1147 5502 quid
1177 5445 1363 5500 passus
1387 5443 1505 5483 esse
1537 5428 1798 5497 putandus
1817 5437 1918 5488 est,
1943 5443 2061 5480 cum

491 5547 588 5588 eos
623 5541 830 5593 omnes,
857 5525 1019 5580 veluti
1059 5538 1124 5578 ex
1152 5521 1376 5590 quodam
1423 5519 1687 5581 condicto,
1725 5519 1789 5572 ad
1819 5519 2062 5572 vitiorum

493 5621 779 5695 praecipitia
809 5632 1022 5673 currere
1053 5616 1344 5670 intueretur
1364 5613 1388 5664 ?
1408 5611 1588 5681 Neque
1622 5611 1763 5664 enim
1792 5611 1892 5664 nisi
1917 5619 2063 5664 tene-

493 5716 602 5772 bris
642 5713 842 5769 offusus
869 5708 1149 5780 animaque
1171 5721 1236 5762 ex
1279 5703 1466 5759 intimo
1505 5701 1708 5758 doloris
1737 5716 1896 5757 sensu
1927 5703 2048 5757 cali-

1179 307 1233 364 S.
1271 306 1544 364 .IOANNIS
1579 302 2038 363 CIIRYSOSTOMI
2075 303 2389 360 ARCHIEP.
2427 305 2956 362 CONSTANTINOP.

3591 308 3692 363 ωδ

2128 418 2250 487 gine
2273 419 2503 484 turbata,
2534 422 2736 476 tabulas
2771 422 2838 477 de
2866 421 3108 477 manibus
3132 437 3379 492 umquam
3420 421 3694 492 abiecisset

2129 519 2286 579 atque
2315 512 2671 567 contrivisset.
2710 513 2814 568 Sed
2857 515 2964 568 cito
2990 515 3166 569 clades
3214 516 3298 570 illa
3327 515 3509 572 sedata
3545 516 3610 569 ab
3634 533 3698 569 eo

2130 613 2232 656 est.
2275 603 2538 670 Quonam,
2569 620 2769 673 quaeso,
2798 606 3075 661 remedio?
3099 605 3300 675 Nempe
3319 609 3462 660 enim
3491 609 3696 660 etiamsi

2129 693 2417 748 curationis
2443 695 2534 748 illo
2559 711 2753 764 genere
2789 706 3026 749 sanatum
3055 696 3212 750 fuerit
3239 698 3453 761 vulnus,
3484 697 3594 765 ipse
3622 708 3701 751 ta-

2129 801 2250 839 men
2280 796 2394 840 erat
2423 802 2631 855 semper
2671 787 2723 839 in
2775 786 3040 853 lacrymis.
3083 786 3268 840 Nullus
3313 788 3455 841 enim
3488 786 3597 840 fere
3626 787 3695 840 ita

2131 885 2274 930 esset
2299 877 2553 946 lapideus,
2586 879 2672 946 qui
2696 878 2822 932 nihil
2853 886 3117 945 pateretur
3142 877 3333 930 fratres
3369 887 3421 931 et
3445 889 3696 947 cognatos

2131 982 2161 1020 a
2191 969 2302 1021 suis
2322 968 2566 1032 interfici,
2597 979 2755 1038 atque
2780 969 2846 1022 ad
2876 969 3055 1037 viginti
3090 969 3244 1022 trium
3269 968 3487 1022 millium
3513 985 3698 1024 nume-

2132 1076 2249 1113 rum
2295 1077 2411 1114 eam
2440 1061 2638 1115 czcdem
2683 1061 2923 1130 progredi
2961 1062 3311 1129 conspiciens.
3356 1060 3463 1114 Nos
3503 1061 3700 1130 quippe

2132 1169 2252 1208 cum
2282 1156 2475 1209 liberos
2505 1164 2712 1208 nostros
2759 1155 2810 1208 in
2847 1154 3024 1222 aliquo
3064 1168 3309 1221 peccasse
3351 1153 3701 1221 deprehendi-

2134 1260 2270 1310 mus,
2297 1247 2572 1299 tormentis
2598 1246 2810 1314 quidem
2850 1261 2912 1298 ac
2938 1244 3112 1311 flagris
3137 1245 3254 1297 illos
3275 1243 3550 1297 subdimus
3575 1261 3586 1295 :
3617 1259 3701 1296 ve-

2133 1353 2250 1391 rum
2282 1338 2330 1391 id
2359 1354 2463 1390 non
2489 1339 2604 1391 sine
2623 1337 2808 1391 dolore
2834 1335 3075 1401 facimus,
3107 1350 3205 1390 nec
3223 1334 3397 1388 minus
3421 1349 3576 1405 quam
3607 1334 3699 1403 qui

2135 1433 2402 1499 patiuntur
2416 1430 2720 1498 affligimur.

2206 1526 2257 1575 4.
2290 1523 2404 1574 Alia
2437 1521 2754 1573 tribulatione
2781 1528 2826 1572 et
2854 1535 3062 1573 maerore
3093 1517 3292 1589 Moyses
3319 1517 3596 1571 divexatur.
3626 1545 3700 1557 —

2134 1613 2266 1668 Cum
2295 1629 2422 1682 ergo
2447 1623 2499 1666 et
2527 1613 2671 1665 illum
2700 1621 2755 1666 et
2773 1622 2944 1665 castra
2970 1611 3228 1664 maximus
3256 1610 3425 1664 luctus
3449 1623 3700 1674 occupas-

2136 1714 2250 1766 set,
2293 1704 2393 1756 alia
2439 1717 2623 1756 rursus
2664 1702 2904 1756 anxietas
2943 1701 3145 1768 adjecta
3175 1707 3275 1752 est.
3309 1699 3446 1752 Deus
3474 1698 3609 1752 enim
3640 1712 3699 1752 se

2137 1813 2240 1850 non
2268 1797 2376 1865 jam
2405 1796 2505 1848 illis
2526 1795 2871 1865 parciturum,
2895 1793 2986 1848 sed
3007 1807 3102 1847 eos
3122 1791 3520 1855 derelicturum,
3543 1804 3704 1856 ange-

2139 1891 2295 1958 loque
2337 1887 2580 1941 daturum
2624 1886 2832 1940 illorum
2879 1898 3058 1937 curam
3099 1881 3413 1934 minabatur.
3461 1879 3515 1933 Id
3571 1893 3698 1932 vero

2139 1980 2268 2034 Mosi
2297 1981 2464 2032 visum
2496 1987 2577 2032 est
2606 1977 2838 2030 omnium
2868 1974 3284 2029 acerbissimum.
3314 1972 3448 2024 Audi
3476 1985 3703 2040 namque

2138 2070 2263 2140 quid
2293 2069 2378 2123 ille
2407 2069 2471 2122 ad
2503 2069 2663 2122 Deum
2694 2069 2937 2136 loquutus
2967 2065 3036 2118 sit
3075 2083 3089 2118 :
3123 2063 3240 2116 Nisi
3269 2065 3377 2131 ipse
3402 2063 3565 2115 venias
3592 2077 3700 2113 me-

2138 2177 2252 2214 cum
2271 2202 2285 2226 ,
2327 2176 2388 2213 ne
2429 2159 2612 2212 educas
2643 2173 2720 2211 me
2758 2157 2874 2210 hinc
2901 2154 3105 2226 (Exod.
3129 2154 3216 2208 '55.
3244 2151 3366 2225 15).
3400 2151 3619 2208 Videsne
3646 2159 3704 2203 ut

2141 2249 2418 2304 timoribus
2458 2250 2695 2314 timores,
2741 2261 3102 2313 mmroresque
3143 2243 3460 2298 mmroribus
3497 2255 3704 2310 semper

2140 2340 2534 2395 successerint?
2581 2339 2759 2408 Neque
2801 2347 2977 2391 tamen
3020 2336 3272 2390 hactenus
3309 2342 3565 2388 steterunt
3603 2331 3702 2386 ad-

2140 2447 2290 2485 versa
2315 2473 2330 2496 ,
2359 2445 2540 2484 verum
2569 2445 2688 2484 cum
2717 2428 2770 2483 id
2798 2443 3008 2498 quoque
3049 2426 3399 2497 persuasisset
3425 2426 3532 2479 Deo
3550 2465 3565 2491 ,
3603 2440 3704 2478 an-

2141 2525 2446 2592 nuissetque
2489 2523 2578 2576 ille
2621 2521 2952 2583 clementius,
2989 2534 3052 2574 ac
3095 2519 3423 2588 prmstitisset
3462 2517 3702 2586 gratiam,

2142 2617 2258 2670 aliis
2286 2629 2467 2669 rursus
2494 2615 2764 2669 doloribus
2789 2614 3056 2683 affligitur.
3089 2614 3254 2666 Deum
3279 2610 3386 2679 jam
3424 2609 3703 2678 pr0pitium

2143 2707 2219 2761 illi
2247 2708 2547 2772 irritantes,
2594 2721 2711 2760 sese
2754 2706 2975 2759 summis
3021 2703 3404 2758 calamitatibus
3446 2717 3707 2770 exposue-

2143 2807 2266 2852 runt
2291 2815 2302 2851 :
2335 2812 2453 2850 nam
2483 2807 2599 2866 post
2619 2795 2816 2851 cmdem
2845 2796 2988 2849 illam
3013 2794 3425 2865 Iacrymabilem,
3450 2793 3518 2846 ita
3542 2793 3708 2851 Deum

2143 2904 2328 2944 rursus
2355 2888 2703 2951 offenderunt,
2734 2895 2996 2941 utcontra
3026 2902 3084 2940 se
3109 2885 3406 2939 incendium
3438 2883 3560 2938 illud
3587 2899 3711 2953 pro-

2147 2988 2418 3043 vocarent,
2451 2995 2515 3034 ex
2557 2993 2660 3048 quo
2704 2992 2889 3032 omnes
2931 2978 3040 3031 fere
3079 2975 3379 3045 consumpti
3408 2975 3710 3044 periissent,

2145 3069 2246 3123 nisi
2271 3083 2476 3122 summa
2497 3083 2620 3138 erga
2661 3068 2778 3122 illos
2811 3067 3088 3122 clementia
3127 3082 3251 3120 usus
3271 3075 3410 3122 esset
3435 3068 3472 3118 ί.
3513 3065 3711 3120 Mosem

2144 3174 2274 3215 vero
2299 3159 2493 3228 duplex
2523 3173 2732 3229 semper
2761 3158 3009 3213 maestitia
3052 3158 3279 3227 angebat
3298 3197 3312 3220 ,
3342 3157 3482 3227 quod
3509 3166 3563 3211 et
3592 3156 3712 3210 illos

2145 3253 2342 3325 perire,
2374 3262 2426 3308 et
2453 3252 2684 3321 reliquos
2711 3251 2903 3320 corrigi
2929 3250 3087 3316 nolle,
3119 3249 3356 3318 nihilque
3389 3265 3455 3304 ex
3485 3263 3712 3318 pereun-

2149 3346 2277 3397 tium
2300 3343 2506 3397 casibus
2534 3343 2722 3396 lucrari
2749 3343 3099 3410 conspiceret.
3120 3341 3355 3395 Necdum
3378 3340 3516 3394 enim
3537 3339 3712 3394 clades

2148 3433 2234 3488 illa
2264 3432 2420 3486 ﬁnem
2447 3441 2740 3501 acceperat,
2766 3446 2886 3485 eum
2917 3432 2949 3484 ii
2977 3432 3064 3498 qui
3092 3431 3278 3500 reliqui
3306 3429 3527 3495 fuerant,
3557 3444 3710 3497 cepa-

2149 3541 2266 3580 rum
2294 3539 2577 3588 memores,
2601 3524 2750 3577 datas
2775 3523 2873 3577 sibi
2911 3537 3062 3577 escas
3091 3537 3230 3591 a‘gre
3271 3521 3508 3576 ferebant
3533 3520 3714 3574 dicen-

2149 3626 2230 3672 tes
2271 3635 2283 3669 :
2331 3617 2453 3683 Quis
2498 3632 2588 3669 nos
2637 3615 2815 3668 cibabit
2859 3613 3135 3667 carnibus?
3177 3613 3520 3666 Recordemur
3560 3613 3715 3681 pisces

2149 3725 2275 3779 quos
2311 3710 2362 3762 in
2394 3707 2620 3778 {Egypto
2662 3706 3066 3768 comedebamus,
3107 3699 3488 3772 cucumeresque
3533 3713 3578 3756 et
3622 3720 3712 3768 pe-

2151 3817 2304 3871 pones
2346 3809 2392 3852 et
2423 3815 2597 3867 porros
2631 3807 2678 3850 et
2721 3814 2868 3867 cepas
2901 3807 2946 3850 et
2974 3797 3115 3849 allia.
3166 3795 3318 3848 Nunc
3359 3805 3521 3847 autem
3550 3795 3716 3845 anima

2153 3899 2325 3942 nostra
2349 3889 2546 3954 arescit,
2570 3887 2790 3955 nihilque
2814 3887 2949 3940 oculi
2968 3887 3125 3940 nostri
3143 3873 3396 3938 intuentur
3415 3885 3510 3937 nisi
3535 3901 3716 3936 manna

2157 3980 2343 4051 (Nunt.
2376 3981 2461 4034 Η.
2491 3979 2569 4048 5).
2605 3979 2699 4032 llic
2722 3979 2832 4048 jam
2862 3993 2966 4031 non
3000 3977 3115 4030 tulit
3141 3977 3372 4045 ingratos
3397 3976 3586 4040 Moses,
3612 3975 3717 4027 imo

2153 4087 2281 4126 vero
2311 4071 2496 4126 dolore
2525 4080 2804 4141 superatus
2832 4071 3037 4124 illorum
3063 4069 3297 4138 regimen
3330 4075 3538 4121 recusat
3562 4108 3576 4130 ,
3602 4080 3718 4118 mo-

2154 4165 2305 4234 rique
2331 4173 2477 4233 optat
2503 4163 2677 4232 potius
2706 4178 2862 4232 quam
2891 4162 2944 4214 in
2974 4171 3113 4214 tanta
3145 4159 3492 4213 amaritudine
3522 4157 3715 4210 vivere.

2154 4254 2292 4308 Audi
2331 4254 2557 4323 denique
2600 4253 2764 4322 ipsius
2796 4251 2952 4306 verba
2982 4269 2994 4302 :
3028 4249 3092 4303 Et
3122 4250 3281 4313 dixit,
3325 4249 3524 4318 inquit,
3558 4247 3722 4300 Moses

2154 4347 2223 4398 ad
2251 4345 2414 4399 Deum
2445 4361 2464 4398 :
2494 4346 2662 4410 Quare
2689 4345 2906 4415 amisisti
2934 4359 3129 4397 servum
3159 4353 3320 4407 tuum,
3349 4352 3394 4395 et
3423 4357 3578 4410 quare
3622 4357 3722 4393 non

2156 4439 2320 4492 inveni
2342 4438 2559 4508 gratiam
2583 4452 2753 4490 coram
2775 4445 2841 4500 te,
2865 4444 2916 4487 ut
2944 4435 3221 4502 imponeres
3245 4434 3485 4502 impetum
3511 4428 3725 4484 universi

2159 4530 2333 4599 populi
2373 4529 2524 4597 hujus
2567 4543 2718 4596 super
2759 4527 2878 4580 me?
2908 4525 3044 4578 Num
3071 4541 3160 4593 ego
3186 4524 3237 4576 in
3268 4533 3407 4576 utero
3430 4521 3599 4590 accepi
3619 4537 3726 4573 ont-

2159 4638 2270 4676 nem
2307 4621 2547 4690 populum
2579 4619 2730 4672 istum
2751 4661 2766 4685 ,
2795 4628 2882 4670 aut
2917 4618 3064 4687 genui
3089 4633 3228 4678 eum,
3263 4616 3382 4681 quia
3417 4615 3538 4667 mihi
3579 4613 3723 4678 dicis,

2161 4713 2343 4780 Accipe
2382 4711 2528 4764 illum
2556 4711 2609 4763 in
2647 4710 2761 4762 sinu
2803 4717 2922 4770 tuo,
2966 4707 3115 4761 veluti
3152 4707 3324 4758 nutrix
3351 4705 3641 4769 lactentem,
3672 4703 3728 4758 in

2162 4813 2346 4856 terram
2371 4817 2518 4870 quam
2535 4801 2706 4871 juravi
2733 4799 2958 4868 patribus
2983 4797 3194 4851 eorum?
3226 4794 3371 4850 Unde
3390 4795 3512 4847 mihi
3533 4809 3726 4860 carnes,

2161 4904 2217 4946 ut
2240 4895 2351 4945 dem
2377 4891 2512 4944 omni
2538 4890 2724 4958 populo
2748 4890 2850 4953 isti,
2875 4889 2991 4958 quia
3015 4889 3137 4956 ﬂent
3163 4887 3425 4940 adversum
3451 4901 3529 4939 me
3555 4885 3727 4940 dicen-

2165 4997 2234 5041 tes
2258 5003 2276 5040 :
2303 4985 2383 5038 Da
2409 4984 2548 5038 nobis
2577 4999 2751 5036 carnes
2782 4992 2833 5034 ut
2861 4981 3223 5035 comedamus.’
3252 4979 3371 5032 Non
3399 4989 3570 5048 potero
3601 4977 3728 5046 [ατο

2167 5078 2408 5150 populum
2435 5077 2586 5129 istum
2625 5075 2789 5138 solus,
2831 5073 3067 5142 quoniam
3095 5087 3244 5141 grave
3272 5071 3396 5122 mihi
3431 5078 3503 5122 est
3531 5068 3728 5122 verbum

2167 5170 2278 5223 hoc.
2310 5167 2456 5234 Quod
2485 5168 2530 5221 si
2559 5183 2658 5220 non
2687 5168 2756 5219 ita
2786 5167 2913 5236 facis
2937 5165 3078 5230 mihi,
3110 5163 3330 5228 obsecro,
3364 5163 3533 5216 occide
3561 5177 3655 5226 me,
3686 5160 3730 5213 si

2165 5261 2330 5316 inveni
2369 5261 2582 5331 gratiam
2617 5275 2786 5312 coram
2825 5267 2872 5311 te
2906 5256 3094 5326 (Num.
3124 5257 3211 5310 Η.
3242 5253 3454 5323 11-15).
3501 5254 3600 5308 Ista
3643 5252 3734 5307 ille

2166 5353 2416 5422 loquutus
2443 5359 2559 5417 est,
2599 5349 2688 5420 qui
2717 5349 2929 5403 dixerat
2958 5365 2971 5400 :
3003 5347 3068 5400 Et
3097 5363 3229 5400 nunc
3256 5345 3499 5412 siquidem
3527 5343 3735 5396 dimittis

2169 5445 2240 5499 eis
2284 5453 2574 5510 peccatum,
2605 5441 2797 5494 dimitte
2827 5455 2842 5493 :
2871 5441 2948 5493 sin
2991 5447 3191 5504 autem,
3236 5437 3346 5490 dele
3388 5451 3466 5488 me
3509 5435 3569 5489 de
3609 5432 3736 5488 libro

2171 5551 2318 5602 quem
2345 5533 2588 5603 scripsisti
2631 5531 2840 5601 (Exod.
2877 5530 2964 5586 '52.
3007 5528 3106 5601 52)
3133 5547 3145 5582 :
3175 5528 3308 5583 adeo
3352 5527 3500 5582 illum
3541 5545 3750 5587 maeror

2236 5649 2253 5680 ί
2287 5648 2358 5697 sic
2379 5646 2518 5696 Savil.
2544 5647 2593 5696 in
2610 5646 2855 5709 margine;
2880 5646 2928 5695 in
2956 5641 3166 5706 reliquis
3183 5641 3289 5691 haec
3314 5636 3484 5699 verba,

2171 5715 2310 5772 esset,
2328 5708 2522 5759 desunt.

3671 5785 3731 5834 η)
