4036 6416
303 304 410 364 475

302 422 399 477 καὶ
432 419 637 492 μείζονι
669 419 847 490 σκότῳ
877 418 1233 490 συνεχόμενος
1255 415 1344 490 ἦν.
1375 420 1450 473 Οὐ
1477 419 1588 490 γάρ
1623 418 1751 481 τοὺς
1787 419 1882 470 Αί-

303 508 567 577 γυπτίους
603 506 858 559 ἐδεδοίκει
921 506 1100 576 μόνον,
1161 505 1414 576 καθάπερ
1463 506 1557 558 καὶ
1613 505 1661 557 οί
1704 503 1880 556 λοιποὶ

319 591 662 661 Ἰσραηλῖται,
690 589 825 643 ἀλλά
874 589 968 642 καὶ
993 588 1214 650 τούτους
1253 589 1368 658 μετ’
1390 587 1632 640 ἐκείνων.
1677 586 1881 655 Ἀμφό-

301 689 448 744 τεροι
478 673 587 744 γάρ
611 673 683 735 ὡς
724 672 1000 724 άπατεῶνι
1030 673 1124 723 καί
1146 671 1328 741 εἴρωνι
1359 674 1646 740 προσεῖχον
1671 669 1876 732 λοιπὸν,

302 757 352 809 οί
391 757 488 826 μὲν
541 756 676 825 μετά
707 755 799 807 τοῦ
838 755 1145 825 καταγελᾷν
1197 756 1290 807 καὶ
1336 754 1707 823 ἐπεμϐαίνειν,
1741 755 1789 805 οί
1824 753 1880 805 δὲ

307 840 444 911 μετά
475 838 570 892 τοῦ
605 837 894 892 δάκνεσθαι
924 839 1016 891 καὶ
1046 839 1295 908 ἀθυμεῖν.
1348 838 1509 890 Ἀλλὰ
1543 837 1594 889 τί
1621 838 1726 906 χρὴ
1760 835 1881 888 τού-

299 941 412 987 τοις
442 922 834 992 τεκμαίρεσθαι
855 923 954 990 τὴν
987 922 1224 992 ἀθυμίαν
1255 921 1347 975 τοῦ
1374 921 1585 992 ἀνδρὸς,
1619 921 1792 989 παρὸν
1817 922 1881 972 ἐκ

300 1008 396 1075 τῆς
427 1005 632 1058 ἀνωθεν
655 1006 969 1078 ἐνεχθείσης
1008 1007 1193 1076 φωνῆς
1231 1009 1412 1060 πᾶσαν
1436 1005 1602 1059 αὐτοῦ
1632 1006 1732 1074 τὴν
1760 1003 1878 1056 ὀδύ-

299 1105 396 1159 νην
453 1089 820 1159 καταμαθεῖν;
870 1089 1097 1158 Σιγῶντι
1130 1089 1240 1159 γάρ
1275 1090 1369 1142 καὶ
1409 1089 1544 1159 μηδέ
1590 1087 1774 1159 διᾶραι
1811 1087 1880 1139 τά

299 1172 448 1243 χείλη
502 1171 791 1242 τολμῶντι,
827 1175 991 1244 φησὶν
1016 1175 1048 1224 6
1093 1173 1245 1235 Θεός·
1287 1176 1346 1226 Τί
1382 1169 1533 1238 βοᾷς
1581 1172 1732 1240 πρὸς
1764 1169 1879 1240 μέ;

296 1256 389 1308 τὸν
417 1255 644 1327 θόρυϐον
683 1257 782 1326 τῆς
830 1256 1010 1326 ψυχῆς
1043 1255 1207 1309 αὐτοῦ
1244 1255 1312 1309 δι’
1341 1257 1457 1319 ἐνὸς
1491 1256 1734 1326 ῥήματος
1755 1253 1880 1306 τού-

298 1355 392 1391 του
425 1339 702 1407 ἐμφαίνων
724 1343 874 1410 ἡμῖν.

366 1442 436 1503 γ’.
488 1435 704 1508 Ἐπειδὴ
731 1436 786 1489 δέ
811 1438 904 1489 καὶ
926 1435 1086 1489 τοῦτο
1114 1435 1274 1506 ἐλύθη
1302 1435 1359 1488 τὸ
1382 1435 1520 1499 δέος,
1541 1435 1633 1487 καὶ
1654 1434 1878 1504 μείζονα

298 1524 459 1576 πάλιν
489 1525 652 1595 ᾔρετο
677 1525 745 1578 τά
793 1525 962 1579 δεινά.
989 1525 1100 1578 Καὶ
1129 1525 1238 1596 γὰρ
1287 1524 1379 1576 m1
1406 1525 1516 1575 τῶν
1563 1523 1878 1592 Αἰγυπτίων

297 1613 392 1664 καὶ
431 1613 523 1664 τοῦ
547 1611 746 1683 Φαραὼ
774 1611 1150 1682 χαλεπώτερον
1181 1611 1328 1681 αύτῴ
1352 1612 1418 1664 δι’
1433 1611 1559 1680 ὅλης
1583 1610 1880 1681 ἐκέχρηντο

295 1700 395 1768 τῆς
419 1699 540 1753 ὀδοῦ
587 1702 637 1753 οἱ
665 1703 793 1771 παρ’
828 1701 992 1754 αὑτοῦ
1028 1697 1518 1771 δημαγωγούμενοι
1547 1698 1642 1751 καὶ
1671 1698 1738 1750 δι’
1777 1697 1876 1750 αύ-

295 1786 387 1837 τοῦ
419 1788 628 1857 μυρίων
673 1787 1076 1855 ἀπολαύσαντες
1121 1787 1362 1856 ἀγαθῶν.
1396 1788 1506 1838 Καὶ
1531 1786 1746 1857 πρῶτον
1777 1786 1876 1855 μὲν

295 1877 579 1930 ἐπέκειντο
610 1877 852 1948 σφοδρῶς
886 1877 1169 1949 ἄγχοντες,
1223 1878 1318 1930 καὶ
1353 1876 1492 1947 κρέα
1519 1874 1875 1938 ἀπαιτοῦντες

296 1967 458 2022 αὐτὸν
480 1969 551 2022 τὰ
581 1971 637 2023 ἐν
671 1971 953 2042 Αἰγύπτῳ,
985 1970 1082 2024 καὶ
1111 1973 1226 2033 τοῖς
1262 1970 1359 2040 μέν
1385 1969 1650 2041 παροῦσιν
1679 1970 1875 2040 ἀχαρι-

296 2058 567 2123 στοῦντες,
589 2059 657 2112 τά
692 2059 752 2112 δέ
776 2060 1017 2131 πρότερα
1045 2057 1448 2130 ἐπιζητοῦντες,
1480 2059 1508 2111 ὃ
1533 2058 1749 2112 πάντων
1781 2058 1876 2129 βια-

296 2153 521 2223 ρύτερον
555 2149 641 2224 ἦν.
671 2154 736 2207 Τί
769 2154 879 2225 γάρ
911 2153 1293 2227 χαλεπώτερον
1318 2153 1385 2206 ἂν
1414 2151 1636 2217 ἔπαθεν,
1666 2155 1713 2205 εί
1748 2170 1875 2223 μαι-

295 2244 536 2315 νομένων
600 2246 696 2298 καὶ
748 2246 1177 2317 παραπαιόντων
1230 2245 1443 2316 ἀνδρῶν
1499 2245 1876 2314 ἐπετέτραπτο

295 2336 651 2404 στρατηγεῖν;
696 2334 834 2386 ’Δλλ’
860 2336 1008 2405 ὅμως
1047 2335 1218 2387 ταῦτα
1249 2335 1425 2388 πάντα
1452 2333 1716 2402 γενναίως
1743 2332 1871 2402 ἐφε-

294 2436 383 2489 ρεν
409 2423 438 2474 6
466 2421 733 2492 μακάριος
764 2425 968 2486 ἐκεῖνος
989 2423 1260 2494 ἀνήρδκαὶ
1279 2424 1326 2474 εί
1359 2422 1455 2492 μέν
1487 2421 1560 2491 μὴ
1590 2421 1872 2492 φιλοστόρο

292 2526 401 2575 γως
429 2504 541 2580 εἶχε
573 2511 709 2581 πρὸς
748 2511 964 2574 αὐτοὺς,
995 2510 1228 2580 φορητὸν
1271 2509 1337 2563 ἂν
1364 2504 1432 2579 ἦν
1465 2509 1529 2561 τὸ
1557 2508 1747 2573 δεινὸν,
1777 2509 1872 2562 καὶ

292 2596 429 2670 ὑπὲρ
455 2599 562 2651 τῶν
589 2601 669 2661 είς
719 2599 882 2651 αὐτὸν
912 2597 1210 2668 γινομένων
1261 2597 1420 2667 μόνον
1472 2599 1736 2668 παρεῖχεν
1772 2596 1868 2649 ἀλ-

290 2690 425 2753 γεῖν·
477 2686 573 2741 νῦν
599 2687 654 2739 δέ
693 2687 800 2740 τῶν
834 2687 1036 2754 γονέων
1068 2686 1267 2756 μᾶλλον
1301 2687 1430 2758 περὶ
1469 2686 1666 2748 αὐτοὺς
1692 2685 1871 2738 διατε-

291 2775 422 2838 θεὶς,
459 2776 567 2828 ἀπὺ
602 2775 703 2844 τῆς
744 2774 1068 2846 κηδεμονίας
1110 2774 1312 2844 ταύτης
1350 2775 1444 2827 καὶ
1487 2775 1678 2844 ἑτέραν
1723 2768 1869 2842 εἶχεν

291 2862 528 2933 ἀθυμίας
559 2865 825 2933 ἀνάγκην,
857 2865 956 2933 τὴν
983 2863 1123 2933 ὑπὲρ
1147 2864 1243 2934 τῆς
1281 2861 1502 2915 ἐκείνων
1541 2861 1869 2932 διαστροφῆς

290 2953 383 3004 καὶ
437 2952 676 3022 μιαρίας.
709 2951 842 3004 Οὐδέ
871 2951 981 3021 γὰρ
1006 2950 1179 3014 οὕτως
1208 2951 1370 3004 αὐτὸν
1417 2950 1603 3003 ἔδακνε
1625 2950 1684 3002 τὸ
1711 2949 1868 3020 ὑϐρί.

290 3041 494 3104 ζεσθαι,
530 3042 606 3104 ὼς
636 3042 698 3094 τὸ
750 3041 986 3104 ἐκείνους
1034 3036 1171 3094 εἶναι
1207 3042 1332 3103 τοὺς
1378 3039 1658 3109 ὑϐριστάς.
1687 3038 1868 3091 Δεινὸν

293 3131 388 3198 μὲν
435 3125 527 3182 οὖν
548 3131 641 3182 καὶ
663 3129 726 3181 τὸ
756 3129 863 3199 πρὸ
889 3129 988 3197 τῆς
1010 3128 1270 3199 χορηγίας
1294 3129 1392 3198 τῆς
1417 3127 1718 3198 παραδόξου
1742 3145 1868 3198 τρο-

290 3219 396 3288 φῆς
422 3219 635 3288 ἐκείνης
664 3220 994 3288 ἀχαριστεῖν·
1025 3219 1074 3271 οἱ
1105 3219 1161 3271 δὲ
1194 3218 1286 3272 καὶ
1313 3219 1370 3270 ἐν
1400 3218 1582 3287 μέσοις
1601 3219 1711 3280 τοῖς
1735 3216 1866 3270 θαύ-

292 3326 421 3378 μασι
446 3309 545 3376 τὴν
605 3308 804 3361 κακίαν
863 3307 1205 3361 ἐπεδείκνυον
1254 3307 1353 3378 τὴν
1385 3307 1584 3370 αὐτῶν,
1625 3309 1719 3361 καὶ
1767 3306 1865 3378 τὴν

289 3396 634 3468 παρανομίαν
681 3395 774 3448 καὶ
796 3394 894 3466 τὴν
925 3395 1232 3460 πλεονεξίαν
1261 3397 1359 3467 τὴν
1391 3395 1517 3466 περὶ
1540 3395 1638 3466 τὴν
1678 3397 1864 3450 συλλο-

285 3489 406 3553 γὴν,
437 3485 530 3538 καὶ
563 3484 757 3554 μικρὸν
781 3483 1133 3554 προελθόντες
1170 3483 1330 3537 πάλιν
1359 3485 1672 3552 ἐγόγγυζον,
1702 3486 1864 3540 πάλιν

285 3574 594 3642 ἐμέμφοντο
625 3576 745 3634 ταῖς
789 3573 1132 3645 εὐεργεσίαις
1174 3571 1266 3625 τοῦ
1297 3573 1453 3626 Θεοῦσ
1487 3573 1609 3627 καθ’
1636 3575 1864 3629 ἕκαστον

283 3662 340 3714 δέ
389 3661 596 3714 τούτων
646 3661 843 3731 μᾶλλον
895 3660 1003 3712 τῶν
1053 3661 1473 3731 ἁμαρτανόντων
1522 3665 1550 3715 ὁ
1595 3664 1864 3734 μακάριος

284 3752 491 3812 ἐκεῖνος
513 3749 771 3801 ἐκόπτετο
806 3750 897 3802 καὶ
920 3748 1140 3819 ἠθύμει.
1172 3751 1281 3803 Καὶ
1306 3749 1414 3820 γὰρ
1441 3751 1528 3804 ὅτε
1554 3752 1644 3804 τὸν
1664 3753 1862 3824 μόσχον

285 3838 630 3908 εἰργάσαντο,
683 3838 837 3889 αὐτοὶ
873 3839 969 3907 μὲν
1022 3837 1244 3902 ἔπαιζον
1279 3837 1430 3910 [9-08]
1459 3839 1555 3894 καὶ
1589 3839 1857 3912 ἐτρύφων

283 3928 312 3979 ό
359 3925 416 3977 δέ
447 3924 658 3976 πενθῶν
687 3924 780 3976 καὶ
818 3924 1118 3991 ἀνιώμενος
1144 3926 1238 3977 καὶ
1269 3925 1655 3999 καταρώμενος
1681 3928 1861 3999 ἐαυτῷ

282 4013 381 4082 τὴν
410 4011 650 4082 χαλεπὴν
685 4011 896 4082 ἐκείνην
922 4013 1062 4080 ἀρὰν
1089 4013 1293 4083 Μωσῆς
1329 4009 1419 4084 ἦν.
1442 4015 1534 4066 καὶ
1566 4015 1717 4068 ούδέν
1760 4019 1859 4070 αὐ-

283 4101 371 4153 τὸν
399 4101 536 4163 ὅλως
558 4099 768 4152 ἔπειθεν
797 4101 1097 4171 ἀποστῆναι
1121 4101 1219 4172 τῆς
1244 4101 1586 4170 συμπαθείας
1613 4105 1710 4175 τῆς
1726 4105 1861 4176 πρὸς

282 4186 496 4249 αὐτούς.
528 4188 666 4249 Τοὺς
714 4183 808 4239 οὗν
835 4187 1008 4250 οὕτως
1055 4188 1144 4240 ὑπ’
1173 4188 1336 4241 αὑτοῦ
1368 4189 1732 4259 ποθουμένους
1765 4191 1858 4244 ἐπὶ

281 4275 343 4327 το
366 4276 545 4344 χεῖρον
568 4275 653 4326 ἀεὶ
680 4275 1072 4343 προϐαίνοντας
1103 4277 1266 4347 δρῶν,
1312 4277 1452 4349 πόσῃ
1475 4277 1640 4350 λύπῃ,
1672 4279 1863 4344 πόσοις

280 4361 336 4413 δέ
390 4361 498 4432 ἄρα
541 4362 1000 4433 συνανεστρέφετο
1029 4363 1316 4434 δάκρυσινί
1355 4365 1414 4416 Εἰ
1471 4364 1582 4435 γὰρ
1638 4365 1734 4419 ἐνα
1773 4385 1858 4431 τις

280 4449 394 4501 υἱὸν
419 4449 558 4518 έχων
605 4451 704 4502 οὐκ
729 4449 794 4502 ἂν
823 4449 1040 4503 δύναιτο
1063 4451 1184 4520 ζῇν,
1216 4451 1422 4504 εἴποτε
1455 4451 1694 4506 αἴσθοιτο
1719 4455 1856 4524 πρὸς

279 4537 477 4590 κακίαν
493 4538 654 4591 αὑτὸν
681 4537 1068 4601 ἀποκλίναντα,
1087 4538 1179 4592 καὶ
1201 4541 1248 4592 εί
1270 4540 1484 4592 πάντων
1512 4541 1673 4604 αὐτὸς
1692 4559 1856 4612 πονη-

283 4626 500 4696 ρότερος
528 4625 604 4678 ῶν
634 4627 808 4697 τύχοι,
838 4627 928 4680 τὸν
983 4629 1249 4699 μυριάδας
1299 4629 1568 4694 τοσαύτας
1597 4632 1655 4683 ἐν
1701 4631 1855 4696 τάξει

278 4715 482 4768 παίδων
515 4716 870 4786 κεκτημένον,
909 4717 1105 4786 μᾶλλον
1139 4716 1195 4769 δὲ
1229 4719 1320 4770 καὶ
1359 4720 1500 4789 ὺπέρ
1529 4719 1725 4783 παῖδας
1763 4739 1851 4788 φι-

276 4802 491 4856 λοῦντα’
534 4804 709 4867 οὐδεὶς
736 4804 845 4875 γὰρ
880 4805 945 4858 ἂν
980 4805 1182 4877 ηῦξατο
1223 4807 1403 4878 πατὴρ
1453 4808 1852 4862 συναπολέσθαι

277 4891 426 4943 παιδὶ
477 4891 641 4961 μηδὲν
680 4891 1038 4962 ἡμαρτηκὼς,
1085 4893 1334 4965 καθάπερ
1379 4896 1605 4958 ἐκεῖνος’
1649 4896 1739 4949 τὸν
1786 4896 1850 4967 δὴ

274 4978 417 5031 οὕτω
444 4978 641 5040 παῖδας
677 4980 1013 5048 κεκτημένον
1046 4981 1350 5046 τοσούτους,
1386 4984 1752 5054 μισοπόνηρόν
1788 5001 1848 5036 τε

272 5067 400 5119 ὄντα
425 5065 520 5118 καὶ
550 5065 860 5133 φιλάγαθον,
888 5067 941 5118 τί
984 5068 1084 5120 οἴει
1132 5068 1361 5140 πάσχειν
1399 5070 1607 5133 πάντας
1652 5072 1848 5135 αὐτοὺς

271 5153 460 5223 ὥσπερ
487 5152 551 5206 ἔκ
566 5171 710 5217 τινος
743 5155 1085 5225 συνθήματος
1119 5158 1200 5221 είς
1232 5159 1321 5211 τὸν
1358 5159 1458 5228 τῆς
1483 5159 1681 5221 κακίας
1711 5177 1847 5231 κρη-

275 5241 405 5310 μνὸν
439 5243 884 5314 καταδραμόντας
919 5245 1119 5309 ίδόντα;
1148 5247 1223 5299 Οὐ
1246 5247 1354 5319 γάρ
1371 5249 1499 5300 ἀνεί
1535 5250 1608 5322 μὴ
1641 5250 1846 5321 σφόδρα

273 5330 434 5382 αὐτὸν
459 5329 730 5383 ἐσκότωσε
761 5331 855 5383 καὶ
885 5334 949 5386 ἐκ
984 5333 1200 5404 βάθρων
1229 5336 1392 5390 αὑτοῦ
1418 5337 1516 5408 τὴν
1552 5338 1728 5409 ψυχὴν
1759 5342 1848 5392 ἀν⁹

272 5414 498 5486 ἔτρεψεν
537 5419 565 5469 6
594 5417 692 5488 τῆς
712 5417 950 5488 ἀθυμίας
981 5422 1193 5492 ἐκείνης
1223 5422 1451 5492 ἴλιγγος,
1496 5426 1595 5492 τάς
1631 5428 1845 5492 πλάκας

272 5500 340 5576 ἀν
377 5502 598 5575 ἔρριψεν
623 5505 730 5558 ἀπὸ
761 5506 868 5557 τῶν
903 5509 1102 5578 χειρῶν
1135 5510 1229 5564 καὶ
1254 5513 1590 5583 συνέτριψεν,
1618 5515 1734 5567 ἀλλ’
1761 5516 1842 5569 ἰά-

274 5604 405 5642 σατο
428 5592 638 5662 ταχέως
659 5595 756 5665 τὴν
797 5597 1101 5667 συμφοράν.
1151 5599 1311 5652 Ἀλλά
1337 5601 1390 5653 τί
1419 5604 1670 5673 ποιήσας,
1688 5605 1840 5672 είπέ;

273 5680 366 5728 καὶ
395 5677 502 5748 γὰρ
533 5682 562 5732 6
588 5681 685 5751 τῆς
713 5683 951 5751 ἰατρείας
980 5681 1200 5756 τρόπος,
1224 5689 1272 5740 εί
1297 5691 1389 5742 καὶ
1423 5692 1845 5764 παρεμυθήσατο

272 5764 334 5816 τὸ
357 5769 594 5833 γεγονὸς,
633 5771 746 5824 ἀλλ’
777 5773 925 5843 ὅμως
975 5778 1067 5828 καὶ
1095 5777 1257 5841 αὐτὸς
1285 5779 1493 5835 πολλῶν
1535 5782 1698 5854 ἔγεμε
1746 5785 1841 5838 δα-

274 5852 473 5923 κρύων·
514 5858 607 5911 καὶ
633 5860 806 5925 οὐδεὶς
832 5862 974 5917 οὕτω
1003 5863 1200 5932 λίθινος
1228 5863 1316 5940 ῆν,
1357 5869 1431 5934 ὡς
1461 5852 1846 5943 μηδένίπαθεῖν

1115 300 1208 355 AD
1245 299 1625 358 STAGIRIUM
1663 299 1707 355 A
1747 295 2057 357 ΒΑΞΜΟΝΕ
2093 299 2455 359 VEXATUM.
2473 302 2604 360 LIB.
2647 305 2739 361 111.

3464 309 3572 369 476

1989 418 2252 489 ἀδελφοὺς
2282 421 2377 474 καὶ
2421 425 2702 491 συγγενεῖς
2735 422 2838 476 ὑπὸ
2879 422 2990 476 τῶν
3019 424 3237 478 οἰκείων
3266 438 3572 497 σφαττομέ-

1989 529 2113 576 νους
2140 514 2304 584 ὀρῶν,
2337 516 2432 566 καὶ
2461 517 2541 577 εἰς
2567 515 2884 587 τρισχιλίων
2918 517 3188 588 σωμάτων
3210 518 3441 590 ἀριθμὸν
3471 527 3572 590 τὴν

1987 604 2225 676 ἐλεεινὴν
2254 607 2455 678 ταύτην
2476 609 2856 679 ἐκτεινομένην
2883 612 3117 680 σφαγήν.
3141 613 3250 664 Καὶ
3276 612 3383 682 γὰρ
3409 615 3573 682 ἡμεῖς

1987 697 2114 759 τοὺς
2136 697 2330 759 παῖδας
2365 700 2490 762 τοὺς
2528 699 2736 752 ἑαυτῶν
2781 701 2909 753 ὅταν
2943 703 3036 754 ἐπί
3071 721 3176 756 τινι
3204 704 3572 776 λαμϐάνωμεν

1986 786 2162 858 δεινῷ,
2193 790 2558 861 στρεϐλοῦμεν
2590 792 2710 862 μὲν,
2746 794 2840 846 καὶ
2867 794 3260 866 μαστιγοῦμεν,
3294 797 3394 849 οὐκ
3418 799 3575 852 ἀναλ-

1988 881 2114 950 γητὶ
2171 881 2228 933 δὲ
2278 881 2434 935 τοῦτο
2491 883 2824 955 πράττομεν,
2868 885 3003 939 άλλά
3047 887 3185 958 μετά
3212 887 3444 958 θλίψεως
3472 889 3573 942 οὐκ

1987 972 2267 1037 ἐλάττονος
2290 974 2399 1027 τῶν
2449 977 2762 1047 πασχόντων
2789 979 2986 1033 αὐτῶν.

2055 1097 2119 1150 δ’.
2153 1098 2357 1152 Πολλοῦ
2383 1099 2446 1170 δὴ
2467 1100 2587 1154 τότε
2609 1102 2840 1166 πένθους
2869 1104 3032 1157 αὐτὸν
3065 1104 3158 1158 καὶ
3185 1105 3244 1159 τὸ
3275 1106 3572 1177 στρατόπε-

1984 1186 2071 1240 δον
2096 1190 2330 1259 ἔχοντος,
2355 1191 2516 1263 έτέρα
2540 1192 2701 1245 πάλιν
2729 1195 2936 1262 ἀγωνία
2956 1196 3321 1266 προσετίθετο.
3345 1197 3461 1251 Ούκ
3487 1197 3570 1252 ἔτι

1984 1279 2094 1350 γάρ
2140 1281 2323 1344 αὐτοῖς
2355 1286 2772 1355 στρατηγήσειν,
2793 1285 2908 1338 ἀλλ’
2936 1286 3346 1357 ἐγκαταλείψειν
3381 1289 3564 1354 αὐτὸν,

1985 1373 2076 1425 καὶ
2102 1373 2317 1444 ἀγγέλῳ
2349 1376 2688 1445 παραδώσειν
2721 1379 2820 1450 τὴν
2853 1381 3186 1450 προστασίαν
3205 1381 3382 1435 αὐτῶν
3408 1383 3568 1452 ἠπεί-

1983 1463 2146 1535 λησεν
2170 1467 2198 1518 ὁ
2225 1466 2378 1531 Θεὸς,
2419 1469 2447 1520 ὂ
2493 1470 2712 1523 πάντων
2741 1473 3140 1545 ἀφορητότερον
3167 1470 3235 1544 ἦν
3263 1474 3342 1544 τῷ
3367 1476 3566 1547 Μωσῇ.

1987 1553 2253 1607 ’Ἄκουσον
2284 1555 2414 1623 γοῦν
2471 1552 2559 1610 οἷά
2589 1576 2724 1630 φησι
2753 1560 2890 1631 πρὸς
2936 1561 3026 1612 τὸν
3067 1561 3218 1616 Θεόν·
3263 1567 3331 1617 El
3360 1564 3446 1633 μὴ
3480 1565 3566 1618 σὺ

1981 1642 2166 1708 αὐτὸς
2189 1648 2542 1716 συμπορεύῃ
2575 1666 2697 1716 μοι,
2718 1651 2803 1718 μὴ
2833 1651 3140 1721 ἀναγάγῃς
3157 1671 3234 1722 με
3259 1655 3562 1708 ἐντεῦθεν.

1994 1729 2156 1802 Ὁρᾷς
2179 1732 2297 1795 πῶς
2331 1735 2486 1802 φόϐοι
2505 1737 2721 1805 φόϐους,
2740 1740 2836 1792 καὶ
2854 1740 3022 1794 λῦπαι
3037 1742 3332 1813 διεδέχοντο
3353 1744 3562 1809 λύπας;

1981 1819 2092 1872 Καὶ
2124 1821 2244 1874 οὐδὲ
2271 1822 2432 1894 μέχρι
2461 1825 2664 1878 τούτων
2693 1828 2878 1880 ἵστατο
2906 1829 2970 1881 τὸ
2999 1830 3192 1884 δεινόν’
3236 1831 3350 1885 ἀλλ’
3371 1833 3564 1904 ἐπειδὴ

1981 1909 2074 1960 καὶ
2104 1909 2262 1962 τοῦτο
2307 1911 2492 1965 ἔπεισε
2527 1913 2618 1967 τὸν
2655 1915 2807 1979 Θεὸν,
2843 1917 2940 1970 καὶ
2983 1918 3274 1974 ἐπένευσεν
3319 1921 3350 1972 ό
3378 1921 3564 1990 φιλάνο

1981 1994 2219 2065 θρωπος,
2275 2001 2370 2053 καὶ
2395 2001 2496 2071 τὴν
2527 2004 2690 2074 χάριν.
2713 2004 2903 2069 ἐδωκε,
2943 2007 3104 2060 πάλιν
3134 2008 3348 2079 ἐτέραις
3398 2011 3565 2063 αὐτὸν

1981 2087 2333 2156 περιέϐαλλον
2382 2089 2617 2154 ὀδύναις,
2664 2092 2756 2146 τὸν
2801 2094 2956 2147 ἵλεων
2995 2098 3289 2166 γενόμενον
3331 2099 3563 2168 παροξύ-

1979 2192 2181 2239 νοντες,
2245 2177 2339 2230 καὶ
2384 2181 2504 2242 ταῖς
2553 2181 2811 2250 ἐσχάταις
2879 2184 3102 2247 ἑαυτοὺς
3153 2186 3562 2258 περιπείροντες

1981 2268 2307 2335 συμφοραῖς.
2345 2267 2500 2320 Μετά
2525 2268 2631 2341 γὰρ
2652 2271 2752 2340 τὴν
2789 2273 3004 2342 σφαγὴν
3031 2273 3131 2344 τὴν
3157 2275 3566 2348 πολυδάκρυτον

1978 2350 2121 2405 οὕτω
2179 2355 2591 2427 προσέκρουσαν
2650 2358 2832 2422 πάλιν,
2880 2359 2951 2424 ὡς
2985 2362 3383 2418 ἐκκαλέσασθαι
3440 2365 3561 2419 καθ’

1978 2439 2187 2492 ἐαυτῶν
2238 2441 2330 2493 τὸν
2381 2444 2711 2514 ἐμπρησμὸν
2749 2448 2971 2512 ἐκεῖνον,
3022 2450 3078 2512 ὃς
3111 2450 3308 2522 μικροῦ
3353 2452 3562 2512 πάντας

1977 2526 2256 2598 ἀνήλωσεν
2292 2528 2381 2594 ἂν,
2431 2533 2478 2583 εί
2522 2534 2596 2602 μὴ
2654 2535 2748 2586 καὶ
2800 2535 2946 2588 οὕτω
2976 2538 3143 2609 πολλῇ
3189 2541 3318 2610 περὶ
3363 2542 3563 2606 αὐτοὺς

1977 2613 2360 2690 φιλανθρωπία
2401 2621 2671 2691 ἐχρήσατο
2701 2635 2748 2675 α.
2807 2624 2897 2694 Τῷ
2933 2626 2989 2678 δέ
3023 2628 3232 2699 Μωῦσῇ
3270 2629 3462 2701 διπλῆν
3502 2633 3563 2683 ἐν

1976 2701 2151 2757 ἅπασι
2183 2703 2282 2776 τὴν
2313 2705 2554 2776 ἀθυμίαν
2591 2705 2733 2763 εἶναι
2772 2713 3072 2778 συνέϐαινε,
3103 2715 3182 2786 τῷ
3221 2733 3282 2769 τε
3315 2717 3561 2782 ἐκείνους

1975 2791 2330 2860 ἀπόλλυσθαι,
2371 2795 2465 2850 καὶ
2517 2797 2594 2868 τῷ
2630 2800 2756 2862 τοὺς
2795 2801 3255 2872 ὑπολειπομένους
3299 2804 3562 2876 ἀδιορθώ-

1974 2892 2102 2940 τους
2161 2878 2344 2947 μένειν
2387 2881 2480 2933 καὶ
2534 2882 2697 2952 μηδὲν
2744 2885 2809 2936 ἐκ
2841 2886 2942 2953 τῆς
2971 2887 3196 2940 ἐκείνων
3253 2890 3561 2960 κερδαίνειν

1977 2969 2285 3036 συμφορᾶς.
2315 2967 2481 3021 Ούπω
2514 2974 2623 3042 γὰρ
2651 2971 2803 3034 τέλος
2832 2969 2978 3044 εἶχεν
3013 2977 3219 3040 ἐκεῖνος
3247 2979 3274 3029 ὁ
3305 2977 3558 3042 θάνατος,

1973 3054 2072 3106 καὶ
2098 3056 2148 3107 οί
2178 3055 2617 3126 περιλειφθέντες
2641 3059 2747 3112 τῶν
2783 3062 3082 3132 κρομμύων
3107 3063 3434 3134 ἐμέμνηντο,
3463 3067 3558 3118 καὶ

1972 3146 2084 3206 τοῖς
2119 3145 2383 3215 παροῦσιν
2411 3145 2788 3218 ἐδυσχέραινον
2814 3148 3082 3216 λέγοντες*
3119 3153 3214 3217 Τίς
3245 3151 3400 3221 ἡμᾶς
3432 3156 3558 3222 ψω-

1967 3231 2096 3298 μιεῖ
2122 3232 2338 3300 κρέας;
2382 3234 2802 3306 Ἐμνήσθημεν
2828 3237 2940 3304 γὰρ
2979 3238 3120 3304 τοὺς
3162 3241 3392 3307 ἰχθύας,
3449 3242 3558 3310 οὓς

1970 3323 2264 3390 ήσθ.ὀμεν
2292 3322 2362 3374 ἐν
2380 3324 2674 3392 Αἰγύπτῳ,
2719 3324 2814 3378 καὶ
2845 3326 2980 3392 τοὺς
3010 3328 3263 3395 σικυοὺς
3295 3329 3557 3398 καὶτοὺς

1971 3409 2241 3475 πέπονας
2294 3412 2392 3464 καὶ
2433 3412 2506 3464 τὰ
2553 3411 2754 3480 πράσα
2785 3413 2883 3467 καί
2919 3416 2991 3468 τὰ
3034 3416 3306 3486 κρόμμυα
3333 3418 3430 3470 καὶ
3481 3421 3558 3472 τὰ

1929 3533 1932 3535 λ
1971 3500 2256 3568 σκόροδα.
2285 3501 2398 3556 Νῦν
2425 3502 2482 3554 δέ
2510 3504 2542 3572 ἡ
2566 3503 2708 3573 ψυχὴ
2738 3505 2894 3574 ἡμῶν
2925 3505 3250 3576 κατάξηρος,
3287 3507 3435 3580 [209]
3459 3511 3553 3561 ού-

1969 3587 2056 3640 δέν
2083 3588 2223 3660 πλὴν
2259 3592 2334 3653 εἰς
2360 3591 2419 3643 τὸ
2453 3590 2628 3659 μάννα
2653 3595 2701 3644 οί
2742 3593 3010 3663 ὀφθαλμοὶ
3030 3594 3204 3665 ἡμῶν.
3244 3596 3413 3648 Ἔνθα
3448 3615 3554 3666 μη-

1970 3676 2088 3729 κέτι
2116 3679 2295 3748 φέρων
2324 3677 2424 3749 τὴν
2447 3679 2842 3751 ἀγνωμοσύνην
2867 3682 3047 3734 αὐτῶν
3077 3684 3108 3733 6
3138 3685 3396 3754 Μωῦσῆς,
3417 3703 3554 3756 παρ-

1968 3769 2202 3819 αιτεῖται
2233 3767 2332 3838 τὴν
2358 3769 2698 3838 προστασίαν
2733 3769 2975 3840 νικηθεὶς
3009 3771 3114 3823 ὑπὸ
3153 3772 3254 3842 τῆς
3285 3772 3550 3842 ἀθυμίας,

1968 3854 2061 3905 καὶ
2088 3852 2316 3907 θάνατον
2350 3853 2568 3924 εῦχεται
2593 3856 2713 3908 ἀντὶ
2754 3857 2854 3926 τῆς
2893 3859 3096 3928 πικρᾶς
3133 3858 3347 3929 ἐκείνης
3382 3859 3548 3931 ζωῆς.

1979 3941 2312 3995 Ἐπάκουσον
2345 3941 2408 4012 δὴ
2457 3943 2551 3996 καὶ
2597 3944 2703 3996 τῶν
2734 3945 2994 4016 ῥημάτων
3030 3946 3229 3999 αὑτῶν-
3251 3948 3359 4000 Καὶ
3418 3945 3549 4003 εἷπε

1964 4028 2247 4096 Μωῢσῆς,
2284 4031 2436 4102 φησὶ,
2480 4031 2629 4100 πρὸς
2655 4032 2762 4084 τὸν
2810 4034 2979 4086 Θεόνο
3021 4033 3193 4088 Ἰνατί
3237 4034 3551 4103 ἑκάκωσας

1964 4115 2073 4168 τὸν
2097 4115 2432 4184 θεράποντά
2464 4135 2602 4182 σου,
2634 4120 2734 4175 καί
2765 4119 2862 4173 διὰ
2889 4121 2948 4173 τί
2971 4123 3084 4189 οὐχ
3107 4122 3334 4189 εὕρηκα
3371 4121 3551 4191 χάριν

1963 4204 2243 4258 ἐναντίον
2273 4221 2412 4268 σου,
2437 4206 2726 4260 ἐπιθεῖναι
2755 4207 2870 4276 τὴν
2897 4210 3090 4278 ὁρμὴν
3109 4211 3213 4263 τοῦ
3229 4212 3380 4265 λασῡ
3409 4213 3546 4265 τού-

1962 4311 2069 4348 του
2101 4294 2194 4346 ἐπ’
2226 4294 2361 4363 ἐμέ;
2409 4294 2508 4363 Μὴ
2544 4295 2658 4364 ἐγὼ
2696 4297 2766 4349 ἐν
2812 4297 3022 4366 γαστρί
3077 4298 3299 4352 ἔλαϐον
3349 4299 3548 4354 πάντα

1961 4387 2070 4439 τὸν
2095 4385 2249 4438 λαὸν
2279 4385 2496 4439 τοῦτον
2521 4387 2557 4454 ἢ
2611 4387 2726 4457 ἐγὼ
2753 4386 2961 4441 ἔτεκον
3007 4387 3201 4450 αὐτόν,
3238 4388 3324 4442 ὅτι
3345 4389 3546 4461 λέγεις

1956 4491 2080 4542 μοι,
2105 4473 2261 4526 Λάϐε
2289 4473 2479 4527 αὑτὸν
2527 4477 2615 4540 εἰς
2665 4475 2772 4528 τὸν
2796 4477 3030 4529 κόλπον
3059 4493 3198 4540 σου,
3224 4478 3366 4531 ὡσεί
3408 4479 3544 4549 ἆραι

1960 4563 2202 4629 τιθηνὸς
2258 4564 2364 4616 τὸν
2408 4563 2756 4630 θηλάζοντα,
2800 4568 2888 4632 είς
2937 4566 3052 4634 τὴν
3076 4565 3190 4637 γῆν
3221 4566 3300 4634 ἣν
3337 4568 3544 4636 ὤμοσα

1959 4650 2084 4716 τοῖς
2130 4651 2432 4719 πατράσιν
2474 4651 2707 4717 αὑτῶν;
2753 4655 2944 4708 Πόθεν
2995 4673 3097 4724 μοι
3132 4657 3277 4724 κρέα
3331 4656 3542 4711 δοῦναι

1959 4739 2138 4792 παντί
2158 4738 2238 4804 τῷ
2260 4738 2388 4804 λαῷ
2427 4730 2635 4807 τούτῳ,
2671 4741 2759 4794 ὅτι
2808 4744 3131 4798 κλαίουσιν
3162 4746 3254 4798 ἐπ’
3281 4745 3411 4814 ἐμοὶ
3440 4745 3541 4800 υἱέα

1956 4850 2187 4902 τοντες,
2212 4833 2318 4898 Δὸς
2355 4832 2500 4901 ἡμῖν
2522 4832 2684 4902 κρέα,
2703 4835 2804 4888 ἵνα
2831 4837 3111 4905 φάγωμεν
3121 4854 3142 4902 ;
3162 4840 3244 4891 Οὐ
3273 4837 3541 4903 δυνήσο-

1949 4940 2058 4991 μαι
2096 4923 2210 4992 ἐγὼ
2232 4923 2422 4991 μόνος
2441 4923 2647 4991 φέρειν
2669 4925 2774 4978 τὸν
2795 4927 2951 4980 λαὸν
2972 4926 3211 4991 τοῦτον,
3238 4927 3327 4981 ὅτι
3346 4928 3539 4996 ,βαρύ-

1953 5013 2130 5077 τερόν
2170 5028 2274 5078 μοι
2320 5010 2455 5064 ἐστὶ
2496 5011 2562 5063 τὸ
2591 5010 2756 5082 ῥῆμα
2794 5015 2994 5068 τοῦτο·
3050 5017 3103 5068 εί
3131 5015 3200 5068 δὲ
3233 5015 3421 5082 οὕτως
3462 5017 3538 5069 οὐ

1954 5099 2144 5165 ποιεῖς
2184 5118 2307 5168 μοι,
2354 5102 2715 5155 ἀπόκτεινόν
2759 5119 2837 5171 με
2864 5103 3190 5170 ἀναιρέσει,
3229 5106 3281 5156 εὶ
3311 5104 3537 5171 εὕρηκα

1952 5191 2131 5259 χάριν
2181 5193 2460 5248 ἐναντίον
2514 5211 2652 5251 σου.
2694 5197 2880 5248 Ταῦτα
2930 5199 3139 5260 ἐκεῖνος
3178 5197 3477 5269 ἐφθέγξατο
3504 5199 3537 5250 6

1951 5279 2142 5343 εἰπὼν,
2171 5283 2279 5336 Καὶ
2309 5283 2444 5345 νῦν,
2468 5286 2520 5336 εί
2532 5285 2650 5352 μὲν
2667 5283 2829 5352 ἀφῇς
2853 5284 3055 5350 αὐτοῖς
3079 5284 3192 5353 τὴν
3218 5285 3530 5354 ἁμαρτίαν,

1950 5367 2118 5438 ἄφες
2151 5373 2204 5424 εὶ
2235 5370 2304 5423 δὲ
2351 5371 2458 5441 μὴ.
2485 5371 2812 5441 ὲξάλειψόν
2845 5390 2921 5442 με
2954 5373 3022 5427 ἐκ
3051 5373 3162 5441 τῆς
3187 5373 3414 5438 ,βίϐλου
3455 5370 3534 5444 ἧς

1949 5457 2234 5526 ἔγραψας.
2269 5458 2455 5524 Οὕτως
2480 5461 2640 5514 αὑτὸν
2668 5463 2701 5532 ἡ
2728 5461 2933 5532 ἀθυμία
2954 5463 3328 5533 περιέτρεψεν.
3350 5462 3418 5514 Ὅ
3430 5479 3532 5533 περ

1950 5550 2222 5621 πάσχουσι
2252 5552 2344 5603 καὶ
2373 5554 2551 5619 γονεῖς
2585 5552 2843 5618 πολλάκις
2868 5553 3392 5625 δυσανασχετοῦντες
3412 5557 3526 5618 τοῖς

1949 5638 2253 5708 γινομένοις
2282 5640 2387 5694 ὑπὸ
2424 5640 2532 5693 τῶν
2563 5642 2808 5695 παιδίων.
2844 5643 2965 5696 ’Ὀτι
2997 5642 3106 5714 γὰρ
3154 5643 3248 5696 καὶ
3285 5641 3424 5713 μετά
3455 5641 3528 5696 τὰ

2018 5810 2042 5838 ⁸
2063 5810 2146 5878 Sic_
2165 5809 2316 5859 Savil.
2343 5809 2389 5862 in
2413 5811 2660 5878 margine;
2687 5811 2736 5864 in
2770 5813 2978 5877 reliquis
3003 5814 3126 5876 haec,
3150 5815 3190 5863 εἰ
3228 5814 3354 5877 μὴ...
3382 5815 3525 5878 ἐχρή-

1957 5888 2097 5934 σατο,
2117 5871 2302 5923 desunt
