  <div class='ocr_page' id='page_1' title='image "/cluster/home/n/w/nwhite01/storage/ocr_20150623/47/nnc1.0046978321/439.png"; bbox 0 0 4036 6416; ppageno 0'>
   <div class='ocr_carea' id='block_1_1' title="bbox 509 292 614 352">
    <p class='ocr_par' dir='ltr' id='par_1_1' title="bbox 509 292 614 352">
     <span class='ocr_line' id='line_1_1' title="bbox 509 292 614 352; baseline 0 -1"><span class='ocrx_word' id='word_1_1' title='bbox 509 292 614 352; x_wconf 73' lang='grc' dir='ltr'>ΠἹ</span> 
     </span>
    </p>
   </div>
   <div class='ocr_carea' id='block_1_2' title="bbox 516 410 2099 487">
    <p class='ocr_par' dir='ltr' id='par_1_2' title="bbox 516 410 2099 487">
     <span class='ocr_line' id='line_1_2' title="bbox 516 410 2099 487; baseline 0.001 -21"><span class='ocrx_word' id='word_1_2' title='bbox 516 415 743 487; x_wconf 76' lang='grc' dir='ltr'>ῥήματα</span> <span class='ocrx_word' id='word_1_3' title='bbox 768 410 944 468; x_wconf 73' lang='grc' dir='ltr'>ταῦτα</span> <span class='ocrx_word' id='word_1_4' title='bbox 987 414 1090 468; x_wconf 78' lang='grc' dir='ltr'>οὐκ</span> <span class='ocrx_word' id='word_1_5' title='bbox 1121 412 1400 468; x_wconf 87' lang='grc' dir='ltr'>ἐπαύσατο</span> <span class='ocrx_word' id='word_1_6' title='bbox 1451 414 1553 485; x_wconf 84' lang='grc' dir='ltr'>τῆς</span> <span class='ocrx_word' id='word_1_7' title='bbox 1608 411 1955 476; x_wconf 79' lang='grc' dir='ltr'>συμπαθείας</span> <span class='ocrx_word' id='word_1_8' title='bbox 1998 412 2099 482; x_wconf 78' lang='grc' dir='ltr'>τῆς</span> 
     </span>
    </p>
   </div>
   <div class='ocr_carea' id='block_1_3' title="bbox 512 491 2099 570">
    <p class='ocr_par' dir='ltr' id='par_1_3' title="bbox 512 491 2099 570">
     <span class='ocr_line' id='line_1_3' title="bbox 512 491 2099 570; baseline 0 -19"><span class='ocrx_word' id='word_1_9' title='bbox 512 498 653 570; x_wconf 77' lang='grc' dir='ltr'>πρὸς</span> <span class='ocrx_word' id='word_1_10' title='bbox 684 498 902 562; x_wconf 79' lang='grc' dir='ltr'>αὐτοὺς,</span> <span class='ocrx_word' id='word_1_11' title='bbox 936 496 995 564; x_wconf 84' lang='grc' dir='ltr'>ἐξ</span> <span class='ocrx_word' id='word_1_12' title='bbox 1026 491 1102 552; x_wconf 85' lang='grc' dir='ltr'>ὧν</span> <span class='ocrx_word' id='word_1_13' title='bbox 1138 498 1276 570; x_wconf 90' lang='grc' dir='ltr'>μετά</span> <span class='ocrx_word' id='word_1_14' title='bbox 1293 498 1469 553; x_wconf 82' lang='grc' dir='ltr'>ταῦτα</span> <span class='ocrx_word' id='word_1_15' title='bbox 1491 497 1735 570; x_wconf 86' lang='grc' dir='ltr'>ἐποίησε,</span> <span class='ocrx_word' id='word_1_16' title='bbox 1766 495 1922 568; x_wconf 84' lang='grc' dir='ltr'>δῆλον</span> <span class='ocrx_word' id='word_1_17' title='bbox 1947 497 2099 567; x_wconf 86' lang='grc' dir='ltr'>ήμῖν.</span> 
     </span>
    </p>
   </div>
   <div class='ocr_carea' id='block_1_4' title="bbox 523 579 2103 652">
    <p class='ocr_par' dir='ltr' id='par_1_4' title="bbox 523 579 2103 652">
     <span class='ocr_line' id='line_1_4' title="bbox 523 579 2103 652; baseline -0.002 -18"><span class='ocrx_word' id='word_1_18' title='bbox 523 580 744 651; x_wconf 80' lang='grc' dir='ltr'>Ἐπειδὴ</span> <span class='ocrx_word' id='word_1_19' title='bbox 801 581 913 651; x_wconf 85' lang='grc' dir='ltr'>γὰρ</span> <span class='ocrx_word' id='word_1_20' title='bbox 971 580 1110 652; x_wconf 88' lang='grc' dir='ltr'>μετά</span> <span class='ocrx_word' id='word_1_21' title='bbox 1167 582 1230 635; x_wconf 99' lang='lat' dir='ltr'>rb</span> <span class='ocrx_word' id='word_1_22' title='bbox 1286 583 1413 646; x_wconf 82' lang='grc' dir='ltr'>τοὺς</span> <span class='ocrx_word' id='word_1_23' title='bbox 1465 582 1849 644; x_wconf 84' lang='grc' dir='ltr'>κατασκόπους</span> <span class='ocrx_word' id='word_1_24' title='bbox 1895 579 2103 632; x_wconf 81' lang='grc' dir='ltr'>ἀνελεῖν</span> 
     </span>
    </p>
   </div>
   <div class='ocr_carea' id='block_1_5' title="bbox 514 660 2105 735">
    <p class='ocr_par' dir='ltr' id='par_1_5' title="bbox 514 660 2105 735">
     <span class='ocr_line' id='line_1_5' title="bbox 514 660 2105 735; baseline -0.003 -18"><span class='ocrx_word' id='word_1_25' title='bbox 514 663 855 735; x_wconf 77' lang='grc' dir='ltr'>ἐπεχείρουν,</span> <span class='ocrx_word' id='word_1_26' title='bbox 887 663 982 717; x_wconf 79' lang='grc' dir='ltr'>καὶ</span> <span class='ocrx_word' id='word_1_27' title='bbox 1010 663 1178 729; x_wconf 81' lang='grc' dir='ltr'>λίθοις</span> <span class='ocrx_word' id='word_1_28' title='bbox 1214 664 1378 718; x_wconf 77' lang='grc' dir='ltr'>αὐτὸν</span> <span class='ocrx_word' id='word_1_29' title='bbox 1419 664 1661 726; x_wconf 80' lang='grc' dir='ltr'>ἔϐαλλον,</span> <span class='ocrx_word' id='word_1_30' title='bbox 1698 660 1977 732; x_wconf 89' lang='grc' dir='ltr'>διαφυγὼν</span> <span class='ocrx_word' id='word_1_31' title='bbox 2003 660 2105 724; x_wconf 90' lang='grc' dir='ltr'>τάς</span> 
     </span>
    </p>
   </div>
   <div class='ocr_carea' id='block_1_6' title="bbox 514 743 2104 820">
    <p class='ocr_par' dir='ltr' id='par_1_6' title="bbox 514 743 2104 820">
     <span class='ocr_line' id='line_1_6' title="bbox 514 743 2104 820; baseline -0.002 -20"><span class='ocrx_word' id='word_1_32' title='bbox 514 750 706 819; x_wconf 86' lang='grc' dir='ltr'>χεῖρας</span> <span class='ocrx_word' id='word_1_33' title='bbox 761 746 943 800; x_wconf 80' lang='grc' dir='ltr'>αὐτῶν</span> <span class='ocrx_word' id='word_1_34' title='bbox 1012 748 1105 800; x_wconf 77' lang='grc' dir='ltr'>ἐπὶ</span> <span class='ocrx_word' id='word_1_35' title='bbox 1161 748 1262 820; x_wconf 81' lang='grc' dir='ltr'>τὴν</span> <span class='ocrx_word' id='word_1_36' title='bbox 1338 749 1481 819; x_wconf 78' lang='grc' dir='ltr'>ὑπὲρ</span> <span class='ocrx_word' id='word_1_37' title='bbox 1537 747 1716 802; x_wconf 83' lang='grc' dir='ltr'>αὐτῶν</span> <span class='ocrx_word' id='word_1_38' title='bbox 1779 746 1944 817; x_wconf 77' lang='grc' dir='ltr'>εύχὴν</span> <span class='ocrx_word' id='word_1_39' title='bbox 1994 743 2104 798; x_wconf 87' lang='grc' dir='ltr'>πά-</span> 
     </span>
    </p>
   </div>
   <div class='ocr_carea' id='block_1_7' title="bbox 516 828 2106 904">
    <p class='ocr_par' dir='ltr' id='par_1_7' title="bbox 516 828 2106 904">
     <span class='ocr_line' id='line_1_7' title="bbox 516 828 2106 904; baseline 0 -23"><span class='ocrx_word' id='word_1_40' title='bbox 516 828 603 883; x_wconf 93' lang='grc' dir='ltr'>λιν</span> <span class='ocrx_word' id='word_1_41' title='bbox 640 828 925 901; x_wconf 79' lang='grc' dir='ltr'>ἐτρέπετο,</span> <span class='ocrx_word' id='word_1_42' title='bbox 982 831 1078 884; x_wconf 79' lang='grc' dir='ltr'>καὶ</span> <span class='ocrx_word' id='word_1_43' title='bbox 1123 831 1217 885; x_wconf 79' lang='grc' dir='ltr'>τὸν</span> <span class='ocrx_word' id='word_1_44' title='bbox 1275 831 1411 886; x_wconf 83' lang='grc' dir='ltr'>Θεὸν</span> <span class='ocrx_word' id='word_1_45' title='bbox 1461 832 1763 904; x_wconf 81' lang='grc' dir='ltr'>παρεκάλει</span> <span class='ocrx_word' id='word_1_46' title='bbox 1815 829 1972 884; x_wconf 81' lang='grc' dir='ltr'>ἵλεων</span> <span class='ocrx_word' id='word_1_47' title='bbox 2008 844 2106 897; x_wconf 85' lang='grc' dir='ltr'>γε·</span> 
     </span>
    </p>
   </div>
   <div class='ocr_carea' id='block_1_8' title="bbox 515 911 2107 984">
    <p class='ocr_par' dir='ltr' id='par_1_8' title="bbox 515 911 2107 984">
     <span class='ocr_line' id='line_1_8' title="bbox 515 911 2107 984; baseline -0.001 -17"><span class='ocrx_word' id='word_1_48' title='bbox 515 911 704 967; x_wconf 87' lang='grc' dir='ltr'>νέσθαι</span> <span class='ocrx_word' id='word_1_49' title='bbox 754 915 869 976; x_wconf 89' lang='grc' dir='ltr'>τοῖς</span> <span class='ocrx_word' id='word_1_50' title='bbox 928 911 1278 984; x_wconf 82' lang='grc' dir='ltr'>βουλομένοις</span> <span class='ocrx_word' id='word_1_51' title='bbox 1340 916 1505 970; x_wconf 81' lang='grc' dir='ltr'>αὑτὸν</span> <span class='ocrx_word' id='word_1_52' title='bbox 1560 915 1787 969; x_wconf 88' lang='grc' dir='ltr'>ἀνελεῖν·</span> <span class='ocrx_word' id='word_1_53' title='bbox 1830 912 1972 967; x_wconf 77' lang='grc' dir='ltr'>οὕτω</span> <span class='ocrx_word' id='word_1_54' title='bbox 2011 911 2107 965; x_wconf 74' lang='grc' dir='ltr'>καὶ</span> 
     </span>
    </p>
   </div>
   <div class='ocr_carea' id='block_1_9' title="bbox 518 994 2107 1072">
    <p class='ocr_par' dir='ltr' id='par_1_9' title="bbox 518 994 2107 1072">
     <span class='ocr_line' id='line_1_9' title="bbox 518 994 2107 1072; baseline -0.004 -19"><span class='ocrx_word' id='word_1_55' title='bbox 518 997 620 1067; x_wconf 85' lang='grc' dir='ltr'>τῆς</span> <span class='ocrx_word' id='word_1_56' title='bbox 678 998 918 1070; x_wconf 80' lang='grc' dir='ltr'>φυσικῆς</span> <span class='ocrx_word' id='word_1_57' title='bbox 966 998 1347 1072; x_wconf 76' lang='grc' dir='ltr'>φιλοστοργίας</span> <span class='ocrx_word' id='word_1_58' title='bbox 1404 998 1760 1070; x_wconf 85' lang='grc' dir='ltr'>σφοδρότερον</span> <span class='ocrx_word' id='word_1_59' title='bbox 1829 994 1980 1067; x_wconf 89' lang='grc' dir='ltr'>αύτῷ</span> <span class='ocrx_word' id='word_1_60' title='bbox 2044 994 2107 1047; x_wconf 89' lang='lat' dir='ltr'>rb</span> 
     </span>
    </p>
   </div>
   <div class='ocr_carea' id='block_1_10' title="bbox 521 1079 2109 1152">
    <p class='ocr_par' dir='ltr' id='par_1_10' title="bbox 521 1079 2109 1152">
     <span class='ocr_line' id='line_1_10' title="bbox 521 1079 2109 1152; baseline -0.001 -19"><span class='ocrx_word' id='word_1_61' title='bbox 521 1081 744 1152; x_wconf 80' lang='grc' dir='ltr'>φίλτρον</span> <span class='ocrx_word' id='word_1_62' title='bbox 805 1082 1067 1136; x_wconf 80' lang='grc' dir='ltr'>ἐνέκειτο.</span> <span class='ocrx_word' id='word_1_63' title='bbox 1133 1083 1255 1138; x_wconf 85' lang='grc' dir='ltr'>Τῶν</span> <span class='ocrx_word' id='word_1_64' title='bbox 1314 1083 1494 1138; x_wconf 83' lang='grc' dir='ltr'>τοίνυν</span> <span class='ocrx_word' id='word_1_65' title='bbox 1551 1081 1914 1137; x_wconf 88' lang='grc' dir='ltr'>κατασκόπων</span> <span class='ocrx_word' id='word_1_66' title='bbox 1973 1079 2109 1133; x_wconf 90' lang='grc' dir='ltr'>ἀπο-</span> 
     </span>
    </p>
   </div>
   <div class='ocr_carea' id='block_1_11' title="bbox 522 1161 2108 1239">
    <p class='ocr_par' dir='ltr' id='par_1_11' title="bbox 522 1161 2108 1239">
     <span class='ocr_line' id='line_1_11' title="bbox 522 1161 2108 1239; baseline -0.004 -19"><span class='ocrx_word' id='word_1_67' title='bbox 522 1165 812 1231; x_wconf 83' lang='grc' dir='ltr'>θανόντων,</span> <span class='ocrx_word' id='word_1_68' title='bbox 862 1166 958 1220; x_wconf 78' lang='grc' dir='ltr'>καὶ</span> <span class='ocrx_word' id='word_1_69' title='bbox 1008 1165 1103 1221; x_wconf 80' lang='grc' dir='ltr'>τοῦ</span> <span class='ocrx_word' id='word_1_70' title='bbox 1165 1167 1398 1232; x_wconf 80' lang='grc' dir='ltr'>πένθους</span> <span class='ocrx_word' id='word_1_71' title='bbox 1466 1165 1828 1239; x_wconf 78' lang='grc' dir='ltr'>ἀκμάζοντος,</span> <span class='ocrx_word' id='word_1_72' title='bbox 1895 1161 2108 1217; x_wconf 82' lang='grc' dir='ltr'>οὐδέπω</span> 
     </span>
    </p>
   </div>
   <div class='ocr_carea' id='block_1_12' title="bbox 522 1245 2110 1322">
    <p class='ocr_par' dir='ltr' id='par_1_12' title="bbox 522 1245 2110 1322">
     <span class='ocr_line' id='line_1_12' title="bbox 522 1245 2110 1322; baseline -0.003 -20"><span class='ocrx_word' id='word_1_73' title='bbox 522 1249 886 1320; x_wconf 79' lang='grc' dir='ltr'>παρελθόντος</span> <span class='ocrx_word' id='word_1_74' title='bbox 911 1250 1127 1322; x_wconf 87' lang='grc' dir='ltr'>χρόνου,</span> <span class='ocrx_word' id='word_1_75' title='bbox 1168 1252 1330 1306; x_wconf 88' lang='grc' dir='ltr'>πάλιν</span> <span class='ocrx_word' id='word_1_76' title='bbox 1368 1252 1559 1321; x_wconf 88' lang='grc' dir='ltr'>ἐτέρας</span> <span class='ocrx_word' id='word_1_77' title='bbox 1592 1249 1823 1304; x_wconf 81' lang='grc' dir='ltr'>ἕπλεκον</span> <span class='ocrx_word' id='word_1_78' title='bbox 1866 1245 2110 1317; x_wconf 81' lang='grc' dir='ltr'>ἀθυμίας</span> 
     </span>
    </p>
   </div>
   <div class='ocr_carea' id='block_1_13' title="bbox 522 1332 2112 1408">
    <p class='ocr_par' dir='ltr' id='par_1_13' title="bbox 522 1332 2112 1408">
     <span class='ocr_line' id='line_1_13' title="bbox 522 1332 2112 1408; baseline -0.003 -20"><span class='ocrx_word' id='word_1_79' title='bbox 522 1332 811 1396; x_wconf 78' lang='grc' dir='ltr'>ὑποθέσεις</span> <span class='ocrx_word' id='word_1_80' title='bbox 840 1334 1010 1404; x_wconf 83' lang='grc' dir='ltr'>αὐτῷ,</span> <span class='ocrx_word' id='word_1_81' title='bbox 1063 1335 1280 1407; x_wconf 86' lang='grc' dir='ltr'>πρῶτον</span> <span class='ocrx_word' id='word_1_82' title='bbox 1320 1336 1418 1408; x_wconf 82' lang='grc' dir='ltr'>μὲν</span> <span class='ocrx_word' id='word_1_83' title='bbox 1465 1336 1567 1389; x_wconf 89' lang='grc' dir='ltr'>ούκ</span> <span class='ocrx_word' id='word_1_84' title='bbox 1602 1333 1963 1405; x_wconf 77' lang='grc' dir='ltr'>ἀνασχόμενοι</span> <span class='ocrx_word' id='word_1_85' title='bbox 2009 1347 2112 1383; x_wconf 82' lang='grc' dir='ltr'>κω-</span> 
     </span>
    </p>
   </div>
   <div class='ocr_carea' id='block_1_14' title="bbox 520 1412 2113 1490">
    <p class='ocr_par' dir='ltr' id='par_1_14' title="bbox 520 1412 2113 1490">
     <span class='ocr_line' id='line_1_14' title="bbox 520 1412 2113 1490; baseline -0.001 -22"><span class='ocrx_word' id='word_1_86' title='bbox 520 1413 744 1480; x_wconf 80' lang='grc' dir='ltr'>λύοντος</span> <span class='ocrx_word' id='word_1_87' title='bbox 790 1417 1067 1487; x_wconf 85' lang='grc' dir='ltr'>πολεμεῖν,</span> <span class='ocrx_word' id='word_1_88' title='bbox 1123 1417 1377 1490; x_wconf 88' lang='grc' dir='ltr'>δεύτερον</span> <span class='ocrx_word' id='word_1_89' title='bbox 1425 1419 1484 1473; x_wconf 84' lang='grc' dir='ltr'>δὲ</span> <span class='ocrx_word' id='word_1_90' title='bbox 1548 1417 1955 1478; x_wconf 88' lang='grc' dir='ltr'>κατακοπέντες</span> <span class='ocrx_word' id='word_1_91' title='bbox 2007 1412 2113 1467; x_wconf 80' lang='grc' dir='ltr'>ὑπὸ</span> 
     </span>
    </p>
   </div>
   <div class='ocr_carea' id='block_1_15' title="bbox 520 1497 2111 1574">
    <p class='ocr_par' dir='ltr' id='par_1_15' title="bbox 520 1497 2111 1574">
     <span class='ocr_line' id='line_1_15' title="bbox 520 1497 2111 1574; baseline -0.002 -22"><span class='ocrx_word' id='word_1_92' title='bbox 520 1499 633 1553; x_wconf 86' lang='grc' dir='ltr'>τῶν</span> <span class='ocrx_word' id='word_1_93' title='bbox 695 1500 1096 1572; x_wconf 86' lang='grc' dir='ltr'>Ἀμαληκιτῶν·</span> <span class='ocrx_word' id='word_1_94' title='bbox 1151 1497 1293 1574; x_wconf 85' lang='grc' dir='ltr'>ἦσαν</span> <span class='ocrx_word' id='word_1_95' title='bbox 1345 1501 1403 1556; x_wconf 81' lang='grc' dir='ltr'>δὲ</span> <span class='ocrx_word' id='word_1_96' title='bbox 1431 1502 1527 1556; x_wconf 74' lang='grc' dir='ltr'>καὶ</span> <span class='ocrx_word' id='word_1_97' title='bbox 1575 1502 1682 1573; x_wconf 82' lang='grc' dir='ltr'>πρὸ</span> <span class='ocrx_word' id='word_1_98' title='bbox 1717 1499 1812 1554; x_wconf 77' lang='grc' dir='ltr'>τοῦ</span> <span class='ocrx_word' id='word_1_99' title='bbox 1871 1497 2111 1569; x_wconf 87' lang='grc' dir='ltr'>πολέμου</span> 
     </span>
    </p>
   </div>
   <div class='ocr_carea' id='block_1_16' title="bbox 523 1582 2116 1657">
    <p class='ocr_par' dir='ltr' id='par_1_16' title="bbox 523 1582 2116 1657">
     <span class='ocr_line' id='line_1_16' title="bbox 523 1582 2116 1657; baseline -0.001 -21"><span class='ocrx_word' id='word_1_100' title='bbox 523 1583 716 1637; x_wconf 89' lang='grc' dir='ltr'>τούτου</span> <span class='ocrx_word' id='word_1_101' title='bbox 764 1587 830 1656; x_wconf 76' lang='grc' dir='ltr'>τῇ</span> <span class='ocrx_word' id='word_1_102' title='bbox 891 1584 1091 1657; x_wconf 79' lang='grc' dir='ltr'>χολέρᾳ</span> <span class='ocrx_word' id='word_1_103' title='bbox 1145 1587 1239 1639; x_wconf 75' lang='grc' dir='ltr'>καὶ</span> <span class='ocrx_word' id='word_1_104' title='bbox 1288 1587 1354 1656; x_wconf 76' lang='grc' dir='ltr'>τῇ</span> <span class='ocrx_word' id='word_1_105' title='bbox 1419 1583 1833 1657; x_wconf 78' lang='grc' dir='ltr'>γαστριμαργίᾳ</span> <span class='ocrx_word' id='word_1_106' title='bbox 1871 1582 2116 1652; x_wconf 87' lang='grc' dir='ltr'>δαπανη-</span> 
     </span>
    </p>
   </div>
   <div class='ocr_carea' id='block_1_17' title="bbox 526 1662 2115 1738">
    <p class='ocr_par' dir='ltr' id='par_1_17' title="bbox 526 1662 2115 1738">
     <span class='ocr_line' id='line_1_17' title="bbox 526 1662 2115 1738; baseline -0.001 -20"><span class='ocrx_word' id='word_1_107' title='bbox 526 1665 715 1730; x_wconf 77' lang='grc' dir='ltr'>θέντες</span> <span class='ocrx_word' id='word_1_108' title='bbox 747 1667 968 1732; x_wconf 75' lang='grc' dir='ltr'>ἱκανῶς.</span> <span class='ocrx_word' id='word_1_109' title='bbox 1007 1667 1119 1722; x_wconf 90' lang='lat' dir='ltr'>Kal</span> <span class='ocrx_word' id='word_1_110' title='bbox 1156 1668 1266 1738; x_wconf 78' lang='grc' dir='ltr'>γὰρ</span> <span class='ocrx_word' id='word_1_111' title='bbox 1291 1666 1603 1723; x_wconf 79' lang='grc' dir='ltr'>ἀπέκτεινε</span> <span class='ocrx_word' id='word_1_112' title='bbox 1625 1707 1640 1732; x_wconf 93' lang='grc'>,</span> <span class='ocrx_word' id='word_1_113' title='bbox 1676 1668 1862 1738; x_wconf 73' lang='grc' dir='ltr'>φησὶν,</span> <span class='ocrx_word' id='word_1_114' title='bbox 1891 1665 1962 1720; x_wconf 85' lang='grc' dir='ltr'>ἐν</span> <span class='ocrx_word' id='word_1_115' title='bbox 1988 1662 2115 1728; x_wconf 85' lang='grc' dir='ltr'>τοῖς</span> 
     </span>
    </p>
   </div>
   <div class='ocr_carea' id='block_1_18' title="bbox 523 1744 2116 1822">
    <p class='ocr_par' dir='ltr' id='par_1_18' title="bbox 523 1744 2116 1822">
     <span class='ocr_line' id='line_1_18' title="bbox 523 1744 2116 1822; baseline 0.004 -20"><span class='ocrx_word' id='word_1_116' title='bbox 523 1751 809 1804; x_wconf 68' lang='grc' dir='ltr'>πλείοσιν</span> <span class='ocrx_word' id='word_1_117' title='bbox 834 1749 1063 1816; x_wconf 85' lang='grc' dir='ltr'>αὐτῶν,</span> <span class='ocrx_word' id='word_1_118' title='bbox 1095 1751 1185 1805; x_wconf 79' lang='grc' dir='ltr'>ἐτι</span> <span class='ocrx_word' id='word_1_119' title='bbox 1223 1751 1336 1821; x_wconf 83' lang='grc' dir='ltr'>τῆς</span> <span class='ocrx_word' id='word_1_120' title='bbox 1368 1751 1658 1822; x_wconf 78' lang='grc' dir='ltr'>βρώσεως</span> <span class='ocrx_word' id='word_1_121' title='bbox 1695 1751 1894 1819; x_wconf 80' lang='grc' dir='ltr'>οὔσης</span> <span class='ocrx_word' id='word_1_122' title='bbox 1930 1747 2002 1802; x_wconf 80' lang='grc' dir='ltr'>ἐν</span> <span class='ocrx_word' id='word_1_123' title='bbox 2032 1744 2116 1812; x_wconf 75' lang='grc' dir='ltr'>τῷ</span> 
     </span>
    </p>
   </div>
   <div class='ocr_carea' id='block_1_19' title="bbox 520 1830 2117 1906">
    <p class='ocr_par' dir='ltr' id='par_1_19' title="bbox 520 1830 2117 1906">
     <span class='ocr_line' id='line_1_19' title="bbox 520 1830 2117 1906; baseline -0.003 -20"><span class='ocrx_word' id='word_1_124' title='bbox 520 1833 776 1903; x_wconf 81' lang='grc' dir='ltr'>στόματι</span> <span class='ocrx_word' id='word_1_125' title='bbox 794 1834 1013 1888; x_wconf 85' lang='grc' dir='ltr'>αὐτῶν.</span> <span class='ocrx_word' id='word_1_126' title='bbox 1041 1834 1390 1906; x_wconf 85' lang='grc' dir='ltr'>Θεασάμενος</span> <span class='ocrx_word' id='word_1_127' title='bbox 1412 1836 1470 1889; x_wconf 82' lang='grc' dir='ltr'>δὲ</span> <span class='ocrx_word' id='word_1_128' title='bbox 1490 1836 1587 1889; x_wconf 82' lang='grc' dir='ltr'>καὶ</span> <span class='ocrx_word' id='word_1_129' title='bbox 1604 1834 1698 1889; x_wconf 80' lang='grc' dir='ltr'>τὸν</span> <span class='ocrx_word' id='word_1_130' title='bbox 1722 1833 1953 1888; x_wconf 85' lang='grc' dir='ltr'>θάνατον</span> <span class='ocrx_word' id='word_1_131' title='bbox 1979 1830 2117 1884; x_wconf 78' lang='grc' dir='ltr'>ἐκεῖ·</span> 
     </span>
    </p>
   </div>
   <div class='ocr_carea' id='block_1_20' title="bbox 524 1915 2118 1989">
    <p class='ocr_par' dir='ltr' id='par_1_20' title="bbox 524 1915 2118 1989">
     <span class='ocr_line' id='line_1_20' title="bbox 524 1915 2118 1989; baseline -0.003 -19"><span class='ocrx_word' id='word_1_132' title='bbox 524 1933 616 1970; x_wconf 89' lang='grc' dir='ltr'>νον</span> <span class='ocrx_word' id='word_1_133' title='bbox 640 1916 732 1970; x_wconf 83' lang='grc' dir='ltr'>τὸν</span> <span class='ocrx_word' id='word_1_134' title='bbox 747 1917 933 1981; x_wconf 81' lang='grc' dir='ltr'>πολὺν,</span> <span class='ocrx_word' id='word_1_135' title='bbox 963 1917 1116 1972; x_wconf 78' lang='grc' dir='ltr'>οὔπω</span> <span class='ocrx_word' id='word_1_136' title='bbox 1144 1919 1243 1989; x_wconf 85' lang='grc' dir='ltr'>τῆς</span> <span class='ocrx_word' id='word_1_137' title='bbox 1271 1918 1514 1988; x_wconf 85' lang='grc' dir='ltr'>ἀθυμίας</span> <span class='ocrx_word' id='word_1_138' title='bbox 1539 1918 1642 1989; x_wconf 80' lang='grc' dir='ltr'>τῆς</span> <span class='ocrx_word' id='word_1_139' title='bbox 1680 1918 1775 1972; x_wconf 77' lang='grc' dir='ltr'>ἐπὶ</span> <span class='ocrx_word' id='word_1_140' title='bbox 1804 1915 1984 1986; x_wconf 83' lang='grc' dir='ltr'>τούτῳ</span> <span class='ocrx_word' id='word_1_141' title='bbox 2019 1929 2118 1967; x_wconf 81' lang='grc' dir='ltr'>πε-</span> 
     </span>
    </p>
   </div>
   <div class='ocr_carea' id='block_1_21' title="bbox 526 1997 2118 2075">
    <p class='ocr_par' dir='ltr' id='par_1_21' title="bbox 526 1997 2118 2075">
     <span class='ocr_line' id='line_1_21' title="bbox 526 1997 2118 2075; baseline 0.003 -20"><span class='ocrx_word' id='word_1_142' title='bbox 526 2001 848 2073; x_wconf 81' lang='grc' dir='ltr'>παυμένης,</span> <span class='ocrx_word' id='word_1_143' title='bbox 900 2002 1075 2075; x_wconf 85' lang='grc' dir='ltr'>ἐτέρῳ</span> <span class='ocrx_word' id='word_1_144' title='bbox 1116 2003 1280 2057; x_wconf 91' lang='grc' dir='ltr'>πάλιν</span> <span class='ocrx_word' id='word_1_145' title='bbox 1325 2003 1581 2058; x_wconf 89' lang='grc' dir='ltr'>ἐϐάλλετο</span> <span class='ocrx_word' id='word_1_146' title='bbox 1625 2000 1854 2065; x_wconf 86' lang='grc' dir='ltr'>πένθει,</span> <span class='ocrx_word' id='word_1_147' title='bbox 1902 1998 1997 2054; x_wconf 70' lang='grc' dir='ltr'>καὶ</span> <span class='ocrx_word' id='word_1_148' title='bbox 2036 1997 2118 2060; x_wconf 78' lang='grc' dir='ltr'>εἰς</span> 
     </span>
    </p>
   </div>
   <div class='ocr_carea' id='block_1_22' title="bbox 525 2080 2120 2160">
    <p class='ocr_par' dir='ltr' id='par_1_22' title="bbox 525 2080 2120 2160">
     <span class='ocr_line' id='line_1_22' title="bbox 525 2080 2120 2160; baseline 0.003 -20"><span class='ocrx_word' id='word_1_149' title='bbox 525 2086 786 2157; x_wconf 82' lang='grc' dir='ltr'>τοιαύτην</span> <span class='ocrx_word' id='word_1_150' title='bbox 824 2087 1073 2160; x_wconf 86' lang='grc' dir='ltr'>ἀνάγκην</span> <span class='ocrx_word' id='word_1_151' title='bbox 1122 2087 1447 2154; x_wconf 83' lang='grc' dir='ltr'>καθίστατο,</span> <span class='ocrx_word' id='word_1_152' title='bbox 1497 2088 1574 2152; x_wconf 87' lang='grc' dir='ltr'>ὡς</span> <span class='ocrx_word' id='word_1_153' title='bbox 1624 2086 1750 2150; x_wconf 79' lang='grc' dir='ltr'>τοὺς</span> <span class='ocrx_word' id='word_1_154' title='bbox 1798 2080 2120 2159; x_wconf 72' lang='grc' dir='ltr'>ἀγαπητοὺς</span> 
     </span>
    </p>
   </div>
   <div class='ocr_carea' id='block_1_23' title="bbox 528 2169 2120 2241">
    <p class='ocr_par' dir='ltr' id='par_1_23' title="bbox 528 2169 2120 2241">
     <span class='ocr_line' id='line_1_23' title="bbox 528 2169 2120 2241; baseline -0.004 -16"><span class='ocrx_word' id='word_1_155' title='bbox 528 2171 625 2224; x_wconf 71' lang='grc' dir='ltr'>καὶ</span> <span class='ocrx_word' id='word_1_156' title='bbox 653 2170 944 2241; x_wconf 79' lang='grc' dir='ltr'>φιλτάτους</span> <span class='ocrx_word' id='word_1_157' title='bbox 972 2172 1195 2236; x_wconf 83' lang='grc' dir='ltr'>τούτους</span> <span class='ocrx_word' id='word_1_158' title='bbox 1224 2171 1483 2237; x_wconf 79' lang='grc' dir='ltr'>εὔξασθαι</span> <span class='ocrx_word' id='word_1_159' title='bbox 1523 2171 1658 2241; x_wconf 81' lang='grc' dir='ltr'>ξένῳ</span> <span class='ocrx_word' id='word_1_160' title='bbox 1683 2169 1910 2234; x_wconf 52' lang='grc' dir='ltr'>τινικαὶ</span> <span class='ocrx_word' id='word_1_161' title='bbox 1939 2181 2120 2239; x_wconf 86' lang='grc' dir='ltr'>παρα-</span> 
     </span>
    </p>
   </div>
   <div class='ocr_carea' id='block_1_24' title="bbox 525 2248 2120 2326">
    <p class='ocr_par' dir='ltr' id='par_1_24' title="bbox 525 2248 2120 2326">
     <span class='ocr_line' id='line_1_24' title="bbox 525 2248 2120 2326; baseline 0.003 -19"><span class='ocrx_word' id='word_1_162' title='bbox 525 2252 664 2325; x_wconf 88' lang='grc' dir='ltr'>δόξῳ</span> <span class='ocrx_word' id='word_1_163' title='bbox 689 2253 904 2326; x_wconf 83' lang='grc' dir='ltr'>θανάτῳ</span> <span class='ocrx_word' id='word_1_164' title='bbox 930 2253 1232 2310; x_wconf 81' lang='grc' dir='ltr'>καταλῦσαι</span> <span class='ocrx_word' id='word_1_165' title='bbox 1257 2255 1349 2309; x_wconf 79' lang='grc' dir='ltr'>τὸν</span> <span class='ocrx_word' id='word_1_166' title='bbox 1378 2254 1493 2325; x_wconf 86' lang='grc' dir='ltr'>βίον</span> <span class='ocrx_word' id='word_1_167' title='bbox 1509 2269 1523 2284; x_wconf 90' lang='grc'>·</span> <span class='ocrx_word' id='word_1_168' title='bbox 1550 2253 1726 2317; x_wconf 75' lang='grc' dir='ltr'>οὕτως</span> <span class='ocrx_word' id='word_1_169' title='bbox 1748 2255 1798 2306; x_wconf 87' lang='grc' dir='ltr'>οἰ</span> <span class='ocrx_word' id='word_1_170' title='bbox 1820 2250 1920 2323; x_wconf 81' lang='grc' dir='ltr'>μὲν</span> <span class='ocrx_word' id='word_1_171' title='bbox 1946 2248 2120 2321; x_wconf 65' lang='grc' dir='ltr'>πυρὸς</span> 
     </span>
    </p>
   </div>
   <div class='ocr_carea' id='block_1_25' title="bbox 527 2332 2120 2413">
    <p class='ocr_par' dir='ltr' id='par_1_25' title="bbox 527 2332 2120 2413">
     <span class='ocr_line' id='line_1_25' title="bbox 527 2332 2120 2413; baseline -0.006 -19"><span class='ocrx_word' id='word_1_172' title='bbox 527 2338 793 2408; x_wconf 77' lang='grc' dir='ltr'>ἀφθέντος</span> <span class='ocrx_word' id='word_1_173' title='bbox 820 2338 1081 2413; x_wconf 79' lang='grc' dir='ltr'>ἐξαίφνης</span> <span class='ocrx_word' id='word_1_174' title='bbox 1112 2338 1452 2412; x_wconf 87' lang='grc' dir='ltr'>ἐκαύθησαν,</span> <span class='ocrx_word' id='word_1_175' title='bbox 1498 2340 1548 2394; x_wconf 83' lang='grc' dir='ltr'>οἱ</span> <span class='ocrx_word' id='word_1_176' title='bbox 1591 2337 1650 2391; x_wconf 83' lang='grc' dir='ltr'>δὲ</span> <span class='ocrx_word' id='word_1_177' title='bbox 1682 2334 1980 2407; x_wconf 84' lang='grc' dir='ltr'>γενομένου</span> <span class='ocrx_word' id='word_1_178' title='bbox 2018 2332 2120 2403; x_wconf 90' lang='grc' dir='ltr'>χά-</span> 
     </span>
    </p>
   </div>
   <div class='ocr_carea' id='block_1_26' title="bbox 532 2417 2120 2493">
    <p class='ocr_par' dir='ltr' id='par_1_26' title="bbox 532 2417 2120 2493">
     <span class='ocr_line' id='line_1_26' title="bbox 532 2417 2120 2493; baseline -0.003 -19"><span class='ocrx_word' id='word_1_179' title='bbox 532 2438 739 2493; x_wconf 89' lang='grc' dir='ltr'>σματος</span> <span class='ocrx_word' id='word_1_180' title='bbox 785 2421 1185 2493; x_wconf 77' lang='grc' dir='ltr'>κατεπόθησαν·</span> <span class='ocrx_word' id='word_1_181' title='bbox 1230 2422 1326 2477; x_wconf 73' lang='grc' dir='ltr'>καὶ</span> <span class='ocrx_word' id='word_1_182' title='bbox 1364 2420 1490 2475; x_wconf 74' lang='grc' dir='ltr'>οὔτε</span> <span class='ocrx_word' id='word_1_183' title='bbox 1532 2417 1889 2492; x_wconf 75' lang='grc' dir='ltr'>εὐαρίθμητοι</span> <span class='ocrx_word' id='word_1_184' title='bbox 1941 2432 2120 2480; x_wconf 85' lang='grc' dir='ltr'>τινες,</span> 
     </span>
    </p>
   </div>
   <div class='ocr_carea' id='block_1_27' title="bbox 530 2501 2122 2579">
    <p class='ocr_par' dir='ltr' id='par_1_27' title="bbox 530 2501 2122 2579">
     <span class='ocr_line' id='line_1_27' title="bbox 530 2501 2122 2579; baseline -0.004 -18"><span class='ocrx_word' id='word_1_185' title='bbox 530 2506 669 2561; x_wconf 88' lang='grc' dir='ltr'>ἀλλά</span> <span class='ocrx_word' id='word_1_186' title='bbox 697 2506 1088 2563; x_wconf 87' lang='grc' dir='ltr'>πεντεκαίδεκα</span> <span class='ocrx_word' id='word_1_187' title='bbox 1113 2506 1368 2578; x_wconf 62' lang='grc' dir='ltr'>χιλιάδων</span> <span class='ocrx_word' id='word_1_188' title='bbox 1395 2505 1604 2579; x_wconf 88' lang='grc' dir='ltr'>ἀνδρῶν</span> <span class='ocrx_word' id='word_1_189' title='bbox 1626 2505 1844 2568; x_wconf 89' lang='grc' dir='ltr'>πλείους</span> <span class='ocrx_word' id='word_1_190' title='bbox 1871 2503 1922 2557; x_wconf 81' lang='grc' dir='ltr'>οἱ</span> <span class='ocrx_word' id='word_1_191' title='bbox 1948 2501 2122 2556; x_wconf 81' lang='grc' dir='ltr'>ταῦτα</span> 
     </span>
    </p>
   </div>
   <div class='ocr_carea' id='block_1_28' title="bbox 532 2586 2121 2663">
    <p class='ocr_par' dir='ltr' id='par_1_28' title="bbox 532 2586 2121 2663">
     <span class='ocr_line' id='line_1_28' title="bbox 532 2586 2121 2663; baseline -0.004 -19"><span class='ocrx_word' id='word_1_192' title='bbox 532 2589 797 2655; x_wconf 86' lang='grc' dir='ltr'>παθόντες</span> <span class='ocrx_word' id='word_1_193' title='bbox 824 2586 984 2663; x_wconf 72' lang='grc' dir='ltr'>ἦσαν.</span> <span class='ocrx_word' id='word_1_194' title='bbox 1013 2591 1217 2644; x_wconf 85' lang='grc' dir='ltr'>Τούτου</span> <span class='ocrx_word' id='word_1_195' title='bbox 1245 2590 1301 2646; x_wconf 74' lang='grc' dir='ltr'>δὲ</span> <span class='ocrx_word' id='word_1_196' title='bbox 1328 2589 1642 2662; x_wconf 86' lang='grc' dir='ltr'>γενομένου,</span> <span class='ocrx_word' id='word_1_197' title='bbox 1674 2588 1794 2652; x_wconf 88' lang='grc' dir='ltr'>πῶς</span> <span class='ocrx_word' id='word_1_198' title='bbox 1816 2588 1946 2650; x_wconf 79' lang='grc' dir='ltr'>τοὺς</span> <span class='ocrx_word' id='word_1_199' title='bbox 1974 2586 2121 2641; x_wconf 82' lang='grc' dir='ltr'>ἐκεί-</span> 
     </span>
    </p>
   </div>
   <div class='ocr_carea' id='block_1_29' title="bbox 533 2668 2125 2745">
    <p class='ocr_par' dir='ltr' id='par_1_29' title="bbox 533 2668 2125 2745">
     <span class='ocr_line' id='line_1_29' title="bbox 533 2668 2125 2745; baseline -0.004 -16"><span class='ocrx_word' id='word_1_200' title='bbox 533 2691 642 2730; x_wconf 91' lang='grc' dir='ltr'>νων</span> <span class='ocrx_word' id='word_1_201' title='bbox 682 2676 962 2745; x_wconf 87' lang='grc' dir='ltr'>συγγενεῖς</span> <span class='ocrx_word' id='word_1_202' title='bbox 982 2715 997 2741; x_wconf 92' lang='grc'>,</span> <span class='ocrx_word' id='word_1_203' title='bbox 1032 2673 1152 2739; x_wconf 89' lang='grc' dir='ltr'>πῶς</span> <span class='ocrx_word' id='word_1_204' title='bbox 1190 2674 1317 2737; x_wconf 82' lang='grc' dir='ltr'>τοὺς</span> <span class='ocrx_word' id='word_1_205' title='bbox 1357 2672 1545 2744; x_wconf 79' lang='grc' dir='ltr'>φίλους</span> <span class='ocrx_word' id='word_1_206' title='bbox 1593 2673 1729 2745; x_wconf 81' lang='grc' dir='ltr'>πρὸς</span> <span class='ocrx_word' id='word_1_207' title='bbox 1773 2671 1865 2725; x_wconf 81' lang='grc' dir='ltr'>τὸν</span> <span class='ocrx_word' id='word_1_208' title='bbox 1917 2668 2125 2726; x_wconf 87' lang='grc' dir='ltr'>Μωσέα</span> 
     </span>
    </p>
   </div>
   <div class='ocr_carea' id='block_1_30' title="bbox 532 2753 2126 2830">
    <p class='ocr_par' dir='ltr' id='par_1_30' title="bbox 532 2753 2126 2830">
     <span class='ocr_line' id='line_1_30' title="bbox 532 2753 2126 2830; baseline -0.004 -17"><span class='ocrx_word' id='word_1_209' title='bbox 532 2757 833 2813; x_wconf 88' lang='grc' dir='ltr'>διακεῖσθαι</span> <span class='ocrx_word' id='word_1_210' title='bbox 850 2758 997 2822; x_wconf 78' lang='grc' dir='ltr'>εἰκὸς</span> <span class='ocrx_word' id='word_1_211' title='bbox 1019 2753 1119 2830; x_wconf 72' lang='grc' dir='ltr'>ἦν;</span> <span class='ocrx_word' id='word_1_212' title='bbox 1146 2757 1264 2821; x_wconf 89' lang='grc' dir='ltr'>πῶς</span> <span class='ocrx_word' id='word_1_213' title='bbox 1292 2756 1349 2810; x_wconf 87' lang='grc' dir='ltr'>δὲ</span> <span class='ocrx_word' id='word_1_214' title='bbox 1371 2756 1534 2811; x_wconf 78' lang='grc' dir='ltr'>αὑτὸν</span> <span class='ocrx_word' id='word_1_215' title='bbox 1552 2755 1645 2810; x_wconf 83' lang='grc' dir='ltr'>τὸν</span> <span class='ocrx_word' id='word_1_216' title='bbox 1662 2754 1889 2826; x_wconf 84' lang='grc' dir='ltr'>Μωσῆν.</span> <span class='ocrx_word' id='word_1_217' title='bbox 1912 2753 2126 2826; x_wconf 82' lang='grc' dir='ltr'>ὁρῶντα</span> 
     </span>
    </p>
   </div>
   <div class='ocr_carea' id='block_1_31' title="bbox 534 2836 2126 2913">
    <p class='ocr_par' dir='ltr' id='par_1_31' title="bbox 534 2836 2126 2913">
     <span class='ocr_line' id='line_1_31' title="bbox 534 2836 2126 2913; baseline -0.004 -16"><span class='ocrx_word' id='word_1_218' title='bbox 534 2844 632 2898; x_wconf 75' lang='grc' dir='ltr'>καὶ</span> <span class='ocrx_word' id='word_1_219' title='bbox 663 2843 854 2904; x_wconf 87' lang='grc' dir='ltr'>παῖδας</span> <span class='ocrx_word' id='word_1_220' title='bbox 882 2843 1153 2913; x_wconf 80' lang='grc' dir='ltr'>ὀρφανοὺς</span> <span class='ocrx_word' id='word_1_221' title='bbox 1180 2841 1276 2895; x_wconf 78' lang='grc' dir='ltr'>καὶ</span> <span class='ocrx_word' id='word_1_222' title='bbox 1297 2843 1562 2911; x_wconf 88' lang='grc' dir='ltr'>γυναῖκας</span> <span class='ocrx_word' id='word_1_223' title='bbox 1590 2840 1763 2911; x_wconf 88' lang='grc' dir='ltr'>χήρας</span> <span class='ocrx_word' id='word_1_224' title='bbox 1790 2839 1900 2893; x_wconf 86' lang='grc' dir='ltr'>ἀπὸ</span> <span class='ocrx_word' id='word_1_225' title='bbox 1921 2836 2126 2910; x_wconf 87' lang='grc' dir='ltr'>ταύτης</span> 
     </span>
    </p>
   </div>
   <div class='ocr_carea' id='block_1_32' title="bbox 535 2918 2127 2998">
    <p class='ocr_par' dir='ltr' id='par_1_32' title="bbox 535 2918 2127 2998">
     <span class='ocr_line' id='line_1_32' title="bbox 535 2918 2127 2998; baseline -0.004 -18"><span class='ocrx_word' id='word_1_226' title='bbox 535 2926 835 2998; x_wconf 86' lang='grc' dir='ltr'>γενομένας</span> <span class='ocrx_word' id='word_1_227' title='bbox 877 2926 978 2996; x_wconf 87' lang='grc' dir='ltr'>τῆς</span> <span class='ocrx_word' id='word_1_228' title='bbox 1020 2925 1339 2996; x_wconf 76' lang='grc' dir='ltr'>συμφορᾶς,</span> <span class='ocrx_word' id='word_1_229' title='bbox 1377 2918 1599 2993; x_wconf 65' lang='grc' dir='ltr'>καιτὴν</span> <span class='ocrx_word' id='word_1_230' title='bbox 1635 2922 1874 2994; x_wconf 78' lang='grc' dir='ltr'>ἀδελφήν</span> <span class='ocrx_word' id='word_1_231' title='bbox 1907 2923 2003 2976; x_wconf 76' lang='grc' dir='ltr'>καὶ</span> <span class='ocrx_word' id='word_1_232' title='bbox 2033 2921 2127 2974; x_wconf 81' lang='grc' dir='ltr'>τὸν</span> 
     </span>
    </p>
   </div>
   <div class='ocr_carea' id='block_1_33' title="bbox 536 3005 2126 3081">
    <p class='ocr_par' dir='ltr' id='par_1_33' title="bbox 536 3005 2126 3081">
     <span class='ocr_line' id='line_1_33' title="bbox 536 3005 2126 3081; baseline -0.004 -17"><span class='ocrx_word' id='word_1_233' title='bbox 536 3011 764 3081; x_wconf 84' lang='grc' dir='ltr'>ἀδελφὸν</span> <span class='ocrx_word' id='word_1_234' title='bbox 804 3010 1264 3080; x_wconf 85' lang='grc' dir='ltr'>τελευτήσαντας,</span> <span class='ocrx_word' id='word_1_235' title='bbox 1292 3008 1387 3062; x_wconf 74' lang='grc' dir='ltr'>καὶ</span> <span class='ocrx_word' id='word_1_236' title='bbox 1416 3008 1542 3070; x_wconf 83' lang='grc' dir='ltr'>τοὺς</span> <span class='ocrx_word' id='word_1_237' title='bbox 1575 3007 1724 3071; x_wconf 81' lang='grc' dir='ltr'>υἱοὺς</span> <span class='ocrx_word' id='word_1_238' title='bbox 1763 3008 1888 3069; x_wconf 83' lang='grc' dir='ltr'>τοὺς</span> <span class='ocrx_word' id='word_1_239' title='bbox 1916 3005 2126 3058; x_wconf 84' lang='grc' dir='ltr'>ἐκείνου</span> 
     </span>
    </p>
   </div>
   <div class='ocr_carea' id='block_1_34' title="bbox 538 3089 2129 3165">
    <p class='ocr_par' dir='ltr' id='par_1_34' title="bbox 538 3089 2129 3165">
     <span class='ocr_line' id='line_1_34' title="bbox 538 3089 2129 3165; baseline -0.005 -15"><span class='ocrx_word' id='word_1_240' title='bbox 538 3096 840 3159; x_wconf 87' lang='grc' dir='ltr'>καυθέντας</span> <span class='ocrx_word' id='word_1_241' title='bbox 857 3094 998 3165; x_wconf 85' lang='grc' dir='ltr'>ὑπὲρ</span> <span class='ocrx_word' id='word_1_242' title='bbox 1016 3093 1362 3164; x_wconf 87' lang='grc' dir='ltr'>παρανομίας</span> <span class='ocrx_word' id='word_1_243' title='bbox 1381 3091 1527 3155; x_wconf 87' lang='grc' dir='ltr'>τινός</span> <span class='ocrx_word' id='word_1_244' title='bbox 1543 3109 1557 3155; x_wconf 78' lang='grc' dir='ltr'>ς</span> <span class='ocrx_word' id='word_1_245' title='bbox 1583 3089 1803 3145; x_wconf 85' lang='grc' dir='ltr'>Τούτων</span> <span class='ocrx_word' id='word_1_246' title='bbox 1823 3089 1881 3143; x_wconf 83' lang='grc' dir='ltr'>δὲ</span> <span class='ocrx_word' id='word_1_247' title='bbox 1896 3090 2129 3143; x_wconf 72' lang='grc' dir='ltr'>ἕκαστον</span> 
     </span>
    </p>
   </div>
   <div class='ocr_carea' id='block_1_35' title="bbox 540 3173 2128 3250">
    <p class='ocr_par' dir='ltr' id='par_1_35' title="bbox 540 3173 2128 3250">
     <span class='ocr_line' id='line_1_35' title="bbox 540 3173 2128 3250; baseline -0.005 -16"><span class='ocrx_word' id='word_1_248' title='bbox 540 3179 725 3235; x_wconf 77' lang='grc' dir='ltr'>ικανὸν</span> <span class='ocrx_word' id='word_1_249' title='bbox 754 3178 847 3233; x_wconf 82' lang='grc' dir='ltr'>καὶ</span> <span class='ocrx_word' id='word_1_250' title='bbox 883 3178 1051 3250; x_wconf 86' lang='grc' dir='ltr'>μηδὲν</span> <span class='ocrx_word' id='word_1_251' title='bbox 1092 3177 1427 3230; x_wconf 78' lang='grc' dir='ltr'>πεπονθυῖαν</span> <span class='ocrx_word' id='word_1_252' title='bbox 1454 3174 1642 3244; x_wconf 70' lang='grc' dir='ltr'>θλῖψαι</span> <span class='ocrx_word' id='word_1_253' title='bbox 1673 3173 1872 3244; x_wconf 79' lang='grc' dir='ltr'>ψυχὴν,</span> <span class='ocrx_word' id='word_1_254' title='bbox 1906 3173 2037 3244; x_wconf 89' lang='grc' dir='ltr'>μήτι</span> <span class='ocrx_word' id='word_1_255' title='bbox 2065 3189 2128 3241; x_wconf 88' lang='grc' dir='ltr'>γε</span> 
     </span>
    </p>
   </div>
   <div class='ocr_carea' id='block_1_36' title="bbox 539 3255 2131 3333">
    <p class='ocr_par' dir='ltr' id='par_1_36' title="bbox 539 3255 2131 3333">
     <span class='ocr_line' id='line_1_36' title="bbox 539 3255 2131 3333; baseline -0.004 -17"><span class='ocrx_word' id='word_1_256' title='bbox 539 3263 815 3325; x_wconf 85' lang='grc' dir='ltr'>τοσούτοις</span> <span class='ocrx_word' id='word_1_257' title='bbox 860 3262 964 3333; x_wconf 84' lang='grc' dir='ltr'>ήδη</span> <span class='ocrx_word' id='word_1_258' title='bbox 1022 3259 1490 3330; x_wconf 86' lang='grc' dir='ltr'>κατεργασθεῖσαν</span> <span class='ocrx_word' id='word_1_259' title='bbox 1528 3259 1739 3321; x_wconf 88' lang='grc' dir='ltr'>κακοῖς.</span> <span class='ocrx_word' id='word_1_260' title='bbox 1806 3258 1895 3320; x_wconf 83' lang='grc' dir='ltr'>Ὠς</span> <span class='ocrx_word' id='word_1_261' title='bbox 1934 3257 1991 3311; x_wconf 88' lang='grc' dir='ltr'>δέ</span> <span class='ocrx_word' id='word_1_262' title='bbox 2033 3255 2131 3309; x_wconf 78' lang='grc' dir='ltr'>τὸν</span> 
     </span>
    </p>
   </div>
   <div class='ocr_carea' id='block_1_37' title="bbox 541 3340 2131 3415">
    <p class='ocr_par' dir='ltr' id='par_1_37' title="bbox 541 3340 2131 3415">
     <span class='ocr_line' id='line_1_37' title="bbox 541 3340 2131 3415; baseline -0.004 -13"><span class='ocrx_word' id='word_1_263' title='bbox 541 3349 846 3402; x_wconf 84' lang='grc' dir='ltr'>Χαναναῖον</span> <span class='ocrx_word' id='word_1_264' title='bbox 891 3342 1053 3409; x_wconf 74' lang='grc' dir='ltr'>εἷλον,</span> <span class='ocrx_word' id='word_1_265' title='bbox 1100 3346 1196 3398; x_wconf 78' lang='grc' dir='ltr'>καὶ</span> <span class='ocrx_word' id='word_1_266' title='bbox 1233 3343 1450 3415; x_wconf 84' lang='grc' dir='ltr'>μακράν</span> <span class='ocrx_word' id='word_1_267' title='bbox 1488 3340 1751 3396; x_wconf 86' lang='grc' dir='ltr'>ἐκύκλουν</span> <span class='ocrx_word' id='word_1_268' title='bbox 1782 3341 1923 3409; x_wconf 85' lang='grc' dir='ltr'>ὁδὸν,</span> <span class='ocrx_word' id='word_1_269' title='bbox 1967 3341 2131 3397; x_wconf 88' lang='grc' dir='ltr'>πάλιν</span> 
     </span>
    </p>
   </div>
   <div class='ocr_carea' id='block_1_38' title="bbox 542 3423 2133 3501">
    <p class='ocr_par' dir='ltr' id='par_1_38' title="bbox 542 3423 2133 3501">
     <span class='ocr_line' id='line_1_38' title="bbox 542 3423 2133 3501; baseline -0.006 -15"><span class='ocrx_word' id='word_1_270' title='bbox 542 3431 842 3501; x_wconf 72' lang='grc' dir='ltr'>ἐγόγγυζον</span> <span class='ocrx_word' id='word_1_271' title='bbox 869 3431 919 3483; x_wconf 81' lang='grc' dir='ltr'>οι</span> <span class='ocrx_word' id='word_1_272' title='bbox 958 3429 1198 3483; x_wconf 87' lang='grc' dir='ltr'>Ἰουδαῖοι</span> <span class='ocrx_word' id='word_1_273' title='bbox 1223 3467 1238 3492; x_wconf 90' lang='grc'>,</span> <span class='ocrx_word' id='word_1_274' title='bbox 1269 3428 1364 3480; x_wconf 76' lang='grc' dir='ltr'>καὶ</span> <span class='ocrx_word' id='word_1_275' title='bbox 1404 3425 1568 3480; x_wconf 85' lang='grc' dir='ltr'>πάλιν</span> <span class='ocrx_word' id='word_1_276' title='bbox 1596 3423 1914 3479; x_wconf 80' lang='grc' dir='ltr'>ἀπώλλυντο</span> <span class='ocrx_word' id='word_1_277' title='bbox 1933 3464 1948 3490; x_wconf 91' lang='grc'>,</span> <span class='ocrx_word' id='word_1_278' title='bbox 1988 3425 2133 3497; x_wconf 83' lang='grc' dir='ltr'>νόσῳ</span> 
     </span>
    </p>
   </div>
   <div class='ocr_carea' id='block_1_39' title="bbox 547 3508 2135 3587">
    <p class='ocr_par' dir='ltr' id='par_1_39' title="bbox 547 3508 2135 3587">
     <span class='ocr_line' id='line_1_39' title="bbox 547 3508 2135 3587; baseline -0.006 -17"><span class='ocrx_word' id='word_1_279' title='bbox 547 3515 649 3587; x_wconf 81' lang='grc' dir='ltr'>μὲν</span> <span class='ocrx_word' id='word_1_280' title='bbox 683 3514 784 3569; x_wconf 85' lang='grc' dir='ltr'>οὐκ</span> <span class='ocrx_word' id='word_1_281' title='bbox 817 3512 896 3567; x_wconf 82' lang='grc' dir='ltr'>έτι</span> <span class='ocrx_word' id='word_1_282' title='bbox 925 3511 1179 3584; x_wconf 87' lang='grc' dir='ltr'>καθάπερ</span> <span class='ocrx_word' id='word_1_283' title='bbox 1207 3511 1301 3565; x_wconf 73' lang='grc' dir='ltr'>καὶ</span> <span class='ocrx_word' id='word_1_284' title='bbox 1328 3508 1542 3581; x_wconf 83' lang='grc' dir='ltr'>πρώην,</span> <span class='ocrx_word' id='word_1_285' title='bbox 1587 3510 1710 3564; x_wconf 80' lang='grc' dir='ltr'>οὐδὲ</span> <span class='ocrx_word' id='word_1_286' title='bbox 1743 3510 1876 3582; x_wconf 77' lang='grc' dir='ltr'>πυρὶ</span> <span class='ocrx_word' id='word_1_287' title='bbox 1904 3509 2000 3563; x_wconf 71' lang='grc' dir='ltr'>καὶ</span> <span class='ocrx_word' id='word_1_288' title='bbox 2036 3508 2135 3579; x_wconf 88' lang='grc' dir='ltr'>χά-</span> 
     </span>
    </p>
   </div>
   <div class='ocr_carea' id='block_1_40' title="bbox 527 3593 2134 3668">
    <p class='ocr_par' dir='ltr' id='par_1_40' title="bbox 527 3593 2134 3668">
     <span class='ocr_line' id='line_1_40' title="bbox 527 3593 2134 3668; baseline -0.005 -15"><span class='ocrx_word' id='word_1_289' title='bbox 527 3615 714 3668; x_wconf 71' lang='grc' dir='ltr'>σματι</span> <span class='ocrx_word' id='word_1_290' title='bbox 745 3597 997 3668; x_wconf 88' lang='grc' dir='ltr'>καθάπερ</span> <span class='ocrx_word' id='word_1_291' title='bbox 1032 3596 1126 3650; x_wconf 76' lang='grc' dir='ltr'>καὶ</span> <span class='ocrx_word' id='word_1_292' title='bbox 1172 3595 1460 3667; x_wconf 86' lang='grc' dir='ltr'>πρότερον,</span> <span class='ocrx_word' id='word_1_293' title='bbox 1508 3593 1728 3648; x_wconf 85' lang='grc' dir='ltr'>ἰοϐόλων</span> <span class='ocrx_word' id='word_1_294' title='bbox 1765 3593 1823 3646; x_wconf 83' lang='grc' dir='ltr'>δὲ</span> <span class='ocrx_word' id='word_1_295' title='bbox 1858 3593 2134 3664; x_wconf 87' lang='grc' dir='ltr'>δήγμασιν</span> 
     </span>
    </p>
   </div>
   <div class='ocr_carea' id='block_1_41' title="bbox 545 3671 2135 3747">
    <p class='ocr_par' dir='ltr' id='par_1_41' title="bbox 545 3671 2135 3747">
     <span class='ocr_line' id='line_1_41' title="bbox 545 3671 2135 3747; baseline -0.004 -15"><span class='ocrx_word' id='word_1_296' title='bbox 545 3679 744 3747; x_wconf 73' lang='grc' dir='ltr'>ὄφεων,</span> <span class='ocrx_word' id='word_1_297' title='bbox 775 3676 825 3730; x_wconf 76' lang='grc' dir='ltr'>οἳ</span> <span class='ocrx_word' id='word_1_298' title='bbox 854 3679 1061 3739; x_wconf 84' lang='grc' dir='ltr'>πάντας</span> <span class='ocrx_word' id='word_1_299' title='bbox 1099 3674 1165 3728; x_wconf 83' lang='grc' dir='ltr'>ἂν</span> <span class='ocrx_word' id='word_1_300' title='bbox 1202 3675 1399 3737; x_wconf 83' lang='grc' dir='ltr'>αὐτοὺς</span> <span class='ocrx_word' id='word_1_301' title='bbox 1423 3672 1736 3736; x_wconf 87' lang='grc' dir='ltr'>ἀπώλεσαν,</span> <span class='ocrx_word' id='word_1_302' title='bbox 1773 3674 1822 3726; x_wconf 87' lang='grc' dir='ltr'>εί</span> <span class='ocrx_word' id='word_1_303' title='bbox 1855 3673 1931 3743; x_wconf 84' lang='grc' dir='ltr'>μὴ</span> <span class='ocrx_word' id='word_1_304' title='bbox 1972 3671 2135 3726; x_wconf 88' lang='grc' dir='ltr'>πάλιν</span> 
     </span>
    </p>
   </div>
   <div class='ocr_carea' id='block_1_42' title="bbox 548 3753 2135 3831">
    <p class='ocr_par' dir='ltr' id='par_1_42' title="bbox 548 3753 2135 3831">
     <span class='ocr_line' id='line_1_42' title="bbox 548 3753 2135 3831; baseline -0.006 -15"><span class='ocrx_word' id='word_1_305' title='bbox 548 3765 578 3816; x_wconf 77' lang='grc' dir='ltr'>ό</span> <span class='ocrx_word' id='word_1_306' title='bbox 606 3761 811 3830; x_wconf 78' lang='grc' dir='ltr'>Μωσῆς</span> <span class='ocrx_word' id='word_1_307' title='bbox 833 3758 1145 3831; x_wconf 85' lang='grc' dir='ltr'>προσελθὼν</span> <span class='ocrx_word' id='word_1_308' title='bbox 1167 3757 1320 3830; x_wconf 67' lang='grc'>[210]</span> <span class='ocrx_word' id='word_1_309' title='bbox 1344 3757 1592 3811; x_wconf 83' lang='grc' dir='ltr'>ἱκέτευσε</span> <span class='ocrx_word' id='word_1_310' title='bbox 1608 3756 1699 3808; x_wconf 85' lang='grc' dir='ltr'>τὸν</span> <span class='ocrx_word' id='word_1_311' title='bbox 1723 3755 1875 3809; x_wconf 90' lang='grc' dir='ltr'>Θεόν.</span> <span class='ocrx_word' id='word_1_312' title='bbox 1914 3753 2135 3826; x_wconf 83' lang='grc' dir='ltr'>Ἐπειδὴ</span> 
     </span>
    </p>
   </div>
   <div class='ocr_carea' id='block_1_43' title="bbox 548 3836 2136 3913">
    <p class='ocr_par' dir='ltr' id='par_1_43' title="bbox 548 3836 2136 3913">
     <span class='ocr_line' id='line_1_43' title="bbox 548 3836 2136 3913; baseline -0.006 -14"><span class='ocrx_word' id='word_1_313' title='bbox 548 3846 605 3899; x_wconf 82' lang='grc' dir='ltr'>δὲ</span> <span class='ocrx_word' id='word_1_314' title='bbox 634 3845 727 3898; x_wconf 80' lang='grc' dir='ltr'>καὶ</span> <span class='ocrx_word' id='word_1_315' title='bbox 749 3842 954 3911; x_wconf 81' lang='grc' dir='ltr'>ταύτης</span> <span class='ocrx_word' id='word_1_316' title='bbox 977 3841 1372 3913; x_wconf 82' lang='grc' dir='ltr'>ἀπηλλάγησαν</span> <span class='ocrx_word' id='word_1_317' title='bbox 1396 3841 1498 3911; x_wconf 83' lang='grc' dir='ltr'>τῆς</span> <span class='ocrx_word' id='word_1_318' title='bbox 1525 3841 1730 3911; x_wconf 82' lang='grc' dir='ltr'>φθορᾶς</span> <span class='ocrx_word' id='word_1_319' title='bbox 1757 3836 1971 3901; x_wconf 73' lang='grc' dir='ltr'>καὶτὰς</span> <span class='ocrx_word' id='word_1_320' title='bbox 1993 3837 2136 3909; x_wconf 84' lang='grc' dir='ltr'>ἀρὰς</span> 
     </span>
    </p>
   </div>
   <div class='ocr_carea' id='block_1_44' title="bbox 547 3920 2137 3996">
    <p class='ocr_par' dir='ltr' id='par_1_44' title="bbox 547 3920 2137 3996">
     <span class='ocr_line' id='line_1_44' title="bbox 547 3920 2137 3996; baseline -0.005 -15"><span class='ocrx_word' id='word_1_321' title='bbox 547 3927 644 3981; x_wconf 82' lang='grc' dir='ltr'>τοῦ</span> <span class='ocrx_word' id='word_1_322' title='bbox 680 3927 924 3996; x_wconf 87' lang='grc' dir='ltr'>μάντεως</span> <span class='ocrx_word' id='word_1_323' title='bbox 952 3925 1238 3995; x_wconf 77' lang='grc' dir='ltr'>ἐξέφυγον,</span> <span class='ocrx_word' id='word_1_324' title='bbox 1269 3924 1430 3978; x_wconf 88' lang='grc' dir='ltr'>πάλιν</span> <span class='ocrx_word' id='word_1_325' title='bbox 1459 3924 1686 3986; x_wconf 77' lang='grc' dir='ltr'>ἑαυτοὺς</span> <span class='ocrx_word' id='word_1_326' title='bbox 1723 3921 1952 3994; x_wconf 72' lang='grc' dir='ltr'>ἔρριψαν</span> <span class='ocrx_word' id='word_1_327' title='bbox 1994 3920 2137 3975; x_wconf 84' lang='grc' dir='ltr'>κατά</span> 
     </span>
    </p>
   </div>
   <div class='ocr_carea' id='block_1_45' title="bbox 549 4006 2137 4083">
    <p class='ocr_par' dir='ltr' id='par_1_45' title="bbox 549 4006 2137 4083">
     <span class='ocr_line' id='line_1_45' title="bbox 549 4006 2137 4083; baseline -0.003 -19"><span class='ocrx_word' id='word_1_328' title='bbox 549 4011 658 4066; x_wconf 87' lang='grc' dir='ltr'>τῶν</span> <span class='ocrx_word' id='word_1_329' title='bbox 702 4011 1098 4083; x_wconf 85' lang='grc' dir='ltr'>χαλεπωτάτων</span> <span class='ocrx_word' id='word_1_330' title='bbox 1129 4009 1413 4082; x_wconf 85' lang='grc' dir='ltr'>κρημνῶν,</span> <span class='ocrx_word' id='word_1_331' title='bbox 1453 4008 1548 4062; x_wconf 75' lang='grc' dir='ltr'>καὶ</span> <span class='ocrx_word' id='word_1_332' title='bbox 1581 4006 1720 4079; x_wconf 87' lang='grc' dir='ltr'>μετά</span> <span class='ocrx_word' id='word_1_333' title='bbox 1759 4008 1857 4071; x_wconf 88' lang='grc' dir='ltr'>τὰς</span> <span class='ocrx_word' id='word_1_334' title='bbox 1881 4006 2137 4075; x_wconf 89' lang='grc' dir='ltr'>εύλογίας</span> 
     </span>
    </p>
   </div>
   <div class='ocr_carea' id='block_1_46' title="bbox 547 4092 2135 4168">
    <p class='ocr_par' dir='ltr' id='par_1_46' title="bbox 547 4092 2135 4168">
     <span class='ocr_line' id='line_1_46' title="bbox 547 4092 2135 4168; baseline -0.006 -15"><span class='ocrx_word' id='word_1_335' title='bbox 547 4098 644 4153; x_wconf 80' lang='grc' dir='ltr'>τοῦ</span> <span class='ocrx_word' id='word_1_336' title='bbox 674 4098 926 4166; x_wconf 81' lang='grc' dir='ltr'>Βαλαὰμ,</span> <span class='ocrx_word' id='word_1_337' title='bbox 953 4096 1151 4168; x_wconf 78' lang='grc' dir='ltr'>μᾶλλον</span> <span class='ocrx_word' id='word_1_338' title='bbox 1173 4097 1231 4149; x_wconf 82' lang='grc' dir='ltr'>δὲ</span> <span class='ocrx_word' id='word_1_339' title='bbox 1258 4094 1353 4148; x_wconf 82' lang='grc' dir='ltr'>τοῦ</span> <span class='ocrx_word' id='word_1_340' title='bbox 1376 4092 1511 4148; x_wconf 79' lang='grc' dir='ltr'>Θεοῦ</span> <span class='ocrx_word' id='word_1_341' title='bbox 1539 4093 1557 4164; x_wconf 90' lang='grc'>(</span> <span class='ocrx_word' id='word_1_342' title='bbox 1572 4093 1634 4147; x_wconf 81' lang='grc' dir='ltr'>ού</span> <span class='ocrx_word' id='word_1_343' title='bbox 1664 4093 1772 4165; x_wconf 82' lang='grc' dir='ltr'>γάρ</span> <span class='ocrx_word' id='word_1_344' title='bbox 1796 4094 1895 4164; x_wconf 77' lang='grc' dir='ltr'>τῆς</span> <span class='ocrx_word' id='word_1_345' title='bbox 1924 4092 2135 4145; x_wconf 88' lang='grc' dir='ltr'>ἐκείνου</span> 
     </span>
    </p>
   </div>
   <div class='ocr_carea' id='block_1_47' title="bbox 549 4175 2139 4255">
    <p class='ocr_par' dir='ltr' id='par_1_47' title="bbox 549 4175 2139 4255">
     <span class='ocr_line' id='line_1_47' title="bbox 549 4175 2139 4255; baseline -0.005 -19"><span class='ocrx_word' id='word_1_346' title='bbox 549 4182 922 4255; x_wconf 87' lang='grc' dir='ltr'>προαιρέσεως</span> <span class='ocrx_word' id='word_1_347' title='bbox 953 4177 1021 4253; x_wconf 77' lang='grc' dir='ltr'>ἦν</span> <span class='ocrx_word' id='word_1_348' title='bbox 1054 4179 1121 4234; x_wconf 86' lang='grc' dir='ltr'>τά</span> <span class='ocrx_word' id='word_1_349' title='bbox 1156 4180 1398 4251; x_wconf 75' lang='grc' dir='ltr'>ῥήματα,</span> <span class='ocrx_word' id='word_1_350' title='bbox 1443 4177 1579 4230; x_wconf 82' lang='grc' dir='ltr'>ἀλλά</span> <span class='ocrx_word' id='word_1_351' title='bbox 1610 4178 1707 4248; x_wconf 82' lang='grc' dir='ltr'>τῆς</span> <span class='ocrx_word' id='word_1_352' title='bbox 1747 4175 2007 4248; x_wconf 82' lang='grc' dir='ltr'>κινούσης</span> <span class='ocrx_word' id='word_1_353' title='bbox 2041 4176 2139 4229; x_wconf 86' lang='grc' dir='ltr'>αύ-</span> 
     </span>
    </p>
   </div>
   <div class='ocr_carea' id='block_1_48' title="bbox 548 4258 2137 4336">
    <p class='ocr_par' dir='ltr' id='par_1_48' title="bbox 548 4258 2137 4336">
     <span class='ocr_line' id='line_1_48' title="bbox 548 4258 2137 4336; baseline -0.004 -17"><span class='ocrx_word' id='word_1_354' title='bbox 548 4267 642 4319; x_wconf 83' lang='lat' dir='ltr'><strong>rbv</strong></span> <span class='ocrx_word' id='word_1_355' title='bbox 667 4265 1018 4336; x_wconf 85' lang='grc' dir='ltr'>δυνάμεως),</span> <span class='ocrx_word' id='word_1_356' title='bbox 1046 4262 1384 4334; x_wconf 79' lang='grc' dir='ltr'>ἐπόρνευσαν</span> <span class='ocrx_word' id='word_1_357' title='bbox 1417 4263 1497 4324; x_wconf 80' lang='grc' dir='ltr'>είς</span> <span class='ocrx_word' id='word_1_358' title='bbox 1540 4260 1640 4323; x_wconf 81' lang='grc' dir='ltr'>τὰς</span> <span class='ocrx_word' id='word_1_359' title='bbox 1677 4258 1787 4312; x_wconf 91' lang='grc' dir='ltr'>τῶν</span> <span class='ocrx_word' id='word_1_360' title='bbox 1823 4258 2137 4328; x_wconf 85' lang='grc' dir='ltr'>ἀλλοφύλων</span> 
     </span>
    </p>
   </div>
   <div class='ocr_carea' id='block_1_49' title="bbox 547 4342 2138 4423">
    <p class='ocr_par' dir='ltr' id='par_1_49' title="bbox 547 4342 2138 4423">
     <span class='ocr_line' id='line_1_49' title="bbox 547 4342 2138 4423; baseline -0.004 -19"><span class='ocrx_word' id='word_1_361' title='bbox 547 4349 858 4423; x_wconf 85' lang='grc' dir='ltr'>θυγατέρας</span> <span class='ocrx_word' id='word_1_362' title='bbox 879 4359 922 4417; x_wconf 86' lang='grc'>⁸,</span> <span class='ocrx_word' id='word_1_363' title='bbox 952 4349 1046 4402; x_wconf 83' lang='grc' dir='ltr'>καὶ</span> <span class='ocrx_word' id='word_1_364' title='bbox 1083 4346 1444 4417; x_wconf 82' lang='grc' dir='ltr'>ἐτελέσθησαν</span> <span class='ocrx_word' id='word_1_365' title='bbox 1477 4345 1555 4417; x_wconf 86' lang='grc' dir='ltr'>τῷ</span> <span class='ocrx_word' id='word_1_366' title='bbox 1588 4342 1941 4417; x_wconf 83' lang='grc' dir='ltr'>Βεελφεγώρ.</span> <span class='ocrx_word' id='word_1_367' title='bbox 1987 4342 2042 4398; x_wconf 87' lang='lat'><strong>&#39;0</strong></span> <span class='ocrx_word' id='word_1_368' title='bbox 2080 4344 2138 4398; x_wconf 84' lang='grc' dir='ltr'>δὲ</span> 
     </span>
    </p>
   </div>
   <div class='ocr_carea' id='block_1_50' title="bbox 551 4429 2136 4508">
    <p class='ocr_par' dir='ltr' id='par_1_50' title="bbox 551 4429 2136 4508">
     <span class='ocr_line' id='line_1_50' title="bbox 551 4429 2136 4508; baseline -0.004 -19"><span class='ocrx_word' id='word_1_369' title='bbox 551 4436 757 4508; x_wconf 82' lang='grc' dir='ltr'>Μωσῆς</span> <span class='ocrx_word' id='word_1_370' title='bbox 783 4430 881 4506; x_wconf 71' lang='grc' dir='ltr'>τὴν</span> <span class='ocrx_word' id='word_1_371' title='bbox 906 4432 1173 4503; x_wconf 87' lang='grc' dir='ltr'>τοσαύτην</span> <span class='ocrx_word' id='word_1_372' title='bbox 1199 4431 1341 4504; x_wconf 80' lang='grc' dir='ltr'>ὁρῶν</span> <span class='ocrx_word' id='word_1_373' title='bbox 1370 4429 1631 4501; x_wconf 83' lang='grc' dir='ltr'>αἰσχύνην</span> <span class='ocrx_word' id='word_1_374' title='bbox 1661 4431 1757 4483; x_wconf 80' lang='grc' dir='ltr'>καὶ</span> <span class='ocrx_word' id='word_1_375' title='bbox 1784 4429 1875 4482; x_wconf 82' lang='grc' dir='ltr'>τὸν</span> <span class='ocrx_word' id='word_1_376' title='bbox 1901 4429 2136 4497; x_wconf 90' lang='grc' dir='ltr'>γέλωτα,</span> 
     </span>
    </p>
   </div>
   <div class='ocr_carea' id='block_1_51' title="bbox 553 4512 2135 4589">
    <p class='ocr_par' dir='ltr' id='par_1_51' title="bbox 553 4512 2135 4589">
     <span class='ocr_line' id='line_1_51' title="bbox 553 4512 2135 4589; baseline -0.004 -17"><span class='ocrx_word' id='word_1_377' title='bbox 553 4519 715 4573; x_wconf 89' lang='grc' dir='ltr'>πάλιν</span> <span class='ocrx_word' id='word_1_378' title='bbox 745 4517 943 4582; x_wconf 80' lang='grc' dir='ltr'>αὐτοὺς</span> <span class='ocrx_word' id='word_1_379' title='bbox 970 4516 1233 4589; x_wconf 79' lang='grc' dir='ltr'>ἀλλήλους</span> <span class='ocrx_word' id='word_1_380' title='bbox 1264 4515 1631 4569; x_wconf 84' lang='grc' dir='ltr'>κατακόπτειν</span> <span class='ocrx_word' id='word_1_381' title='bbox 1663 4512 1917 4566; x_wconf 85' lang='grc' dir='ltr'>ἐκέλευσε</span> <span class='ocrx_word' id='word_1_382' title='bbox 1939 4512 2135 4580; x_wconf 91' lang='grc' dir='ltr'>λέγων·</span> 
     </span>
    </p>
   </div>
   <div class='ocr_carea' id='block_1_52' title="bbox 566 4594 2141 4664">
    <p class='ocr_par' dir='ltr' id='par_1_52' title="bbox 566 4594 2141 4664">
     <span class='ocr_line' id='line_1_52' title="bbox 566 4594 2141 4664; baseline -0.005 -7"><span class='ocrx_word' id='word_1_383' title='bbox 566 4602 980 4657; x_wconf 77' lang='grc' dir='ltr'>Ἀποκτείνατε</span> <span class='ocrx_word' id='word_1_384' title='bbox 1027 4599 1286 4664; x_wconf 78' lang='grc' dir='ltr'>ἕκαστος</span> <span class='ocrx_word' id='word_1_385' title='bbox 1338 4601 1446 4652; x_wconf 82' lang='grc' dir='ltr'>τὸν</span> <span class='ocrx_word' id='word_1_386' title='bbox 1491 4597 1760 4663; x_wconf 76' lang='grc' dir='ltr'>πλησίον</span> <span class='ocrx_word' id='word_1_387' title='bbox 1786 4594 1989 4663; x_wconf 66' lang='grc' dir='ltr'>ταὺτοῦ</span> <span class='ocrx_word' id='word_1_388' title='bbox 2031 4594 2141 4649; x_wconf 85' lang='grc' dir='ltr'>τὸν</span> 
     </span>
    </p>
   </div>
   <div class='ocr_carea' id='block_1_53' title="bbox 551 4679 2141 4755">
    <p class='ocr_par' dir='ltr' id='par_1_53' title="bbox 551 4679 2141 4755">
     <span class='ocr_line' id='line_1_53' title="bbox 551 4679 2141 4755; baseline -0.004 -16"><span class='ocrx_word' id='word_1_389' title='bbox 551 4683 984 4755; x_wconf 74' lang='grc' dir='ltr'>τετελεσμένον</span> <span class='ocrx_word' id='word_1_390' title='bbox 1006 4682 1090 4748; x_wconf 84' lang='grc' dir='ltr'>τῷ</span> <span class='ocrx_word' id='word_1_391' title='bbox 1134 4681 1508 4751; x_wconf 66' lang='grc' dir='ltr'>Βεελςρεγώρ·</span> <span class='ocrx_word' id='word_1_392' title='bbox 1557 4679 1810 4750; x_wconf 89' lang='grc' dir='ltr'>καθάπερ</span> <span class='ocrx_word' id='word_1_393' title='bbox 1853 4679 1946 4732; x_wconf 83' lang='grc' dir='ltr'>ὲπί</span> <span class='ocrx_word' id='word_1_394' title='bbox 1995 4695 2141 4742; x_wconf 88' lang='grc' dir='ltr'>τινος</span> 
     </span>
    </p>
   </div>
   <div class='ocr_carea' id='block_1_54' title="bbox 551 4761 2139 4840">
    <p class='ocr_par' dir='ltr' id='par_1_54' title="bbox 551 4761 2139 4840">
     <span class='ocr_line' id='line_1_54' title="bbox 551 4761 2139 4840; baseline -0.005 -18"><span class='ocrx_word' id='word_1_395' title='bbox 551 4768 867 4840; x_wconf 80' lang='grc' dir='ltr'>τραύματος</span> <span class='ocrx_word' id='word_1_396' title='bbox 894 4765 1096 4830; x_wconf 83' lang='grc' dir='ltr'>πολλὰς</span> <span class='ocrx_word' id='word_1_397' title='bbox 1129 4766 1227 4836; x_wconf 80' lang='grc' dir='ltr'>μὲν</span> <span class='ocrx_word' id='word_1_398' title='bbox 1266 4764 1522 4827; x_wconf 84' lang='grc' dir='ltr'>λαϐόντος</span> <span class='ocrx_word' id='word_1_399' title='bbox 1549 4762 1720 4833; x_wconf 79' lang='grc' dir='ltr'>τομάς</span> <span class='ocrx_word' id='word_1_400' title='bbox 1746 4763 1843 4816; x_wconf 77' lang='grc' dir='ltr'>καὶ</span> <span class='ocrx_word' id='word_1_401' title='bbox 1879 4761 2103 4825; x_wconf 85' lang='grc' dir='ltr'>καύσεις</span> <span class='ocrx_word' id='word_1_402' title='bbox 2122 4803 2139 4827; x_wconf 94' lang='grc'>,</span> 
     </span>
    </p>
   </div>
   <div class='ocr_carea' id='block_1_55' title="bbox 550 4846 2144 4924">
    <p class='ocr_par' dir='ltr' id='par_1_55' title="bbox 550 4846 2144 4924">
     <span class='ocr_line' id='line_1_55' title="bbox 550 4846 2144 4924; baseline -0.004 -17"><span class='ocrx_word' id='word_1_403' title='bbox 550 4853 704 4907; x_wconf 71' lang='grc' dir='ltr'>οὐδὲν</span> <span class='ocrx_word' id='word_1_404' title='bbox 745 4853 803 4906; x_wconf 83' lang='grc' dir='ltr'>δὲ</span> <span class='ocrx_word' id='word_1_405' title='bbox 846 4853 1067 4924; x_wconf 74' lang='grc' dir='ltr'>ἄμεινον</span> <span class='ocrx_word' id='word_1_406' title='bbox 1109 4850 1283 4921; x_wconf 83' lang='grc' dir='ltr'>ταύτῃ</span> <span class='ocrx_word' id='word_1_407' title='bbox 1329 4849 1697 4910; x_wconf 85' lang='grc' dir='ltr'>διατεθέντος,</span> <span class='ocrx_word' id='word_1_408' title='bbox 1745 4846 1953 4902; x_wconf 86' lang='grc' dir='ltr'>κελεύοι</span> <span class='ocrx_word' id='word_1_409' title='bbox 2001 4847 2029 4888; x_wconf 70' lang='grc' dir='ltr'>ι»</span> <span class='ocrx_word' id='word_1_410' title='bbox 2061 4864 2144 4911; x_wconf 87' lang='grc' dir='ltr'>τις</span> 
     </span>
    </p>
   </div>
   <div class='ocr_carea' id='block_1_56' title="bbox 553 4930 2141 5008">
    <p class='ocr_par' dir='ltr' id='par_1_56' title="bbox 553 4930 2141 5008">
     <span class='ocr_line' id='line_1_56' title="bbox 553 4930 2141 5008; baseline -0.006 -15"><span class='ocrx_word' id='word_1_411' title='bbox 553 4936 718 4993; x_wconf 88' lang='grc' dir='ltr'>πάλιν</span> <span class='ocrx_word' id='word_1_412' title='bbox 749 4937 970 5008; x_wconf 88' lang='grc' dir='ltr'>τέμνειν</span> <span class='ocrx_word' id='word_1_413' title='bbox 994 4935 1088 4990; x_wconf 77' lang='grc' dir='ltr'>καὶ</span> <span class='ocrx_word' id='word_1_414' title='bbox 1124 4933 1302 4988; x_wconf 88' lang='grc' dir='ltr'>καίειν</span> <span class='ocrx_word' id='word_1_415' title='bbox 1327 4933 1389 4987; x_wconf 89' lang='lat' dir='ltr'>rb</span> <span class='ocrx_word' id='word_1_416' title='bbox 1417 4931 1790 5005; x_wconf 86' lang='grc' dir='ltr'>περιλειφθέν.</span> <span class='ocrx_word' id='word_1_417' title='bbox 1824 4931 1896 4984; x_wconf 75' lang='grc' dir='ltr'>Σὺ</span> <span class='ocrx_word' id='word_1_418' title='bbox 1925 4930 1984 4985; x_wconf 82' lang='grc' dir='ltr'>δὲ</span> <span class='ocrx_word' id='word_1_419' title='bbox 2005 4930 2141 4985; x_wconf 82' lang='grc' dir='ltr'>ταύ-</span> 
     </span>
    </p>
   </div>
   <div class='ocr_carea' id='block_1_57' title="bbox 552 5013 2142 5089">
    <p class='ocr_par' dir='ltr' id='par_1_57' title="bbox 552 5013 2142 5089">
     <span class='ocr_line' id='line_1_57' title="bbox 552 5013 2142 5089; baseline -0.006 -13"><span class='ocrx_word' id='word_1_420' title='bbox 552 5039 655 5083; x_wconf 88' lang='grc' dir='ltr'>τας</span> <span class='ocrx_word' id='word_1_421' title='bbox 695 5020 908 5076; x_wconf 83' lang='grc' dir='ltr'>ἀκούων</span> <span class='ocrx_word' id='word_1_422' title='bbox 934 5021 1033 5083; x_wconf 74' lang='grc' dir='ltr'>τὰς</span> <span class='ocrx_word' id='word_1_423' title='bbox 1059 5017 1366 5081; x_wconf 87' lang='grc' dir='ltr'>δυσκολίας,</span> <span class='ocrx_word' id='word_1_424' title='bbox 1398 5017 1472 5089; x_wconf 81' lang='grc' dir='ltr'>μὴ</span> <span class='ocrx_word' id='word_1_425' title='bbox 1506 5015 1712 5079; x_wconf 88' lang='grc' dir='ltr'>ταύτας</span> <span class='ocrx_word' id='word_1_426' title='bbox 1747 5016 1905 5086; x_wconf 85' lang='grc' dir='ltr'>μόνον</span> <span class='ocrx_word' id='word_1_427' title='bbox 1935 5013 2142 5084; x_wconf 87' lang='grc' dir='ltr'>συμϐε-</span> 
     </span>
    </p>
   </div>
   <div class='ocr_carea' id='block_1_58' title="bbox 554 5098 2143 5178">
    <p class='ocr_par' dir='ltr' id='par_1_58' title="bbox 554 5098 2143 5178">
     <span class='ocr_line' id='line_1_58' title="bbox 554 5098 2143 5178; baseline -0.004 -18"><span class='ocrx_word' id='word_1_428' title='bbox 554 5106 785 5178; x_wconf 86' lang='grc' dir='ltr'>ϐηκέναι</span> <span class='ocrx_word' id='word_1_429' title='bbox 810 5104 1000 5177; x_wconf 83' lang='grc' dir='ltr'>νόμιζε</span> <span class='ocrx_word' id='word_1_430' title='bbox 1019 5146 1034 5171; x_wconf 88' lang='grc'>,</span> <span class='ocrx_word' id='word_1_431' title='bbox 1065 5102 1242 5156; x_wconf 89' lang='grc' dir='ltr'>καίτοι</span> <span class='ocrx_word' id='word_1_432' title='bbox 1274 5103 1369 5155; x_wconf 78' lang='grc' dir='ltr'>καὶ</span> <span class='ocrx_word' id='word_1_433' title='bbox 1396 5100 1503 5154; x_wconf 91' lang='grc' dir='ltr'>τῶν</span> <span class='ocrx_word' id='word_1_434' title='bbox 1529 5100 1799 5171; x_wconf 84' lang='grc' dir='ltr'>κειμένων</span> <span class='ocrx_word' id='word_1_435' title='bbox 1827 5099 1928 5153; x_wconf 86' lang='grc' dir='ltr'>οὐκ</span> <span class='ocrx_word' id='word_1_436' title='bbox 1955 5098 2143 5167; x_wconf 83' lang='grc' dir='ltr'>ὀλίγας</span> 
     </span>
    </p>
   </div>
   <div class='ocr_carea' id='block_1_59' title="bbox 556 5182 2141 5262">
    <p class='ocr_par' dir='ltr' id='par_1_59' title="bbox 556 5182 2141 5262">
     <span class='ocr_line' id='line_1_59' title="bbox 556 5182 2141 5262; baseline -0.006 -18"><span class='ocrx_word' id='word_1_437' title='bbox 556 5190 877 5262; x_wconf 87' lang='grc' dir='ltr'>παρέλιπον,</span> <span class='ocrx_word' id='word_1_438' title='bbox 901 5190 1029 5252; x_wconf 78' lang='grc' dir='ltr'>τοὺς</span> <span class='ocrx_word' id='word_1_439' title='bbox 1057 5186 1346 5256; x_wconf 86' lang='grc' dir='ltr'>πολέμους,</span> <span class='ocrx_word' id='word_1_440' title='bbox 1375 5185 1472 5248; x_wconf 77' lang='grc' dir='ltr'>τὰς</span> <span class='ocrx_word' id='word_1_441' title='bbox 1503 5184 1612 5238; x_wconf 89' lang='grc' dir='ltr'>τῶν</span> <span class='ocrx_word' id='word_1_442' title='bbox 1639 5182 1853 5255; x_wconf 85' lang='grc' dir='ltr'>ἐχθρῶν</span> <span class='ocrx_word' id='word_1_443' title='bbox 1883 5182 2141 5237; x_wconf 87' lang='grc' dir='ltr'>ἐναντιώ-</span> 
     </span>
    </p>
   </div>
   <div class='ocr_carea' id='block_1_60' title="bbox 559 5268 2140 5343">
    <p class='ocr_par' dir='ltr' id='par_1_60' title="bbox 559 5268 2140 5343">
     <span class='ocr_line' id='line_1_60' title="bbox 559 5268 2140 5343; baseline -0.004 -15"><span class='ocrx_word' id='word_1_444' title='bbox 559 5292 697 5338; x_wconf 87' lang='grc' dir='ltr'>σεις,</span> <span class='ocrx_word' id='word_1_445' title='bbox 718 5272 817 5338; x_wconf 89' lang='grc' dir='ltr'>τάς</span> <span class='ocrx_word' id='word_1_446' title='bbox 843 5273 1058 5343; x_wconf 85' lang='grc' dir='ltr'>μακρὰς</span> <span class='ocrx_word' id='word_1_447' title='bbox 1086 5270 1416 5342; x_wconf 86' lang='grc' dir='ltr'>ὁδοιπορίας,</span> <span class='ocrx_word' id='word_1_448' title='bbox 1442 5268 1542 5339; x_wconf 81' lang='grc' dir='ltr'>τῆς</span> <span class='ocrx_word' id='word_1_449' title='bbox 1572 5269 1809 5339; x_wconf 84' lang='grc' dir='ltr'>ἀδελφῆς</span> <span class='ocrx_word' id='word_1_450' title='bbox 1833 5268 1932 5339; x_wconf 81' lang='grc' dir='ltr'>τὴν</span> <span class='ocrx_word' id='word_1_451' title='bbox 1961 5268 2140 5340; x_wconf 81' lang='grc' dir='ltr'>ὕϐριν,</span> 
     </span>
    </p>
   </div>
   <div class='ocr_carea' id='block_1_61' title="bbox 557 5350 2144 5430">
    <p class='ocr_par' dir='ltr' id='par_1_61' title="bbox 557 5350 2144 5430">
     <span class='ocr_line' id='line_1_61' title="bbox 557 5350 2144 5430; baseline -0.006 -18"><span class='ocrx_word' id='word_1_452' title='bbox 557 5359 659 5430; x_wconf 86' lang='grc' dir='ltr'>τὴν</span> <span class='ocrx_word' id='word_1_453' title='bbox 690 5357 981 5429; x_wconf 90' lang='grc' dir='ltr'>τιμωρίαν,</span> <span class='ocrx_word' id='word_1_454' title='bbox 1011 5356 1096 5424; x_wconf 78' lang='grc' dir='ltr'>ἐφ’</span> <span class='ocrx_word' id='word_1_455' title='bbox 1198 5354 1396 5426; x_wconf 85' lang='grc' dir='ltr'>μᾶλλον</span> <span class='ocrx_word' id='word_1_456' title='bbox 1424 5355 1632 5416; x_wconf 85' lang='grc' dir='ltr'>ἐκεῖνος</span> <span class='ocrx_word' id='word_1_457' title='bbox 1660 5354 1688 5406; x_wconf 90' lang='grc' dir='ltr'><strong>ὁ</strong></span> <span class='ocrx_word' id='word_1_458' title='bbox 1713 5351 2021 5422; x_wconf 88' lang='grc' dir='ltr'>πραότατος</span> <span class='ocrx_word' id='word_1_459' title='bbox 2048 5351 2144 5423; x_wconf 80' lang='grc' dir='ltr'>ήλ-</span> 
     </span>
    </p>
   </div>
   <div class='ocr_carea' id='block_1_62' title="bbox 559 5437 2145 5514">
    <p class='ocr_par' dir='ltr' id='par_1_62' title="bbox 559 5437 2145 5514">
     <span class='ocr_line' id='line_1_62' title="bbox 559 5437 2145 5514; baseline -0.002 -19"><span class='ocrx_word' id='word_1_460' title='bbox 559 5460 695 5514; x_wconf 89' lang='grc' dir='ltr'>γησε</span> <span class='ocrx_word' id='word_1_461' title='bbox 725 5443 953 5512; x_wconf 80' lang='grc' dir='ltr'>Μωσῆς.</span> <span class='ocrx_word' id='word_1_462' title='bbox 997 5440 1134 5495; x_wconf 76' lang='grc' dir='ltr'>Ἀλλ’</span> <span class='ocrx_word' id='word_1_463' title='bbox 1166 5441 1318 5510; x_wconf 78' lang='grc' dir='ltr'>ὅμως</span> <span class='ocrx_word' id='word_1_464' title='bbox 1357 5438 1457 5493; x_wconf 80' lang='grc' dir='ltr'>κᾶν</span> <span class='ocrx_word' id='word_1_465' title='bbox 1494 5437 1713 5492; x_wconf 83' lang='grc' dir='ltr'>ἀπαντά</span> <span class='ocrx_word' id='word_1_466' title='bbox 1738 5454 1822 5499; x_wconf 88' lang='grc' dir='ltr'>τις</span> <span class='ocrx_word' id='word_1_467' title='bbox 1858 5438 2145 5511; x_wconf 82' lang='grc' dir='ltr'>συναγάγῃ</span> 
     </span>
    </p>
   </div>
   <div class='ocr_carea' id='block_1_63' title="bbox 563 5522 2143 5601">
    <p class='ocr_par' dir='ltr' id='par_1_63' title="bbox 563 5522 2143 5601">
     <span class='ocr_line' id='line_1_63' title="bbox 563 5522 2143 5601; baseline -0.003 -20"><span class='ocrx_word' id='word_1_468' title='bbox 563 5529 704 5601; x_wconf 87' lang='grc' dir='ltr'>μετά</span> <span class='ocrx_word' id='word_1_469' title='bbox 736 5527 1016 5599; x_wconf 88' lang='grc' dir='ltr'>ἀκριϐείας</span> <span class='ocrx_word' id='word_1_470' title='bbox 1039 5567 1054 5588; x_wconf 88' lang='grc'>,</span> <span class='ocrx_word' id='word_1_471' title='bbox 1096 5526 1219 5578; x_wconf 79' lang='grc' dir='ltr'>οὐδὲ</span> <span class='ocrx_word' id='word_1_472' title='bbox 1248 5524 1540 5597; x_wconf 76' lang='grc' dir='ltr'>μυριοστὸν</span> <span class='ocrx_word' id='word_1_473' title='bbox 1585 5523 1750 5594; x_wconf 87' lang='grc' dir='ltr'>μέρος</span> <span class='ocrx_word' id='word_1_474' title='bbox 1780 5522 1850 5576; x_wconf 82' lang='grc' dir='ltr'>τὰ</span> <span class='ocrx_word' id='word_1_475' title='bbox 1889 5539 2143 5595; x_wconf 81' lang='grc' dir='ltr'>γεγραμ-ο</span> 
     </span>
    </p>
   </div>
   <div class='ocr_carea' id='block_1_64' title="bbox 561 5606 2145 5685">
    <p class='ocr_par' dir='ltr' id='par_1_64' title="bbox 561 5606 2145 5685">
     <span class='ocr_line' id='line_1_64' title="bbox 561 5606 2145 5685; baseline -0.006 -19"><span class='ocrx_word' id='word_1_476' title='bbox 561 5613 702 5685; x_wconf 83' lang='grc' dir='ltr'>μένα</span> <span class='ocrx_word' id='word_1_477' title='bbox 743 5611 850 5665; x_wconf 87' lang='grc' dir='ltr'>τῶν</span> <span class='ocrx_word' id='word_1_478' title='bbox 895 5610 1275 5682; x_wconf 85' lang='grc' dir='ltr'>γεγενημένων</span> <span class='ocrx_word' id='word_1_479' title='bbox 1315 5608 1484 5662; x_wconf 81' lang='grc' dir='ltr'>ἐστίν.</span> <span class='ocrx_word' id='word_1_480' title='bbox 1519 5609 1583 5662; x_wconf 89' lang='grc' dir='ltr'><strong>Εἰ</strong></span> <span class='ocrx_word' id='word_1_481' title='bbox 1628 5609 1738 5680; x_wconf 77' lang='grc' dir='ltr'>γὰρ</span> <span class='ocrx_word' id='word_1_482' title='bbox 1779 5606 2007 5661; x_wconf 81' lang='grc' dir='ltr'>οἰκετῶν</span> <span class='ocrx_word' id='word_1_483' title='bbox 2059 5622 2145 5669; x_wconf 90' lang='grc' dir='ltr'>τις</span> 
     </span>
    </p>
   </div>
   <div class='ocr_carea' id='block_1_65' title="bbox 624 5737 1504 5801">
    <p class='ocr_par' dir='ltr' id='par_1_65' title="bbox 624 5737 1504 5801">
     <span class='ocr_line' id='line_1_65' title="bbox 624 5737 1504 5801; baseline -0.008 -12"><span class='ocrx_word' id='word_1_484' title='bbox 624 5740 651 5801; x_wconf 48' lang='grc' dir='ltr'>ξ</span> <span class='ocrx_word' id='word_1_485' title='bbox 678 5737 828 5789; x_wconf 78' lang='lat' dir='ltr'>Savil.</span> <span class='ocrx_word' id='word_1_486' title='bbox 853 5738 1005 5789; x_wconf 78' lang='lat' dir='ltr'><strong>habet</strong></span> <span class='ocrx_word' id='word_1_487' title='bbox 1021 5737 1244 5801; x_wconf 62' lang='grc' dir='ltr'>γυναῖκας</span> <span class='ocrx_word' id='word_1_488' title='bbox 1262 5737 1504 5801; x_wconf 29' lang='grc' dir='ltr'>καὶρθυγατ</span> 
     </span>
    </p>
   </div>
   <div class='ocr_carea' id='block_1_66' title="bbox 569 5773 2139 5907">
    <p class='ocr_par' dir='ltr' id='par_1_66' title="bbox 569 5773 2139 5907">
     <span class='ocr_line' id='line_1_66' title="bbox 623 5773 2139 5906; baseline -0.006 -55"><span class='ocrx_word' id='word_1_489' title='bbox 623 5800 653 5906; x_wconf 59' lang='grc' dir='ltr'><strong><em>ξ</em></strong></span> <span class='ocrx_word' id='word_1_490' title='bbox 677 5773 1708 5872; x_wconf 56' lang='grc' dir='ltr'>ξὲἱὺἶίἶέἰῖἶᾶιξἔῖὗῇῗέῗήὀὲὲῖ.’ὶιε).εύει,</span> <span class='ocrx_word' id='word_1_491' title='bbox 1731 5796 1879 5848; x_wconf 79' lang='lat' dir='ltr'>Savil.</span> <span class='ocrx_word' id='word_1_492' title='bbox 1907 5796 1966 5847; x_wconf 84' lang='lat' dir='ltr'><strong><em>ad</em></strong></span> <span class='ocrx_word' id='word_1_493' title='bbox 1987 5806 2139 5858; x_wconf 77' lang='lat' dir='ltr'><strong>marg.</strong></span> 
     </span>
     <span class='ocr_line' id='line_1_67' title="bbox 569 5875 757 5907; baseline 0.005 -1"><span class='ocrx_word' id='word_1_494' title='bbox 569 5875 625 5907; x_wconf 83' lang='grc' dir='ltr'>κε</span> <span class='ocrx_word' id='word_1_495' title='bbox 647 5876 757 5907; x_wconf 76' lang='grc' dir='ltr'>.ευη.</span> 
     </span>
    </p>
   </div>
   <div class='ocr_carea' id='block_1_67' title="bbox 647 5876 757 5924">
    <p class='ocr_par' dir='ltr' id='par_1_67' title="bbox 647 5876 757 5924">
     <span class='ocr_line' id='line_1_68' title="bbox 647 5876 757 5924; baseline 0.036 -18"><span class='ocrx_word' id='word_1_496' title='bbox 647 5876 738 5924; x_wconf 78' lang='grc' dir='ltr'>,ευῃ</span> <span class='ocrx_word' id='word_1_497' title='bbox 747 5899 757 5910; x_wconf 92' lang='grc'>.</span> 
     </span>
    </p>
   </div>
   <div class='ocr_carea' id='block_1_68' title="bbox 1205 292 3070 355">
    <p class='ocr_par' dir='ltr' id='par_1_68' title="bbox 1205 292 3070 355">
     <span class='ocr_line' id='line_1_69' title="bbox 1205 292 3070 355; baseline 0 -2"><span class='ocrx_word' id='word_1_498' title='bbox 1205 298 1266 355; x_wconf 88' lang='lat' dir='ltr'>S.</span> <span class='ocrx_word' id='word_1_499' title='bbox 1308 295 1594 353; x_wconf 65' lang='lat' dir='ltr'>JOANNIS</span> <span class='ocrx_word' id='word_1_500' title='bbox 1629 292 2118 354; x_wconf 70' lang='lat' dir='ltr'>CHRYSOSTOMI</span> <span class='ocrx_word' id='word_1_501' title='bbox 2156 293 2477 352; x_wconf 78' lang='lat' dir='ltr'>ARCHIEP.</span> <span class='ocrx_word' id='word_1_502' title='bbox 2519 293 3070 353; x_wconf 77' lang='lat' dir='ltr'>CONSTANTINOP.</span> 
     </span>
    </p>
   </div>
   <div class='ocr_carea' id='block_1_69' title="bbox 3669 301 3784 360">
    <p class='ocr_par' dir='ltr' id='par_1_69' title="bbox 3669 301 3784 360">
     <span class='ocr_line' id='line_1_70' title="bbox 3669 301 3784 360; baseline 0.017 -2"><span class='ocrx_word' id='word_1_503' title='bbox 3669 301 3784 360; x_wconf 74' lang='grc' dir='ltr'>ιῖσ</span> 
     </span>
    </p>
   </div>
   <div class='ocr_carea' id='block_1_70' title="bbox 2203 409 3791 483">
    <p class='ocr_par' dir='ltr' id='par_1_70' title="bbox 2203 409 3791 483">
     <span class='ocr_line' id='line_1_71' title="bbox 2203 409 3791 483; baseline 0.003 -20"><span class='ocrx_word' id='word_1_504' title='bbox 2203 410 2400 480; x_wconf 85' lang='grc' dir='ltr'>ὀλίγων</span> <span class='ocrx_word' id='word_1_505' title='bbox 2429 410 2488 464; x_wconf 83' lang='grc' dir='ltr'>ἐν</span> <span class='ocrx_word' id='word_1_506' title='bbox 2518 411 2667 482; x_wconf 69' lang='grc' dir='ltr'>οἰκία</span> <span class='ocrx_word' id='word_1_507' title='bbox 2705 411 3015 481; x_wconf 83' lang='grc' dir='ltr'>προεστὼς,</span> <span class='ocrx_word' id='word_1_508' title='bbox 3050 411 3146 467; x_wconf 77' lang='grc' dir='ltr'>καὶ</span> <span class='ocrx_word' id='word_1_509' title='bbox 3177 409 3547 483; x_wconf 79' lang='grc' dir='ltr'>παροξυσμῶν</span> <span class='ocrx_word' id='word_1_510' title='bbox 3574 413 3668 467; x_wconf 79' lang='grc' dir='ltr'>καὶ</span> <span class='ocrx_word' id='word_1_511' title='bbox 3692 413 3791 468; x_wconf 87' lang='grc' dir='ltr'>λύ-</span> 
     </span>
    </p>
   </div>
   <div class='ocr_carea' id='block_1_71' title="bbox 2205 494 3792 567">
    <p class='ocr_par' dir='ltr' id='par_1_71' title="bbox 2205 494 3792 567">
     <span class='ocr_line' id='line_1_72' title="bbox 2205 494 3792 567; baseline -0.005 -6"><span class='ocrx_word' id='word_1_512' title='bbox 2205 512 2314 566; x_wconf 84' lang='grc' dir='ltr'>πτις</span> <span class='ocrx_word' id='word_1_513' title='bbox 2344 495 2543 566; x_wconf 79' lang='grc' dir='ltr'>μυρίας</span> <span class='ocrx_word' id='word_1_514' title='bbox 2564 494 2677 567; x_wconf 75' lang='grc' dir='ltr'>ἔχει</span> <span class='ocrx_word' id='word_1_515' title='bbox 2706 495 3032 567; x_wconf 84' lang='grc' dir='ltr'>προφάσεις·</span> <span class='ocrx_word' id='word_1_516' title='bbox 3062 498 3091 550; x_wconf 86' lang='grc' dir='ltr'>ὁ</span> <span class='ocrx_word' id='word_1_517' title='bbox 3123 495 3399 567; x_wconf 85' lang='grc' dir='ltr'>μυριάδων</span> <span class='ocrx_word' id='word_1_518' title='bbox 3430 496 3700 552; x_wconf 84' lang='grc' dir='ltr'>τοσούτων</span> <span class='ocrx_word' id='word_1_519' title='bbox 3725 500 3792 554; x_wconf 77' lang='grc' dir='ltr'>ἐν</span> 
     </span>
    </p>
   </div>
   <div class='ocr_carea' id='block_1_72' title="bbox 2208 579 3788 652">
    <p class='ocr_par' dir='ltr' id='par_1_72' title="bbox 2208 579 3788 652">
     <span class='ocr_line' id='line_1_73' title="bbox 2208 579 3788 652; baseline 0.001 -19"><span class='ocrx_word' id='word_1_520' title='bbox 2208 580 2619 651; x_wconf 88' lang='grc' dir='ltr'>τεσσαράκοντα</span> <span class='ocrx_word' id='word_1_521' title='bbox 2660 579 2835 635; x_wconf 67' lang='grc' dir='ltr'>ἔτεσιν</span> <span class='ocrx_word' id='word_1_522' title='bbox 2861 580 3256 652; x_wconf 79' lang='grc' dir='ltr'>ἐπιτροπεῦσαι</span> <span class='ocrx_word' id='word_1_523' title='bbox 3284 582 3788 650; x_wconf 78' lang='grc' dir='ltr'>καταναγκασθεὶς,</span> 
     </span>
    </p>
   </div>
   <div class='ocr_carea' id='block_1_73' title="bbox 2206 662 3795 737">
    <p class='ocr_par' dir='ltr' id='par_1_73' title="bbox 2206 662 3795 737">
     <span class='ocr_line' id='line_1_74' title="bbox 2206 662 3795 737; baseline 0.003 -20"><span class='ocrx_word' id='word_1_524' title='bbox 2206 664 2302 717; x_wconf 81' lang='grc' dir='ltr'>καὶ</span> <span class='ocrx_word' id='word_1_525' title='bbox 2330 666 2388 718; x_wconf 82' lang='grc' dir='ltr'>ἐν</span> <span class='ocrx_word' id='word_1_526' title='bbox 2432 666 2658 735; x_wconf 85' lang='grc' dir='ltr'>ἐρήμῳ,</span> <span class='ocrx_word' id='word_1_527' title='bbox 2698 664 2829 718; x_wconf 73' lang='grc' dir='ltr'>ἔνθα</span> <span class='ocrx_word' id='word_1_528' title='bbox 2865 665 3004 736; x_wconf 90' lang='grc' dir='ltr'>μήτε</span> <span class='ocrx_word' id='word_1_529' title='bbox 3036 664 3146 736; x_wconf 79' lang='grc' dir='ltr'>ἀὴρ</span> <span class='ocrx_word' id='word_1_530' title='bbox 3183 667 3322 737; x_wconf 76' lang='grc' dir='ltr'>μήτε</span> <span class='ocrx_word' id='word_1_531' title='bbox 3355 664 3501 737; x_wconf 78' lang='grc' dir='ltr'>ὕδωρ</span> <span class='ocrx_word' id='word_1_532' title='bbox 3527 662 3615 737; x_wconf 74' lang='grc' dir='ltr'>ἦν.</span> <span class='ocrx_word' id='word_1_533' title='bbox 3648 668 3795 722; x_wconf 84' lang='grc' dir='ltr'>πόσα.</span> 
     </span>
    </p>
   </div>
   <div class='ocr_carea' id='block_1_74' title="bbox 2207 748 3794 822">
    <p class='ocr_par' dir='ltr' id='par_1_74' title="bbox 2207 748 3794 822">
     <span class='ocr_line' id='line_1_75' title="bbox 2207 748 3794 822; baseline 0.001 -18"><span class='ocrx_word' id='word_1_534' title='bbox 2207 751 2509 822; x_wconf 91' lang='grc' dir='ltr'>πράγματα</span> <span class='ocrx_word' id='word_1_535' title='bbox 2542 748 2666 803; x_wconf 89' lang='grc' dir='ltr'>καθ’</span> <span class='ocrx_word' id='word_1_536' title='bbox 2700 749 2939 821; x_wconf 79' lang='grc' dir='ltr'>ἑκάστην</span> <span class='ocrx_word' id='word_1_537' title='bbox 2985 749 3200 820; x_wconf 83' lang='grc' dir='ltr'>ἡμέραν</span> <span class='ocrx_word' id='word_1_538' title='bbox 3232 749 3378 821; x_wconf 77' lang='grc' dir='ltr'>ἔχειν</span> <span class='ocrx_word' id='word_1_539' title='bbox 3414 749 3794 819; x_wconf 74' lang='grc' dir='ltr'>ἠναγκάζετο,</span> 
     </span>
    </p>
   </div>
   <div class='ocr_carea' id='block_1_75' title="bbox 2209 832 3796 905">
    <p class='ocr_par' dir='ltr' id='par_1_75' title="bbox 2209 832 3796 905">
     <span class='ocr_line' id='line_1_76' title="bbox 2209 832 3796 905; baseline 0.001 -19"><span class='ocrx_word' id='word_1_540' title='bbox 2209 833 2382 897; x_wconf 85' lang='grc' dir='ltr'>πόσας</span> <span class='ocrx_word' id='word_1_541' title='bbox 2431 832 2748 905; x_wconf 88' lang='grc' dir='ltr'>φροντίδας,</span> <span class='ocrx_word' id='word_1_542' title='bbox 2801 833 2974 897; x_wconf 79' lang='grc' dir='ltr'>πόσας</span> <span class='ocrx_word' id='word_1_543' title='bbox 3011 832 3256 904; x_wconf 81' lang='grc' dir='ltr'>ἀθυμίας</span> <span class='ocrx_word' id='word_1_544' title='bbox 3294 834 3389 888; x_wconf 76' lang='grc' dir='ltr'>καὶ</span> <span class='ocrx_word' id='word_1_545' title='bbox 3428 833 3645 900; x_wconf 80' lang='grc' dir='ltr'>ζώντων</span> <span class='ocrx_word' id='word_1_546' title='bbox 3695 836 3796 891; x_wconf 77' lang='grc' dir='ltr'>καὶ</span> 
     </span>
    </p>
   </div>
   <div class='ocr_carea' id='block_1_76' title="bbox 2206 916 3799 988">
    <p class='ocr_par' dir='ltr' id='par_1_76' title="bbox 2206 916 3799 988">
     <span class='ocr_line' id='line_1_77' title="bbox 2206 916 3799 988; baseline 0.001 -17"><span class='ocrx_word' id='word_1_547' title='bbox 2206 917 2678 988; x_wconf 77' lang='grc' dir='ltr'>τελευτησάντωνί</span> <span class='ocrx_word' id='word_1_548' title='bbox 2732 918 2844 973; x_wconf 75' lang='grc' dir='ltr'>Καὶ</span> <span class='ocrx_word' id='word_1_549' title='bbox 2889 917 3001 988; x_wconf 86' lang='grc' dir='ltr'>γὰρ</span> <span class='ocrx_word' id='word_1_550' title='bbox 3026 916 3123 971; x_wconf 67' lang='grc' dir='ltr'>καλ⁵</span> <span class='ocrx_word' id='word_1_551' title='bbox 3160 917 3589 988; x_wconf 87' lang='grc' dir='ltr'>τελευτήσαντας</span> <span class='ocrx_word' id='word_1_552' title='bbox 3617 918 3799 972; x_wconf 65' lang='lat' dir='ltr'><strong><em>amv-</em></strong></span> 
     </span>
    </p>
   </div>
   <div class='ocr_carea' id='block_1_77' title="bbox 2209 997 3798 1073">
    <p class='ocr_par' dir='ltr' id='par_1_77' title="bbox 2209 997 3798 1073">
     <span class='ocr_line' id='line_1_78' title="bbox 2209 997 3798 1073; baseline 0.001 -17"><span class='ocrx_word' id='word_1_553' title='bbox 2209 1019 2309 1065; x_wconf 88' lang='grc' dir='ltr'>τας</span> <span class='ocrx_word' id='word_1_554' title='bbox 2345 997 2487 1056; x_wconf 85' lang='grc' dir='ltr'>εἶδεν</span> <span class='ocrx_word' id='word_1_555' title='bbox 2511 1001 2607 1066; x_wconf 82' lang='grc' dir='ltr'>οὓς</span> <span class='ocrx_word' id='word_1_556' title='bbox 2640 1002 2902 1073; x_wconf 80' lang='grc' dir='ltr'>ἐξήγαγε,</span> <span class='ocrx_word' id='word_1_557' title='bbox 2938 1000 3077 1071; x_wconf 82' lang='grc' dir='ltr'>πλὴν</span> <span class='ocrx_word' id='word_1_558' title='bbox 3101 1001 3311 1072; x_wconf 89' lang='grc' dir='ltr'>ἀνδρῶν</span> <span class='ocrx_word' id='word_1_559' title='bbox 3334 1000 3427 1055; x_wconf 91' lang='grc' dir='ltr'>δύο</span> <span class='ocrx_word' id='word_1_560' title='bbox 3457 1002 3655 1073; x_wconf 88' lang='grc' dir='ltr'>μόνων,</span> <span class='ocrx_word' id='word_1_561' title='bbox 3698 1003 3798 1057; x_wconf 78' lang='grc' dir='ltr'>καὶ</span> 
     </span>
    </p>
   </div>
   <div class='ocr_carea' id='block_1_78' title="bbox 2207 1084 3798 1158">
    <p class='ocr_par' dir='ltr' id='par_1_78' title="bbox 2207 1084 3798 1158">
     <span class='ocr_line' id='line_1_79' title="bbox 2207 1084 3798 1158; baseline 0.002 -20"><span class='ocrx_word' id='word_1_562' title='bbox 2207 1087 2338 1149; x_wconf 78' lang='grc' dir='ltr'>τοὺς</span> <span class='ocrx_word' id='word_1_563' title='bbox 2376 1086 2471 1138; x_wconf 80' lang='grc' dir='ltr'>ἀπ’</span> <span class='ocrx_word' id='word_1_564' title='bbox 2512 1085 2739 1139; x_wconf 87' lang='grc' dir='ltr'>ἐκείνων</span> <span class='ocrx_word' id='word_1_565' title='bbox 2765 1084 3169 1155; x_wconf 87' lang='grc' dir='ltr'>γεγενημένους</span> <span class='ocrx_word' id='word_1_566' title='bbox 3207 1086 3310 1138; x_wconf 83' lang='grc' dir='ltr'>οὐκ</span> <span class='ocrx_word' id='word_1_567' title='bbox 3348 1085 3554 1157; x_wconf 73' lang='grc' dir='ltr'>ἠξιώθη</span> <span class='ocrx_word' id='word_1_568' title='bbox 3590 1086 3798 1158; x_wconf 81' lang='grc' dir='ltr'>εἱς“τὴν</span> 
     </span>
    </p>
   </div>
   <div class='ocr_carea' id='block_1_79' title="bbox 2210 1165 3798 1243">
    <p class='ocr_par' dir='ltr' id='par_1_79' title="bbox 2210 1165 3798 1243">
     <span class='ocr_line' id='line_1_80' title="bbox 2210 1165 3798 1243; baseline 0.001 -22"><span class='ocrx_word' id='word_1_569' title='bbox 2210 1169 2315 1239; x_wconf 78' lang='grc' dir='ltr'>γῆν</span> <span class='ocrx_word' id='word_1_570' title='bbox 2356 1169 2454 1238; x_wconf 78' lang='grc' dir='ltr'>τῆς</span> <span class='ocrx_word' id='word_1_571' title='bbox 2476 1167 2810 1237; x_wconf 80' lang='grc' dir='ltr'>ἐπαγγελίας</span> <span class='ocrx_word' id='word_1_572' title='bbox 2838 1169 3173 1236; x_wconf 75' lang='grc' dir='ltr'>εἰσαγαγεῖν·</span> <span class='ocrx_word' id='word_1_573' title='bbox 3211 1168 3327 1221; x_wconf 87' lang='grc' dir='ltr'>ἀλλ’</span> <span class='ocrx_word' id='word_1_574' title='bbox 3356 1165 3463 1223; x_wconf 85' lang='grc' dir='ltr'>εἶδε</span> <span class='ocrx_word' id='word_1_575' title='bbox 3497 1170 3597 1241; x_wconf 76' lang='grc' dir='ltr'>μὲν</span> <span class='ocrx_word' id='word_1_576' title='bbox 3622 1170 3798 1243; x_wconf 77' lang='grc' dir='ltr'>αὐτὴν</span> 
     </span>
    </p>
   </div>
   <div class='ocr_carea' id='block_1_80' title="bbox 2210 1249 3793 1325">
    <p class='ocr_par' dir='ltr' id='par_1_80' title="bbox 2210 1249 3793 1325">
     <span class='ocr_line' id='line_1_81' title="bbox 2210 1249 3793 1325; baseline 0.001 -19"><span class='ocrx_word' id='word_1_577' title='bbox 2210 1252 2320 1306; x_wconf 84' lang='grc' dir='ltr'>ἀπὸ</span> <span class='ocrx_word' id='word_1_578' title='bbox 2359 1251 2461 1323; x_wconf 82' lang='grc' dir='ltr'>τῆς</span> <span class='ocrx_word' id='word_1_579' title='bbox 2489 1252 2731 1324; x_wconf 81' lang='grc' dir='ltr'>κορυφῆς</span> <span class='ocrx_word' id='word_1_580' title='bbox 2764 1249 2858 1305; x_wconf 78' lang='grc' dir='ltr'>τοῦ</span> <span class='ocrx_word' id='word_1_581' title='bbox 2896 1251 3058 1323; x_wconf 79' lang='grc' dir='ltr'>ὅρους</span> <span class='ocrx_word' id='word_1_582' title='bbox 3085 1251 3277 1305; x_wconf 83' lang='grc' dir='ltr'>Ναϐαὖ</span> <span class='ocrx_word' id='word_1_583' title='bbox 3298 1293 3312 1315; x_wconf 91' lang='grc'>,</span> <span class='ocrx_word' id='word_1_584' title='bbox 3359 1253 3454 1306; x_wconf 79' lang='grc' dir='ltr'>καὶ</span> <span class='ocrx_word' id='word_1_585' title='bbox 3490 1252 3589 1325; x_wconf 81' lang='grc' dir='ltr'>τὴν</span> <span class='ocrx_word' id='word_1_586' title='bbox 3627 1254 3793 1322; x_wconf 85' lang='grc' dir='ltr'>φύσιν</span> 
     </span>
    </p>
   </div>
   <div class='ocr_carea' id='block_1_81' title="bbox 2211 1334 3801 1407">
    <p class='ocr_par' dir='ltr' id='par_1_81' title="bbox 2211 1334 3801 1407">
     <span class='ocr_line' id='line_1_82' title="bbox 2211 1334 3801 1407; baseline 0.001 -17"><span class='ocrx_word' id='word_1_587' title='bbox 2211 1335 2384 1407; x_wconf 78' lang='grc' dir='ltr'>αὐτῆς</span> <span class='ocrx_word' id='word_1_588' title='bbox 2413 1334 2662 1407; x_wconf 87' lang='grc' dir='ltr'>ἐδιδάχθη</span> <span class='ocrx_word' id='word_1_589' title='bbox 2709 1334 2892 1399; x_wconf 90' lang='grc' dir='ltr'>καλῶς</span> <span class='ocrx_word' id='word_1_590' title='bbox 2913 1375 2928 1398; x_wconf 94' lang='grc'>,</span> <span class='ocrx_word' id='word_1_591' title='bbox 2958 1335 3264 1390; x_wconf 81' lang='grc' dir='ltr'>ἀπολαῦσαι</span> <span class='ocrx_word' id='word_1_592' title='bbox 3295 1336 3352 1389; x_wconf 84' lang='grc' dir='ltr'>δὲ</span> <span class='ocrx_word' id='word_1_593' title='bbox 3382 1336 3553 1407; x_wconf 80' lang='grc' dir='ltr'>αὐτῆς</span> <span class='ocrx_word' id='word_1_594' title='bbox 3580 1336 3641 1390; x_wconf 82' lang='grc' dir='ltr'>ού</span> <span class='ocrx_word' id='word_1_595' title='bbox 3671 1355 3801 1391; x_wconf 88' lang='grc' dir='ltr'>συν-</span> 
     </span>
    </p>
   </div>
   <div class='ocr_carea' id='block_1_82' title="bbox 2212 1418 3801 1493">
    <p class='ocr_par' dir='ltr' id='par_1_82' title="bbox 2212 1418 3801 1493">
     <span class='ocr_line' id='line_1_83' title="bbox 2212 1418 3801 1493; baseline 0 -20"><span class='ocrx_word' id='word_1_596' title='bbox 2212 1419 2464 1493; x_wconf 86' lang='grc' dir='ltr'>εχωρήθη</span> <span class='ocrx_word' id='word_1_597' title='bbox 2495 1418 2634 1490; x_wconf 85' lang='grc' dir='ltr'>μετά</span> <span class='ocrx_word' id='word_1_598' title='bbox 2653 1418 2764 1472; x_wconf 90' lang='grc' dir='ltr'>τῶν</span> <span class='ocrx_word' id='word_1_599' title='bbox 2802 1418 3005 1472; x_wconf 86' lang='grc' dir='ltr'>λοιπῶν</span> <span class='ocrx_word' id='word_1_600' title='bbox 3046 1418 3416 1491; x_wconf 84' lang='grc' dir='ltr'>Ἰσραηλιτῶν,</span> <span class='ocrx_word' id='word_1_601' title='bbox 3452 1418 3568 1473; x_wconf 79' lang='grc' dir='ltr'>ἀλλ’</span> <span class='ocrx_word' id='word_1_602' title='bbox 3603 1419 3801 1491; x_wconf 74' lang='grc' dir='ltr'>ἔμενεν</span> 
     </span>
    </p>
   </div>
   <div class='ocr_carea' id='block_1_83' title="bbox 2211 1495 3802 1574">
    <p class='ocr_par' dir='ltr' id='par_1_83' title="bbox 2211 1495 3802 1574">
     <span class='ocr_line' id='line_1_84' title="bbox 2211 1495 3802 1574; baseline -0.001 -18"><span class='ocrx_word' id='word_1_603' title='bbox 2211 1503 2354 1571; x_wconf 80' lang='grc' dir='ltr'>ἐξω,</span> <span class='ocrx_word' id='word_1_604' title='bbox 2398 1504 2492 1557; x_wconf 76' lang='grc' dir='ltr'>καὶ</span> <span class='ocrx_word' id='word_1_605' title='bbox 2532 1502 2873 1573; x_wconf 84' lang='grc' dir='ltr'>ἀπέθνησκεν</span> <span class='ocrx_word' id='word_1_606' title='bbox 2895 1520 2908 1533; x_wconf 94' lang='grc'>·</span> <span class='ocrx_word' id='word_1_607' title='bbox 2944 1503 3027 1571; x_wconf 83' lang='grc' dir='ltr'>ἐφ’</span> <span class='ocrx_word' id='word_1_608' title='bbox 3056 1495 3102 1571; x_wconf 82' lang='grc' dir='ltr'>ᾧ</span> <span class='ocrx_word' id='word_1_609' title='bbox 3139 1504 3233 1557; x_wconf 70' lang='grc' dir='ltr'>καὶ</span> <span class='ocrx_word' id='word_1_610' title='bbox 3265 1503 3427 1567; x_wconf 78' lang='grc' dir='ltr'>αὐτὸς</span> <span class='ocrx_word' id='word_1_611' title='bbox 3471 1503 3802 1574; x_wconf 86' lang='grc' dir='ltr'>ἀπωδύρατο</span> 
     </span>
    </p>
   </div>
   <div class='ocr_carea' id='block_1_84' title="bbox 2212 1584 3804 1660">
    <p class='ocr_par' dir='ltr' id='par_1_84' title="bbox 2212 1584 3804 1660">
     <span class='ocr_line' id='line_1_85' title="bbox 2212 1584 3804 1660; baseline 0 -20"><span class='ocrx_word' id='word_1_612' title='bbox 2212 1587 2350 1660; x_wconf 80' lang='grc' dir='ltr'>πρὸς</span> <span class='ocrx_word' id='word_1_613' title='bbox 2374 1588 2501 1650; x_wconf 81' lang='grc' dir='ltr'>τοὺς</span> <span class='ocrx_word' id='word_1_614' title='bbox 2558 1585 2900 1658; x_wconf 86' lang='grc' dir='ltr'>Ἰσραηλίτας</span> <span class='ocrx_word' id='word_1_615' title='bbox 2929 1584 3133 1655; x_wconf 85' lang='grc' dir='ltr'>λέγων·</span> <span class='ocrx_word' id='word_1_616' title='bbox 3180 1585 3293 1640; x_wconf 80' lang='grc' dir='ltr'>Καὶ</span> <span class='ocrx_word' id='word_1_617' title='bbox 3320 1588 3537 1655; x_wconf 83' lang='grc' dir='ltr'>Κύριος</span> <span class='ocrx_word' id='word_1_618' title='bbox 3573 1591 3606 1641; x_wconf 85' lang='grc' dir='ltr'>ό</span> <span class='ocrx_word' id='word_1_619' title='bbox 3654 1586 3804 1653; x_wconf 83' lang='grc' dir='ltr'>Θεὸς</span> 
     </span>
    </p>
   </div>
   <div class='ocr_carea' id='block_1_85' title="bbox 2210 1667 3804 1741">
    <p class='ocr_par' dir='ltr' id='par_1_85' title="bbox 2210 1667 3804 1741">
     <span class='ocr_line' id='line_1_86' title="bbox 2210 1667 3804 1741; baseline 0 -16"><span class='ocrx_word' id='word_1_620' title='bbox 2210 1669 2480 1741; x_wconf 82' lang='grc' dir='ltr'>ἐθυμώθη</span> <span class='ocrx_word' id='word_1_621' title='bbox 2506 1686 2609 1739; x_wconf 86' lang='grc' dir='ltr'>μοι</span> <span class='ocrx_word' id='word_1_622' title='bbox 2650 1668 2783 1736; x_wconf 79' lang='grc' dir='ltr'>περὶ</span> <span class='ocrx_word' id='word_1_623' title='bbox 2822 1667 2940 1722; x_wconf 87' lang='grc' dir='ltr'>τῶν</span> <span class='ocrx_word' id='word_1_624' title='bbox 2972 1667 3312 1739; x_wconf 73' lang='grc' dir='ltr'>λεγομένων</span> <span class='ocrx_word' id='word_1_625' title='bbox 3343 1670 3445 1740; x_wconf 62' lang='grc' dir='ltr'>ὑφ’</span> <span class='ocrx_word' id='word_1_626' title='bbox 3476 1668 3664 1740; x_wconf 85' lang='grc' dir='ltr'>ὑμῶν,</span> <span class='ocrx_word' id='word_1_627' title='bbox 3702 1669 3804 1724; x_wconf 65' lang='grc' dir='ltr'>καὶ</span> 
     </span>
    </p>
   </div>
   <div class='ocr_carea' id='block_1_86' title="bbox 2211 1749 3799 1825">
    <p class='ocr_par' dir='ltr' id='par_1_86' title="bbox 2211 1749 3799 1825">
     <span class='ocr_line' id='line_1_87' title="bbox 2211 1749 3799 1825; baseline -0.001 -18"><span class='ocrx_word' id='word_1_628' title='bbox 2211 1753 2450 1825; x_wconf 80' lang='grc' dir='ltr'>ὤμοσεν</span> <span class='ocrx_word' id='word_1_629' title='bbox 2478 1753 2582 1806; x_wconf 75' lang='grc' dir='ltr'>ἵνα</span> <span class='ocrx_word' id='word_1_630' title='bbox 2607 1751 2694 1822; x_wconf 81' lang='grc' dir='ltr'>μὴ</span> <span class='ocrx_word' id='word_1_631' title='bbox 2724 1749 2905 1807; x_wconf 81' lang='grc' dir='ltr'>διαϐῶ</span> <span class='ocrx_word' id='word_1_632' title='bbox 2937 1751 3044 1805; x_wconf 80' lang='grc' dir='ltr'>τὸν</span> <span class='ocrx_word' id='word_1_633' title='bbox 3087 1751 3398 1821; x_wconf 71' lang='grc' dir='ltr'>Ἰορδάνην</span> <span class='ocrx_word' id='word_1_634' title='bbox 3425 1752 3659 1815; x_wconf 79' lang='grc' dir='ltr'>τοῦτον,</span> <span class='ocrx_word' id='word_1_635' title='bbox 3693 1752 3799 1807; x_wconf 74' lang='grc' dir='ltr'>καὶ</span> 
     </span>
    </p>
   </div>
   <div class='ocr_carea' id='block_1_87' title="bbox 2213 1833 3808 1908">
    <p class='ocr_par' dir='ltr' id='par_1_87' title="bbox 2213 1833 3808 1908">
     <span class='ocr_line' id='line_1_88' title="bbox 2213 1833 3808 1908; baseline -0.003 -16"><span class='ocrx_word' id='word_1_636' title='bbox 2213 1840 2315 1893; x_wconf 75' lang='grc' dir='ltr'>ἵνα</span> <span class='ocrx_word' id='word_1_637' title='bbox 2332 1838 2419 1908; x_wconf 85' lang='grc' dir='ltr'>μὴ</span> <span class='ocrx_word' id='word_1_638' title='bbox 2449 1838 2702 1891; x_wconf 76' lang='grc' dir='ltr'>εἰσέλθω</span> <span class='ocrx_word' id='word_1_639' title='bbox 2732 1838 2820 1901; x_wconf 81' lang='grc' dir='ltr'>είς</span> <span class='ocrx_word' id='word_1_640' title='bbox 2845 1834 2961 1902; x_wconf 82' lang='grc' dir='ltr'>τὴν</span> <span class='ocrx_word' id='word_1_641' title='bbox 2978 1834 3117 1906; x_wconf 72' lang='grc' dir='ltr'>γῆν,</span> <span class='ocrx_word' id='word_1_642' title='bbox 3143 1833 3227 1903; x_wconf 75' lang='grc' dir='ltr'>ἣν</span> <span class='ocrx_word' id='word_1_643' title='bbox 3248 1837 3465 1905; x_wconf 83' lang='grc' dir='ltr'>Κύριος</span> <span class='ocrx_word' id='word_1_644' title='bbox 3489 1840 3522 1891; x_wconf 86' lang='grc' dir='ltr'><em>ὁ</em></span> <span class='ocrx_word' id='word_1_645' title='bbox 3542 1836 3690 1903; x_wconf 85' lang='grc' dir='ltr'>Θεὸς</span> <span class='ocrx_word' id='word_1_646' title='bbox 3716 1835 3808 1889; x_wconf 80' lang='grc' dir='ltr'>δί-</span> 
     </span>
    </p>
   </div>
   <div class='ocr_carea' id='block_1_88' title="bbox 2214 1917 3808 1991">
    <p class='ocr_par' dir='ltr' id='par_1_88' title="bbox 2214 1917 3808 1991">
     <span class='ocr_line' id='line_1_89' title="bbox 2214 1917 3808 1991; baseline -0.002 -15"><span class='ocrx_word' id='word_1_647' title='bbox 2214 1921 2366 1977; x_wconf 84' lang='grc' dir='ltr'>δωσί</span> <span class='ocrx_word' id='word_1_648' title='bbox 2406 1938 2505 1975; x_wconf 91' lang='grc' dir='ltr'>σοι</span> <span class='ocrx_word' id='word_1_649' title='bbox 2529 1921 2601 1973; x_wconf 84' lang='grc' dir='ltr'>ἐν</span> <span class='ocrx_word' id='word_1_650' title='bbox 2638 1920 2860 1989; x_wconf 76' lang='grc' dir='ltr'>κλήρῳ.</span> <span class='ocrx_word' id='word_1_651' title='bbox 3084 1920 3194 1991; x_wconf 76' lang='grc' dir='ltr'>γὰρ</span> <span class='ocrx_word' id='word_1_652' title='bbox 3235 1920 3601 1986; x_wconf 76' lang='grc' dir='ltr'>ἀποθνήσκω</span> <span class='ocrx_word' id='word_1_653' title='bbox 3632 1922 3704 1973; x_wconf 84' lang='grc' dir='ltr'>ἐν</span> <span class='ocrx_word' id='word_1_654' title='bbox 3725 1918 3808 1989; x_wconf 75' lang='grc' dir='ltr'>τῇ</span> 
     </span>
    </p>
   </div>
   <div class='ocr_carea' id='block_1_89' title="bbox 2214 2003 3805 2078">
    <p class='ocr_par' dir='ltr' id='par_1_89' title="bbox 2214 2003 3805 2078">
     <span class='ocr_line' id='line_1_90' title="bbox 2214 2003 3805 2078; baseline -0.014 -1"><span class='ocrx_word' id='word_1_655' title='bbox 2214 2005 2295 2078; x_wconf 68' lang='grc' dir='ltr'>τῇ</span> <span class='ocrx_word' id='word_1_656' title='bbox 2318 2007 2525 2075; x_wconf 66' lang='grc' dir='ltr'>ταύτῃ,</span> <span class='ocrx_word' id='word_1_657' title='bbox 2557 2004 2657 2059; x_wconf 82' lang='grc' dir='ltr'>καὶ</span> <span class='ocrx_word' id='word_1_658' title='bbox 2676 2006 2749 2059; x_wconf 88' lang='grc' dir='ltr'>οὐ</span> <span class='ocrx_word' id='word_1_659' title='bbox 2772 2003 3054 2058; x_wconf 83' lang='grc' dir='ltr'>διαϐαίνω</span> <span class='ocrx_word' id='word_1_660' title='bbox 3083 2004 3190 2058; x_wconf 86' lang='grc' dir='ltr'>τὸν</span> <span class='ocrx_word' id='word_1_661' title='bbox 3223 2003 3527 2074; x_wconf 84' lang='grc' dir='ltr'>Ἰορδάνην</span> <span class='ocrx_word' id='word_1_662' title='bbox 3550 2005 3770 2059; x_wconf 78' lang='grc' dir='ltr'>τοῦτον</span> <span class='ocrx_word' id='word_1_663' title='bbox 3786 2020 3805 2035; x_wconf 86' lang='grc'>·</span> 
     </span>
    </p>
   </div>
   <div class='ocr_carea' id='block_1_90' title="bbox 2217 2085 3811 2160">
    <p class='ocr_par' dir='ltr' id='par_1_90' title="bbox 2217 2085 3811 2160">
     <span class='ocr_line' id='line_1_91' title="bbox 2217 2085 3811 2160; baseline -0.004 -14"><span class='ocrx_word' id='word_1_664' title='bbox 2217 2089 2387 2160; x_wconf 84' lang='grc' dir='ltr'>ὑμεῖς</span> <span class='ocrx_word' id='word_1_665' title='bbox 2406 2088 2476 2143; x_wconf 82' lang='grc' dir='ltr'>δὲ</span> <span class='ocrx_word' id='word_1_666' title='bbox 2499 2088 2889 2158; x_wconf 84' lang='grc' dir='ltr'>διαϐήσεσθε,</span> <span class='ocrx_word' id='word_1_667' title='bbox 2913 2087 3015 2142; x_wconf 83' lang='grc' dir='ltr'>καὶ</span> <span class='ocrx_word' id='word_1_668' title='bbox 3038 2088 3529 2159; x_wconf 71' lang='grc' dir='ltr'>κληρονομήσετε</span> <span class='ocrx_word' id='word_1_669' title='bbox 3552 2089 3667 2157; x_wconf 79' lang='grc' dir='ltr'>τὴν</span> <span class='ocrx_word' id='word_1_670' title='bbox 3688 2085 3811 2158; x_wconf 73' lang='grc' dir='ltr'>γῆν</span> 
     </span>
    </p>
   </div>
   <div class='ocr_carea' id='block_1_91' title="bbox 2217 2171 3807 2244">
    <p class='ocr_par' dir='ltr' id='par_1_91' title="bbox 2217 2171 3807 2244">
     <span class='ocr_line' id='line_1_92' title="bbox 2217 2171 3807 2244; baseline -0.001 -16"><span class='ocrx_word' id='word_1_671' title='bbox 2217 2173 2333 2242; x_wconf 82' lang='grc' dir='ltr'>τὴν</span> <span class='ocrx_word' id='word_1_672' title='bbox 2356 2172 2592 2241; x_wconf 67' lang='grc' dir='ltr'>ἀγαθὴν</span> <span class='ocrx_word' id='word_1_673' title='bbox 2623 2173 2867 2240; x_wconf 80' lang='grc' dir='ltr'>ταύτην.</span> <span class='ocrx_word' id='word_1_674' title='bbox 2903 2172 3013 2226; x_wconf 76' lang='grc' dir='ltr'>Καὶ</span> <span class='ocrx_word' id='word_1_675' title='bbox 3034 2171 3099 2225; x_wconf 84' lang='grc' dir='ltr'>τὸ</span> <span class='ocrx_word' id='word_1_676' title='bbox 3133 2172 3199 2244; x_wconf 82' lang='grc' dir='ltr'>δὴ</span> <span class='ocrx_word' id='word_1_677' title='bbox 3230 2172 3451 2227; x_wconf 89' lang='grc' dir='ltr'>πάντων</span> <span class='ocrx_word' id='word_1_678' title='bbox 3486 2172 3807 2241; x_wconf 80' lang='grc' dir='ltr'>δεινότερον,</span> 
     </span>
    </p>
   </div>
   <div class='ocr_carea' id='block_1_92' title="bbox 2217 2255 3812 2329">
    <p class='ocr_par' dir='ltr' id='par_1_92' title="bbox 2217 2255 3812 2329">
     <span class='ocr_line' id='line_1_93' title="bbox 2217 2255 3812 2329; baseline -0.001 -18"><span class='ocrx_word' id='word_1_679' title='bbox 2217 2259 2298 2312; x_wconf 84' lang='grc' dir='ltr'>ὃτι</span> <span class='ocrx_word' id='word_1_680' title='bbox 2324 2256 2461 2329; x_wconf 89' lang='grc' dir='ltr'>μετά</span> <span class='ocrx_word' id='word_1_681' title='bbox 2480 2257 2659 2329; x_wconf 85' lang='grc' dir='ltr'>λύπης</span> <span class='ocrx_word' id='word_1_682' title='bbox 2679 2257 2839 2310; x_wconf 70' lang='grc' dir='ltr'>αὐτὸν</span> <span class='ocrx_word' id='word_1_683' title='bbox 2860 2257 2941 2320; x_wconf 84' lang='grc' dir='ltr'>είς</span> <span class='ocrx_word' id='word_1_684' title='bbox 2969 2255 3094 2328; x_wconf 75' lang='grc' dir='ltr'>ᾅδου</span> <span class='ocrx_word' id='word_1_685' title='bbox 3115 2258 3394 2329; x_wconf 79' lang='grc' dir='ltr'>κατήγαγε</span> <span class='ocrx_word' id='word_1_686' title='bbox 3411 2274 3425 2287; x_wconf 94' lang='grc'>·</span> <span class='ocrx_word' id='word_1_687' title='bbox 3449 2257 3518 2311; x_wconf 86' lang='grc' dir='ltr'>τὰ</span> <span class='ocrx_word' id='word_1_688' title='bbox 3538 2257 3648 2328; x_wconf 89' lang='grc' dir='ltr'>γάρ</span> <span class='ocrx_word' id='word_1_689' title='bbox 3678 2256 3812 2328; x_wconf 81' lang='grc' dir='ltr'>μέλ-</span> 
     </span>
    </p>
   </div>
   <div class='ocr_carea' id='block_1_93' title="bbox 2218 2338 3809 2412">
    <p class='ocr_par' dir='ltr' id='par_1_93' title="bbox 2218 2338 3809 2412">
     <span class='ocr_line' id='line_1_94' title="bbox 2218 2338 3809 2412; baseline -0.002 -17"><span class='ocrx_word' id='word_1_690' title='bbox 2218 2341 2380 2395; x_wconf 88' lang='grc' dir='ltr'>λοντα</span> <span class='ocrx_word' id='word_1_691' title='bbox 2421 2341 2550 2404; x_wconf 78' lang='grc' dir='ltr'>τοὺς</span> <span class='ocrx_word' id='word_1_692' title='bbox 2594 2339 2876 2404; x_wconf 89' lang='grc' dir='ltr'>Ἰουδαίους</span> <span class='ocrx_word' id='word_1_693' title='bbox 2913 2338 3255 2406; x_wconf 81' lang='grc' dir='ltr'>διαδέξασθαι</span> <span class='ocrx_word' id='word_1_694' title='bbox 3305 2341 3583 2412; x_wconf 87' lang='grc' dir='ltr'>προέμαθε</span> <span class='ocrx_word' id='word_1_695' title='bbox 3620 2339 3809 2403; x_wconf 73' lang='grc' dir='ltr'>κακὲ,</span> 
     </span>
    </p>
   </div>
   <div class='ocr_carea' id='block_1_94' title="bbox 2218 2423 3813 2497">
    <p class='ocr_par' dir='ltr' id='par_1_94' title="bbox 2218 2423 3813 2497">
     <span class='ocr_line' id='line_1_95' title="bbox 2218 2423 3813 2497; baseline -0.002 -18"><span class='ocrx_word' id='word_1_696' title='bbox 2218 2426 2319 2497; x_wconf 83' lang='grc' dir='ltr'>τὴν</span> <span class='ocrx_word' id='word_1_697' title='bbox 2344 2424 2806 2497; x_wconf 85' lang='grc' dir='ltr'>εἰδωλολατρείαν,</span> <span class='ocrx_word' id='word_1_698' title='bbox 2849 2423 2948 2495; x_wconf 79' lang='grc' dir='ltr'>τὴν</span> <span class='ocrx_word' id='word_1_699' title='bbox 2987 2423 3388 2496; x_wconf 75' lang='grc' dir='ltr'>αἰχμαλωσίαν,</span> <span class='ocrx_word' id='word_1_700' title='bbox 3429 2426 3532 2489; x_wconf 91' lang='grc' dir='ltr'>τάς</span> <span class='ocrx_word' id='word_1_701' title='bbox 3565 2426 3813 2495; x_wconf 80' lang='grc' dir='ltr'>ἀφάτους</span> 
     </span>
    </p>
   </div>
   <div class='ocr_carea' id='block_1_95' title="bbox 2223 2502 3813 2581">
    <p class='ocr_par' dir='ltr' id='par_1_95' title="bbox 2223 2502 3813 2581">
     <span class='ocr_line' id='line_1_96' title="bbox 2223 2502 3813 2581; baseline -0.002 -19"><span class='ocrx_word' id='word_1_702' title='bbox 2223 2525 2286 2562; x_wconf 92' lang='grc' dir='ltr'>συ</span> <span class='ocrx_word' id='word_1_703' title='bbox 2296 2506 2541 2579; x_wconf 82' lang='grc' dir='ltr'>μφοράς,</span> <span class='ocrx_word' id='word_1_704' title='bbox 2573 2508 2649 2571; x_wconf 87' lang='grc' dir='ltr'>ὡς</span> <span class='ocrx_word' id='word_1_705' title='bbox 2683 2507 2878 2579; x_wconf 87' lang='grc' dir='ltr'>μηκέτι</span> <span class='ocrx_word' id='word_1_706' title='bbox 2912 2507 3071 2578; x_wconf 90' lang='grc' dir='ltr'>μόνον</span> <span class='ocrx_word' id='word_1_707' title='bbox 3102 2509 3264 2561; x_wconf 83' lang='grc' dir='ltr'>αὐτὸν</span> <span class='ocrx_word' id='word_1_708' title='bbox 3291 2502 3375 2572; x_wconf 76' lang='grc' dir='ltr'>οἷς</span> <span class='ocrx_word' id='word_1_709' title='bbox 3399 2507 3545 2581; x_wconf 87' lang='grc' dir='ltr'>ἐώρα</span> <span class='ocrx_word' id='word_1_710' title='bbox 3581 2509 3675 2563; x_wconf 67' lang='grc' dir='ltr'>καὶ</span> <span class='ocrx_word' id='word_1_711' title='bbox 3694 2510 3813 2571; x_wconf 87' lang='grc' dir='ltr'>τοῖς</span> 
     </span>
    </p>
   </div>
   <div class='ocr_carea' id='block_1_96' title="bbox 2220 2591 3816 2665">
    <p class='ocr_par' dir='ltr' id='par_1_96' title="bbox 2220 2591 3816 2665">
     <span class='ocr_line' id='line_1_97' title="bbox 2220 2591 3816 2665; baseline -0.001 -18"><span class='ocrx_word' id='word_1_712' title='bbox 2220 2591 2645 2665; x_wconf 84' lang='grc' dir='ltr'>γεγενημένοις,</span> <span class='ocrx_word' id='word_1_713' title='bbox 2687 2591 2823 2646; x_wconf 87' lang='grc' dir='ltr'>ἀλλά</span> <span class='ocrx_word' id='word_1_714' title='bbox 2868 2592 2963 2646; x_wconf 69' lang='grc' dir='ltr'>καὶ</span> <span class='ocrx_word' id='word_1_715' title='bbox 3007 2595 3123 2655; x_wconf 85' lang='grc' dir='ltr'>τοῖς</span> <span class='ocrx_word' id='word_1_716' title='bbox 3166 2592 3392 2664; x_wconf 82' lang='grc' dir='ltr'>μηδέπω</span> <span class='ocrx_word' id='word_1_717' title='bbox 3436 2592 3816 2663; x_wconf 83' lang='grc' dir='ltr'>συμϐεϐηκόσι</span> 
     </span>
    </p>
   </div>
   <div class='ocr_carea' id='block_1_97' title="bbox 2224 2674 3815 2748">
    <p class='ocr_par' dir='ltr' id='par_1_97' title="bbox 2224 2674 3815 2748">
     <span class='ocr_line' id='line_1_98' title="bbox 2224 2674 3815 2748; baseline -0.001 -19"><span class='ocrx_word' id='word_1_718' title='bbox 2224 2675 2663 2747; x_wconf 89' lang='grc' dir='ltr'>κατατρύχεσθαι</span> <span class='ocrx_word' id='word_1_719' title='bbox 2684 2675 2784 2747; x_wconf 80' lang='grc' dir='ltr'>τὴν</span> <span class='ocrx_word' id='word_1_720' title='bbox 2809 2674 3008 2747; x_wconf 78' lang='grc' dir='ltr'>ψυχήν.</span> <span class='ocrx_word' id='word_1_721' title='bbox 3053 2675 3188 2729; x_wconf 86' lang='grc' dir='ltr'>Ἀπὸ</span> <span class='ocrx_word' id='word_1_722' title='bbox 3209 2677 3315 2748; x_wconf 91' lang='grc' dir='ltr'>γάρ</span> <span class='ocrx_word' id='word_1_723' title='bbox 3339 2675 3564 2748; x_wconf 83' lang='grc' dir='ltr'>πρώτης</span> <span class='ocrx_word' id='word_1_724' title='bbox 3594 2674 3815 2747; x_wconf 80' lang='grc' dir='ltr'>ήλικίας</span> 
     </span>
    </p>
   </div>
   <div class='ocr_carea' id='block_1_98' title="bbox 2223 2758 3815 2832">
    <p class='ocr_par' dir='ltr' id='par_1_98' title="bbox 2223 2758 3815 2832">
     <span class='ocr_line' id='line_1_99' title="bbox 2223 2758 3815 2832; baseline -0.001 -18"><span class='ocrx_word' id='word_1_725' title='bbox 2223 2759 2530 2832; x_wconf 80' lang='grc' dir='ltr'>ἀρξάμενος</span> <span class='ocrx_word' id='word_1_726' title='bbox 2562 2758 2854 2815; x_wconf 81' lang='grc' dir='ltr'>ὀδυνᾶσθαι</span> <span class='ocrx_word' id='word_1_727' title='bbox 2887 2760 2982 2813; x_wconf 76' lang='grc' dir='ltr'>καὶ</span> <span class='ocrx_word' id='word_1_728' title='bbox 3012 2759 3303 2832; x_wconf 90' lang='grc' dir='ltr'>ἀδημονεῖν</span> <span class='ocrx_word' id='word_1_729' title='bbox 3344 2759 3483 2831; x_wconf 87' lang='grc' dir='ltr'>μετά</span> <span class='ocrx_word' id='word_1_730' title='bbox 3509 2760 3610 2832; x_wconf 80' lang='grc' dir='ltr'>τῆς</span> <span class='ocrx_word' id='word_1_731' title='bbox 3640 2759 3815 2830; x_wconf 76' lang='grc' dir='ltr'>αὐτῆς</span> 
     </span>
    </p>
   </div>
   <div class='ocr_carea' id='block_1_99' title="bbox 2224 2842 3082 2916">
    <p class='ocr_par' dir='ltr' id='par_1_99' title="bbox 2224 2842 3082 2916">
     <span class='ocr_line' id='line_1_100' title="bbox 2224 2842 3082 2916; baseline 0 -18"><span class='ocrx_word' id='word_1_732' title='bbox 2224 2842 2465 2916; x_wconf 89' lang='grc' dir='ltr'>ἀθυμίας</span> <span class='ocrx_word' id='word_1_733' title='bbox 2501 2844 2592 2898; x_wconf 83' lang='grc' dir='ltr'>τὸν</span> <span class='ocrx_word' id='word_1_734' title='bbox 2623 2843 2738 2915; x_wconf 80' lang='grc' dir='ltr'>βίον</span> <span class='ocrx_word' id='word_1_735' title='bbox 2764 2843 3082 2898; x_wconf 87' lang='grc' dir='ltr'>κατέλυσεν.</span> 
     </span>
    </p>
   </div>
   <div class='ocr_carea' id='block_1_100' title="bbox 2295 2952 3817 3024">
    <p class='ocr_par' dir='ltr' id='par_1_100' title="bbox 2295 2952 3817 3024">
     <span class='ocr_line' id='line_1_101' title="bbox 2295 2952 3817 3024; baseline -0.001 -16"><span class='ocrx_word' id='word_1_736' title='bbox 2295 2960 2358 3010; x_wconf 87' lang='grc' dir='ltr'>ε’.</span> <span class='ocrx_word' id='word_1_737' title='bbox 2404 2954 2463 3007; x_wconf 87' lang='lat'>&#39;0</span> <span class='ocrx_word' id='word_1_738' title='bbox 2497 2953 2555 3008; x_wconf 83' lang='grc' dir='ltr'>δὲ</span> <span class='ocrx_word' id='word_1_739' title='bbox 2587 2952 2970 3024; x_wconf 83' lang='grc' dir='ltr'>διαδεξάμενος</span> <span class='ocrx_word' id='word_1_740' title='bbox 3005 2953 3169 3007; x_wconf 80' lang='grc' dir='ltr'>αὐτὸν</span> <span class='ocrx_word' id='word_1_741' title='bbox 3202 2953 3411 3024; x_wconf 82' lang='grc' dir='ltr'>Ἰησοῦς</span> <span class='ocrx_word' id='word_1_742' title='bbox 3441 2952 3817 3008; x_wconf 78' lang='grc' dir='ltr'>συναπέλαυσε</span> 
     </span>
    </p>
   </div>
   <div class='ocr_carea' id='block_1_101' title="bbox 2231 3041 3822 3116">
    <p class='ocr_par' dir='ltr' id='par_1_101' title="bbox 2231 3041 3822 3116">
     <span class='ocr_line' id='line_1_102' title="bbox 2231 3041 3822 3116; baseline -0.002 -19"><span class='ocrx_word' id='word_1_743' title='bbox 2231 3043 2331 3116; x_wconf 81' lang='grc' dir='ltr'>μὲν</span> <span class='ocrx_word' id='word_1_744' title='bbox 2344 3041 2495 3114; x_wconf 82' lang='grc' dir='ltr'>αύτῷ</span> <span class='ocrx_word' id='word_1_745' title='bbox 2514 3042 2751 3108; x_wconf 89' lang='grc' dir='ltr'>πάντων,</span> <span class='ocrx_word' id='word_1_746' title='bbox 2769 3042 2846 3106; x_wconf 88' lang='grc' dir='ltr'>ώς</span> <span class='ocrx_word' id='word_1_747' title='bbox 2862 3043 3057 3107; x_wconf 82' lang='grc' dir='ltr'>εἰπεῖν,</span> <span class='ocrx_word' id='word_1_748' title='bbox 3084 3042 3193 3096; x_wconf 88' lang='grc' dir='ltr'>τῶν</span> <span class='ocrx_word' id='word_1_749' title='bbox 3213 3043 3473 3114; x_wconf 88' lang='grc' dir='ltr'>ἀνιαρῶν·</span> <span class='ocrx_word' id='word_1_750' title='bbox 3504 3045 3556 3096; x_wconf 82' lang='grc' dir='ltr'>εί</span> <span class='ocrx_word' id='word_1_751' title='bbox 3569 3042 3630 3096; x_wconf 86' lang='grc' dir='ltr'>δέ</span> <span class='ocrx_word' id='word_1_752' title='bbox 3649 3059 3704 3095; x_wconf 86' lang='grc' dir='ltr'>τι</span> <span class='ocrx_word' id='word_1_753' title='bbox 3729 3041 3822 3095; x_wconf 71' lang='grc' dir='ltr'>διὰ</span> 
     </span>
    </p>
   </div>
   <div class='ocr_carea' id='block_1_102' title="bbox 2225 3126 3821 3203">
    <p class='ocr_par' dir='ltr' id='par_1_102' title="bbox 2225 3126 3821 3203">
     <span class='ocr_line' id='line_1_103' title="bbox 2225 3126 3821 3203; baseline -0.002 -17"><span class='ocrx_word' id='word_1_754' title='bbox 2225 3132 2287 3186; x_wconf 88' lang='lat' dir='ltr'>rb</span> <span class='ocrx_word' id='word_1_755' title='bbox 2313 3131 2431 3186; x_wconf 84' lang='grc' dir='ltr'>νέον</span> <span class='ocrx_word' id='word_1_756' title='bbox 2457 3130 2799 3203; x_wconf 56' lang='grc' dir='ltr'>τῆςιήλικίας</span> <span class='ocrx_word' id='word_1_757' title='bbox 2825 3129 3056 3200; x_wconf 80' lang='grc' dir='ltr'>ἐξέφυγε</span> <span class='ocrx_word' id='word_1_758' title='bbox 3074 3171 3090 3196; x_wconf 95' lang='grc'>,</span> <span class='ocrx_word' id='word_1_759' title='bbox 3128 3130 3285 3185; x_wconf 79' lang='grc' dir='ltr'>τοῦτο</span> <span class='ocrx_word' id='word_1_760' title='bbox 3476 3129 3575 3201; x_wconf 88' lang='grc' dir='ltr'>τὴν</span> <span class='ocrx_word' id='word_1_761' title='bbox 3604 3130 3821 3184; x_wconf 76' lang='grc' dir='ltr'>ἐκείνου</span> 
     </span>
    </p>
   </div>
   <div class='ocr_carea' id='block_1_103' title="bbox 2226 3218 3823 3291">
    <p class='ocr_par' dir='ltr' id='par_1_103' title="bbox 2226 3218 3823 3291">
     <span class='ocr_line' id='line_1_104' title="bbox 2226 3218 3823 3291; baseline -0.001 -17"><span class='ocrx_word' id='word_1_762' title='bbox 2226 3219 2485 3290; x_wconf 85' lang='grc' dir='ltr'>τελευτὴν</span> <span class='ocrx_word' id='word_1_763' title='bbox 2514 3218 2919 3290; x_wconf 87' lang='grc' dir='ltr'>ἀνεπλήρωσεν.</span> <span class='ocrx_word' id='word_1_764' title='bbox 2951 3219 3026 3272; x_wconf 88' lang='grc' dir='ltr'>Ού</span> <span class='ocrx_word' id='word_1_765' title='bbox 3056 3219 3165 3291; x_wconf 84' lang='grc' dir='ltr'>γάρ</span> <span class='ocrx_word' id='word_1_766' title='bbox 3184 3220 3274 3272; x_wconf 86' lang='grc' dir='ltr'>ὅτε</span> <span class='ocrx_word' id='word_1_767' title='bbox 3307 3218 3404 3290; x_wconf 76' lang='grc' dir='ltr'>ἔζη</span> <span class='ocrx_word' id='word_1_768' title='bbox 3442 3219 3600 3290; x_wconf 88' lang='grc' dir='ltr'>μόνον</span> <span class='ocrx_word' id='word_1_769' title='bbox 3627 3220 3659 3272; x_wconf 86' lang='grc' dir='ltr'>ό</span> <span class='ocrx_word' id='word_1_770' title='bbox 3689 3220 3823 3272; x_wconf 60' lang='lat' dir='ltr'>Mm.</span> 
     </span>
    </p>
   </div>
   <div class='ocr_carea' id='block_1_104' title="bbox 2230 3306 3820 3381">
    <p class='ocr_par' dir='ltr' id='par_1_104' title="bbox 2230 3306 3820 3381">
     <span class='ocr_line' id='line_1_105' title="bbox 2230 3306 3820 3381; baseline -0.001 -19"><span class='ocrx_word' id='word_1_771' title='bbox 2230 3312 2331 3381; x_wconf 82' lang='grc' dir='ltr'>σῆς</span> <span class='ocrx_word' id='word_1_772' title='bbox 2366 3306 2518 3380; x_wconf 72' lang='grc' dir='ltr'><strong>[ΞΗ]</strong></span> <span class='ocrx_word' id='word_1_773' title='bbox 2553 3307 2621 3361; x_wconf 88' lang='grc' dir='ltr'>τά</span> <span class='ocrx_word' id='word_1_774' title='bbox 2658 3308 2849 3378; x_wconf 76' lang='grc' dir='ltr'>ἱμάτια</span> <span class='ocrx_word' id='word_1_775' title='bbox 2879 3306 3135 3380; x_wconf 78' lang='grc' dir='ltr'>διέρρηξε</span> <span class='ocrx_word' id='word_1_776' title='bbox 3184 3309 3279 3361; x_wconf 76' lang='grc' dir='ltr'>καὶ</span> <span class='ocrx_word' id='word_1_777' title='bbox 3329 3308 3524 3361; x_wconf 82' lang='grc' dir='ltr'>σποδὸν</span> <span class='ocrx_word' id='word_1_778' title='bbox 3567 3307 3820 3361; x_wconf 75' lang='grc' dir='ltr'>κατεπά-</span> 
     </span>
    </p>
   </div>
   <div class='ocr_carea' id='block_1_105' title="bbox 2231 3395 3821 3468">
    <p class='ocr_par' dir='ltr' id='par_1_105' title="bbox 2231 3395 3821 3468">
     <span class='ocr_line' id='line_1_106' title="bbox 2231 3395 3821 3468; baseline -0.001 -18"><span class='ocrx_word' id='word_1_779' title='bbox 2231 3415 2392 3461; x_wconf 90' lang='grc' dir='ltr'>σατο,</span> <span class='ocrx_word' id='word_1_780' title='bbox 2428 3396 2564 3450; x_wconf 88' lang='grc' dir='ltr'>άλλά</span> <span class='ocrx_word' id='word_1_781' title='bbox 2596 3395 2690 3450; x_wconf 79' lang='grc' dir='ltr'>καὶ</span> <span class='ocrx_word' id='word_1_782' title='bbox 2719 3396 3147 3468; x_wconf 88' lang='grc' dir='ltr'>τελευτήσαντος</span> <span class='ocrx_word' id='word_1_783' title='bbox 3184 3396 3347 3450; x_wconf 88' lang='grc' dir='ltr'>πάλιν</span> <span class='ocrx_word' id='word_1_784' title='bbox 3376 3398 3458 3460; x_wconf 89' lang='grc' dir='ltr'>είς</span> <span class='ocrx_word' id='word_1_785' title='bbox 3491 3395 3591 3466; x_wconf 79' lang='grc' dir='ltr'>τὴν</span> <span class='ocrx_word' id='word_1_786' title='bbox 3620 3396 3821 3468; x_wconf 73' lang='grc' dir='ltr'>αὐτὴν,</span> 
     </span>
    </p>
   </div>
   <div class='ocr_carea' id='block_1_106' title="bbox 2235 3483 3824 3557">
    <p class='ocr_par' dir='ltr' id='par_1_106' title="bbox 2235 3483 3824 3557">
     <span class='ocr_line' id='line_1_107' title="bbox 2235 3483 3824 3557; baseline -0.001 -19"><span class='ocrx_word' id='word_1_787' title='bbox 2235 3485 2435 3557; x_wconf 78' lang='grc' dir='ltr'>μᾶλλον</span> <span class='ocrx_word' id='word_1_788' title='bbox 2466 3484 2523 3538; x_wconf 85' lang='grc' dir='ltr'>δὲ</span> <span class='ocrx_word' id='word_1_789' title='bbox 2570 3485 2651 3548; x_wconf 84' lang='grc' dir='ltr'>εἰς</span> <span class='ocrx_word' id='word_1_790' title='bbox 2683 3484 2907 3555; x_wconf 83' lang='grc' dir='ltr'>μείζονα</span> <span class='ocrx_word' id='word_1_791' title='bbox 2948 3484 3189 3555; x_wconf 80' lang='grc' dir='ltr'>κατέστη</span> <span class='ocrx_word' id='word_1_792' title='bbox 3226 3483 3434 3555; x_wconf 85' lang='grc' dir='ltr'>ταύτης</span> <span class='ocrx_word' id='word_1_793' title='bbox 3474 3485 3725 3554; x_wconf 82' lang='grc' dir='ltr'>ἀνάγκην</span> <span class='ocrx_word' id='word_1_794' title='bbox 3757 3485 3824 3536; x_wconf 80' lang='grc' dir='ltr'>ού</span> 
     </span>
    </p>
   </div>
   <div class='ocr_carea' id='block_1_107' title="bbox 2231 3572 3827 3646">
    <p class='ocr_par' dir='ltr' id='par_1_107' title="bbox 2231 3572 3827 3646">
     <span class='ocr_line' id='line_1_108' title="bbox 2231 3572 3827 3646; baseline -0.001 -20"><span class='ocrx_word' id='word_1_795' title='bbox 2231 3574 2426 3645; x_wconf 89' lang='grc' dir='ltr'>χρόνον</span> <span class='ocrx_word' id='word_1_796' title='bbox 2465 3573 2691 3644; x_wconf 82' lang='grc' dir='ltr'>βραχὺν,</span> <span class='ocrx_word' id='word_1_797' title='bbox 2724 3572 2862 3627; x_wconf 90' lang='grc' dir='ltr'>ἀλλά</span> <span class='ocrx_word' id='word_1_798' title='bbox 2889 3573 2959 3626; x_wconf 81' lang='grc' dir='ltr'>δι’</span> <span class='ocrx_word' id='word_1_799' title='bbox 2982 3573 3111 3644; x_wconf 79' lang='grc' dir='ltr'>ὅλης</span> <span class='ocrx_word' id='word_1_800' title='bbox 3136 3573 3353 3646; x_wconf 79' lang='grc' dir='ltr'>ἡμέρας</span> <span class='ocrx_word' id='word_1_801' title='bbox 3382 3574 3593 3645; x_wconf 80' lang='grc' dir='ltr'>πρηνὴς</span> <span class='ocrx_word' id='word_1_802' title='bbox 3632 3572 3827 3642; x_wconf 75' lang='grc' dir='ltr'>κείμεο</span> 
     </span>
    </p>
   </div>
   <div class='ocr_carea' id='block_1_108' title="bbox 2230 3660 3825 3741">
    <p class='ocr_par' dir='ltr' id='par_1_108' title="bbox 2230 3660 3825 3741">
     <span class='ocr_line' id='line_1_109' title="bbox 2230 3660 3825 3741; baseline -0.003 -22"><span class='ocrx_word' id='word_1_803' title='bbox 2230 3680 2321 3727; x_wconf 88' lang='grc' dir='ltr'>νος</span> <span class='ocrx_word' id='word_1_804' title='bbox 2341 3663 2434 3716; x_wconf 77' lang='grc' dir='ltr'>ἐπὶ</span> <span class='ocrx_word' id='word_1_805' title='bbox 2457 3662 2559 3733; x_wconf 80' lang='grc' dir='ltr'>τῆς</span> <span class='ocrx_word' id='word_1_806' title='bbox 2578 3663 2702 3734; x_wconf 82' lang='grc' dir='ltr'>γῆς.</span> <span class='ocrx_word' id='word_1_807' title='bbox 2739 3664 3004 3716; x_wconf 85' lang='grc' dir='ltr'>Ἀκουσον</span> <span class='ocrx_word' id='word_1_808' title='bbox 3027 3662 3092 3733; x_wconf 87' lang='grc' dir='ltr'>δὴ</span> <span class='ocrx_word' id='word_1_809' title='bbox 3117 3662 3211 3715; x_wconf 72' lang='grc' dir='ltr'>καὶ</span> <span class='ocrx_word' id='word_1_810' title='bbox 3229 3661 3341 3716; x_wconf 92' lang='grc' dir='ltr'>τῶν</span> <span class='ocrx_word' id='word_1_811' title='bbox 3366 3662 3626 3741; x_wconf 77' lang='grc' dir='ltr'>ῥημάτων</span> <span class='ocrx_word' id='word_1_812' title='bbox 3653 3660 3825 3715; x_wconf 71' lang='grc' dir='ltr'>αὐτοῦ</span> 
     </span>
    </p>
   </div>
   <div class='ocr_carea' id='block_1_109' title="bbox 2230 3748 3831 3820">
    <p class='ocr_par' dir='ltr' id='par_1_109' title="bbox 2230 3748 3831 3820">
     <span class='ocr_line' id='line_1_110' title="bbox 2230 3748 3831 3820; baseline -0.001 -16"><span class='ocrx_word' id='word_1_813' title='bbox 2230 3750 2327 3804; x_wconf 71' lang='grc' dir='ltr'>καὶ</span> <span class='ocrx_word' id='word_1_814' title='bbox 2356 3750 2466 3803; x_wconf 89' lang='grc' dir='ltr'>τῶν</span> <span class='ocrx_word' id='word_1_815' title='bbox 2502 3748 2771 3820; x_wconf 84' lang='grc' dir='ltr'>ὀδυρμῶν·</span> <span class='ocrx_word' id='word_1_816' title='bbox 2797 3748 2910 3803; x_wconf 84' lang='lat' dir='ltr'>Kal</span> <span class='ocrx_word' id='word_1_817' title='bbox 2933 3749 3224 3819; x_wconf 75' lang='grc' dir='ltr'>διέρρηξε,</span> <span class='ocrx_word' id='word_1_818' title='bbox 3249 3751 3432 3819; x_wconf 71' lang='grc' dir='ltr'>φησὶν,</span> <span class='ocrx_word' id='word_1_819' title='bbox 3473 3749 3715 3817; x_wconf 82' lang='grc' dir='ltr'>Ἰησοῦς</span> <span class='ocrx_word' id='word_1_820' title='bbox 3750 3750 3831 3803; x_wconf 79' lang='grc' dir='ltr'>τὰ</span> 
     </span>
    </p>
   </div>
   <div class='ocr_carea' id='block_1_110' title="bbox 2231 3836 3832 3908">
    <p class='ocr_par' dir='ltr' id='par_1_110' title="bbox 2231 3836 3832 3908">
     <span class='ocr_line' id='line_1_111' title="bbox 2231 3836 3832 3908; baseline -0.003 -15"><span class='ocrx_word' id='word_1_821' title='bbox 2231 3836 2431 3908; x_wconf 74' lang='grc' dir='ltr'>ἱμάτια</span> <span class='ocrx_word' id='word_1_822' title='bbox 2451 3838 2660 3902; x_wconf 84' lang='grc' dir='ltr'>αὐτοῦ,</span> <span class='ocrx_word' id='word_1_823' title='bbox 2692 3836 2791 3891; x_wconf 79' lang='grc' dir='ltr'>καὶ</span> <span class='ocrx_word' id='word_1_824' title='bbox 2816 3839 3040 3892; x_wconf 73' lang='grc' dir='ltr'>ἔπεσεν</span> <span class='ocrx_word' id='word_1_825' title='bbox 3066 3837 3166 3891; x_wconf 79' lang='grc' dir='ltr'>ἐπὶ</span> <span class='ocrx_word' id='word_1_826' title='bbox 3216 3840 3545 3906; x_wconf 77' lang='grc' dir='ltr'>πρόσωπον</span> <span class='ocrx_word' id='word_1_827' title='bbox 3569 3836 3671 3890; x_wconf 73' lang='grc' dir='ltr'>ἐπὶ</span> <span class='ocrx_word' id='word_1_828' title='bbox 3708 3836 3832 3905; x_wconf 76' lang='grc' dir='ltr'>τὴν</span> 
     </span>
    </p>
   </div>
   <div class='ocr_carea' id='block_1_111' title="bbox 2231 3924 3832 3995">
    <p class='ocr_par' dir='ltr' id='par_1_111' title="bbox 2231 3924 3832 3995">
     <span class='ocr_line' id='line_1_112' title="bbox 2231 3924 3832 3995; baseline -0.002 -14"><span class='ocrx_word' id='word_1_829' title='bbox 2231 3924 2352 3995; x_wconf 76' lang='grc' dir='ltr'>γῆν</span> <span class='ocrx_word' id='word_1_830' title='bbox 2374 3925 2672 3995; x_wconf 20' lang='grc' dir='ltr'>,ἐναντίον</span> <span class='ocrx_word' id='word_1_831' title='bbox 2703 3925 2924 3992; x_wconf 83' lang='grc' dir='ltr'>Κυρίου</span> <span class='ocrx_word' id='word_1_832' title='bbox 2954 3924 3066 3991; x_wconf 80' lang='grc' dir='ltr'>ἕως</span> <span class='ocrx_word' id='word_1_833' title='bbox 3091 3925 3388 3992; x_wconf 76' lang='grc' dir='ltr'>ἑσπέρας,</span> <span class='ocrx_word' id='word_1_834' title='bbox 3418 3924 3600 3990; x_wconf 73' lang='grc' dir='ltr'>αὐτὸς</span> <span class='ocrx_word' id='word_1_835' title='bbox 3634 3926 3733 3979; x_wconf 75' lang='grc' dir='ltr'>καὶ</span> <span class='ocrx_word' id='word_1_836' title='bbox 3772 3927 3832 3978; x_wconf 82' lang='grc' dir='ltr'>οι</span> 
     </span>
    </p>
   </div>
   <div class='ocr_carea' id='block_1_112' title="bbox 2234 4009 3836 4082">
    <p class='ocr_par' dir='ltr' id='par_1_112' title="bbox 2234 4009 3836 4082">
     <span class='ocr_line' id='line_1_113' title="bbox 2234 4009 3836 4082; baseline -0.002 -15"><span class='ocrx_word' id='word_1_837' title='bbox 2234 4015 2621 4082; x_wconf 76' lang='grc' dir='ltr'>πρεσϐύτεροι</span> <span class='ocrx_word' id='word_1_838' title='bbox 2680 4009 2952 4080; x_wconf 72' lang='grc' dir='ltr'>Ἰσραὴλ,</span> <span class='ocrx_word' id='word_1_839' title='bbox 2985 4013 3085 4067; x_wconf 78' lang='grc' dir='ltr'>καί</span> <span class='ocrx_word' id='word_1_840' title='bbox 3131 4012 3499 4067; x_wconf 77' lang='grc' dir='ltr'>ἐπεϐάλοντο</span> <span class='ocrx_word' id='word_1_841' title='bbox 3529 4012 3687 4082; x_wconf 83' lang='grc' dir='ltr'>χοῦν</span> <span class='ocrx_word' id='word_1_842' title='bbox 3723 4012 3836 4065; x_wconf 69' lang='grc' dir='ltr'>ἐπι</span> 
     </span>
    </p>
   </div>
   <div class='ocr_carea' id='block_1_113' title="bbox 2233 4096 3831 4172">
    <p class='ocr_par' dir='ltr' id='par_1_113' title="bbox 2233 4096 3831 4172">
     <span class='ocr_line' id='line_1_114' title="bbox 2233 4096 3831 4172; baseline -0.002 -16"><span class='ocrx_word' id='word_1_843' title='bbox 2233 4102 2350 4170; x_wconf 80' lang='grc' dir='ltr'>τὴν</span> <span class='ocrx_word' id='word_1_844' title='bbox 2393 4101 2671 4172; x_wconf 74' lang='grc' dir='ltr'>κεφαλὴν</span> <span class='ocrx_word' id='word_1_845' title='bbox 2695 4100 2915 4169; x_wconf 84' lang='grc' dir='ltr'>αὐτῶν,</span> <span class='ocrx_word' id='word_1_846' title='bbox 2945 4101 3045 4156; x_wconf 77' lang='grc' dir='ltr'>καὶ</span> <span class='ocrx_word' id='word_1_847' title='bbox 3081 4096 3253 4156; x_wconf 77' lang='grc' dir='ltr'>εἶπεν</span> <span class='ocrx_word' id='word_1_848' title='bbox 3293 4100 3554 4170; x_wconf 83' lang='grc' dir='ltr'>Ἰησοῦς·</span> <span class='ocrx_word' id='word_1_849' title='bbox 3586 4100 3831 4169; x_wconf 82' lang='grc' dir='ltr'>Δέομαι,</span> 
     </span>
    </p>
   </div>
   <div class='ocr_carea' id='block_1_114' title="bbox 2234 4196 3836 4268">
    <p class='ocr_par' dir='ltr' id='par_1_114' title="bbox 2234 4196 3836 4268">
     <span class='ocr_line' id='line_1_115' title="bbox 2234 4196 3836 4268; baseline -0.002 -14"><span class='ocrx_word' id='word_1_850' title='bbox 2234 4201 2435 4268; x_wconf 82' lang='grc' dir='ltr'>Κύριε,</span> <span class='ocrx_word' id='word_1_851' title='bbox 2456 4200 2615 4255; x_wconf 85' lang='grc' dir='ltr'>ίνατί</span> <span class='ocrx_word' id='word_1_852' title='bbox 2638 4197 2974 4253; x_wconf 79' lang='grc' dir='ltr'>διεϐίϐασεν</span> <span class='ocrx_word' id='word_1_853' title='bbox 3007 4200 3040 4252; x_wconf 84' lang='grc' dir='ltr'><em>ὁ</em></span> <span class='ocrx_word' id='word_1_854' title='bbox 3068 4197 3211 4264; x_wconf 81' lang='grc' dir='ltr'>παῖς</span> <span class='ocrx_word' id='word_1_855' title='bbox 3235 4212 3352 4253; x_wconf 87' lang='grc' dir='ltr'>σου</span> <span class='ocrx_word' id='word_1_856' title='bbox 3379 4197 3485 4250; x_wconf 84' lang='grc' dir='ltr'>τὸν</span> <span class='ocrx_word' id='word_1_857' title='bbox 3509 4197 3669 4252; x_wconf 74' lang='grc' dir='ltr'>λαὸν</span> <span class='ocrx_word' id='word_1_858' title='bbox 3692 4196 3836 4251; x_wconf 71' lang='grc' dir='ltr'>τοῦε-</span> 
     </span>
    </p>
   </div>
   <div class='ocr_carea' id='block_1_115' title="bbox 2235 4290 3835 4363">
    <p class='ocr_par' dir='ltr' id='par_1_115' title="bbox 2235 4290 3835 4363">
     <span class='ocr_line' id='line_1_116' title="bbox 2235 4290 3835 4363; baseline -0.002 -14"><span class='ocrx_word' id='word_1_859' title='bbox 2235 4313 2344 4351; x_wconf 88' lang='grc' dir='ltr'>τον</span> <span class='ocrx_word' id='word_1_860' title='bbox 2369 4295 2479 4350; x_wconf 83' lang='grc' dir='ltr'>τὸν</span> <span class='ocrx_word' id='word_1_861' title='bbox 2528 4293 2832 4363; x_wconf 79' lang='grc' dir='ltr'>Ἰορδάνην</span> <span class='ocrx_word' id='word_1_862' title='bbox 2868 4292 3240 4363; x_wconf 81' lang='grc' dir='ltr'>παραδοῦναι</span> <span class='ocrx_word' id='word_1_863' title='bbox 3278 4293 3465 4348; x_wconf 81' lang='grc' dir='ltr'>αὐτὸν</span> <span class='ocrx_word' id='word_1_864' title='bbox 3491 4290 3572 4358; x_wconf 83' lang='grc' dir='ltr'>τῷ</span> <span class='ocrx_word' id='word_1_865' title='bbox 3614 4293 3835 4361; x_wconf 75' lang='grc' dir='ltr'>Ἀμορ-</span> 
     </span>
    </p>
   </div>
   <div class='ocr_carea' id='block_1_116' title="bbox 2232 4388 3839 4461">
    <p class='ocr_par' dir='ltr' id='par_1_116' title="bbox 2232 4388 3839 4461">
     <span class='ocr_line' id='line_1_117' title="bbox 2232 4388 3839 4461; baseline -0.002 -15"><span class='ocrx_word' id='word_1_866' title='bbox 2232 4393 2381 4461; x_wconf 85' lang='grc' dir='ltr'>ραίῳ</span> <span class='ocrx_word' id='word_1_867' title='bbox 2415 4390 2713 4446; x_wconf 75' lang='grc' dir='ltr'>ἀπολέσαι</span> <span class='ocrx_word' id='word_1_868' title='bbox 2768 4388 2956 4460; x_wconf 71' lang='grc' dir='ltr'>ἡμᾶςς</span> <span class='ocrx_word' id='word_1_869' title='bbox 2983 4393 3053 4444; x_wconf 82' lang='lat' dir='ltr'><strong><em>El</em></strong></span> <span class='ocrx_word' id='word_1_870' title='bbox 3083 4391 3512 4460; x_wconf 83' lang='grc' dir='ltr'>κατεμείναμεν</span> <span class='ocrx_word' id='word_1_871' title='bbox 3560 4395 3661 4444; x_wconf 76' lang='grc' dir='ltr'>καὶ</span> <span class='ocrx_word' id='word_1_872' title='bbox 3696 4406 3839 4443; x_wconf 77' lang='grc' dir='ltr'>κατ-</span> 
     </span>
    </p>
   </div>
   <div class='ocr_carea' id='block_1_117' title="bbox 2234 4484 3839 4558">
    <p class='ocr_par' dir='ltr' id='par_1_117' title="bbox 2234 4484 3839 4558">
     <span class='ocr_line' id='line_1_118' title="bbox 2234 4484 3839 4558; baseline 0.001 -16"><span class='ocrx_word' id='word_1_873' title='bbox 2234 4489 2582 4558; x_wconf 76' lang='grc' dir='ltr'>ῳκίσθημεν</span> <span class='ocrx_word' id='word_1_874' title='bbox 2622 4485 2784 4557; x_wconf 83' lang='grc' dir='ltr'>παρὰ</span> <span class='ocrx_word' id='word_1_875' title='bbox 2811 4486 2923 4540; x_wconf 83' lang='grc' dir='ltr'>τὸν</span> <span class='ocrx_word' id='word_1_876' title='bbox 2973 4484 3295 4554; x_wconf 82' lang='grc' dir='ltr'>Ἰορδάνην.</span> <span class='ocrx_word' id='word_1_877' title='bbox 3319 4486 3429 4540; x_wconf 87' lang='lat' dir='ltr'>Kal</span> <span class='ocrx_word' id='word_1_878' title='bbox 3463 4487 3521 4539; x_wconf 85' lang='grc' dir='ltr'>τί</span> <span class='ocrx_word' id='word_1_879' title='bbox 3554 4487 3671 4556; x_wconf 82' lang='grc' dir='ltr'>ἐρῶ</span> <span class='ocrx_word' id='word_1_880' title='bbox 3696 4488 3839 4543; x_wconf 72' lang='grc' dir='ltr'>ἐπεὶ</span> 
     </span>
    </p>
   </div>
   <div class='ocr_carea' id='block_1_118' title="bbox 2230 4580 3839 4656">
    <p class='ocr_par' dir='ltr' id='par_1_118' title="bbox 2230 4580 3839 4656">
     <span class='ocr_line' id='line_1_119' title="bbox 2230 4580 3839 4656; baseline 0.001 -17"><span class='ocrx_word' id='word_1_881' title='bbox 2230 4585 2564 4656; x_wconf 79' lang='grc' dir='ltr'>μετέϐαλεν</span> <span class='ocrx_word' id='word_1_882' title='bbox 2607 4582 2859 4653; x_wconf 73' lang='grc' dir='ltr'>Ἰσραὴλ</span> <span class='ocrx_word' id='word_1_883' title='bbox 2889 4581 2997 4636; x_wconf 81' lang='grc' dir='ltr'>τὸν</span> <span class='ocrx_word' id='word_1_884' title='bbox 3037 4580 3270 4651; x_wconf 84' lang='grc' dir='ltr'>αὐχένα</span> <span class='ocrx_word' id='word_1_885' title='bbox 3312 4582 3499 4637; x_wconf 83' lang='grc' dir='ltr'>αὐτοῦ</span> <span class='ocrx_word' id='word_1_886' title='bbox 3532 4585 3839 4640; x_wconf 72' lang='grc' dir='ltr'>ἀπέναντι</span> 
     </span>
    </p>
   </div>
   <div class='ocr_carea' id='block_1_119' title="bbox 2237 4679 3843 4751">
    <p class='ocr_par' dir='ltr' id='par_1_119' title="bbox 2237 4679 3843 4751">
     <span class='ocr_line' id='line_1_120' title="bbox 2237 4679 3843 4751; baseline 0.001 -16"><span class='ocrx_word' id='word_1_887' title='bbox 2237 4681 2345 4736; x_wconf 86' lang='grc' dir='ltr'>τοῦ</span> <span class='ocrx_word' id='word_1_888' title='bbox 2373 4680 2593 4751; x_wconf 87' lang='grc' dir='ltr'>ἐχθροῦ</span> <span class='ocrx_word' id='word_1_889' title='bbox 2626 4679 2848 4743; x_wconf 87' lang='grc' dir='ltr'>αὑτοῦ;</span> <span class='ocrx_word' id='word_1_890' title='bbox 2871 4679 2982 4733; x_wconf 80' lang='grc' dir='ltr'>Καὶ</span> <span class='ocrx_word' id='word_1_891' title='bbox 3011 4679 3286 4745; x_wconf 79' lang='grc' dir='ltr'>ἀκούσας</span> <span class='ocrx_word' id='word_1_892' title='bbox 3311 4681 3345 4733; x_wconf 80' lang='grc' dir='ltr'><em>ὁ</em></span> <span class='ocrx_word' id='word_1_893' title='bbox 3368 4681 3707 4747; x_wconf 79' lang='grc' dir='ltr'>Χαναναῖος</span> <span class='ocrx_word' id='word_1_894' title='bbox 3728 4683 3843 4737; x_wconf 74' lang='grc' dir='ltr'>καὶ</span> 
     </span>
    </p>
   </div>
   <div class='ocr_carea' id='block_1_120' title="bbox 2239 4773 3841 4845">
    <p class='ocr_par' dir='ltr' id='par_1_120' title="bbox 2239 4773 3841 4845">
     <span class='ocr_line' id='line_1_121' title="bbox 2239 4773 3841 4845; baseline -0.001 -13"><span class='ocrx_word' id='word_1_895' title='bbox 2239 4777 2463 4844; x_wconf 77' lang='grc' dir='ltr'>πάντες</span> <span class='ocrx_word' id='word_1_896' title='bbox 2489 4779 2544 4830; x_wconf 84' lang='grc' dir='ltr'>οί</span> <span class='ocrx_word' id='word_1_897' title='bbox 2572 4774 2992 4840; x_wconf 81' lang='grc' dir='ltr'>κατοικοῦντες</span> <span class='ocrx_word' id='word_1_898' title='bbox 3022 4773 3139 4843; x_wconf 83' lang='grc' dir='ltr'>τὴν</span> <span class='ocrx_word' id='word_1_899' title='bbox 3177 4775 3297 4845; x_wconf 77' lang='grc' dir='ltr'>γῆν</span> <span class='ocrx_word' id='word_1_900' title='bbox 3339 4777 3841 4845; x_wconf 68' lang='grc' dir='ltr'>περικυκλώσου-</span> 
     </span>
    </p>
   </div>
   <div class='ocr_carea' id='block_1_121' title="bbox 2237 4869 3838 4943">
    <p class='ocr_par' dir='ltr' id='par_1_121' title="bbox 2237 4869 3838 4943">
     <span class='ocr_line' id='line_1_122' title="bbox 2237 4869 3838 4943; baseline 0.004 -20"><span class='ocrx_word' id='word_1_901' title='bbox 2237 4892 2344 4930; x_wconf 84' lang='grc' dir='ltr'>σιν</span> <span class='ocrx_word' id='word_1_902' title='bbox 2392 4873 2582 4942; x_wconf 73' lang='grc' dir='ltr'>ἡμᾶς,</span> <span class='ocrx_word' id='word_1_903' title='bbox 2627 4872 2727 4926; x_wconf 76' lang='grc' dir='ltr'>καί</span> <span class='ocrx_word' id='word_1_904' title='bbox 2765 4870 3163 4940; x_wconf 75' lang='grc' dir='ltr'>ἐκτρίψουσιν</span> <span class='ocrx_word' id='word_1_905' title='bbox 3194 4869 3353 4940; x_wconf 77' lang='grc' dir='ltr'>ἡμᾶς</span> <span class='ocrx_word' id='word_1_906' title='bbox 3397 4872 3518 4926; x_wconf 77' lang='grc' dir='ltr'>ἀπὸ</span> <span class='ocrx_word' id='word_1_907' title='bbox 3546 4871 3662 4941; x_wconf 82' lang='grc' dir='ltr'>τῆς</span> <span class='ocrx_word' id='word_1_908' title='bbox 3692 4872 3838 4943; x_wconf 75' lang='grc' dir='ltr'>τῆς.</span> 
     </span>
    </p>
   </div>
   <div class='ocr_carea' id='block_1_122' title="bbox 2240 4966 3840 5039">
    <p class='ocr_par' dir='ltr' id='par_1_122' title="bbox 2240 4966 3840 5039">
     <span class='ocr_line' id='line_1_123' title="bbox 2240 4966 3840 5039; baseline 0 -15"><span class='ocrx_word' id='word_1_909' title='bbox 2240 4970 2425 5024; x_wconf 80' lang='grc' dir='ltr'>Ταῦτα</span> <span class='ocrx_word' id='word_1_910' title='bbox 2455 4967 2692 5032; x_wconf 82' lang='grc' dir='ltr'>ἀκούσας</span> <span class='ocrx_word' id='word_1_911' title='bbox 2720 4969 2748 5022; x_wconf 89' lang='grc' dir='ltr'>ό</span> <span class='ocrx_word' id='word_1_912' title='bbox 2779 4967 2911 5031; x_wconf 80' lang='grc' dir='ltr'>Θεὸς</span> <span class='ocrx_word' id='word_1_913' title='bbox 2941 4967 3200 5038; x_wconf 83' lang='grc' dir='ltr'>ἐνέφηνεν</span> <span class='ocrx_word' id='word_1_914' title='bbox 3226 4966 3378 5038; x_wconf 83' lang='grc' dir='ltr'>αύτῷ</span> <span class='ocrx_word' id='word_1_915' title='bbox 3405 4968 3505 5039; x_wconf 80' lang='grc' dir='ltr'>τῆς</span> <span class='ocrx_word' id='word_1_916' title='bbox 3535 4968 3707 5038; x_wconf 76' lang='grc' dir='ltr'>ἥττης</span> <span class='ocrx_word' id='word_1_917' title='bbox 3734 4972 3840 5024; x_wconf 71' lang='grc' dir='ltr'>τὸν</span> 
     </span>
    </p>
   </div>
   <div class='ocr_carea' id='block_1_123' title="bbox 2239 5062 3839 5137">
    <p class='ocr_par' dir='ltr' id='par_1_123' title="bbox 2239 5062 3839 5137">
     <span class='ocr_line' id='line_1_124' title="bbox 2239 5062 3839 5137; baseline -0.001 -16"><span class='ocrx_word' id='word_1_918' title='bbox 2239 5068 2440 5122; x_wconf 79' lang='grc' dir='ltr'>αἴτιον·</span> <span class='ocrx_word' id='word_1_919' title='bbox 2479 5067 2572 5121; x_wconf 71' lang='grc' dir='ltr'>καὶ</span> <span class='ocrx_word' id='word_1_920' title='bbox 2603 5063 2789 5137; x_wconf 87' lang='grc' dir='ltr'>μαθὼν</span> <span class='ocrx_word' id='word_1_921' title='bbox 2824 5065 3032 5129; x_wconf 90' lang='grc' dir='ltr'>πάντας</span> <span class='ocrx_word' id='word_1_922' title='bbox 3071 5063 3240 5137; x_wconf 81' lang='grc' dir='ltr'>ἄρδην</span> <span class='ocrx_word' id='word_1_923' title='bbox 3278 5062 3577 5131; x_wconf 87' lang='grc' dir='ltr'>ἀπώλεσεν,</span> <span class='ocrx_word' id='word_1_924' title='bbox 3618 5066 3684 5119; x_wconf 89' lang='grc' dir='ltr'>ού</span> <span class='ocrx_word' id='word_1_925' title='bbox 3731 5064 3839 5120; x_wconf 68' lang='grc' dir='ltr'>τὸν</span> 
     </span>
    </p>
   </div>
   <div class='ocr_carea' id='block_1_124' title="bbox 2240 5160 3837 5236">
    <p class='ocr_par' dir='ltr' id='par_1_124' title="bbox 2240 5160 3837 5236">
     <span class='ocr_line' id='line_1_125' title="bbox 2240 5160 3837 5236; baseline -0.001 -18"><span class='ocrx_word' id='word_1_926' title='bbox 2240 5164 2600 5236; x_wconf 78' lang='grc' dir='ltr'>ἡμαρτηκότα</span> <span class='ocrx_word' id='word_1_927' title='bbox 2629 5162 2810 5234; x_wconf 91' lang='grc' dir='ltr'>μόνον,</span> <span class='ocrx_word' id='word_1_928' title='bbox 2846 5160 2985 5215; x_wconf 87' lang='grc' dir='ltr'>ἀλλά</span> <span class='ocrx_word' id='word_1_929' title='bbox 3008 5161 3104 5215; x_wconf 80' lang='grc' dir='ltr'>καὶ</span> <span class='ocrx_word' id='word_1_930' title='bbox 3131 5163 3414 5230; x_wconf 89' lang='grc' dir='ltr'>συγγενεῖς</span> <span class='ocrx_word' id='word_1_931' title='bbox 3445 5162 3541 5217; x_wconf 71' lang='grc' dir='ltr'>καὶ</span> <span class='ocrx_word' id='word_1_932' title='bbox 3567 5160 3837 5226; x_wconf 76' lang='grc' dir='ltr'>οἰκείως,</span> 
     </span>
    </p>
   </div>
   <div class='ocr_carea' id='block_1_125' title="bbox 2240 5257 3841 5332">
    <p class='ocr_par' dir='ltr' id='par_1_125' title="bbox 2240 5257 3841 5332">
     <span class='ocr_line' id='line_1_126' title="bbox 2240 5257 3841 5332; baseline -0.002 -17"><span class='ocrx_word' id='word_1_933' title='bbox 2240 5264 2336 5315; x_wconf 74' lang='grc' dir='ltr'>καὶ</span> <span class='ocrx_word' id='word_1_934' title='bbox 2363 5262 2471 5315; x_wconf 88' lang='grc' dir='ltr'>τῶν</span> <span class='ocrx_word' id='word_1_935' title='bbox 2498 5259 2830 5332; x_wconf 87' lang='grc' dir='ltr'>θρεμμάτων</span> <span class='ocrx_word' id='word_1_936' title='bbox 2859 5257 2921 5312; x_wconf 86' lang='grc' dir='ltr'>τὸ</span> <span class='ocrx_word' id='word_1_937' title='bbox 2963 5257 3188 5329; x_wconf 80' lang='grc' dir='ltr'>πλῆθος,</span> <span class='ocrx_word' id='word_1_938' title='bbox 3214 5259 3352 5328; x_wconf 86' lang='grc' dir='ltr'>ὅπερ</span> <span class='ocrx_word' id='word_1_939' title='bbox 3382 5259 3481 5329; x_wconf 84' lang='grc' dir='ltr'>οὐχ</span> <span class='ocrx_word' id='word_1_940' title='bbox 3525 5258 3600 5322; x_wconf 82' lang='grc' dir='ltr'>ὡς</span> <span class='ocrx_word' id='word_1_941' title='bbox 3632 5258 3841 5330; x_wconf 73' lang='grc' dir='ltr'>ἔτυχεν</span> 
     </span>
    </p>
   </div>
   <div class='ocr_carea' id='block_1_126' title="bbox 2239 5354 3843 5429">
    <p class='ocr_par' dir='ltr' id='par_1_126' title="bbox 2239 5354 3843 5429">
     <span class='ocr_line' id='line_1_127' title="bbox 2239 5354 3843 5429; baseline -0.002 -17"><span class='ocrx_word' id='word_1_942' title='bbox 2239 5357 2389 5428; x_wconf 83' lang='grc' dir='ltr'>αύτῷ</span> <span class='ocrx_word' id='word_1_943' title='bbox 2408 5356 2504 5429; x_wconf 79' lang='grc' dir='ltr'>τήν</span> <span class='ocrx_word' id='word_1_944' title='bbox 2534 5356 2712 5427; x_wconf 80' lang='grc' dir='ltr'>ψυχὴν</span> <span class='ocrx_word' id='word_1_945' title='bbox 2731 5354 3065 5427; x_wconf 83' lang='grc' dir='ltr'>διετάραξεν.</span> <span class='ocrx_word' id='word_1_946' title='bbox 3092 5355 3155 5408; x_wconf 83' lang='lat' dir='ltr'><strong><em>El</em></strong></span> <span class='ocrx_word' id='word_1_947' title='bbox 3183 5354 3292 5426; x_wconf 89' lang='grc' dir='ltr'>γάρ</span> <span class='ocrx_word' id='word_1_948' title='bbox 3321 5355 3482 5425; x_wconf 85' lang='grc' dir='ltr'>ήμεῖς</span> <span class='ocrx_word' id='word_1_949' title='bbox 3511 5354 3843 5425; x_wconf 82' lang='grc' dir='ltr'>ἀλλοτρίους</span> 
     </span>
    </p>
   </div>
   <div class='ocr_carea' id='block_1_127' title="bbox 2239 5448 3844 5527">
    <p class='ocr_par' dir='ltr' id='par_1_127' title="bbox 2239 5448 3844 5527">
     <span class='ocr_line' id='line_1_128' title="bbox 2239 5448 3844 5527; baseline -0.003 -18"><span class='ocrx_word' id='word_1_950' title='bbox 2239 5454 2474 5527; x_wconf 83' lang='grc' dir='ltr'>ὁρῶντες</span> <span class='ocrx_word' id='word_1_951' title='bbox 2523 5452 2918 5523; x_wconf 80' lang='grc' dir='ltr'>κολαζομένους</span> <span class='ocrx_word' id='word_1_952' title='bbox 2954 5450 3076 5504; x_wconf 78' lang='grc' dir='ltr'>οὐδὲ</span> <span class='ocrx_word' id='word_1_953' title='bbox 3112 5450 3238 5504; x_wconf 79' lang='grc' dir='ltr'>ἰδεῖν</span> <span class='ocrx_word' id='word_1_954' title='bbox 3279 5448 3584 5520; x_wconf 79' lang='grc' dir='ltr'>ἀνεχόμεθα</span> <span class='ocrx_word' id='word_1_955' title='bbox 3606 5490 3622 5514; x_wconf 90' lang='grc'>,</span> <span class='ocrx_word' id='word_1_956' title='bbox 3650 5449 3702 5502; x_wconf 83' lang='grc' dir='ltr'>τί</span> <span class='ocrx_word' id='word_1_957' title='bbox 3725 5450 3844 5504; x_wconf 77' lang='grc' dir='ltr'>οὐκ</span> 
     </span>
    </p>
   </div>
   <div class='ocr_carea' id='block_1_128' title="bbox 2241 5544 3844 5617">
    <p class='ocr_par' dir='ltr' id='par_1_128' title="bbox 2241 5544 3844 5617">
     <span class='ocr_line' id='line_1_129' title="bbox 2241 5544 3844 5617; baseline -0.004 -12"><span class='ocrx_word' id='word_1_958' title='bbox 2241 5550 2308 5605; x_wconf 85' lang='grc' dir='ltr'>ἂν</span> <span class='ocrx_word' id='word_1_959' title='bbox 2337 5550 2535 5603; x_wconf 76' lang='grc' dir='ltr'>ἔπαθεν</span> <span class='ocrx_word' id='word_1_960' title='bbox 2562 5551 2766 5611; x_wconf 79' lang='grc' dir='ltr'>ἐκεῖνος</span> <span class='ocrx_word' id='word_1_961' title='bbox 2792 5547 2921 5611; x_wconf 77' lang='grc' dir='ltr'>τοὺς</span> <span class='ocrx_word' id='word_1_962' title='bbox 2944 5545 3251 5617; x_wconf 83' lang='grc' dir='ltr'>ὁμοφύλους</span> <span class='ocrx_word' id='word_1_963' title='bbox 3281 5546 3375 5600; x_wconf 76' lang='grc' dir='ltr'>καὶ</span> <span class='ocrx_word' id='word_1_964' title='bbox 3416 5544 3844 5615; x_wconf 78' lang='grc' dir='ltr'>συστρατιώτας</span> 
     </span>
    </p>
   </div>
   <div class='ocr_carea' id='block_1_129' title="bbox 2240 5641 3848 5717">
    <p class='ocr_par' dir='ltr' id='par_1_129' title="bbox 2240 5641 3848 5717">
     <span class='ocr_line' id='line_1_130' title="bbox 2240 5641 3848 5717; baseline -0.003 -17"><span class='ocrx_word' id='word_1_965' title='bbox 2240 5646 2504 5710; x_wconf 85' lang='grc' dir='ltr'>τοιούτοις</span> <span class='ocrx_word' id='word_1_966' title='bbox 2539 5643 2878 5717; x_wconf 81' lang='grc' dir='ltr'>περιϐάλλων</span> <span class='ocrx_word' id='word_1_967' title='bbox 2919 5646 3137 5710; x_wconf 82' lang='grc' dir='ltr'>κακοίς;</span> <span class='ocrx_word' id='word_1_968' title='bbox 3170 5643 3221 5696; x_wconf 89' lang='grc' dir='ltr'>τί</span> <span class='ocrx_word' id='word_1_969' title='bbox 3249 5641 3305 5695; x_wconf 79' lang='grc' dir='ltr'>δὲ</span> <span class='ocrx_word' id='word_1_970' title='bbox 3333 5645 3366 5713; x_wconf 91' lang='grc' dir='ltr'>ή</span> <span class='ocrx_word' id='word_1_971' title='bbox 3396 5641 3505 5695; x_wconf 88' lang='grc' dir='ltr'>τῶν</span> <span class='ocrx_word' id='word_1_972' title='bbox 3546 5641 3848 5695; x_wconf 73' lang='grc' dir='ltr'>Γαϐαωνιο</span> 
     </span>
    </p>
   </div>
   <div class='ocr_carea' id='block_1_130' title="bbox 2244 5739 3851 5817">
    <p class='ocr_par' dir='ltr' id='par_1_130' title="bbox 2244 5739 3851 5817">
     <span class='ocr_line' id='line_1_131' title="bbox 2244 5739 3851 5817; baseline -0.004 -17"><span class='ocrx_word' id='word_1_973' title='bbox 2244 5747 2353 5800; x_wconf 86' lang='grc' dir='ltr'>τῶν</span> <span class='ocrx_word' id='word_1_974' title='bbox 2376 5747 2560 5817; x_wconf 85' lang='grc' dir='ltr'>ἀπάτη</span> <span class='ocrx_word' id='word_1_975' title='bbox 2589 5746 2683 5801; x_wconf 73' lang='grc' dir='ltr'>καὶ</span> <span class='ocrx_word' id='word_1_976' title='bbox 2706 5745 2740 5816; x_wconf 83' lang='grc' dir='ltr'>ή</span> <span class='ocrx_word' id='word_1_977' title='bbox 2769 5743 3037 5814; x_wconf 84' lang='grc' dir='ltr'>γενομένη</span> <span class='ocrx_word' id='word_1_978' title='bbox 3066 5741 3203 5797; x_wconf 89' lang='grc' dir='ltr'>κατά</span> <span class='ocrx_word' id='word_1_979' title='bbox 3231 5741 3339 5796; x_wconf 89' lang='grc' dir='ltr'>τῶν</span> <span class='ocrx_word' id='word_1_980' title='bbox 3366 5741 3539 5812; x_wconf 81' lang='grc' dir='ltr'>πέραν</span> <span class='ocrx_word' id='word_1_981' title='bbox 3563 5739 3665 5794; x_wconf 76' lang='grc' dir='ltr'>τοῦ</span> <span class='ocrx_word' id='word_1_982' title='bbox 3700 5741 3851 5813; x_wconf 80' lang='grc' dir='ltr'>Ἰορ-</span> 
     </span>
    </p>
   </div>
   <div class='ocr_carea' id='block_1_131' title="bbox 2212 5833 3857 5916">
    <p class='ocr_par' dir='ltr' id='par_1_131' title="bbox 2212 5833 3857 5916">
     <span class='ocr_line' id='line_1_132' title="bbox 2212 5833 3857 5916; baseline -0.006 -18"><span class='ocrx_word' id='word_1_983' title='bbox 2212 5833 2216 5836; x_wconf 25' lang='grc'><em>⁴</em></span> <span class='ocrx_word' id='word_1_984' title='bbox 2250 5844 2409 5900; x_wconf 83' lang='grc' dir='ltr'>δάνου</span> <span class='ocrx_word' id='word_1_985' title='bbox 2440 5842 2881 5916; x_wconf 83' lang='grc' dir='ltr'>κατοικησάντων</span> <span class='ocrx_word' id='word_1_986' title='bbox 2912 5840 3095 5911; x_wconf 80' lang='grc' dir='ltr'>φυλῶν</span> <span class='ocrx_word' id='word_1_987' title='bbox 3121 5839 3356 5901; x_wconf 56' lang='grc' dir='ltr'>ὑποψίας</span> <span class='ocrx_word' id='word_1_988' title='bbox 3401 5839 3453 5893; x_wconf 85' lang='grc' dir='ltr'>τί</span> <span class='ocrx_word' id='word_1_989' title='bbox 3491 5837 3549 5891; x_wconf 77' lang='grc' dir='ltr'>δὲ</span> <span class='ocrx_word' id='word_1_990' title='bbox 3585 5838 3649 5891; x_wconf 77' lang='grc' dir='ltr'>τὺ</span> <span class='ocrx_word' id='word_1_991' title='bbox 3681 5837 3857 5889; x_wconf 57' lang='lat'>7:0}:-</span> 
     </span>
    </p>
   </div>
  </div>
