4036 6416
270 471 370 527 ΓΠ

272 581 690 654 perturbaverat.
718 573 869 645 Quod
897 580 952 630 et
977 579 1220 642 parentes
1246 582 1387 637 saepe
1413 566 1702 636 patiuntur,
1726 578 1845 617 cum

270 674 335 728 iis
363 672 700 741 indignantur
726 680 845 737 qua:
870 680 899 718 a
930 662 1050 716 ﬁliis
1072 660 1222 716 ﬁunt.
1251 658 1383 712 Nam
1416 655 1558 725 quod
1582 666 1680 708 nec
1706 661 1853 722 post-

270 778 334 818 ea
385 775 633 830 umquam
668 756 886 813 desierit
941 754 1150 807 illorum
1192 748 1461 813 misereri,
1493 747 1657 815 liquet
1696 759 1761 798 ex
1787 743 1853 795 iis

279 870 395 927 quae
424 862 605 924 postea
647 850 828 920 gessit.
858 846 991 901 Cum
1021 844 1165 899 enim
1210 842 1357 896 illum
1386 847 1507 909 post
1534 837 1727 892 missos
1755 849 1852 889 ex-

281 926 576 1016 ploratores
626 939 869 994 occidere
917 942 1215 999 tentarent,
1264 935 1545 1002 ipsumque
1589 926 1853 996 lapidibus

274 1039 522 1097 obruere,
550 1031 803 1101 effugiens
831 1028 1041 1081 illorum
1068 1037 1276 1088 manus,
1300 1034 1486 1075 rursus
1508 1018 1572 1071 ad
1593 1016 1851 1072 orandum

274 1144 373 1199 pro
398 1127 476 1182 eis
500 1121 934 1182 convertebatur,
968 1119 1237 1185 Deumque
1266 1113 1368 1167 illis
1395 1110 1679 1182 prepitium
1712 1106 1849 1171 ﬁeri,

275 1220 365 1292 qui
396 1234 454 1274 se
494 1232 685 1273 necare
726 1213 1046 1283 cupiebant,
1081 1208 1393 1280 precabatur
1422 1222 1436 1258 :
1466 1203 1600 1257 adeo
1643 1212 1853 1270 quoque

279 1290 504 1367 naturali
536 1324 719 1363 amore
748 1305 1111 1361 vehementior
1151 1301 1224 1355 illi
1267 1301 1438 1353 inerat
1477 1295 1715 1350 allectus.
1746 1290 1852 1345 Ita-

278 1419 381 1474 que
409 1399 832 1470 exploratoribus
862 1394 1106 1458 mortuis,
1136 1407 1197 1444 ac
1225 1388 1450 1458 ingentis
1476 1384 1647 1439 adhuc
1682 1381 1855 1435 luctus

280 1471 510 1549 necdum
550 1491 680 1544 hora
725 1487 1025 1558 prmterita,
1058 1496 1241 1537 rursus
1287 1479 1362 1533 illi
1402 1477 1534 1530 alias
1571 1471 1856 1527 nectebant

283 1582 530 1639 mmroris
554 1595 763 1636 causas.
794 1578 973 1632 Primo
996 1575 1136 1629 enim
1165 1585 1399 1641 pugnare
1428 1563 1726 1637 prohibeuti
1749 1577 1853 1616 non

279 1674 802 1742 obtemperaverunt,
825 1666 1057 1721 secundo
1078 1664 1145 1717 ab
1161 1660 1470 1716 Amalecitis
1488 1654 1687 1713 concisi
1708 1661 1851 1719 sunt,

282 1776 336 1821 et
363 1777 485 1820 ante
521 1763 714 1818 bellum
745 1759 885 1814 istud
912 1768 965 1812 et
1006 1756 1125 1810 bilis
1155 1762 1209 1809 et
1250 1752 1386 1822 gula:
1428 1763 1585 1804 causa
1627 1745 1856 1801 maxime

282 1855 581 1925 consumpti
606 1863 746 1907 sunt.
774 1850 912 1905 Nam
941 1848 1143 1910 occidit,
1165 1844 1356 1913 inquit,
1387 1840 1631 1909 plurimos
1660 1851 1852 1899 eorum,

284 1967 397 2005 cum
426 1949 592 2002 adhuc
636 1962 749 1999 esca
793 1951 918 1996 esset
960 1942 1013 1993 in
1054 1954 1141 1992 ore
1183 1951 1353 1990 eorum
1394 1931 1580 2005 (Psal.
1608 1929 1696 1983 77.
1723 1926 1854 1996 50).

286 2040 488 2111 ingenti
527 2046 700 2091 autem
735 2038 833 2089 hac
872 2032 1078 2085 illorum
1109 2026 1253 2081 cmde
1280 2027 1511 2092 inspecta
1534 2063 1547 2085 ,
1577 2035 1695 2073 cum
1726 2033 1856 2071 nec-

287 2134 413 2189 dum
445 2134 529 2186 hic
553 2130 705 2185 dolor
728 2126 1032 2198 quievisset,
1061 2121 1165 2175 alio
1190 2131 1373 2173 rursus
1403 2114 1665 2170 invaditur
1691 2112 1853 2175 luctu,

287 2238 535 2296 tantaque
579 2222 895 2278 necessitate
942 2214 1258 2270 constrictus
1297 2218 1412 2271 est,
1444 2216 1503 2261 ut
1544 2207 1673 2260 istos
1715 2204 1858 2271 ipsos

286 2326 390 2371 tam
422 2316 641 2369 dilectos
678 2320 834 2380 atque
881 2305 1236 2361 amatissimos
1274 2314 1414 2355 novo
1442 2298 1619 2367 aliquo
1643 2310 1703 2348 ac
1733 2309 1857 2365 per—

285 2408 467 2478 egrino
497 2404 681 2459 mortis
720 2415 915 2471 genere
944 2399 1102 2451 vitam
1135 2395 1284 2448 ﬁnire
1317 2398 1641 2462 precaretur.
1670 2386 1744 2440 lta
1770 2384 1859 2438 alii

285 2476 499 2568 quidam
536 2500 848 2562 erumpente
874 2491 993 2559 igne
1032 2493 1254 2555 repente
1292 2480 1537 2537 incendio
1563 2476 1857 2545 conﬂagra-

285 2597 512 2652 verunt,
543 2587 629 2640 alii
662 2597 816 2639 terra:
852 2581 998 2636 hiatu
1028 2576 1263 2646 absorpti
1305 2583 1463 2629 sunt:
1493 2586 1662 2640 neque
1706 2568 1857 2638 pauci

288 2681 523 2750 aliquot,
555 2676 647 2731 sed
676 2676 822 2744 plura
850 2687 1006 2744 quam
1036 2666 1336 2740 quindecim
1380 2664 1651 2718 hominum
1695 2659 1858 2713 millia

290 2773 387 2825 ista
416 2770 555 2840 passi
585 2776 727 2822 sunt.
761 2765 873 2821 Hoc
901 2768 1112 2830 peracto
1134 2801 1148 2824 ,
1177 2773 1281 2827 quo
1317 2756 1495 2810 animo
1524 2754 1732 2807 illorum
1765 2766 1859 2803 co-

288 2873 474 2932 gnatos
516 2869 568 2914 et
605 2858 804 2911 amicos
829 2854 1111 2908 adversum
1137 2850 1336 2904 Moscm
1368 2846 1531 2900 fuisse
1569 2840 1859 2914 putandum

289 2952 406 3007 est?
448 2965 555 3020 quo
598 2949 725 3002 item
750 2946 948 3001 Mosem
980 2944 1152 3012 ipsum
1185 2954 1303 2994 cum
1347 2944 1589 2992 cerneret
1632 2933 1861 3003 pupillos

292 3043 427 3095 ﬁlios
451 3051 505 3096 et
532 3053 723 3093 uxores
753 3036 938 3089 viduas
964 3049 1027 3088 ex
1059 3047 1121 3087 ea
1151 3028 1450 3085 calamitate
1478 3024 1592 3079 ﬁeri
1622 3024 1860 3087 videret;

292 3134 416 3187 item
448 3132 664 3186 fratrem
691 3144 845 3183 suum
873 3141 935 3180 ac
963 3137 1199 3179 sororem
1225 3122 1331 3174 vita
1356 3117 1670 3181 excessisse,
1694 3115 1865 3168 illius-

294 3241 397 3296 que
424 3224 559 3278 ﬁlios
590 3218 1035 3292 praevaricationis
1058 3214 1281 3284 alicujus
1309 3226 1467 3266 causa
1493 3209 1631 3279 ignis
1655 3207 1864 3261 ustione

294 3316 551 3388 periisse?
582 3314 781 3367 llorum
814 3325 942 3365 sane
978 3307 1183 3378 singula
1210 3303 1341 3360 nihil
1370 3301 1528 3358 etiam
1555 3311 1705 3353 antea
1736 3311 1863 3366 per-

293 3387 505 3479 pessum
543 3406 776 3460 animum
818 3401 1031 3456 afﬁcere
1073 3398 1258 3452 dolore
1300 3392 1629 3464 potuissent,
1672 3387 1865 3441 nedum

296 3509 373 3557 tot
392 3501 500 3571 jam
531 3498 684 3553 malis
721 3496 1030 3551 exercitum.
1064 3491 1133 3547 Ut
1170 3499 1345 3544 autem
1378 3486 1676 3540 Chananzeo
1702 3495 1864 3550 supe-

295 3606 409 3651 rato
436 3595 651 3663 longum
677 3592 776 3646 iter
801 3587 1084 3645 circumire
1111 3584 1456 3654 cogebantur,
1484 3590 1694 3632 rursum
1721 3588 1866 3627 mur-

295 3701 570 3742 muravcre
592 3682 782 3747 Juda1i,
805 3691 1122 3746 rursumque
1146 3674 1367 3744 periere,
1393 3685 1497 3724 non
1521 3668 1629 3738 jam
1650 3663 1865 3736 quidem

296 3779 497 3834 morbis
524 3785 580 3831 ut
607 3775 773 3845 prius,
800 3788 905 3827 non
931 3770 1050 3841 igne
1077 3778 1166 3821 aut
1194 3767 1339 3820 hiatu
1368 3772 1521 3818 terrm.
1541 3801 1556 3825 ,
1584 3758 1677 3813 sed
1705 3770 1867 3811 vene-

298 3881 540 3926 natorum
571 3865 899 3936 serpentium
940 3861 1237 3925 morsibus,
1282 3856 1373 3927 qui
1412 3853 1647 3924 profecto
1683 3862 1869 3903 omnes

300 3962 686 4034 perdidissent,
718 3958 816 4013 nisi
861 3969 1045 4011 rursus
1083 3951 1341 4007 accedens
1381 3947 1446 4001 ad
1487 3946 1653 3999 Deum
1696 3942 1870 3996 Moses

300 4054 545 4124 precibus
570 4052 679 4106 suis
706 4049 820 4119 ejus
849 4047 1126 4102 avertisset
1154 4043 1306 4097 iram.
1336 4039 1526 4093 Postea
1544 4036 1681 4088 'vcro
1711 4046 1870 4102 quam

301 4163 363 4202 ex
411 4145 510 4200 hac
555 4153 701 4213 peste
752 4138 959 4194 liberati
1008 4144 1131 4190 sunt
1179 4133 1416 4201 vatisque
1464 4126 1872 4196 imprecationes

301 4238 628 4307 eli'ugeruut,
670 4247 880 4287 rursum
912 4230 1115 4299 seipsos
1162 4241 1256 4296 per
1283 4222 1568 4278 durissima
1611 4225 1873 4289 praerupta

299 4329 563 4397 jecerunt,
594 4335 751 4395 atque
780 4328 900 4393 post
925 4318 1322 4375 benedictiones
1349 4313 1585 4377 Balaam,
1615 4309 1723 4364 imo
1747 4322 1876 4362 vero

307 4418 400 4473 Dei
428 4420 623 4486 (neque
650 4414 790 4468 enim
819 4412 959 4466 illius
982 4407 1265 4462 voluntatis
1301 4420 1363 4458 ea
1394 4401 1554 4457 verba
1584 4400 1747 4461 fuere,
1782 4397 1877 4451 sed

307 4509 568 4564 moventis
594 4523 653 4561 se
674 4505 835 4560 divini
862 4500 1091 4572 afflatus)
1124 4497 1367 4553 fornicati
1393 4502 1517 4547 sunt
1543 4507 1661 4546 cum
1690 4488 1878 4543 alieni-

309 4615 563 4671 genarum
589 4597 813 4661 ﬁliahus,
845 4606 899 4650 et
928 4592 1115 4648 initiati
1145 4599 1268 4644 sunt
1294 4585 1643 4656 Beelphegor.
1676 4585 1745 4635 At
1771 4580 1880 4633 Mo-

309 4708 395 4747 ses
445 4690 745 4760 hujusmodi
795 4688 968 4742 scelus
1010 4684 1484 4749 confusionemque
1526 4691 1630 4730 non
1680 4674 1878 4737 ferens,

310 4799 404 4839 eos
448 4799 631 4839 rursus
675 4798 732 4837 se
774 4783 997 4837 invicem
1044 4776 1325 4833 concidere
1370 4788 1432 4827 ac
1474 4785 1664 4826 necare
1700 4768 1880 4839 jussit,

312 4877 609 4945 Inter/icite,
642 4876 905 4945 inquiens,
932 4872 1271 4940 unusquisque
1296 4866 1579 4937 proximum
1603 4877 1769 4925 suum,
1797 4860 1883 4931 qui

312 4970 537 5022 initiatus
558 4976 630 5021 est
650 4966 961 5036 Beelpltegor
985 4962 1169 5032 (Num.
1188 4960 1279 5015 25.
1298 4958 1352 5023 5)
1375 4976 1388 5010 :
1412 4971 1519 5010 non
1545 4968 1701 5009 secus
1724 4965 1883 5022 quam

314 5061 367 5113 in
399 5060 645 5123 vulnere,
674 5058 812 5127 quod
859 5055 1096 5125 plurimis
1134 5050 1457 5106 sectionibus
1485 5045 1886 5112 ustionibusque

313 5150 575 5225 susceptis
600 5148 731 5202 nihil
759 5147 947 5201 melius
977 5141 1249 5203 habuerit,
1279 5139 1468 5209 aliquis
1488 5136 1671 5206 jubeat
1696 5146 1887 5188 rursus

314 5241 455 5313 quod
495 5240 754 5306 reliquum
785 5245 868 5291 est
902 5249 1085 5289 secare
1113 5240 1271 5300 atque
1311 5243 1484 5282 urere.
1514 5226 1776 5281 Caeterum
1806 5232 1883 5287 tu,

315 5350 433 5388 cum
462 5332 559 5385 has
587 5328 921 5384 difﬁcultates
962 5323 1147 5387 audis,
1192 5321 1297 5375 noli
1325 5329 1510 5390 putare
1540 5319 1637 5371 ista
1682 5324 1887 5369 tantum

315 5424 624 5493 contigisse,
664 5419 923 5489 siquidem
949 5429 1001 5472 et
1031 5418 1143 5485 ipse
1171 5429 1241 5468 ex
1274 5413 1357 5465 his
1381 5427 1498 5481 qua:
1536 5410 1728 5478 scripta
1764 5415 1890 5463 sunt

318 5533 424 5572 non
454 5531 617 5587 pauca
646 5526 907 5584 praetereo
927 5554 941 5578 ,
971 5518 1096 5581 puta
1125 5509 1259 5565 bella
1281 5549 1297 5574 ,
1334 5506 1667 5560 inimicorum
1708 5500 1889 5555 obsta-

318 5611 459 5677 cula,
488 5608 788 5679 longissima
822 5607 1039 5670 itinera,
1071 5601 1269 5673 sororis
1293 5596 1706 5662 contumeliam,
1746 5593 1889 5663 ejus-

319 5701 438 5756 dem
464 5716 665 5770 ptenas,
685 5699 873 5770 quibus
896 5696 1203 5751 mitissimus
1224 5693 1311 5747 ille
1327 5690 1499 5745 Moses
1520 5699 1644 5742 tunc
1665 5686 1894 5740 maxime

320 5792 564 5847 indoluit.
596 5792 703 5848 Sed
739 5807 801 5846 ea
841 5798 1017 5844 tamen
1057 5786 1232 5842 omnia
1264 5784 1308 5838 si
1339 5783 1459 5854 quis
1488 5778 1893 5850 diligentissime

322 5884 376 5938 in
408 5900 567 5939 unum
595 5891 865 5955 congerat,
893 5895 960 5937 ne
989 5876 1321 5935 millesimam
1344 5874 1555 5947 quidem
1583 5880 1788 5945 partem
1817 5885 1886 5926 ex

1093 459 1183 515 AD
1220 451 1588 513 STAGIRIUM
1625 452 1665 507 Α
1708 446 2012 507 DEMONE
2049 442 2402 503 VEIATUM.
2442 441 2571 497 LIB.
2610 439 2699 496 Ill.

3429 435 3532 490 ιτιι

1957 562 2023 616 iis
2050 575 2167 630 quae
2211 558 2547 627 contigerunt
2583 553 2836 623 scriptam
2882 549 3045 605 fuisse
3082 555 3250 619 putet.
3292 546 3352 603 Si
3388 549 3530 602 enim

1956 660 2046 722 qut
2084 652 2135 704 in
2179 665 2285 704 una
2324 648 2486 702 domo
2524 645 2705 716 paucis
2749 653 2941 713 praeest
2979 642 3183 704 servis,
3226 638 3533 696 innumeras

1956 741 2191 814 quotidie
2211 750 2267 794 et
2291 739 2642 793 irritationum
2669 745 2723 791 et
2748 734 2994 791 maeroris
3018 732 3325 788 occasiones
3351 728 3531 794 habet,

1956 833 2043 903 qui
2087 842 2165 887 tot
2208 831 2441 887 millibus
2482 829 2827 899 quadraginta
2858 827 3012 881 annis
3056 838 3290 894 praeesse
3317 832 3535 877 coactus

1955 927 2262 995 est,<idque
2302 925 2356 977 in
2398 923 2629 987 deserto,
2674 920 2765 974 ubi
2813 933 2985 988 neque
3029 932 3141 982 aer,
3185 930 3357 985 neque
3396 928 3531 983 aqua

1956 1026 2092 1082 erat,
2121 1025 2251 1087 quot
2291 1015 2501 1085 negotia
2528 1011 2749 1081 singulis
2786 1009 2974 1065 diebus
3013 1006 3163 1062 obire
3200 1002 3531 1075 cogebatur?

1957 1119 2086 1180 quot
2121 1123 2295 1171 curas,
2324 1117 2453 1176 quot
2479 1118 2757 1169 mterores,
2793 1111 2849 1156 et
2871 1101 3167 1156 viventibus
3193 1099 3318 1159 illis.
3350 1108 3406 1153 et
3427 1097 3532 1151 vita

1958 1200 2188 1253 functis?
2214 1198 2353 1253 Vidit
2374 1197 2514 1251 enim
2537 1210 2744 1259 omnes,
2762 1206 2896 1263 quos
2916 1207 2980 1246 ex
2997 1190 3227 1261 Egypto
3246 1189 3532 1251 eduxerat,

1957 1300 2229 1353 mortuos,
2279 1297 2472 1358 pra-ter
2508 1286 2643 1341 duos
2681 1286 2825 1340 viros
2861 1283 3032 1339 solum
3062 1301 3077 1337 ε
3107 1295 3304 1350 eosque
3339 1281 3427 1349 qui
3468 1293 3534 1332 ex
3586 1320 3587 1323 η

1959 1385 2066 1439 illis
2096 1383 2203 1437 nati
2236 1381 2441 1435 fuerant
2484 1379 2673 1449 dignus
2713 1378 2925 1431 habitus
2972 1391 3075 1430 non
3121 1383 3204 1429 est
3244 1372 3299 1427 in
3340 1381 3533 1426 terram

1959 1471 2390 1543 repromissionis
2439 1470 2799 1525 introducere.
2844 1466 3106 1521 Caeterum
3149 1464 3282 1519 vidit
3320 1463 3533 1534 quidem

1960 1583 2077 1623 eam
2122 1575 2317 1620 terram
2359 1580 2423 1618 ex
2463 1562 2659 1618 vertice
2702 1562 2898 1615 montis
2943 1559 3146 1627 Nabau,
3189 1567 3537 1627 naturamque

1960 1662 2102 1717 illius
2152 1660 2350 1728 optime
2397 1658 2616 1720 didicit,
2660 1656 2760 1710 frui
2806 1664 2982 1709 autem
3031 1655 3120 1708 illa
3160 1669 3283 1709 cum
3321 1653 3537 1723 reliquis

1960 1753 2213 1808 lsraelitis
2243 1752 2536 1822 permissus
2561 1766 2667 1805 non
2693 1756 2794 1813 est,
2820 1749 2914 1803 sed
2938 1757 3087 1803 extra
3116 1762 3233 1802 eam
3259 1746 3454 1801 mansit
3477 1759 3539 1800 ac

1960 1852 2203 1897 mortuus
2242 1851 2364 1907 est;
2408 1842 2565 1911 idque
2606 1841 2718 1909 ipse
2749 1839 3000 1894 lsraelitis
3028 1851 3364 1907 conquerens
3390 1836 3537 1891 dice-

1960 1934 2051 1989 bat
2080 1953 2093 1989 :
2118 1934 2186 1987 Et
2210 1932 2457 1987 Dominus
2483 1932 2623 1986 Deus
2647 1933 2807 1985 iratus
2834 1938 2906 1984 est
2940 1930 3062 1982 mihi
3088 1928 3150 1981 de
3174 1928 3234 1982 iis
3261 1942 3376 1994 qua:
3399 1926 3539 1980 dice-

1961 2027 2142 2082 bantur
2166 2044 2198 2079 a
2224 2026 2358 2080 vobis
2379 2068 2393 2089 ,
2425 2026 2717 2096 juravitque
2745 2033 2801 2077 ut
2845 2040 2945 2077 non
2984 2036 3234 2075 transeam
3259 2019 3540 2074 Iordanem

1962 2117 2112 2170 istum
2132 2159 2146 2184 ,
2180 2133 2270 2171 nec
2314 2116 2570 2188 ingrediar
2608 2117 2660 2169 in
2694 2124 2876 2168 terram
2902 2155 2915 2179 ,
2952 2129 3103 2185 quam
3129 2111 3378 2165 Dominus
3402 2109 3542 2163 Deus

1962 2211 2048 2264 dat
2076 2210 2163 2265 tibi
2189 2211 2241 2264 in
2283 2219 2433 2264 sorte.
2477 2208 2587 2279 Ego
2629 2208 2758 2261 enim
2789 2207 2978 2259 morior
3022 2206 3074 2258 in
3119 2205 3213 2256 hac
3253 2211 3422 2267 terra,
3452 2218 3541 2255 nec

1964 2310 2161 2354 transeo
2186 2299 2465 2353 Iordanem
2495 2300 2626 2351 hunc
2651 2314 2669 2349 :
2695 2314 2780 2350 vos
2807 2305 2973 2350 autem
3002 2295 3296 2356 transibitis,
3327 2303 3373 2346 et
3394 2293 3540 2347 here-

1964 2392 2119 2444 ditate
2148 2390 2462 2460 possidebitis
2504 2398 2689 2443 terram
2718 2388 2848 2441 hanc
2890 2387 3131 2457 optimam
3161 2384 3349 2455 (Deut.
3374 2384 3426 2437 ι.
3449 2382 3538 2437 2|.

1962 2482 2053 2553 22)
2069 2521 2082 2534 .
2104 2482 2359 2551 Quodque
2378 2480 2612 2535 omnium
2637 2488 2751 2534 erat
2772 2477 3197 2542 acerbissimum,
3218 2491 3338 2530 cum
3357 2474 3544 2529 dolore

1963 2572 2136 2643 ipsum
2163 2572 2215 2626 in
2244 2572 2511 2627 infernum
2534 2570 2773 2637 deduxit,
2797 2584 2917 2623 cum
2939 2569 3011 2622 illi
3042 2567 3213 2622 futura
3236 2566 3541 2622 Iudaeorum

1964 2663 2100 2718 mala
2129 2661 2492 2732 przeostendit,
2526 2661 2787 2715 idolorum
2819 2660 3023 2715 scilicet
3059 2658 3257 2713 cultum
3278 2699 3294 2723 ,
3320 2657 3544 2727 captivi—

1965 2762 2149 2820 tatem,
2195 2762 2249 2808 et
2277 2753 2604 2807 calamitates
2646 2752 2975 2817 innumeras,
3016 2760 3073 2804 ut
3113 2765 3217 2804 non
3266 2748 3436 2803 solum
3477 2747 3544 2802 de

1963 2844 2131 2913 gestis
2151 2859 2268 2913 quas
2291 2843 2514 2907 viderat,
2544 2842 2636 2897 sed
2665 2844 2824 2897 etiam
2847 2841 2914 2896 de
2939 2841 3003 2895 iis
3026 2856 3144 2910 quae
3170 2840 3395 2896 necdum
3418 2854 3546 2893 con-

1964 2935 2194 3004 tigerant
2213 2975 2227 2999 ,
2253 2933 2579 3004 amigeretur
2602 2936 2800 2988 animo.
2844 2934 3084 3003 Denique
3113 2947 3141 2986 a
3168 2933 3339 3004 prima
3365 2933 3543 2986 statim

1965 3036 2121 3082 aetate
2147 3028 2216 3081 ita
2241 3027 2423 3082 dolere
2448 3042 2509 3081 ac
2540 3042 2767 3081 moerere
2795 3027 3019 3095 incepit,
3048 3035 3106 3080 ut
3130 3041 3418 3096 numquam
3450 3024 3545 3080 de-

1966 3121 2177 3175 sisteret
2198 3161 2212 3183 ,
2242 3121 2510 3190 vitamque
2535 3135 2654 3175 cum
2684 3119 2936 3175 mtestitia
2963 3120 3157 3174 ﬁniret.

2037 3212 2091 3267 5.
2122 3210 2282 3265 Iosue
2324 3227 2578 3264 successor
2613 3208 2667 3263 Μ
2675 3211 2775 3264 osis
2798 3218 2846 3263 et
2873 3211 2981 3280 ipse
3004 3210 3309 3281 aﬂlictus.—
3327 3208 3397 3264 At
3418 3224 3547 3263 vero

1968 3319 2248 3359 successor
2274 3303 2391 3373 ejus
2420 3303 2582 3359 Josue
2604 3345 2617 3368 ,
2647 3304 2883 3358 omnium
2909 3344 2923 3368 ,
2962 3311 3020 3357 ut
3058 3303 3128 3355 ita
3169 3302 3390 3356 dixerim
3410 3342 3423 3363 ,
3451 3301 3548 3353 tri-

1969 3395 2126 3449 stium
2166 3410 2286 3449 cum
2328 3409 2393 3448 eo
2440 3409 2543 3448 una
2589 3393 2879 3463 periculum
2923 3392 3043 3447 fecit
3072 3411 3083 3446 :
3117 3393 3160 3445 si
3205 3390 3331 3461 quid
3371 3400 3546 3445 tamen

1970 3484 2138 3548 illum,
2181 3499 2247 3538 eo
2284 3483 2425 3554 quod
2463 3482 2643 3552 junior
2685 3494 2846 3547 esset,
2890 3481 3104 3551 effugit,
3136 3481 3238 3535 hoc
3264 3496 3391 3536 sane
3429 3491 3550 3549 post

1970 3584 2199 3631 mortem
2239 3576 2379 3629 illius
2415 3577 2467 3629 in
2509 3590 2574 3631 eo
2617 3575 2936 3629 cumulatius
2978 3574 3253 3644 impletum
3289 3584 3392 3628 est.
3431 3571 3547 3627 Non

1969 3669 2143 3723 solum
2170 3677 2347 3722 autem
2385 3667 2513 3722 dum
2554 3667 2759 3722 viveret
2797 3666 2967 3721 Moses
3007 3666 3322 3721 vestimenta
3363 3664 3539 3731 scidit,

1971 3764 2312 3831 cineremque
2348 3760 2509 3829 capiti
2541 3760 2789 3829 aspersit,
2826 3758 2919 3813 sed
2954 3759 3113 3813 etiam
3146 3766 3426 3827 postquam
3459 3757 3551 3811 ille

1973 3852 2254 3908 defunctus
2292 3861 2374 3907 est
2410 3851 2628 3917 eadem,
2659 3852 2765 3905 imo
2797 3852 2954 3920 longe
2994 3851 3196 3919 majore
3237 3850 3552 3905 necessitate

1972 3944 2027 3999 id
2071 3944 2245 3999 facere
2284 3954 2499 3999 coactus
2535 3952 2649 4007 est,
2695 3959 2799 3996 non
2840 3942 2993 3997 brevi
3033 3951 3290 4012 tempore,
3329 3939 3423 3995 sed
3464 3939 3553 3994 die

1976 4045 2085 4090 tota
2109 4050 2305 4106 pronus
2335 4036 2386 4089 in
2422 4046 2560 4090 terra
2590 4034 2792 4105 jacens.
2831 4033 2970 4088 Audi
3006 4034 3186 4103 utique
3209 4032 3367 4087 verba
3392 4031 3551 4086 etiam

1975 4127 2118 4183 illius
2155 4138 2209 4183 et
2248 4128 2484 4197 ploratus
2523 4145 2535 4180 :
2591 4125 2660 4181 Et
2697 4126 2867 4188 scidit,
2915 4126 3079 4195 inquit
3128 4122 3306 4197 (Iosue
3331 4123 3383 4176 7.
3412 4121 3550 4193 6-9),

1975 4218 2125 4273 Iesus
2148 4220 2437 4274 vestimenta
2456 4234 2571 4286 sua,
2594 4217 2903 4287 prociditque
2925 4217 2977 4269 in
2997 4216 3175 4287 [aciem
3200 4230 3349 4285 super
3369 4221 3555 4266 terram

1979 4327 2149 4364 coram
2185 4309 2403 4364 Domino
2448 4312 2603 4379 usque
2648 4308 2715 4360 ad
2758 4323 3044 4376 vesperam,
3089 4306 3199 4375 ipse
3242 4314 3291 4357 et
3336 4304 3556 4357 seniores

1981 4401 2165 4465 Israel,
2198 4403 2534 4470 miseruntque
2562 4400 2816 4469 pulverem
2840 4415 2991 4468 super
3016 4397 3183 4467 capita
3208 4413 3329 4463 sua,
3358 4406 3403 4449 et
3429 4397 3555 4449 dixit

1980 4494 2132 4548 Iesus
2163 4509 2181 4547 :
2215 4492 2431 4546 Obsecro
2452 4533 2466 4556 ,
2501 4491 2745 4553 Domine,
2774 4500 2828 4541 ut
2862 4489 2982 4559 quid
3023 4487 3247 4541 traduxit
3287 4504 3411 4557 puer
3444 4496 3558 4541 tuus

1984 4586 2226 4655 papulum
2250 4584 2383 4637 hunc
2407 4592 2544 4636 trans
2567 4581 2872 4645 Iordanem,
2904 4590 2957 4633 ut
2985 4580 3207 4632 traderes
3236 4594 3350 4631 eum
3371 4578 3558 4630 Amor-

1982 4677 2120 4729 rlta'o
2149 4675 2216 4727 ad
2258 4674 2565 4745 perdendum
2600 4673 2733 4727 nos?
2766 4671 2971 4726 Utinam
2998 4670 3441 4741 permansissemus
3462 4710 3477 4733 ,
3513 4677 3561 4722 et

1985 4768 2217 4824 collocati
2254 4784 2471 4821 essemus
2493 4767 2619 4819 citra
2643 4763 2941 4818 Iordanem.
2978 4762 3041 4816 Et
3069 4761 3191 4833 quid
3220 4760 3385 4813 dicam
3417 4768 3559 4830 post-

1984 4879 2135 4934 quam
2175 4862 2318 4915 vertit
2353 4859 2518 4913 Israel
2554 4869 2692 4929 terga
2730 4856 2979 4911 inimico?
3010 4855 3189 4909 Audiet
3222 4854 3560 4919 Chananeus,

1986 4966 2033 5009 et
2059 4970 2228 5008 omnes
2256 4954 2339 5023 qui
2370 4952 2592 5005 habitant
2633 4962 2813 5003 terram
2835 4991 2849 5013 ,
2877 4958 2922 5002 et
2949 4946 3328 5002 circumdabant
3364 4962 3486 5011 nos,
3516 4953 3564 4998 et

1988 5046 2219 5100 delebant
2245 5046 2304 5098 de
2327 5055 2477 5097 terra.
2508 5042 2655 5095 Talia
2674 5050 2914 5094 orantem
2941 5038 3163 5093 audiens
3186 5039 3321 5092 Deus
3347 5050 3560 5091 causam

1989 5138 2098 5204 illi,
2130 5153 2227 5192 cur
2268 5136 2497 5205 superati
2546 5132 2787 5199 fuerant,
2827 5131 3035 5201 aperuit
3073 5147 3086 5183 :
3118 5146 3276 5200 quam
3315 5129 3404 5183 ille
3440 5144 3561 5183 cum
3610 5102 3623 5117 ’

1989 5229 2280 5291 didicisset,
2314 5225 2544 5296 perdidit
2572 5239 2675 5278 una
2713 5238 2897 5277 omnes
2917 5265 2931 5288 ,
2961 5237 3065 5275 non
3092 5236 3212 5275 eum
3242 5220 3329 5290 qui
3374 5234 3566 5289 pecca-

1992 5330 2141 5375 verat
2183 5320 2387 5380 solum,
2441 5317 2534 5371 sed
2579 5324 2833 5385 cognatos
2879 5328 3092 5384 quoque
3139 5323 3191 5366 et
3242 5313 3567 5381 propinquos

1992 5424 2309 5478 omnemque
2351 5407 2602 5461 familiam
2643 5420 2765 5458 cum
2814 5419 3063 5473 pecorum
3107 5401 3460 5456 multitudine.
3510 5400 3566 5454 Id

1993 5513 2170 5555 autem
2201 5498 2338 5553 haud
2373 5513 2559 5568 parum
2604 5496 2747 5549 illius
2788 5492 3117 5564 perturbavit
3151 5492 3406 5546 animum.
3434 5489 3569 5545 Nam

1996 5593 2040 5647 si
2065 5606 2160 5645 nos
2184 5606 2303 5645 cum
2328 5590 2528 5643 alienos
2548 5602 2756 5658 quoque
2783 5585 2958 5656 puniri
2984 5583 3272 5648 cernimus,
3299 5597 3368 5638 ne
3388 5582 3570 5638 videre

1997 5684 2209 5756 quidem
2240 5683 2547 5746 toleramus,
2578 5678 2703 5748 quid
2732 5678 2820 5733 ille
2845 5692 2948 5732 non
2978 5690 3167 5748 passus
3192 5682 3293 5738 est,
3324 5674 3411 5745 qui
3436 5688 3567 5727 con-

1956 5790 1962 5797 ·
1998 5776 2219 5830 tribules
2245 5783 2299 5829 et
2321 5770 2711 5827 commilitones
2732 5768 2896 5823 tantis
2920 5766 3182 5822 afﬁciebat
3209 5764 3405 5819 malis!
3430 5763 3570 5831 Quid

2003 5877 2177 5922 autem
2204 5864 2612 5921 Gabaonitarum
2655 5861 2799 5919 fraus
2829 5861 3165 5932 tribuumque
3201 5867 3348 5913 trans
3398 5856 3574 5913 Iorda-
