4036 6416
520 448 619 501 ιττι

521 575 640 614 nem
688 557 1033 612 habitantium
1077 557 1342 626 Sttsisicio,
1374 555 1500 627 quid
1539 564 1792 626 perpetua
1830 554 2092 608 bellorum

522 660 680 718 atque
711 663 1000 718 pugnarum
1031 647 1378 702 exercitatio?
1406 663 1560 716 quem
1588 646 1685 700 ista
1712 655 1907 700 statum
1932 644 2094 698 animi

520 757 625 797 non
653 739 1016 796 evertissent?
1058 739 1169 793 Etsi
1207 739 1350 794 enim
1379 739 1620 793 vincebat
1664 737 1892 807 jngiler,
1923 736 2095 791 victo-

519 835 610 888 ria:
641 843 813 886 tamen
835 831 1156 899 voluptatem
1184 829 1502 898 reliquorum
1531 829 1784 882 bellorum
1809 843 1934 881 cura
1959 825 2094 881 oﬂ'u-

517 923 736 986 scabat,
778 920 1107 988 sortiumque
1147 919 1448 972 disrributio
1490 933 1726 972 summos
1768 919 1840 970 illi
1885 919 2092 971 labores

517 1012 866 1080 ingentesque
892 1010 1228 1063 difficultates
1261 1009 1514 1077 pariebat.
1544 1007 1746 1062 Norunt
1771 1009 1865 1062 ista
1893 1009 1979 1076 qui
2010 1009 2092 1062 vel

518 1103 792 1157 minimam
823 1101 1170 1156 substantiam
1215 1100 1493 1162 fratribus,
1525 1107 1615 1152 aut
1643 1099 1964 1168 quibuslibet
1990 1099 2091 1152 ali-

515 1194 670 1262 cujus
714 1193 999 1247 heredibus
1044 1190 1461 1245 distribuendam
1506 1200 1870 1258 susceperunt.
1915 1188 2091 1243 Plebis

517 1294 693 1338 autem
724 1284 952 1352 reliquas
991 1282 1242 1351 deiuecps
1281 1280 1607 1334 calamitates
1648 1295 1746 1333 nec
1785 1278 2090 1333 referendas

515 1376 788 1428 existimo.
837 1374 1018 1444 Neque
1045 1374 1186 1427 enim
1226 1382 1307 1428 est
1337 1373 1587 1442 propositi
1617 1373 1781 1425 nostri
1827 1387 2091 1426 aerumnas

514 1467 842 1536 singulorum
885 1480 1198 1530 numerare,
1243 1463 1338 1518 sed
1381 1479 1566 1518 eorum
1609 1471 1809 1517 tantum
1848 1463 1936 1532 qui
1980 1463 2090 1517 Deo

514 1557 798 1612 admodum
833 1557 1099 1626 placuere.

586 1649 639 1703 6.
669 1648 919 1702 Samuelis
947 1647 1173 1716 exemplo
1199 1662 1304 1699 rem
1351 1645 1590 1698 illustrat.
1622 1674 1688 1683 —
1710 1642 1963 1710 Quocirca
1991 1683 2004 1706 ,
2043 1641 2091 1696 si

513 1739 753 1802 videtur,
789 1738 903 1791 lleli
957 1738 1261 1791 omittamus
1282 1779 1294 1799 .
1323 1737 1516 1806 quippe
1541 1744 1594 1789 et
1636 1735 1680 1788 is
1739 1750 1831 1803 per
1861 1734 2089 1787 ﬁliorum

513 1833 659 1899 vitia,
685 1833 790 1886 imo
817 1847 942 1885 vero
960 1846 1052 1900 per
1075 1845 1223 1883 suam
1256 1829 1626 1898 negligentiam
1651 1827 1869 1880 offendit
1900 1827 2085 1879 Deum.

515 1923 693 1992 Neque
717 1923 856 1977 enim
889 1922 1006 1976 ideo
1031 1920 1170 1990 quod
1214 1921 1380 1973 malos
1408 1918 1624 1973 haberet
1652 1917 1789 1970 ﬁlios
1834 1917 2088 1985 punieba-

514 2021 632 2077 tur,
668 2013 762 2068 sed
797 2014 919 2082 quia
946 2013 1078 2066 ultra
1109 2012 1343 2066 debitum
1373 2009 1714 2082 increpationi
1739 2017 2085 2077 pepercerat,

512 2115 566 2158 et
595 2119 715 2158 cum
757 2104 844 2156 Dei
878 2103 1019 2171 leges
1059 2103 1402 2166 violarentur,
1432 2079 1672 2154 severius
1703 2100 1753 2153 in
1786 2100 1902 2153 illos
1946 2099 2088 2152 ultus

515 2211 620 2249 non
651 2205 750 2248 est.
775 2193 938 2263 Cujus
975 2195 1047 2248 rei
1075 2205 1128 2248 et
1156 2195 1268 2262 ipse
1298 2193 1396 2247 sibi
1438 2193 1678 2246 conscius
1702 2201 1820 2260 post
1849 2192 2087 2259 ingentes

515 2286 633 2340 illas
677 2285 845 2338 minas
871 2285 1081 2339 aiebat:
1114 2284 1358 2339 Dominus
1386 2287 1493 2353 ipse
1529 2283 1662 2364 quod
1699 2284 1880 2336 bonum
1915 2293 1989 2336 est
2032 2283 2086 2336 in

515 2377 673 2430 oculis
696 2377 798 2429 suis
824 2376 972 2447 faciet
1000 2374 1379 2448 (l.Reg.5.l8).
1403 2376 1478 2428 Eo
1495 2375 1669 2443 itaque
1690 2375 1886 2428 omisso
1907 2373 1971 2427 ad
1985 2374 2086 2428 Sa-

513 2467 740 2520 tnuelem
791 2468 1079 2519 veniatnus.
1116 2467 1163 2520 Is
1184 2482 1212 2520 a
1239 2481 1400 2534 puero
1421 2467 1648 2519 nutritus
1670 2466 1720 2518 in
1753 2465 1949 2535 templo
1980 2466 2087 2518 Deo

510 2573 724 2624 semper
753 2571 906 2610 carus
959 2565 1012 2611 et
1044 2557 1374 2624 gratissimus
1404 2555 1502 2610 fuit
1529 2597 1542 2619 ,
1591 2564 1837 2625 tantaque
1881 2556 2086 2610 virtutis

513 2647 700 2702 indicia
731 2663 760 2700 a
788 2649 948 2716 prima
976 2648 1152 2702 statim
1199 2657 1356 2702 aetate
1398 2646 1625 2716 prwtulit
1653 2687 1667 2711 ,
1723 2658 1779 2700 ut
1803 2655 2086 2716 antequam

511 2739 580 2791 ad
610 2739 786 2791 viriles
827 2753 995 2792 annos
1027 2738 1276 2792 evaderet
1309 2737 1447 2791 ittter
1490 2737 1755 2791 mirabiles
1803 2739 2088 2806 prophetas

513 2829 923 2892 inscriberetur,
957 2829 1110 2898 idque
1151 2844 1270 2882 eum
1301 2845 1360 2882 ea
1393 2844 1478 2883 res
1521 2841 1644 2882 tunc
1669 2828 1922 2882 defecisse
1964 2843 2085 2880 om-

515 2921 641 2973 niuo
670 2919 954 2974 videretur.
982 2919 1101 2974 Non
1120 2921 1251 2974 enim
1269 2931 1394 2986 erat,
1421 2921 1608 2990 inquit,
1630 2921 1748 2972 υἱεἱο
1779 2919 2084 2983 discernens,

514 3021 714 3081 eratque
764 3011 962 3065 verbum
1011 3012 1279 3080 pretiosum
1319 3013 1394 3079 (1.
1425 3011 1549 3081 Reg.
1581 3013 1633 3064 ὃ.
1682 3012 1756 3080 1).
1815 3010 1909 3064 Hic
1959 3024 2088 3078 ergo

511 3101 744 3168 Samuel,
776 3103 862 3171 qui
892 3110 1009 3172 post
1038 3105 1225 3156 multas
1255 3102 1512 3169 lacrymas
1557 3112 1710 3154 natus
1742 3101 1939 3167 fuerat,
1976 3101 2085 3168 pri-

513 3209 656 3248 mum
686 3193 897 3263 quidem
939 3209 1057 3248 cum
1091 3194 1385 3248 intueretur
1415 3194 1721 3263 magistrum
1753 3194 1806 3246 in
1859 3205 2083 3248 mortem

511 3284 653 3337 illam
705 3285 1056 3338 miserabilem
1111 3284 1426 3350 devectum,
1483 3285 1550 3338 ita
1613 3283 1865 3337 confusus
1926 3295 2086 3353 atque

514 3378 753 3432 turbatus
780 3387 899 3442 est,
951 3388 1010 3432 ut
1057 3377 1278 3432 decebat
1315 3387 1520 3448 gratum
1566 3378 1898 3446 amicumque
1927 3377 2088 3432 disci-

511 3470 712 3538 pulum.
743 3469 930 3523 Postea
980 3468 1222 3523 Judaicas
1249 3470 1574 3524 calamitates
1603 3467 1731 3524 ﬂere
1779 3469 2082 3538 cogebatur.

513 3559 680 3613 Porro
709 3560 801 3613 lilii
844 3560 1041 3629 ipsius,
1072 3574 1192 3614 cum
1242 3559 1406 3630 iniqui
1435 3570 1488 3614 et
1513 3560 1636 3614 mali
1677 3570 1856 3614 essent
1879 3602 1892 3623 ,
1927 3569 2086 3628 atque

509 3654 575 3707 ad
637 3654 844 3708 culmen
910 3653 1198 3721 iniquitatis
1253 3655 1649 3723 pervenissent,
1713 3662 1766 3707 et
1815 3653 1916 3707 hoc
1971 3652 2086 3721 ipso

511 3761 742 3801 mmrore
775 3747 921 3800 illum
965 3747 1266 3802 afliciebant
1289 3789 1302 3810 ,
1351 3760 1404 3802 et
1428 3747 1568 3817 quod
1597 3749 1695 3800 sibi
1735 3747 1952 3816 praestiti
1985 3747 2084 3800 ho-

513 3839 659 3892 noris
709 3838 928 3893 heredes
957 3853 1196 3893 essenon
1224 3851 1456 3908 possent.
1488 3839 1756 3893 Successit
1801 3839 1919 3892 huic
1948 3853 2083 3892 moe-

515 3931 620 3982 rori
647 3970 663 3993 ,
694 3930 798 3982 imo
825 3945 951 3984 vero
997 3944 1102 3983 non
1151 3931 1450 3996 successit,
1493 3947 1612 3984 cum
1661 3931 1802 3999 prior
1851 3929 2082 3983 nondum

511 4021 833 4090 quievisset,
887 4021 980 4076 sed
1048 4021 1287 4091 adjectus
1356 4030 1438 4075 est
1489 4023 1621 4074 alius
1655 4062 1668 4085 ,
1730 4020 2083 4077 Israclitarum

517 4111 718 4165 scilicet
753 4110 1094 4180 iniustissima
1144 4113 1349 4182 petitio.
1377 4112 1487 4180 Qua
1536 4112 1586 4165 iu
1631 4111 1778 4165 reita
1809 4112 2081 4177 concidit,

514 4211 574 4257 ut
615 4204 810 4273 ingenti
858 4204 1217 4258 consolatione
1261 4203 1535 4275 indigeret.
1569 4203 1704 4257 Audi
1744 4203 1922 4271 itaque
1957 4202 2083 4270 quid

515 4295 588 4348 illi
609 4295 806 4349 dixerit
833 4295 1002 4349 Deus:
1039 4293 1159 4348 Non
1188 4304 1235 4348 te
1277 4303 1582 4364 spreverunt,
1614 4295 1702 4348 sed
1727 4311 1804 4346 me
1847 4293 2009 4364 (Ibid.
2028 4295 2081 4348 3.

515 4386 572 4440 7.
597 4396 643 4439 et
683 4386 868 4457 seqq.).
913 4385 1039 4440 Post
1059 4386 1173 4440 hmc
1199 4394 1376 4441 tamen
1406 4387 1502 4440 iste
1527 4387 1660 4441 adeo
1684 4387 1944 4440 sollicitus
1969 4395 2086 4440 erat

515 4476 640 4541 illis,
669 4485 726 4531 ut
760 4477 962 4532 diceret
991 4495 1007 4532 :
1035 4474 1167 4531 lli/ti
1193 4485 1359 4530 autent
1399 4479 1524 4532 absit
1551 4487 1607 4530 ut
1635 4494 1850 4547 peccem,
1891 4488 1935 4530 et
1961 4478 2085 4530 dust?

513 4579 650 4622 stam
673 4584 766 4636 pro
787 4568 924 4620 vobis
943 4583 1095 4620 orare
1122 4567 1235 4636 (Ib.
1260 4567 1474 4638 1:1.23).
1502 4570 1641 4625 Istos
1661 4571 1827 4642 igitur
1853 4573 1926 4627 ita
1949 4574 2087 4630 dile-

513 4672 634 4714 ctos
669 4675 696 4711 a
739 4674 796 4712 se
822 4674 946 4712 cum
975 4657 1206 4726 opprimi
1239 4661 1603 4728 conspiceret,
1635 4669 1798 4730 atque
1835 4662 1888 4715 in
1930 4663 2087 4720 bellis

514 4751 782 4820 superari,
810 4748 1084 4817 Deumque
1104 4757 1293 4801 contra
1311 4763 1369 4802 se
1389 4765 1685 4817 provocare
1704 4765 1865 4820 quam
1883 4753 2088 4808 sentire

515 4841 848 4910 voluptatem
882 4846 1094 4907 poterat
1115 4838 1137 4890 ?
1155 4837 1414 4907 quidnam
1440 4840 1698 4909 temporis
1721 4841 1927 4912 abSque
1953 4858 2088 4897 mce-

516 4947 641 4987 rore
663 4941 716 4986 et
733 4930 988 5001 laerymis
1007 4929 1224 4984 vivere?
1245 4931 1379 4983 Cum
1402 4947 1531 4986 vero
1557 4931 1686 4987 Saul
1711 4935 2089 4988 constituisset

514 5039 720 5096 regem,
747 5023 940 5078 alterni
970 5023 1070 5093 ipsi
1100 5024 1454 5093 perpetuique
1481 5025 1716 5093 gemitus
1743 5026 2082 5095 adiicieban-

419 5104 434 5123 ⁸
515 5122 626 5167 tur.
650 5112 894 5181 Namque
911 5126 1035 5165 cum
1055 5110 1381 5166 sacrificium
1410 5113 1497 5165 ille
1517 5123 1712 5180 praeter
1730 5113 1820 5166 Dei
1846 5116 2090 5168 volunta-

517 5209 625 5257 tem
653 5202 868 5266 obtulit,
892 5209 1088 5256 etcum
1111 5202 1382 5271 superatis
1405 5202 1717 5258 Amalecitis
1747 5205 1960 5259 illorum
1994 5222 2086 5276 pe‘

520 5295 693 5364 percit
723 5295 865 5364 regi,
901 5293 1065 5362 idque
1090 5303 1281 5348 contra
1304 5297 1604 5363 jussiouem
1633 5295 1762 5359 Dei,
1794 5298 1865 5349 ita
1906 5299 2090 5352 animo

517 5383 792 5453 perculsus
815 5390 917 5449 est,
949 5391 1007 5437 ut
1046 5398 1118 5437 ex
1166 5397 1230 5438 eo
1266 5382 1375 5452 jam
1411 5400 1513 5437 non
1543 5385 1730 5439 viderit
1755 5385 1924 5438 virum
1949 5428 1964 5449 ,
1995 5386 2088 5440 sed

517 5491 688 5548 usque
725 5477 792 5532 ad
818 5477 1061 5532 ultimum
1091 5477 1231 5531 diem
1271 5477 1340 5530 de
1381 5493 1444 5531 eo
1475 5477 1663 5532 luxerit
1687 5488 1739 5531 et
1769 5479 2087 5550 lacrytuatus

517 5571 608 5635 sit,
639 5570 852 5638 quando
902 5569 1061 5624 etiam
1108 5568 1176 5623 ob
1222 5568 1424 5624 doloris
1464 5571 1848 5624 vehementiam
1890 5587 1924 5625 a
1978 5571 2087 5626 Deo

518 5663 819 5733 increpatus
864 5672 965 5718 est.
1018 5663 1286 5730 Quousque
1333 5663 1472 5718 enim
1502 5704 1517 5729 ,
1576 5664 1780 5733 inquit,
1837 5673 1893 5718 tu
1953 5664 2088 5734 luges

519 5755 652 5809 Sari!
674 5797 687 5817 ,
715 5769 761 5809 et
797 5771 885 5825 ego
924 5755 1087 5824 τεραιὶ
1118 5755 1261 5808 illum
1298 5753 1483 5822 (Ibid.
1527 5755 1613 5808 16.
1659 5756 1755 5822 l)?
1807 5754 1861 5810 Si
1913 5770 2088 5811 autem

519 5849 602 5903 his
627 5849 696 5904 ita
718 5848 1139 5919 ccutiagentibus
1175 5847 1404 5918 lugebat,
1434 5863 1539 5919 quo
1561 5847 1740 5903 animo
1765 5859 1884 5903 tunc
1928 5849 2088 5906 fuisse

1221 443 1281 499 S.
1319 439 1594 500 JOANNIS
1631 437 2102 497 CHRYSOSTOMI
2139 437 2458 496 ARCHIEP.
2499 439 3030 497 CONSTANTINOP.

3667 445 3774 500 480

2204 551 2584 609 existimandus
2641 563 2757 620 est,
2805 569 2925 609 cum
2982 563 3062 610 tot
3103 555 3407 610 sacerdotes
3449 556 3564 611 sine
3612 573 3772 611 causa

2199 643 2506 699 interfecit?
2547 645 2757 714 quando
2821 661 2977 711 eum,
3022 649 3110 716 qui
3162 662 3222 702 se
3265 646 3441 702 multis
3505 646 3774 702 beneficiis

2199 735 2460 806 nullisque
2514 735 2718 802 injuriis
2755 736 3036 801 affecerat.
3078 736 3312 793 secundo
3367 750 3420 792 ut
3454 737 3774 793 interficeret

2199 825 2471 895 profectus
2496 826 2613 881 est?
2645 827 2854 895 quando
2881 827 3078 882 nudum
3106 829 3248 882 illum
3283 829 3681 898 prophetautcm
3712 845 3773 881 ac

2196 916 2530 972 decidentem
2573 917 2744 972 vidit?
2788 934 2907 971 cum
2953 918 3153 972 audivit
3206 919 3366 973 David
3424 920 3475 973 in
3524 918 3774 973 familiari

2194 1024 2481 1079 congressu
2509 1011 2673 1064 multa
2697 1022 2884 1065 contra
2913 1012 3058 1065 illum
3088 1012 3543 1080 conquerentem?

2267 1100 2320 1153 7.
2346 1098 2515 1152 David
2555 1102 2706 1154 etiam
2726 1103 2966 1156 (erumnis
2991 1113 3214 1156 vexatus.
3238 1132 3308 1142 —
3331 1103 3610 1172 Postquam
3641 1118 3770 1156 vero

2194 1189 2263 1245 de
2291 1191 2452 1245 David
2479 1192 2802 1247 mentionem
2841 1193 2968 1260 feci,
3003 1196 3182 1248 nescio
3212 1194 3338 1264 quid
3366 1209 3536 1264 agam,
3569 1195 3770 1247 lanien-

2195 1290 2318 1337 tane
2360 1283 2500 1336 illius
2530 1283 2686 1354 longa
2731 1293 2784 1339 et
2830 1285 3039 1340 assidua
3059 1327 3073 1350 ,
3105 1301 3223 1357 quae
3251 1287 3304 1340 in
3333 1287 3549 1354 psalmis
3573 1286 3769 1355 scrip:

2194 1383 2356 1438 Sunt,
2388 1374 2439 1426 in
2488 1375 2717 1428 medium
2749 1375 3005 1430 adducam
3027 1417 3043 1440 ,
3075 1391 3141 1429 an
3170 1377 3267 1432 ista
3315 1378 3406 1432 tibi
3438 1379 3489 1432 in
3538 1379 3651 1432 otio
3687 1395 3774 1432 re-

2193 1464 2458 1517 ceuseuda
2488 1465 2794 1533 permittens
2839 1466 3002 1535 ipsius
3032 1467 3203 1535 potius
3240 1467 3566 1522 calamitates
3602 1467 3771 1536 expli.

2193 1566 2330 1606 cem.
2362 1552 2411 1608 ls
2450 1554 2606 1622 igitur
2637 1555 2859 1624 plurima
2889 1555 3099 1624 quidem
3134 1572 3257 1610 cum
3302 1571 3487 1626 greges
3530 1567 3768 1626 pasceret

2192 1642 2413 1696 adversa
2446 1660 2726 1713 perpessus
2751 1688 2765 1709 ,
2797 1646 3159 1716 adversusque
3210 1648 3349 1700 aeris
3393 1649 3757 1717 intemperiem

2193 1745 2246 1787 et
2296 1735 2590 1789 belluarum
2618 1735 2880 1791 feritatem
2926 1737 3212 1792 reluctatus
3239 1747 3340 1792 est.
3369 1739 3602 1804 Quorum
3632 1741 3758 1794 alte-

2193 1841 2310 1880 rum
2339 1843 2404 1880 ex
2448 1828 2513 1881 iis
2557 1844 2676 1898 qua:
2729 1829 2892 1883 Jaeob
2938 1829 3114 1895 dixit,
3165 1831 3384 1885 alterum
3427 1847 3496 1887 ex
3543 1833 3604 1885 iis
3647 1849 3766 1902 quae

2193 1917 2258 1970 ad
2301 1917 2428 1972 Saul
2467 1919 2534 1972 de
2577 1923 2733 1974 leone
2779 1929 2832 1974 et
2877 1935 2996 1974 ursa
3045 1922 3290 1991 loquutus
3332 1932 3448 1987 est,
3488 1939 3766 1991 possumus

2191 2009 2630 2064 animadvertere.
2677 2011 2862 2065 Postea
2908 2028 3032 2065 vero
3072 2028 3228 2080 quam
3276 2015 3468 2067 omissa
3532 2016 3634 2066 vita
3678 2015 3762 2068 ill:

2192 2099 2440 2168 pastorali
2474 2099 2596 2154 belli
2630 2102 2837 2169 negotia
2885 2101 3282 2170 intempestivus
3310 2103 3464 2156 miles
3502 2104 3718 2172 arripuit
3744 2149 3761 2166 ,

2191 2191 2378 2244 omitto
2397 2190 2614 2244 fratrum
2641 2191 2906 2256 invidiam,
2931 2194 3026 2247 etsi
3055 2193 3422 2248 molestissima
3445 2210 3504 2249 ea
3535 2211 3615 2248 res
3645 2196 3759 2256 fuit.

2192 2293 2312 2332 cum
2361 2279 2710 2335 clarissimam
2757 2282 2897 2334 illaut
2977 2282 3446 2354 admirabilemqoe
3490 2286 3760 2339 victoriam

2192 2370 2414 2438 adeptus
2459 2383 2641 2436 esset,
2683 2375 3134 2429 vehementiorem
3177 2377 3384 2446 dejeclo
3423 2377 3626 2432 Goliath
3678 2380 3762 2431 iu-

2194 2465 2342 2518 venit
2387 2464 2656 2520 inimicum
2706 2465 2829 2522 Sat'il
2860 2508 2875 2531 ,
2908 2484 3027 2522 cum
3066 2483 3094 2522 a
3130 2485 3189 2524 se
3229 2470 3496 2524 beneficiis
3544 2470 3762 2524 affectus

2192 2566 2352 2610 esset.
2385 2557 2564 2627 Neque
2597 2558 2736 2612 enim
2765 2559 2935 2628 palam
2962 2559 3214 2616 adversus
3249 2577 3368 2614 eum
3409 2563 3758 2630 prmiiabatur,

2192 2647 2284 2700 sed
2316 2649 2602 2702 amantium
2644 2649 2742 2702 sibi
2784 2666 3063 2718 personam
3117 2666 3390 2706 assumens
3419 2693 3434 2716 ,
3490 2654 3761 2721 ipsiusque

2194 2737 2381 2791 honori
2429 2749 2484 2792 et
2525 2739 2761 2808 dignitati
2796 2742 3095 2810 prospicere
3137 2757 3195 2795 se
3233 2743 3486 2796 simulans
3512 2787 3526 2808 ,
3557 2745 3622 2796 ita
3664 2746 3758 2797 ad-

2193 2842 2378 2882 versus
2406 2829 2548 2882 illum
2575 2830 2770 2884 inimici
2798 2847 2944 2885 more
2971 2832 3194 2886 affectus
3232 2842 3363 2886 erat.
3397 2834 3558 2888 Porro
3593 2851 3765 2902 quau-

2194 2927 2303 2973 tum
2336 2920 2531 2974 malum
2585 2922 2653 2975 sit
2681 2937 2776 2990 pro
2803 2923 2955 2977 bouis
3003 2924 3141 2978 mala
3184 2925 3418 2990 recipere
3442 2966 3456 2991 ,
3484 2926 3601 2978 audi
3631 2926 3759 2979 bt'n-

2193 3020 2301 3064 tum
2334 3012 2644 3081 prophetam
2690 3013 3028 3066 lamentatem
3067 3014 3262 3082 jugitcr
3285 3054 3300 3080 ,
3328 3024 3381 3066 ct
3418 3031 3556 3084 :rgre
3584 3015 3759 3068 fercu-

2191 3111 2298 3156 tem
2337 3118 2400 3157 ac
2438 3104 2697 3158 dicentem
2728 3122 2740 3157 :
2766 3104 2827 3159 Si
2854 3105 3127 3158 redduntur
3155 3106 3275 3158 mihi
3314 3108 3448 3159 mala
3489 3125 3578 3176 pro
3619 3107 3761 3159 bonis

2195 3192 2324 3265 (Jer.
2357 3194 2442 3248 18.
2468 3194 2581 3266 20).
2628 3194 2766 3250 Sane
2790 3196 2948 3250 etiam
2977 3197 3124 3249 nullo
3162 3196 3266 3251 alio
3310 3206 3570 3265 praesente
3620 3199 3760 3250 malo

2191 3286 2318 3339 illud
2345 3286 2517 3341 Solum
2550 3287 2976 3342 molestissimum
3007 3296 3120 3341 crat
3145 3330 3160 3354 ,
3193 3287 3329 3357 quod
3370 3288 3473 3341 dux
3496 3289 3758 3342 evercitus

2190 3388 2492 3446 suspectum
2522 3393 2578 3431 se
2598 3389 2836 3432 cerneret
2858 3379 2989 3447 regi,
3009 3379 3096 3446 qui
3127 3393 3185 3433 se
3208 3380 3368 3432 torvis
3391 3380 3559 3433 oculis
3585 3382 3726 3433 iutue
3744 3412 3758 3420 -

2190 3477 2356 3522 retur.
2384 3467 2580 3536 Ecquid
2599 3467 2718 3521 dico
2739 3467 2841 3520 dux
2860 3469 3122 3522 exercitus
3137 3469 3281 3538 regi?
3307 3469 3434 3522 Nam
3459 3471 3500 3522 si
3529 3470 3752 3538 idipsum

2191 3572 2288 3610 nos
2309 3572 2335 3608 a
2355 3559 2521 3611 servis
2540 3557 2818 3626 patiamur,
2842 3558 3053 3627 indigne
3081 3557 3314 3621 ferimus;
3346 3574 3465 3611 cum
3486 3568 3659 3613 autem
3690 3575 3752 3611 ex

2190 3649 2313 3702 odio
2360 3649 2563 3702 insidiis
2589 3649 2746 3702 vitam
2777 3649 3062 3717 impetunt,
3096 3665 3213 3719 quae
3243 3651 3345 3704 vita
3389 3651 3474 3703 illa
3518 3650 3758 3704 acerbior

2191 3739 2371 3793 fuerit?
2385 3740 2608 3795 Ferebat
2623 3752 2794 3795 tamen
2817 3741 3086 3794 illeomiia
3107 3749 3161 3794 et
3179 3739 3457 3804 tolerabat,
3472 3740 3757 3809 aderatque

2190 3833 2264 3886 illi
2293 3833 2381 3902 qui
2409 3847 2466 3887 se
2484 3835 2743 3902 perimere
2765 3833 3131 3896 meditabatur,
3168 3842 3324 3901 atque
3342 3833 3479 3886 illius
3501 3831 3630 3886 bella
3659 3848 3754 3901 ge-

2189 3926 2358 3980 rebat.
2385 3927 2570 3980 Pestea
2616 3941 2745 3980 vero
2779 3941 2934 3994 quam
2964 3927 3198 3986 recessit,
3225 3935 3382 3994 atque
3410 3941 3438 3977 a
3465 3925 3586 3978 belli
3613 3925 3756 3977 curis

2189 4017 2418 4086 seipsum
2440 4017 2790 4082 removit,hoc
2807 4019 2921 4085 ipso
2943 4017 3150 4085 quidem
3168 4017 3306 4085 quod
3321 4031 3380 4071 se
3398 4017 3578 4087 proeul
3593 4032 3756 4069 remn-

2191 4115 2337 4160 vcrat
2359 4117 2673 4177 apertasque
2694 4108 2991 4161 inimicitias
3003 4108 3367 4172 constituerat,
3388 4107 3618 4160 nonnihil
3641 4107 3755 4176 pilis

2189 4197 2391 4250 fiduciae
2414 4197 2844 4252 habebatzverum
2861 4213 2979 4252 cum
2997 4198 3246 4251 adversus
3261 4205 3430 4252 tantas
3452 4199 3754 4265 copiascum

2189 4289 2574 4358 quadringintis
2594 4291 2719 4342 viris
2739 4289 2990 4344 dimicare
3010 4298 3306 4358 COgeretur,
3332 4298 3471 4341 metu
3498 4289 3706 4357 amplior
3720 4305 3753 4339 e

2189 4398 2347 4451 quam
2397 4383 2539 4452 prius
2566 4383 2860 4437 tenebatur.
2889 4383 3019 4436 Nam
3046 4383 3128 4436 cui
3159 4397 3327 4450 neque
3356 4381 3512 4435 urbes
3539 4423 3553 4445 ,
3588 4396 3759 4448 neque

2189 4475 2594 4539 munimentum,
2624 4490 2794 4544 neque
2814 4475 2960 4538 socii,
2989 4489 3158 4543 neque
3176 4473 3372 4527 reditus
3390 4482 3560 4536 erant,
3585 4472 3760 4524 cousi-

2189 4566 2314 4621 dera
2330 4581 2434 4635 quo
2453 4567 2631 4621 animo
2646 4577 2776 4628 erat,
2796 4581 2914 4620 cum
2931 4567 3182 4620 adversus
3210 4564 3398 4619 fretum
3415 4563 3496 4617 bis
3516 4565 3762 4617 omnibus

2191 4673 2424 4727 pugnare
2448 4667 2747 4726 cogeretur,
2781 4673 2898 4723 nec,
2930 4667 3122 4725 prazter
3148 4655 3354 4709 deserta
3377 4663 3429 4708 et
3450 4654 3720 4723 speluncas
3739 4694 3757 4714 ,

2190 4763 2294 4819 quo
2323 4751 2670 4819 confugeret,
2717 4750 2950 4817 reperire
3005 4757 3202 4818 posset.
3233 4745 3363 4800 Nam
3409 4760 3529 4800 eum
3571 4744 3759 4798 urbem

2189 4841 2331 4896 Ceila
2359 4842 2570 4895 nomine
2613 4850 2924 4909 occupasset
2953 4841 3026 4914 (l.
3071 4843 3199 4910 Reg.
3229 4834 3458 4906 2.1).ex
3481 4853 3541 4892 ea
3595 4837 3763 4905 proti-

2193 4952 2290 4989 nus
2329 4935 2549 4999 resiliit,
2593 4933 2881 4988 sacerdotis
2929 4933 3197 5000 responsis
3253 4929 3553 4983 admonitus
3617 4927 3763 4996 quod

2191 5028 2236 5082 si
2267 5028 2373 5082 illic
2418 5042 2633 5081 manere
2685 5032 2958 5094 pergeret,
2983 5024 3120 5078 Deus
3151 5023 3295 5075 illum
3317 5037 3347 5074 e
3393 5019 3561 5074 Saulis
3589 5023 3760 5070 mani-

2193 5121 2293 5174 bus
2323 5134 2426 5172 non
2475 5129 2753 5186 erepturus
2781 5127 2940 5170 esset.
2972 5117 3040 5168 At
3076 5130 3204 5167 vero
3243 5111 3490 5167 sacerdos
3529 5110 3617 5164 ille
3647 5110 3765 5176 ipse

2191 5223 2344 5273 erat,
2404 5209 2492 5278 qui
2532 5209 2706 5263 Saulis
2758 5223 2945 5262 manus
2989 5206 3278 5275 effugerat,
3314 5213 3368 5257 et
3418 5205 3506 5272 qui
3556 5201 3764 5255 cladem

2193 5301 2632 5358 loctuosissimam
2660 5316 2776 5368 quae
2806 5300 2857 5352 in
2885 5297 3082 5351 Nomba
3112 5297 3402 5364 contigerat
3434 5292 3765 5346 annuntiavit

2194 5401 2347 5465 regi,
2376 5393 2588 5463 quando
2635 5393 2684 5444 in
2717 5390 3101 5452 amarissimam
3143 5401 3352 5456 quoque
3399 5385 3536 5438 illam
3585 5383 3766 5448 erupit

2195 5504 2408 5543 vocem:
2443 5485 2552 5553 Ego
2582 5485 2712 5537 enim
2749 5499 2858 5536 sum
2881 5498 2997 5535 reus
3023 5490 3313 5534 cunctarum
3354 5479 3633 5530 animarum
3660 5475 3766 5524 do—

2195 5596 2304 5632 mus
2344 5581 2503 5647 patris
2534 5577 2604 5628 lui
2653 5575 2729 5646 (1.
2768 5573 2893 5643 Reg.
2929 5573 3020 5626 22.
3047 5570 3160 5640 9.2).
3208 5569 3386 5638 Itaque
3414 5582 3532 5621 cum
3563 5565 3652 5619 illo
3677 5564 3764 5632 ju-

2194 5674 2329 5740 giter
2372 5682 2684 5734 congressus
2719 5664 2844 5719 nihil
2875 5662 3016 5718 aliud
3051 5670 3166 5715 erat
3215 5675 3370 5728 qttam
3424 5657 3592 5711 luctus
3621 5656 3768 5708 illius

2197 5762 2598 5815 monimentum.
2638 5756 2771 5812 Cum
2824 5757 2965 5810 enim
3011 5755 3059 5806 in
3091 5753 3234 5806 illum
3265 5750 3585 5807 intuebatur.
3616 5763 3770 5801 necis

2197 5853 2529 5908 sacerdotum
2577 5865 2785 5920 semper
2827 5849 3156 5902 meminerat.
3187 5845 3354 5901 Porro
3393 5837 3753 5914 ipsiuscazdts
