4036 6416
278 346 388 404 479

282 475 404 530 μοις
440 456 534 511 καὶ
577 457 775 528 μάχαις
819 460 1340 532 συναναστρέφεσθαι
1379 461 1702 530 διαπαντός;
1755 466 1846 518 καὶ

280 548 439 601 ποίαν
461 546 526 600 ἂν
554 548 764 617 ἀφῆκεν
796 548 852 598 ἐν
889 549 1219 602 καταστάσει
1259 550 1438 620 ψυχὴν
1465 552 1752 620 γενέσθαι;
1785 552 1847 605 El

279 636 387 706 γὰρ
419 638 512 689 καὶ
540 635 705 688 νικῶν
741 633 987 701 διετέλει,
1015 637 1130 690 ἀλλ’
1160 637 1310 706 ὅμως
1333 637 1432 708 τὴν
1460 639 1567 692 ἀπὸ
1590 639 1697 692 τῶν
1720 656 1850 711 τρο-

280 725 457 777 παίων
483 724 671 794 ἡδονὴν
713 724 748 796 ἡ
797 723 908 778 τῶν
963 723 1426 796 περιλειπομένων
1464 728 1687 798 φροντὶς
1730 744 1855 780 συν-ι

279 811 541 880 ἐτάραττε
566 851 581 872 .
610 812 706 865 καὶ
745 813 780 884 ἡ
809 814 919 867 τῶν
959 811 1175 883 κλήρων
1203 811 1259 865 δὲ
1281 812 1508 885 διανομὴ
1545 815 1711 869 πολὺν
1753 814 1854 885 μέν

283 899 460 962 πόνον,
491 899 690 963 πολλάς
717 901 774 953 δὲ
800 902 1058 972 παρεῖχεν
1084 899 1234 970 αύτῷ
1273 900 1374 964 τάς
1401 900 1708 965 δυσκολίας.
1743 902 1856 955 Καὶ

282 987 460 1041 ῐσασιν
490 989 602 1041 ὅσοι
645 989 738 1042 καὶ
761 989 860 1058 τὴν
891 986 1160 1057 τυχοῦσαν
1180 989 1368 1042 οὐσίαν
1412 988 1686 1059 διανεῖμαι
1731 990 1857 1044 ἐτά-

279 1074 485 1147 χθησαν
523 1071 770 1144 ἀδελφοῖς
815 1075 848 1144 ἢ
879 1076 991 1136 τοῖς
1035 1073 1298 1144 ἑτέρωθεν
1316 1075 1623 1144 γινομένοις
1661 1075 1858 1148 κληροο

281 1161 465 1232 νόμοις
487 1161 651 1225 τινός.
685 1161 794 1224 Τάς
825 1160 932 1230 γὰρ
972 1160 1098 1231 ἑξῆς
1124 1161 1217 1214 106
1246 1161 1376 1216 λαοῦ
1410 1161 1694 1234 συμφοράς
1735 1162 1857 1216 οὐδὲ

280 1243 434 1318 οἶμαι
461 1249 572 1302 δεῖν
608 1248 818 1317 λέγειν·
863 1249 923 1300 ού
963 1247 1072 1318 γάρ
1093 1250 1144 1302 ετ
1171 1266 1253 1312 τις
1300 1249 1558 1320 ὀδυνηρὸν
1621 1248 1736 1318 βίον
1777 1249 1856 1305 δι-

283 1338 457 1406 ήγαγε
477 1375 492 1399 ,
524 1335 806 1406 πρόκειται
837 1335 932 1388 νῦν
960 1338 1152 1403 εἰπεῖν,
1181 1336 1294 1390 ἀλλ’
1325 1337 1378 1390 εῐ
1406 1335 1489 1400 τις
1525 1335 1634 1390 τῶν
1655 1337 1856 1409 σφόδρα

281 1423 732 1495 ιύηρεστηκότων
763 1421 838 1492 τῷ
870 1421 1008 1493 Θεῷ.

374 1560 450 1610 ς’.
476 1553 695 1626 Διόπερ,
718 1557 765 1608 εί
784 1555 946 1622 δοκεῖ,
975 1554 1068 1609 τὸν
1101 1553 1218 1608 Ἠλὶ
1241 1555 1620 1626 παρέλθωμεν·
1639 1555 1856 1625 καὶγὰρ

281 1638 438 1710 οὗτος
465 1645 572 1697 τῶν
597 1645 1114 1714 προσκεκρουκότων
1135 1643 1250 1695 ἐστὶ
1276 1643 1364 1695 διά
1389 1643 1486 1713 τὴν
1513 1643 1621 1695 τῶν
1651 1643 1858 1696 παίδων

285 1732 500 1791 κακίαν,
545 1732 743 1802 μᾶλλον
779 1730 834 1784 δὲ
873 1730 960 1784 διά
989 1730 1086 1801 τὴν
1119 1729 1284 1783 αὑτοῦ
1319 1728 1609 1800 ῥαθυμίαν.
1647 1730 1721 1782 Οὐ
1752 1732 1858 1800 γάρ

282 1821 364 1873 ὅτι
389 1821 654 1890 πονηροὺς
673 1815 784 1889 εἶχε
806 1822 998 1882 παῖδας
1022 1818 1327 1882 ἐκολάζετο,
1351 1817 1463 1870 ἀλλ’
1485 1818 1564 1870 ὅτι
1595 1819 1734 1888 πέρα
1765 1817 1859 1869 106

281 1909 488 1972 δέοντος
523 1906 780 1977 φειδωλὸς
827 1902 915 1976 ἦν,
971 1907 1204 1968 καὶτοῖς
1235 1905 1328 1958 106
1356 1904 1490 1959 Θεοῦ
1529 1906 1713 1974 νόμοις
1776 1905 1863 1958 ἐν-

284 1996 660 2068 υϐριζομένοις
675 1997 773 2048 ούκ
789 1997 1010 2067 ἤμυνεν·
1032 1994 1176 2066 άπερ
1198 1995 1292 2048 καὶ
1310 1995 1470 2057 αὐτὸς
1483 1993 1706 2046 συνιδὼν
1727 1991 1864 2064 μετά

283 2085 382 2154 τὴν
429 2083 664 2154 σφοδρὰν
701 2084 928 2153 ἀπειλὴν
965 2082 1139 2150 ἐλεγεο
1171 2083 1386 2150 Κύριος
1421 2081 1604 2147 αὐτὸς
1639 2080 1704 2134 τὸ
1732 2081 1864 2149 ἀρε-

283 2171 435 2227 στὸν
456 2171 709 2224 ἐνώπιον
733 2171 918 2224 αὑτοῦ
947 2168 1205 2237 ποιήσει.
1232 2169 1324 2222 Διὸ
1347 2170 1412 2239 δὴ
1442 2169 1632 2221 τοῦτον
1661 2167 1865 2238 παρελ-

285 2259 467 2323 θόντες
495 2259 736 2330 ἔλθωμεν
761 2258 852 2311 ἐπὶ
875 2258 964 2310 τὸν
1000 2256 1251 2328 Σαμουὴλ
1270 2298 1286 2322 ,
1317 2256 1376 2321 ὃς
1409 2257 1617 2329 ἐτράφη
1661 2257 1760 2328 μὲν
1800 2258 1865 2309 ἐκ

285 2350 472 2414 παιδὸς
513 2353 569 2404 ἐν
595 2350 672 2420 τῷ
715 2349 849 2420 ναῷ,
882 2347 1169 2419 ηὐδοκίμει
1200 2347 1258 2400 δέ
1297 2347 1584 2410 διαπαντὸς
1633 2345 1864 2398 ἐνώπιον

284 2437 379 2492 106
410 2438 546 2490 Θεοῦ
565 2455 581 2470 ’
615 2437 881 2508 τοσαύτην
901 2437 957 2490 δὲ
983 2439 1045 2490 ἐκ
1067 2435 1291 2508 πρώτης
1312 2435 1530 2506 ἡλικίας
1554 2433 1867 2497 ἐπεδείξατο

285 2529 382 2598 τὴν
419 2527 639 2598 ἀρετὴν,
669 2526 745 2590 ὡς
777 2528 906 2596 πρὶν
938 2527 1018 2589 είς
1056 2525 1257 2597 ἀνδρας
1286 2523 1460 2577 ἐλθεῖν
1495 2525 1606 2586 τοῖς
1651 2522 1866 2592 θαυμα-

289 2620 432 2680 στοῖς
473 2615 797 2687 ἐγκριθῆναι
835 2615 1179 2686 προφήταις,
1231 2614 1325 2666 καὶ
1370 2611 1545 2665 ταῦτα
1583 2610 1677 2664 106
1721 2609 1867 2681 πρά-

287 2721 497 2774 γματος
524 2703 924 2766 ἐπιλελοιπότος
960 2704 1104 2756 τότε.
1135 2705 1218 2756 Οὐ
1242 2704 1352 2771 τὰρ
1378 2697 1478 2771 ἦν,
1510 2700 1695 2769 φησὶν,
1732 2698 1871 2765 ὅραο

289 2809 389 2860 σις
433 2791 910 2853 διαστέλλουσα,
961 2791 1061 2845 καὶ
1096 2789 1263 2858 ῥῆμα
1310 2790 1503 2858 τίμιον
1549 2784 1646 2858 ἦν.
1704 2781 1871 2848 Οὗτος

290 2881 354 2951 δὴ
380 2875 473 2933 οὖν
501 2881 529 2932 6
558 2879 808 2950 Σαμουὴλ
829 2921 840 2941 ,
873 2880 901 2931 6
933 2879 1070 2948 μετὰ
1106 2877 1312 2930 πολλῶν
1337 2875 1589 2948 δακρύων
1623 2873 1868 2943 τεχθεὶς,

294 2969 506 3041 πρῶτον
539 2968 636 3040 μὲν
667 2967 808 3039 όρῶν
852 2965 1046 3020 ἐαυτοῦ
1085 2966 1176 3019 16v
1206 2965 1524 3019 διδάσκαλον
1563 2963 1756 3032 ἐκείνῳ
1793 2958 1872 3030 τῷ

293 3054 513 3126 ἐλεεινῷ
568 3053 936 3124 ἀπενεχθέντα
981 3053 1228 3124 θανάτῳ,
1279 3051 1422 3105 οὕτω
1466 3050 1731 3120 συνεχύθη
1777 3048 1873 3101 καὶ

294 3143 589 3216 ἐταράχθη,
611 3143 686 3205 ὼς
705 3143 848 3206 είκὸς
867 3141 1184 3212 εὐγνώμονα
1206 3139 1453 3211 μαθητὴν
1476 3140 1568 3191 καὶ
1595 3137 1873 3207 φιλόστορο

294 3248 413 3300 γον.
455 3230 609 3285 Μετὰ
633 3230 690 3283 δὲ
733 3229 890 3282 10610
921 3231 1014 3282 καὶ
1041 3229 1139 3292 τάς
1192 3226 1486 3289 Ἰουδαῖκάς
1529 3224 1874 3294 ἠναγκάζετο

297 3319 535 3390 συνεχῶς
559 3318 778 3390 θρηνεῖν
806 3317 1110 3389 συμφοράς.
1137 3317 1200 3369 OE
1225 3316 1282 3369 δὲ
1311 3315 1498 3378 παῖδες
1526 3312 1677 3386 [212]
1703 3311 1870 3365 αὑτοῦ

296 3408 470 3463 ἄδικοι
501 3407 650 3471 ὄντες
679 3408 774 3460 καὶ
803 3407 1086 3478 μοχθηροὶ,
1120 3405 1215 3457 καὶ
1247 3407 1326 3467 είς
1359 3403 1584 3474 ἔσχατον
1613 3401 1877 3473 πονηρίας

299 3497 646 3561 ἐλαύνοντες,
683 3496 859 3567 τούτῳ
884 3513 944 3548 τε
978 3495 1208 3548 ἐλύπουν
1238 3493 1399 3547 αὐτὸν
1431 3494 1525 3546 καὶ
1556 3491 1633 3562 τῷ
1669 3491 1745 3562 μὴ
1782 3490 1876 3544 δύ-

299 3586 494 3642 νασθαι
519 3585 924 3655 κληρονομῆσαι
966 3584 1063 3653 τῆς
1089 3583 1280 3650 ἐκείνῳ
1323 3579 1757 3652 παρασχεθείσης
1793 3596 1877 3630 τι-

304 3676 434 3745 μῆς.
458 3673 673 3744 Ταύτην
701 3672 1000 3741 διαδέχεται
1029 3671 1126 3741 τὴν
1151 3669 1411 3739 ἀθυμίαν,
1447 3667 1647 3737 μᾶλλον
1669 3665 1724 3718 δέ
1754 3665 1879 3718 ούδέ

299 3762 622 3832 διαδέχεται,
653 3760 710 3812 ού
730 3759 837 3830 γάρ
861 3760 1154 3823 ἐπαύσατο,
1178 3757 1314 3811 ἀλλά
1343 3754 1691 3827 προστίθεται
1707 3752 1880 3826 ταύτῃ

301 3853 337 3922 ή
365 3851 464 3921 τῆς
501 3849 607 3902 τῶν
664 3847 1013 3918 Ἰσραηλιτῶν
1049 3848 1319 3916 αἰτήσεως
1357 3844 1704 3915 παρανομία,
1750 3841 1881 3894 ἔνθα

303 3938 444 3992 οὕτω
473 3936 790 4000 κατέπεσεν,
818 3935 892 3998 ὼς
919 3935 1014 3987 καὶ
1041 3934 1437 4004 παρακλήσεως
1467 3931 1722 4001 δεηθῆναι
1753 3929 1882 3983 πολ-

304 4026 423 4096 λῆς.
449 4027 712 4078 ’Ἄκουσον
738 4019 828 4077 οὖν
850 4023 902 4074 τί
928 4039 1092 4091 φησιν
1116 4021 1264 4091 αὐτῷ
1289 4023 1316 4073 6
1337 4020 1488 4082 Θεόςο
1518 4021 1598 4072 Οὐ
1622 4018 1697 4072 σὲ
1716 4019 1882 4081 ἐξου-

305 4113 653 4183 θενήκασιν,
679 4111 815 4166 ἀλλ’
851 4109 888 4177 ἢ
916 4109 1040 4179 ἐμέ.
1079 4108 1214 4162 Ἀλλ’
1241 4110 1389 4179 ὅμως
1419 4107 1512 4160 καὶ
1545 4109 1682 4177 μετά
1708 4106 1881 4159 ταῦτα

304 4201 478 4265 οὕτως
515 4198 693 4254 αὐτῶν
722 4197 942 4269 ἐκήδετο
971 4197 1046 4259 ὼς
1073 4199 1244 4249 εἰπεῖν
1279 4195 1413 4267 πρὸς
1443 4194 1638 4257 αὐτούς
1657 4210 1670 4224 °
1717 4194 1881 4263 Ἐμοί

305 4291 376 4345 δὲ
401 4291 486 4360 μὴ
518 4289 746 4360 γένοιτο
786 4285 1069 4356 ἁμαρτεῖν
1108 4285 1212 4338 τοῦ
1245 4283 1543 4338 διαλιπεῖν
1579 4281 1884 4352 εὐχομένω

306 4380 460 4448 ὑπὲρ
498 4375 680 4447 ὑμῶν.
727 4375 959 4437 Τούτους
992 4373 1055 4444 δὴ
1089 4368 1180 4425 οὖν
1210 4371 1350 4442 ὁρῶν
1378 4371 1503 4435 τοὺς
1541 4370 1712 4433 οὕτως
1746 4372 1886 4438 ἀγα-

309 4468 598 4540 πωμένους
621 4466 710 4517 ὑπ’
737 4463 900 4516 αὑτοῦ
930 4463 1113 4525 κακῶς
1144 4463 1478 4530 πράττοντας
1497 4500 1511 4525 ,
1543 4461 1638 4513 καὶ
1669 4459 1887 4514 πταίον-

309 4573 408 4620 τας
437 4556 493 4608 ἐν
521 4553 804 4622 πολέμοις,
833 4551 928 4604 καὶ
973 4549 1406 4620 παροργίζοντας
1436 4549 1526 4601 τὸν
1558 4547 1710 4614 Θεὸν,
1744 4547 1888 4611 τίνος

312 4644 380 4697 ἂν
424 4642 619 4714 ᾔσθετο
647 4641 864 4711 ἡδονῆς
899 4641 1048 4690 ποῖον
1080 4637 1137 4690 δέ
1192 4636 1258 4689 ἂν
1296 4636 1486 4704 καιρὸν
1511 4635 1746 4706 ἀθυμίας
1794 4637 1888 4689 καὶ

311 4731 562 4802 δακρύων
598 4713 839 4800 διήγαγε
857 4726 1058 4798 χωρίς
1113 4724 1331 4796 Ἐπειδὴ
1369 4724 1427 4776 δὲ
1461 4727 1554 4777 καὶ
1587 4725 1887 4793 κατέστησε

317 4819 539 4891 βασιλέα
589 4817 680 4870 16v
728 4816 933 4877 Σαοὺλ,
984 4813 1273 4884 ἐπάλληλοι
1310 4813 1470 4867 πάλιν
1523 4813 1670 4882 αύτῴ
1705 4813 1888 4866 ὀδύναι

316 4910 410 4961 καὶ
438 4909 678 4977 συνεχεῖς
722 4902 1117 4976 προσετίθεντο.
1172 4903 1277 4954 Καὶ
1308 4901 1416 4969 γάρ
1453 4903 1541 4955 ὅτε
1571 4901 1668 4972 τὴν
1699 4901 1890 4956 θυσίαν

315 4997 582 5067 ἀνήνεγκε
642 4993 792 5064 παρά
843 4990 904 5043 τὸ
946 4991 1024 5060 τῷ
1065 4990 1182 5060 Θεῴ
1228 4990 1439 5050 δυκοῦν,
1485 4989 1580 5043 καὶ
1621 4991 1710 5042 ὅτε
1766 4989 1893 5052 τοὺς

331 5083 699 5155 Ἀμαληκίτας
714 5082 993 5152 κρατήσας
1013 5079 1266 5148 ἐφείσατο
1287 5079 1379 5131 106
1400 5078 1662 5148 βασιλέως
1688 5079 1889 5145 αὐτῶν,

319 5174 414 5228 καὶ
438 5171 596 5225 10610
621 5169 773 5241 παρά
799 5169 862 5221 16
899 5167 1209 5230 κελευσθὲν,
1241 5165 1413 5229 οὕτως
1437 5167 1650 5238 ἐπλήγη
1677 5168 1772 5238 τὴν
1792 5167 1895 5238 ψυ-

319 5265 442 5336 χὴν,
475 5263 549 5326 ὼς
574 5261 770 5333 μηκέτι
799 5259 889 5312 τὸν
917 5258 1087 5329 ἄνδρα
1130 5257 1278 5319 ἰδεῖν,
1319 5256 1434 5309 ἀλλ’
1463 5255 1522 5320 ἐξ
1555 5258 1761 5310 ἐκείνου
1799 5258 1896 5327 μέ·

320 5371 412 5425 χρι
435 5353 535 5423 τῆς
574 5351 808 5420 ἐσχάτης
834 5349 1044 5420 ἡμέρας
1074 5346 1288 5400 πενθεῖν
1317 5347 1410 5400 καὶ
1433 5346 1688 5417 δακρύειν
1712 5347 1894 5410 αὑτὸν,

321 5441 410 5494 ὅτε
444 5442 537 5494 καὶ
563 5437 868 5509 ἐπετιμήθη
891 5436 978 5490 διὰ
1005 5435 1066 5488 16
1095 5434 1194 5505 τῆς
1213 5433 1448 5505 ἀθυμίας
1468 5434 1715 5504 σφοδρόν.
1744 5434 1896 5501 ’Ἕως

322 5529 466 5582 πότε
490 5528 618 5600 γὰρ,
648 5526 799 5598 φησὶ,
825 5523 906 5577 σὺ
927 5522 1162 5586 πενθεῖς
1199 5520 1299 5575 ἐπὶ
1325 5521 1544 5585 Σαοὺλ,
1580 5522 1742 5592 κάγὼ
1785 5523 1894 5576 ἀπ-

324 5613 517 5685 ὧσμαι
536 5615 723 5669 αὐτόν
745 5629 762 5677 ;
786 5614 850 5666 Εί
865 5612 920 5664 δέ
936 5610 1140 5664 τούτων
1165 5610 1548 5680 γεγενημένων
1569 5611 1802 5672 ἐπένθει,
1815 5611 1899 5674 τίς

324 5696 392 5772 ἦν
425 5703 560 5771 ἀρα,
587 5703 675 5755 ὅτε
721 5702 847 5762 τοὺς
873 5697 1159 5760 τοσούτους
1192 5697 1424 5766 ἔσφαξεν
1467 5699 1648 5770 ἱερέας
1692 5700 1898 5763 ἐκεῖνος

326 5789 451 5860 τί.κῆ
483 5791 575 5843 καὶ
604 5790 814 5860 μάτην;
844 5789 934 5842 ὅτε
963 5786 1054 5839 τὸν
1083 5787 1375 5859 εὐεργέτην
1410 5789 1502 5842 καλ⁸
1522 5789 1672 5841 οὐδὲν
1702 5789 1894 5859 ὴδικη-

330 5879 483 5941 κότα,
506 5878 752 5950 δεύτερον
780 5872 943 5948 ἢλθεν
970 5875 1178 5931 ἀνελεῖν
1202 5895 1216 5944 ;
1248 5879 1336 5934 ὅτε
1371 5878 1577 5952 γυμνὸν
1603 5877 1765 5932 αὐτὸν
1791 5873 1899 5931 είδε

1087 346 1180 402 Δί)
1220 346 1600 406 STAGIRIUM
1639 353 1685 409 Δ
1721 349 2032 413 ΒΕΜΟΝΕ
2064 343 2558 404 νΕΧΔτυΜ.ιιΒ.
2603 347 2686 403 111.

3421 346 3524 401 480

1963 461 2374 533 προφητεύοντα
2427 462 2518 514 καὶ
2575 461 3020 529 καταπίπτοντα;
3073 464 3163 518 ὅτε
3223 461 3317 517 106
3365 464 3528 519 Δαυῒδ

1960 551 2161 620 ἠκουσε
2192 548 2362 620 μυρία
2389 547 2524 618 πρὸς
2553 548 2714 601 αὑτὸν
2735 549 3137 622 ἀποδυρομένου
3164 552 3256 605 καὶ
3281 553 3536 622 ἐντυγχά-

1959 653 2141 698 νοντος
2157 651 2172 700 ;

2031 723 2098 790 ζ’.
2116 723 2333 794 Ἐπειδὴ
2349 721 2405 776 δὲ
2424 722 2517 777 τοῦ
2531 723 2692 778 Δαυῒδ
2703 724 3002 796 ἐμνήσθην,
3016 725 3116 779 ούκ
3127 721 3242 779 οἶδα
3253 726 3305 779 τί
3322 725 3534 796 πράξω

1962 812 2191 884 πότερον
2219 813 2345 874 τοὺς
2374 811 2603 882 θρήνους
2633 811 2796 865 αὑτοῦ
2819 813 2946 877 τοὺς
2977 815 3218 884 μακροὺς
3262 813 3354 866 καὶ
3407 831 3536 865 συνο

1960 903 2105 970 εχεῖς
2123 899 2248 962 τοὺς
2266 901 2324 952 ἐν
2345 902 2456 963 τοῖς
2475 899 2709 968 ψαλμοῖς
2721 901 3248 971 ἀναγεγραμμένους
3271 903 3351 963 εἰς
3375 899 3540 970 μέσον

1961 987 2154 1056 ἀγάγω
2179 987 2294 1051 νῦν,
2341 986 2376 1057 ἦ
2418 986 2640 1049 τούτους
2668 987 2826 1056 ἀφεὶς
2875 987 3234 1052 ἀναλέξασθαί
3285 1005 3366 1040 σοι
3397 987 3542 1040 κατά

1963 1075 2179 1146 σχολὴν,
2220 1074 2380 1136 αὐτὸς
2414 1074 2510 1136 τὰς
2555 1073 2764 1126 ἐκείνου
2794 1074 2986 1126 διέλθω
3028 1075 3333 1145 συμφοράς.
3374 1069 3541 1136 Οὗτος

1961 1163 2144 1216 τοίνυν
2165 1164 2193 1214 6
2217 1161 2378 1215 Δαυῒδ
2408 1160 2575 1215 πολλά
2608 1162 2706 1232 μέν
2740 1163 2834 1214 καλ⁵
2865 1164 2924 1216 ἐν
2973 1162 3051 1232 τῷ
3079 1163 3384 1232 ποιμαίνειν
3433 1163 3539 1214 ὑπ-

1963 1249 2145 1322 έμεινε
2181 1249 2350 1313 δεινά,
2382 1248 2476 1303 καὶ
2504 1252 2622 1312 ταῖς
2643 1249 2750 1302 τῶν
2779 1250 2957 1320 ἀέρων
2994 1251 3334 1320 ἀνωμαλίαις
3356 1251 3448 1303 καὶ
3475 1251 3541 1320 τῇ

1963 1339 2073 1390 τῶν
2111 1337 2314 1409 θηρίων
2346 1338 2628 1408 ἀγριότητι
2671 1338 3019 1408 μαχόμενοςο,
3048 1339 3140 1390 καὶ
3166 1338 3226 1390 τὸ
3256 1338 3354 1408 μὲν
3380 1337 3437 1403 ἐξ
3469 1332 3544 1388 ὧν

1961 1428 1993 1480 6
2031 1427 2223 1481 Ἰακὼὸ
2257 1428 2456 1498 ἔφησεν
2479 1427 2624 1480 ἐστιν
2657 1427 2806 1490 ἰδεῖν,
2841 1428 2901 1480 τὸ
2933 1427 2989 1479 δὲ
3019 1429 3077 1493 ἐξ
3111 1422 3186 1480 ὧν
3215 1429 3377 1490 αὐτὸς
3408 1426 3545 1498 πρὸς

1964 1516 2056 1570 τὸν
2084 1515 2257 1570 Σαοὺλ
2277 1516 2546 1584 διελέγετο
2568 1515 2809 1587 περὶτοῦ
2831 1519 3041 1579 λέοντος
3065 1517 3160 1569 καὶ
3188 1518 3289 1585 τῆς
3317 1517 3542 1586 ἄρκτου.

1979 1604 2194 1675 Ἐπειδὴ
2231 1605 2287 1658 δὲ
2324 1606 2416 1658 τὸν
2453 1604 2568 1675 βίον
2604 1607 2761 1674 ἀφεὶς
2789 1607 2998 1658 ἐκεῖνον
3039 1606 3144 1677 πρὸ
3183 1606 3332 1676 ὧρας
3363 1608 3442 1668 εἰς
3479 1606 3549 1659 τά

1964 1691 2057 1746 106
2086 1692 2326 1762 πολέμου
2360 1693 2661 1764 πράγματα
2687 1693 2902 1753 ἔπιπτε,
2926 1694 3025 1762 τὴν
3052 1694 3148 1762 μὲν
3171 1694 3278 1746 τῶν
3304 1693 3550 1762 ἀδελφῶν

1969 1781 2267 1852 βασκανίαν
2289 1782 2512 1851 ἀφίημι,
2539 1782 2588 1832 εί
2611 1783 2702 1834 καὶ
2730 1781 2932 1852 σφόδρα
2947 1781 3106 1834 τοῦτό
3125 1783 3242 1835 ἐστι
3268 1784 3545 1854 φορτικόν·

1967 1869 2080 1923 ἀλλ’
2109 1869 2296 1939 ἐπειδὴ
2339 1868 2670 1938 κατώρθωκε
2715 1869 2807 1938 τὴν
2842 1869 3103 1938 λαμπράν
3149 1869 3303 1940 νίκην
3335 1870 3550 1939 ἐκείνην

1969 1958 2065 2012 καὶ
2095 1957 2415 2028 θαυμαστὴν
2447 1957 2780 2028 μονομαχίαν
2806 1959 3261 2028 ἀναδεξάμενος⁸,
3295 1953 3424 2027 εὗρε
3453 1959 3550 2012 106

1969 2044 2403 2113 καταϐληθέντος
2432 2045 2622 2098 Γολιὰο
2657 2045 3012 2116 σφοδρότερον
3042 2046 3234 2117 ἐχθρὸν
3267 2045 3358 2099 τὸν
3391 2047 3550 2118 εύερ-

1969 2133 2271 2204 γετηθέντα
2305 2133 2496 2186 Σαούλ.
2531 2135 2604 2186 Ού
2633 2134 2742 2204 γὰρ
2771 2135 2834 2185 ἐκ
2858 2133 2950 2185 106
2976 2134 3210 2204 φανεροῦ
3236 2134 3373 2204 πρὸς
3390 2135 3553 2190 αὐτὸν

1972 2223 2377 2292 παρετάττετο,
2418 2220 2554 2274 ἀλλὰ
2601 2222 2660 2273 16
2701 2221 2808 2274 τῶν
2867 2221 3162 2290 φιλούντων
3211 2225 3553 2293 προσωπεῖον

1971 2309 2194 2372 ὑποδὺς,
2232 2309 2326 2361 καὶ
2351 2310 2441 2361 τὸν
2471 2309 2715 2379 τιμῶντα
2746 2311 2839 2362 καὶ
2861 2311 3156 2381 κηδόμενον
3182 2311 3554 2381 ὐποκρινάμευ

1970 2416 2094 2464 νος,
2128 2397 2300 2460 οὕτως
2341 2397 2500 2450 αὐτὸν
2531 2398 2751 2450 διετίθει
2781 2397 2852 2450 τὰ
2884 2397 2992 2450 τῶν
3023 2398 3252 2468 ἐχθρῶν.
3281 2397 3453 2451 Τοῦτο
3498 2398 3556 2451 δέ

1970 2492 2094 2545 ὅσον
2135 2491 2255 2542 ἐστὶ
2293 2491 2462 2543 κακὸν
2490 2492 2610 2543 ἀντὶ
2649 2490 2868 2558 ἀγαθῶν
2916 2491 3326 2560 ἀπολαμϐάνειν
3372 2490 3554 2552 κακά,

1972 2583 2202 2637 ἄκουσον
2231 2583 2328 2636 τοῦ
2359 2584 2627 2653 μακαρίου
2662 2585 2940 2655 προφήτου
2980 2583 3138 2636 10610
3174 2583 3409 2654 συνεχῶς
3434 2583 3559 2658 θρη-

1973 2676 2189 2740 νοῦντος
2223 2676 2316 2729 καὶ
2344 2677 2866 2748 δυσανασχετούντος
2897 2679 2991 2730 καὶ
3027 2677 3297 2744 λέγοντος,
3329 2680 3396 2730 El
3418 2678 3560 2730 ἀντ·

1973 2765 2323 2820 αποδίδοταί
2336 2784 2437 2834 μοι
2459 2771 2613 2819 κακὰ
2634 2767 2764 2820 ἀντὶ
2786 2767 3036 2836 ἀγαθῶν.
3063 2768 3311 2820 Μάλιστα
3343 2767 3439 2838 μὲν
3466 2763 3560 2818 οὖν

1975 2857 2068 2910 καὶ
2109 2857 2335 2929 μηδενὸς
2370 2858 2662 2928 προσόντος
2700 2859 2874 2911 δεινοῦ
2909 2859 3067 2912 10610
3103 2859 3234 2912 αὐτὸ
3264 2860 3382 2912 καθ’
3403 2859 3561 2912 ἐαυτδ

1976 2949 2176 3020 πολλῆς
2197 2948 2432 3020 ἀθυμίας
2459 2948 2624 3013 ἀξιον,
2648 2950 2712 3002 δι’
2732 2951 2962 3020 ὑποψίας
2990 2947 3126 3004 εἶναι
3145 2952 3235 3004 16v
3260 2950 3562 3021 στρατηγὸν

1977 3042 2053 3113 τῷ
2076 3041 2224 3114 [215]
2247 3043 2473 3113 βασιλεῖ,
2493 3043 2587 3096 καὶ
2617 3042 2794 3113 ἀηδῶς
2816 3042 3044 3112 ὁρᾶσθαι
3075 3044 3165 3096 ὑπ’
3185 3043 3370 3096 αὑτοῦ.
3387 3044 3496 3096 Καὶ
3511 3043 3561 3094 τί

1978 3136 2121 3204 λέγω
2144 3137 2443 3208 στρατηγὸν
2475 3136 2715 3206 βασιλεῖ;
2749 3137 2864 3190 Κάν
2887 3137 2995 3208 γὰρ
3031 3137 3178 3208 παρά
3200 3137 3308 3189 τῶν
3337 3135 3564 3190 οἰκετῶν

1979 3232 2140 3300 ἡμεῖς
2184 3228 2343 3281 10610
2381 3229 2642 3300 πάθωμεν
2668 3269 2680 3292 ,
2712 3229 3138 3299 δυσχεραίνομεν
3167 3246 3180 3258 ο
3207 3230 3335 3282 ὅταν
3373 3229 3431 3281 δὲ
3473 3229 3565 3281 καὶ

1981 3321 2264 3374 ἐπιϐουλαὶ
2293 3321 2606 3391 ράπτωνται
2635 3321 2776 3373 κατά
2797 3322 2893 3392 τῆς
2920 3320 3014 3374 106
3049 3321 3374 3392 μισουμένου
3398 3321 3562 3390 ζωῆς,

1979 3415 2064 3478 τίς
2097 3414 2160 3467 ἂν
2206 3413 2412 3482 γένοιτο
2462 3412 2576 3483 βίος
2611 3413 2800 3468 τούτου
2850 3414 3206 3486 πικρότερος;
3237 3413 3378 3465 Ἀλλ’
3416 3414 3566 3483 ὅμως

1984 3508 2197 3561 ἅπαντα
2234 3505 2393 3576 ἔφερε
2434 3506 2528 3558 καὶ
2586 3507 2852 3576 ἠνείχετο,
2895 3507 2988 3560 καὶ
3039 3507 3202 3576 συνῆν
3232 3506 3310 3576 τῷ
3338 3505 3566 3575 φονῶντι

1982 3600 2100 3652 κατ’
2131 3597 2319 3662 αὐτοῦ,
2347 3598 2439 3650 καὶ
2477 3599 2802 3669 ἐστρατήγει
2846 3599 2971 3662 τοὺς
3016 3599 3226 3652 ἐκείνου
3276 3599 3562 3669 πολέμους.

1996 3690 2212 3761 Ἐπειδὴ
2233 3690 2290 3743 δέ
2332 3707 2460 3742 ποτε
2487 3691 2581 3744 καὶ
2610 3692 2928 3763 ἀπεδήμησε
2960 3692 3055 3746 καὶ
3085 3691 3274 3764 τιόρρω
3302 3691 3396 3745 106
3419 3691 3572 3745 πολέ-

1986 3801 2086 3855 μου
2122 3783 2455 3854 κατέστησεν
2499 3783 2710 3846 ἐαυτὸν,
2751 3785 2908 3837 τοῦτο
2960 3785 3059 3855 μὲν
3115 3785 3248 3838 αὐτὸ
3282 3784 3342 3838 16
3381 3785 3571 3855 πόρρω

1984 3873 2145 3940 εἶναι,
2180 3877 2274 3930 καὶ
2299 3875 2396 3947 τὴν
2430 3875 2627 3947 ἔχθραν
2650 3876 2872 3945 ποιῆσαι
2895 3875 3156 3948 φανερὰν,
3192 3871 3307 3946 εἶχέ
3335 3893 3386 3928 τι
3411 3875 3572 3928 πλέον

1985 3972 2064 4033 είς
2093 3969 2182 4022 τὸν
2209 3968 2304 4021 106
2333 3968 2554 4040 θαρρεῖν
2581 3969 2736 4036 λόγον
2763 3984 2775 3997 ·
2820 3969 2959 4039 μετὰ
2977 3969 3033 4022 δὲ
3078 3971 3444 4041 τετρακοσίων
3478 3970 3572 4022 ἀνι

1984 4057 2126 4126 δρῶν
2159 4057 2294 4127 πρὸς
2342 4055 2608 4127 τοσαύτην
2652 4056 3093 4128 ἀναγκαζόμενος
3130 4057 3573 4128 παρατάττεσθαι

1990 4147 2268 4219 στρατιάν,
2299 4145 2493 4218 ἔτρεμε
2531 4145 2690 4198 πλέον
2717 4146 2749 4216 ἢ
2777 4147 3057 4217 πρότερον.
3098 4147 3154 4200 '0
3174 4148 3280 4218 γὰρ
3310 4148 3445 4217 μήτε
3479 4145 3575 4198 116-

1988 4236 2101 4298 λιν,
2149 4237 2283 4306 μήτε
2323 4234 2600 4306 φρούριον,
2651 4236 2788 4307 μήτε
2821 4239 3161 4308 συμμάχους,
3224 4240 3360 4308 μήτε
3401 4251 3572 4305 προσ-

1988 4328 2141 4392 όδους
2164 4329 2500 4398 κεκτημένος
2523 4368 2538 4392 ,
2568 4328 2817 4399 ἐννόησον
2862 4329 2946 4392 τίς
2973 4325 3062 4400 ἦν,
3097 4329 3233 4398 πρὸς
3268 4329 3360 4382 τὸν
3401 4327 3574 4382 ταῦτα

1991 4423 2184 4493 ἔχοντα
2213 4422 2391 4476 πάντα
2417 4421 2859 4491 ἀναγκαζόμενος
2893 4421 3170 4492 πολεμεῖν,
3196 4423 3288 4475 καὶ
3317 4421 3456 4492 πλὴν
3476 4421 3575 4490 τῆς

1992 4517 2200 4588 ἐρήμου
2231 4516 2328 4568 καὶ
2368 4514 2477 4567 τῶν
2508 4515 2625 4566 ἐκεῖ
2653 4513 2951 4584 σπηλαίων,
2971 4514 3091 4566 ούδέ
3125 4514 3246 4568 ὅποι
3271 4517 3576 4586 καταφύγοι

1991 4607 2287 4678 δυνάμενος
2321 4609 2518 4678 εὑρεῖν.
2549 4607 2658 4660 Καὶ
2685 4607 2794 4676 γάρ
2823 4607 2990 4660 Κεῖλά
3018 4607 3171 4660 πόλιν
3205 4607 3346 4662 οὕτω
3377 4610 3576 4663 καλουο

1997 4702 2164 4773 μένην
2199 4701 2408 4766 λαϐὼν,
2446 4700 2648 4763 εὐθέως
2691 4700 2859 4770 αὐτῆς
2894 4700 3212 4771 ἀπεπήδησε
3256 4701 3349 4754 106
3388 4701 3577 4773 ἱερέως

1995 4795 2269 4857 εἰπόντος,
2300 4795 2382 4847 ὅτι
2431 4793 2592 4846 αὑτὸν
2632 4794 2660 4844 ὁ
2693 4791 2825 4854 Θεὸς
2875 4792 2992 4842 ἐκεῖ
3049 4791 3278 4860 μένοντα
3328 4792 3438 4845 τῶν
3483 4791 3575 4846 τοῦ

1995 4889 2168 4942 Σαοὺλ
2200 4888 2299 4958 οὐχ
2343 4884 2716 4957 ύπεξαρπάσει
2758 4883 2978 4954 χειρῶν.
3013 4884 3069 4937 Ὀ
3111 4885 3166 4937 δὲ
3201 4886 3379 4955 ἱερεὺς
3425 4881 3580 4948 οὗτος

1997 4982 2201 5043 ἐκεῖνος
2227 4976 2294 5051 ἦν
2313 4981 2340 5033 6
2365 4978 2462 5042 τὰς
2482 4977 2572 5029 τοῦ
2611 4977 2781 5030 Σαοὺλ
2813 4979 2999 5047 χεῖρας
3023 4976 3263 5048 διαδράς,
3291 4979 3384 5031 καὶ
3406 4977 3501 5049 τὴν
3525 4980 3582 5031 ἐν

1998 5072 2194 5144 Νομὸἀ
2231 5072 2528 5142 γενομένην
2557 5070 2864 5141 τραγῳδίαν
2912 5073 3253 5141 ἀπαγγείλας
3299 5072 3376 5143 τῷ
3427 5072 3582 5142 βασι-

1998 5165 2081 5218 λεῖ
2103 5206 2117 5228 ,
2140 5167 2228 5219 ὅτε
2257 5165 2350 5218 καὶ
2379 5165 2478 5235 τὴν
2500 5167 2703 5236 πικράν
2725 5167 2938 5236 ἐκείνην
2958 5166 3154 5237 ἔρρηξε
3181 5167 3366 5235 φωνήν
3387 5181 3400 5194 ⁸
3437 5163 3583 5234 Ἐγὼ

1999 5258 2130 5328 γὰρ.
2147 5258 2332 5328 φησὶν,
2359 5259 2473 5326 εἰμὶ
2497 5261 2530 5312 ό
2547 5260 2733 5324 αἴτιος
2758 5257 2875 5312 τῶν
2890 5257 3104 5327 ψυχῶν
3122 5259 3268 5312 ὅλου
3292 5257 3394 5310 τοῦ
3415 5259 3582 5309 οἴκου

2001 5351 2108 5404 τοῦ
2131 5349 2354 5417 πατρός
2379 5366 2516 5404 σου.
2535 5351 2696 5404 ’Ὥστε
2729 5350 2899 5403 συνὼν
2928 5349 3077 5418 αύτῷ
3112 5349 3399 5412 διαπαντὸς
3433 5349 3585 5402 ούδέν

2002 5442 2208 5516 ἕτερον,
2241 5442 2419 5513 ἀλλ’ἢ
2463 5443 2560 5513 τῆς
2605 5441 2841 5512 ἀθυμίας
2878 5443 3094 5515 ἐκείνης
3142 5442 3447 5514 ὑπόμνησις
3494 5437 3582 5511 ἦν.

2004 5535 2223 5588 Βλέπων
2257 5535 2366 5606 γὰρ
2409 5537 2488 5599 είς
2519 5535 2699 5598 αὑτὸν,
2735 5536 2822 5588 ἀεὶ
2863 5535 2962 5605 τῆς
3009 5536 3282 5600 ἀπωλείας
3313 5535 3588 5606 ἐμέμνητο

2003 5627 2111 5680 τῶν
2132 5629 2175 5681 ίε
2185 5629 2320 5698 ρέων
2339 5646 2352 5659 ·
2379 5627 2798 5701 μνημονεύωνδέ
2813 5628 2912 5698 τῆς
2932 5627 3207 5690 ἀπωλείας
3221 5667 3235 5690 ,
3259 5623 3353 5679 καὶ
3386 5626 3484 5696 τῆς
3502 5643 3587 5678 το·-

2006 5881 2040 5932 s
2073 5820 2261 5932 ἧρπε,
2292 5820 2582 5883 μονομαχίαν
2601 5817 2952 5880 ἀναδεξάμενος,
2995 5815 3177 5866 desunt
3213 5818 3264 5866 in
3286 5813 3422 5866 Colb.
3443 5821 3494 5864 et
3542 5812 3591 5856 in

2042 5897 2117 5932 an
2143 5917 2156 5932 .

2042 5897 2156 5933 3V“.
