4036 6416
502 381 602 440 4δί

499 498 701 568 σαύτης
742 495 954 567 σφαγῆς
994 493 1093 566 τὴν
1136 494 1319 548 αἰτίαν
1358 492 1630 556 ἀνατιθεὶς
1658 490 1855 563 ἐαυτῷ,
1898 508 2072 544 κατα-

1189 377 1247 434 S.
1283 375 1570 436 JOANNIS
1606 360 2097 436 CHRYSOSTOMI
2135 376 2455 437 ARCIllEP.
2495 378 3047 439 CONSTANTINOP.

3646 379 3758 438 48?.

2184 492 2278 545 καὶ
2310 493 2579 564 συνθήκας
2616 495 2755 567 ὑπὲρ
2778 494 2987 549 πολλῶν
3008 492 3230 566 θέμενον
3255 494 3392 569 πρὸς
3422 495 3603 563 αὑτὸν,
3629 498 3757 550 τοῦ·

497 585 648 639 δίκου
682 584 881 647 παντὸς
901 582 1224 655 ἀθλιώτερον
1242 581 1390 635 ἐϐίου
1415 580 1547 651 βίον.
1566 581 1678 633 Καὶ
1696 578 1802 650 γὰρ
1829 580 1877 631 εἰ
1911 578 2076 649 μηδὲν
2174 600 2290 650 τον,
2312 586 2400 639 ὅτε
2419 586 2568 659 αὑτῷ
2599 587 2699 652 τὰς
2720 588 2954 660 ἀμοιϐὰς
2970 588 3259 644 ἀποδοῦναι
3289 589 3398 644 τῶν
3424 590 3757 663 εὐεργεσιῶν

497 673 682 744 ἕτερον
717 671 779 724 τὸ
808 669 1057 741 ἐνοχλοῦν
1087 665 1373 740 ἧν,ἱκανὸν
1404 668 1614 739 τρῶσαι
1640 667 1819 737 ψυχὴν
1844 666 1941 720 καὶ
1982 665 2079 718 ἀν-

498 760 639 814 ελεῖν
668 758 727 811 τὸ
753 759 941 829 ἱερέων
975 756 1188 827 σφαγέα
1234 755 1539 823 λογίζεσθαι
1570 756 1837 808 τοσούτων
1866 752 2077 807 ἐαυτόν.

498 847 733 915 Πληγεὶς
757 847 814 899 δὲ
833 844 1006 916 τούτῳ
1017 844 1096 915 τῷ
1114 843 1378 914 λογισμῷ,
1406 842 1486 913 τῷ
1506 842 1599 897 καὶ⁸
1620 841 1813 904 νυκτὸς
1829 839 1925 893 καὶ
1960 838 2076 908 μεθ’

499 935 713 1005 ἡμέραν
765 933 922 1003 σητὸς
954 932 1149 1003 μᾶλλον
1174 931 1339 987 αὑτοῦ
1376 928 1729 1002 διατρώγοντι
1752 928 1852 998 τὴν
1877 927 2078 997 ψυχὴν,

500 1022 596 1076 καὶ
627 1021 762 1077 ἄλλα
792 1020 989 1093 ἐφεξῆς
1021 1020 1235 1092 ἐδέχετο
1267 1017 1556 1092 τραύματα
1581 1017 1778 1086 συνεχῆ
1800 1015 1895 1069 καὶ
1914 1013 2083 1069 ἐπάλ·

502 1108 658 1180 ληλα.
692 1110 803 1162 Καὶ
839 1108 949 1181 γὰρ
984 1109 1073 1162 ὅτε
1113 1106 1273 1161 αὑτὸν
1302 1108 1331 1161 6
1368 1104 1561 1159 Νάϐαλ
1585 1103 1677 1158 διὰ
1712 1103 1821 1157 τῶν
1851 1101 2080 1157 οἰκετῶν

505 1196 723 1269 ὕϐρισε,
750 1200 843 1251 καὶ
868 1197 1142 1269 δραπέτην
1164 1197 1257 1251 καὶ
1282 1194 1495 1265 φυγάδα
1525 1195 1619 1248 καὶ
1644 1192 1937 1265 ἀγνώμονα
1956 1192 2080 1246 δοῦ-

502 1283 594 1339 λον
625 1285 878 1358 ἐκάλεσεν
895 1328 908 1350 ,
927 1286 1028 1338 οὑκ
1056 1284 1321 1355 ἀναλγητὶ
1344 1283 1414 1337 τά
1460 1283 1679 1354 ῥήματα
1710 1281 1908 1354 ἤνεγκε
1929 1297 1944 1308 ’
1985 1281 2082 1335 καὶ

503 1372 593 1425 ὅτε
617 1371 748 1441 πρὸς
765 1372 858 1425 τὸν
891 1370 1114 1442 ⁹Αγχοῦς
1139 1369 1408 1437 ἀπελθὼν,
1429 1373 1555 1435 τοὺς
1573 1370 1930 1442 μαινομένους
1974 1370 2081 1425 ὑπ-

505 1458 770 1529 εκρίνετο,
795 1458 888 1512 καὶ
914 1458 1237 1522 κατέπιπτε,
1269 1459 1363 1512 καὶ
1384 1457 1452 1511 τά
1483 1459 1710 1529 δμματα
1746 1456 2082 1528 διαστρέφων

507 1547 603 1600 καὶ
636 1546 801 1600 πολὺν
834 1549 899 1601 ἐκ
921 1544 1017 1600 τοῦ
1054 1545 1321 1618 στόματος
1363 1546 1528 1599 αὑτοῦ
1557 1546 1732 1616 ἀφρὸν
1750 1545 1950 1612 ἀφιεὶς,
1976 1544 2083 1599 τῶν

506 1632 720 1704 ἀληθῶς
740 1633 1115 1703 δαιμονώντων
1140 1630 1341 1703 μᾶλλον
1360 1632 1605 1702 ἐτήκετο,
1627 1631 1970 1702 λογιζόμενος
2004 1633 2084 1695 εἰς

507 1719 623 1771 οίαν
647 1719 977 1790 κατέστησεν
999 1719 1187 1772 ἐαυτὸν
1215 1718 1461 1790 ἀνάγκην
1479 1720 1509 1771 6
1535 1717 1771 1771 τοσαῦτα
1795 1719 2085 1789 εὐεργετη-

511 1805 645 1870 θείς.
673 1805 889 1878 Ἐπειδὴ
905 1805 960 1859 δὲ
983 1805 1176 1877 μικρὸν
1203 1804 1391 1878 ἀνέθη,
1411 1805 1560 1877 παρά
1573 1807 1685 1869 τοῖς
1703 1804 1980 1876 πολεμίοις
1994 1823 2085 1872 γε-

509 1892 752 1962 νόμενος,
773 1892 877 1946 ἔδει
900 1893 997 1963 μὲν
1022 1892 1430 1963 ἐπιστρατεύειν
1454 1894 1565 1956 τοῖς
1586 1891 1807 1946 ἐκείνων
1831 1892 2044 1964 ἐχθροῖς
2067 1909 2081 1924 ·

507 1981 949 2053 διαφθονούμενοι
984 1982 1039 2035 δὲ
1078 1981 1224 2053 αὑτῷ
1255 1984 1303 2035 οἰ
1342 1982 1658 2054 σατράπαι,
1686 1983 1780 2036 καὶ
1817 1982 2085 2038 διαϐαλεῖν

510 2070 646 2142 πρὸς
675 2072 766 2125 τὸν
799 2071 1024 2143 βασιλέα
1052 2071 1396 2144 βουλόμενοι,
1429 2071 1742 2143 ἐξέπεμπον
1789 2072 1951 2126 αὑτὸν
1987 2073 2087 2142 τῆς

511 2161 768 2227 στρατιᾶς
789 2157 865 2223 ὡς
907 2159 1178 2232 ἄχρηστον
1199 2161 1383 2224 αὑτοῖς
1403 2162 1495 2214 καὶ
1531 2159 1814 2214 ἐπίϐουλον
1838 2160 1933 2214 καὶ
1954 2177 2087 2233 προσ

507 2243 666 2317 δότην
689 2247 962 2318 ἐσόμενον.
996 2248 1414 2318 Ἐθυμώθησαν
1441 2249 1548 2321 γὰρ
1564 2288 1579 2313 ,
1598 2249 1761 2320 φησὶν
1779 2288 1793 2313 ,
1815 2249 1907 2302 ἐπ’
1927 2248 2088 2316 αὐτῷ

504 2335 564 2387 οί
587 2333 886 2402 σατράπαι
906 2336 1025 2390 τῶν
1049 2337 1437 2405 ἀλλοφύλων,
1459 2336 1557 2390 καὶ
1587 2336 1877 2406 λέγουσιν
1896 2335 2055 2403 αὐτῷ
2069 2353 2083 2368 ·

521 2421 935 2491 Ἀπόστρεψον
949 2422 1056 2477 τὸν
1074 2423 1282 2491 ἄνδρα,
1307 2422 1406 2476 καὶ
1425 2421 1867 2492 ἀποστραφήτω
1880 2427 1967 2490 είς
1981 2425 2090 2478 τὸν

509 2510 697 2563 τόπον
720 2504 792 2565 οὗ
812 2510 1193 2580 κατέστησας
1214 2511 1400 2564 αὐτὸν
1426 2510 1568 2575 ἐκεῖ,
1593 2511 1688 2564 καὶ
1707 2511 1794 2582 μὴ
1824 2512 2089 2581 ἐρχέσθω

504 2597 814 2668 μεθ’ἠμῶν
834 2600 920 2665 εὶς
949 2599 1236 2668 πόλεμον,
1258 2597 1356 2652 καὶ
1376 2597 1463 2669 μὴ
1490 2600 1743 2669 γινέσθω
1767 2601 2090 2668 ἐπίϐουλος

509 2684 586 2755 τῇ
600 2685 966 2756 παρεμϐολῇ.
988 2687 1097 2741 Καὶ
1114 2687 1183 2742 ἐν
1194 2689 1311 2742 τίνι
1328 2687 1799 2759 διαλλαγήσεται
1818 2685 1994 2757 οὗτος
2010 2689 2091 2756 τῷ

511 2777 697 2846 κυρίῳ
727 2776 934 2841 αὐτοῦ,
961 2777 999 2846 ἣ
1029 2776 1166 2847 οὐχί
1197 2778 1269 2832 ἐν
1305 2777 1434 2844 ταῖς
1485 2776 1775 2848 κεφαλαῖς
1817 2776 1939 2832 τῶν
1983 2780 2090 2835 ἀν-

511 2864 670 2933 δρῶν
699 2865 985 2930 ἐκείνων;
1029 2866 1088 2920 Ὀ
1115 2867 1172 2921 δὲ
1218 2871 1331 2932 τοῖς
1372 2868 1580 2939 ῥήμασι
1620 2866 1830 2931 τούτοις
1861 2867 2091 2939 πληγεὶς

511 2952 827 3026 ἀνεχώρησε
848 2953 984 3024 μετά
1003 2955 1205 3026 πολλῆς
1229 2957 1328 3027 τῆς
1358 2955 1569 3028 ὕϐρεως
1591 2957 1686 3010 καὶ
1713 2956 1811 3027 τῆς
1829 2955 2089 3026 ἀθυμίας.

524 3041 727 3098 Ἐλθὼν
749 3043 900 3116 [214]
930 3043 986 3098 δὲ
1017 3045 1155 3098 οίκοι
1191 3045 1429 3098 τοσαῦτα
1458 3040 1582 3117 εὗρε
1607 3044 1773 3111 κακά,
1793 3045 1871 3110 ὡς
1893 3043 2090 3117 μικροῦ

510 3132 623 3186 δεῖν
654 3135 747 3189 καὶ
773 3134 1140 3205 ἀποπνιγῆναι
1168 3137 1234 3205 τῇ
1275 3134 1441 3208 λύπῃ.
1471 3136 1554 3189 Τά
1582 3134 1692 3207 γάρ
1718 3135 1843 3188 τότε
1887 3135 2093 3207 συμϐε-

514 3220 721 3292 ϐηκότα
748 3221 899 3276 δεινά
943 3217 1013 3293 ἦν
1050 3223 1150 3293 μὲν
1180 3223 1339 3277 ἰκανά
1367 3223 1462 3275 καὶ
1488 3223 1963 3295 προμελετηθέντα
1994 3223 2094 3295 τὴν

513 3311 722 3364 ἐκείνου
756 3310 1026 3364 σκοτῶσαι
1056 3310 1233 3381 ψυχήν
1253 3328 1266 3340 ·
1287 3309 1380 3363 τοῦ
1412 3309 1470 3362 δὲ
1494 3310 1897 3383 ἀπροσδοκήτου
1927 3327 2096 3382 προσ-

512 3399 761 3461 τεθέντος
827 3398 922 3452 καί
973 3400 1104 3470 παρ’
1158 3398 1415 3464 ἐλπίδας,
1445 3397 1703 3452 διπλάσια
1756 3398 1868 3453 τῶν
1923 3398 2094 3454 ὅντων

516 3486 787 3556 ἐφαίνετο,
832 3487 926 3540 καὶ
954 3488 1055 3540 οὑκ
1101 3486 1182 3540 ἐτι
1222 3483 1290 3558 ἦν
1339 3486 1568 3558 φορητά.
1616 3486 1805 3558 Ἀπῄει
1847 3486 1946 3558 μὲν
1985 3486 2095 3558 γάρ

515 3576 592 3638 ὡς
631 3574 1081 3646 ἀναπαυσόμενος
1122 3576 1280 3641 οἴκοι,
1309 3575 1403 3629 καὶ
1446 3575 1547 3645 τῆς
1604 3574 1843 3646 ἀθυμίας
1878 3574 2097 3644 ἐκείνης

516 3664 766 3735 εὑρήσων
795 3663 1148 3734 παραμυθίαν
1193 3664 1265 3717 τά
1300 3663 1491 3717 παιδία
1522 3663 1616 3715 καὶ
1643 3664 1740 3727 τὰς
1781 3665 2046 3731 γυναῖκας
2078 3680 2091 3693 ·

516 3752 745 3817 ἐπιστὰς
764 3753 821 3807 δέ
853 3753 1008 3824 ἀφνω
1037 3755 1203 3825 ἤκουε
1233 3754 1330 3824 μὲν
1371 3754 1453 3807 ὅτι
1492 3747 1637 3808 οὗτοι
1668 3752 1819 3824 παρὰ
1853 3755 1968 3815 τοῖς
1998 3770 2098 3806 πο-

517 3839 726 3911 λεμίοις
757 3841 1117 3908 δουλεύουσιν,
1150 3840 1375 3913 ἐθεώρει
1413 3841 1469 3895 δὲ
1509 3841 1620 3914 πῦρ
1652 3840 1746 3893 καὶ
1775 3840 1981 3894 καπνὸν
2004 3840 2099 3894 καὶ

519 3923 658 3999 αἷμα
675 3930 771 3983 καὶ
791 3930 1038 4001 νεκροὺς,
1058 3929 1154 3984 καὶ
1186 3929 1313 4000 πρὶν
1341 3928 1373 3999 ἢ
1390 3927 1614 3992 τούτους
1631 3927 1869 3998 ἀλγῆσαι
1890 3927 1983 3980 καὶ
1997 3926 2098 3998 τὴν

518 4016 895 4087 αἰχμαλωσίαν
919 4011 1233 4087 ὀδύρασθαι,
1261 4014 1465 4086 θηρίων
1498 4014 1876 4086 χαλεπώτερον
1901 4014 2100 4067 ἐπέπε-

522 4121 613 4158 σον
640 4105 689 4158 οἰ
714 4103 812 4175 τὴν
839 4103 992 4157 πόλιν
1018 4104 1292 4166 οἰκοῦντες
1313 4102 1482 4173 αὐτῷ,
1503 4101 1610 4155 ἀπὸ
1633 4101 1735 4173 τῆς
1766 4103 1973 4157 ἐκείνου
2002 4119 2096 4156 κε-

520 4197 698 4268 φαλῆς
719 4197 947 4260 ἕκαστος
968 4196 1074 4250 τῶν
1103 4196 1319 4250 οἰκείων
1344 4193 1530 4249 κακῶν
1554 4193 1808 4266 εὑρέσθαι
1840 4212 2098 4266 παραμυ-

522 4286 644 4339 θίαν
672 4286 870 4357 ζητῶν.
900 4287 1011 4339 Καὶ
1057 4285 1310 4355 καθάπερ
1338 4284 1594 4337 ἐναντίων
1620 4283 1837 4354 ἀνέμων
1878 4285 1960 4347 εἰς
1999 4283 2100 4355 τήν

521 4374 797 4428 θάλασσαν
832 4373 1179 4445 ἐμπεσόντων
1201 4371 1365 4436 πολὺς
1398 4371 1492 4424 καὶ
1512 4370 1705 4442 ἄγριος’
1730 4370 1839 4425 ἀπὸ
1870 4372 1968 4443 τῆς
1995 4372 2099 4442 μά-

520 4478 624 4532 χης
660 4463 877 4532 ἐκείνης
908 4461 1117 4530 γίνεται
1159 4460 1189 4513 6
1219 4458 1458 4530 χειμών·
1497 4458 1639 4512 οὓτω
1683 4459 1776 4513 καὶ
1819 4459 1960 4523 τότε,
2006 4459 2100 4512 καὶ

521 4546 759 4618 ἀθυμίας
805 4549 900 4602 καί
943 4548 1109 4618 φόϐου
1153 4547 1253 4618 τὴν
1294 4546 1387 4600 τοῦ
1439 4546 1651 4600 δικαίου
1699 4545 2100 4599 διακοπτόντων

521 4638 723 4711 ψυχὴν,
757 4638 925 4709 πολλὴ
960 4635 1029 4711 ἦν
1061 4641 1094 4709 ἡ
1131 4636 1266 4710 ζάλη
1308 4639 1403 4691 καὶ
1434 4640 1462 4692 6
1485 4636 1733 4709 θόρυϐος,
1760 4636 1868 4690 τῶν
1910 4637 2100 4694 παθῶν

521 4732 726 4784 τούτων
779 4731 1095 4801 ἐπαλλήλων
1161 4728 1506 4802 κρατούντων
1565 4729 1659 4782 καὶ
1715 4728 2099 4799 κρατουμένων

526 4817 787 4889 συνεχῶς.
828 4818 1085 4889 Δυνηθείς
1124 4817 1182 4871 δὲ
1225 4815 1398 4870 ταῦτα
1426 4815 1667 4869 διαδῦναι
1701 4817 1771 4869 τά
1808 4816 1975 4881 κακὰ,
2008 4818 2101 4871 καὶ

521 4906 622 4971 τὰς
656 4908 918 4974 γυναῖκας
946 4905 1263 4970 ἀπολαϐεῖν,
1296 4905 1391 4957 καὶ
1418 4904 1518 4977 τὴν
1547 4903 1926 4974 αἰχμαλωσίαν
1959 4904 2101 4959 ἅπα-

524 5011 647 5058 σαν,
671 4993 854 5065 πρὶνῆ
880 4994 1043 5050 πάλιν
1072 4992 1356 5047 αἰσθέσθαι
1373 4994 1469 5064 τῆς
1496 4992 1652 5064 νίκης
1678 4993 1911 5065 ἐκείνης,
1934 4994 2102 5067 πλήτ-

522 5102 675 5137 τεται
703 5083 931 5153 ἀγγελίᾳ
965 5084 1154 5154 πικρᾷ,
1187 5085 1253 5153 τῇ
1297 5083 1425 5153 περὶ
1458 5081 1552 5135 τοῦ
1610 5082 1861 5136 Ἰωνάθαν
1891 5086 2100 5156 σφαγῇ,

523 5174 558 5243 ἢ
595 5172 693 5243 τὴν
725 5171 900 5242 ψυχὴν
948 5170 1093 5225 οὑτω
1141 5169 1407 5223 κατέϐαλε
1439 5170 1536 5240 τὴν
1579 5170 1812 5237 ἐκείνου,
1845 5171 1920 5235 ὼς
1953 5170 2101 5226 ἐστιν

526 5262 590 5313 ἐκ
635 5260 743 5315 τῶν
777 5259 991 5333 θρήνων
1041 5259 1231 5331 μαθεῖν
1255 5276 1269 5290 ’
1314 5259 1607 5314 Ἐπέπεσε
1636 5258 1765 5331 γὰρ,
1799 5261 1984 5330 φησὶν,
2008 5261 2101 5313 ἐπ’

523 5349 630 5418 ἐμὲ
649 5351 684 5418 ἡ
702 5348 1005 5419 ἀγάπησις
1020 5363 1157 5413 σου,
1173 5349 1253 5414 ὠς
1269 5350 1306 5417 ἡ
1329 5347 1630 5417 ἀγάπησις
1648 5348 1766 5403 τῶν
1780 5348 2096 5419 γυναικῶν.

526 5441 635 5494 Καὶ
654 5439 706 5493 τί
725 5440 871 5508 λέγω
890 5439 999 5494 τῶν
1025 5439 1238 5511 θρήνων
1259 5457 1273 5506 ;
1305 5439 1361 5493 '0
1383 5440 1490 5509 γὰρ
1512 5440 1603 5493 τὸν
1632 5441 1841 5494 ἐκείνου
1866 5442 2099 5514 πατέρα,

523 5532 619 5586 τὸν
665 5530 856 5603 ἐχθρὸν
886 5532 975 5585 τὸν
1016 5530 1211 5585 ἑαυτοῦ
1257 5531 1351 5584 καί
1401 5530 1683 5586 ἐπίϐουλον
1716 5531 1808 5585 καὶ
1845 5535 2102 5604 μυριάκις

526 5629 627 5698 τῆς
660 5625 934 5689 ἀπωλείας
964 5625 1379 5697 ἐπιθυμήσαντα
1407 5625 1505 5694 τῆς
1531 5624 1696 5677 αὑτοῦ
1724 5623 1867 5678 οὕτω
1901 5625 2104 5698 δακρύ-

532 5736 652 5783 σας,
683 5718 735 5772 τί
769 5718 835 5773 ἂν
865 5718 1035 5771 ἔπαθε
1071 5718 1161 5771 τὸν
1210 5720 1267 5771 ἐν
1308 5719 1537 5782 ἐκείνοις
1586 5719 1941 5790 παραστάντα
1990 5722 2102 5784 τοῖς

530 5809 796 5872 κινδύνοις
824 5808 973 5881 αὐτῷ
1021 5812 1115 5864 καὶ
1144 5810 1403 5876 πολλάκις
1435 5811 1595 5865 αὑτὸν
1620 5812 1718 5881 τῆς
1759 5812 1852 5865 τοῦ
1897 5815 2103 5884 πατρὸς

530 5894 821 5972 ἐπιϐουλῆς
840 5901 1176 5974 ἐξελόμενον,
1208 5906 1299 5959 καὶ
1325 5906 1649 5979 ἀπορρήτων
1676 5907 2099 5981 κοινωνήσαντα,

2178 674 2373 731 κείνων
2396 677 2646 746 ἠδύνατο,
2678 680 2800 733 τότε
2823 678 3236 753 ἐξαρπασθέντα
3264 679 3356 734 τοῦ
3383 681 3500 751 βίου
3524 681 3713 751 μαθών
3736 698 3755 747 ς

2247 773 2318 838 η’.
2349 767 2711 840 Ἀκμάζοντος
2733 772 2799 843 δὴ
2823 771 3012 826 τούτου
3038 772 3131 826 τοῦ
3159 772 3384 838 πάθους,
3406 772 3569 846 ἑτέρᾳ
3594 790 3759 846 περι-

2179 858 2363 913 ϐάλλέι
2396 862 2559 918 πάλιν
2583 863 2744 918 αὑτὸν
2768 865 2796 918 6
2828 867 3130 941 στρατηγὸς
3160 865 3366 938 ἀθυμίᾳ
3391 866 3483 918 τὸν
3520 867 3759 939 ἀπονητί⁸

2179 954 2273 1007 καὶ
2322 957 2460 1025 μετά
2497 956 2678 1028 πάσης
2724 957 2971 1023 εὐκολίας
3019 961 3198 1014 πᾶσαν
3229 959 3376 1030 αὑτῷ
3418 958 3759 1032 παραδοῦναι

2178 1047 2278 1116 τὴν
2308 1046 2563 1117 στρατιὰν
2592 1049 3074 1120 ἐπαγγειλάμενον,
3098 1050 3285 1105 τοῦτον
3326 1049 3759 1122 προαναρπάσας

2179 1138 2279 1208 τῆς
2309 1139 2673 1210 ὑποσχέσεως,
2701 1143 2796 1195 καὶ
2825 1143 2961 1212 δόλῳ
2998 1142 3452 1214 διαχρησάμενος.
3486 1140 3761 1196 Τοσοῦτον

2180 1225 2287 1299 γὰρ
2313 1228 2548 1300 ἤλγησεν
2581 1231 2762 1304 ἐκείνῃ
2792 1235 2857 1305 τῇ
2896 1236 3097 1306 σφαγῇ,
3133 1234 3208 1298 ὡς
3233 1235 3326 1287 καὶ
3369 1233 3490 1287 τότε
3518 1232 3761 1304 καταρά-

2184 1319 2379 1373 σασθαι
2410 1321 2502 1375 τὸν
2541 1321 2719 1389 Ἰωάϐ,
2749 1325 2844 1378 καί⁹
2889 1326 3018 1397 παρ’
3042 1324 3203 1378 αὐτὸν
3238 1327 3338 1397 τῆς
3377 1325 3632 1396 τελευτῆς
3661 1324 3760 1377 τὸν

2181 1412 2374 1481 καιρὸν
2427 1414 2727 1485 ἐπισκῆψαι
2760 1415 2838 1487 τῷ
2886 1416 3078 1471 ἐαυτοῦ
3134 1417 3285 1472 παιδί
3343 1417 3499 1488 δίκην
3548 1416 3760 1486 ταύτην

2183 1504 2584 1575 εἰσπράξασθαι
2614 1508 2711 1579 τῆς
2733 1510 3044 1578 μιαιφονίας
3083 1509 3265 1563 αὑτόν.
3300 1511 3410 1564 Καὶ
3434 1510 3503 1563 τά
3527 1510 3759 1580 ῥήματα

2181 1596 2262 1663 δὲ,
2300 1597 2442 1670 ἀπερ
2487 1599 2650 1653 αὐτὸν
2694 1600 2974 1656 ἀνακαλῶν
3021 1602 3336 1676 ἐθρήνησεν,
3365 1603 3523 1657 ἰκανά
3555 1602 3619 1655 τὸ
3648 1602 3761 1657 πά-

2184 1688 2274 1753 θος
2294 1691 2425 1760 ἡμῖν
2447 1692 2799 1763 παραστῆσαι
2817 1693 2916 1764 τῆς
2939 1694 3117 1767 ψυχῆς
3134 1710 3148 1724 ⁸
3177 1695 3394 1765 Ἐπῆρε
3414 1696 3542 1767 γὰρ.
3562 1696 3760 1767 φησιν.

2183 1782 2533 1850 όβασιλεὺς
2559 1783 2675 1851 τὴν
2703 1785 2913 1855 φωνὴν
2943 1787 3130 1842 αὑτοῦ
3149 1828 3164 1853 ,
3193 1789 3292 1843 καί
3319 1790 3628 1844 ἔκλαυσεν
3652 1788 3759 1841 ἐπὶ

2181 1870 2264 1938 τῷ
2285 1871 2451 1942 τάφῳ
2496 1875 2907 1945 Ἀϐεννὴρ,καί
2934 1873 3102 1933 εἶπεν
3130 1896 3144 1909 ·
3176 1881 3247 1933 Εἰ
3270 1880 3421 1934 κατά
3450 1878 3558 1933 τὸν
3581 1877 3767 1933 adra-

2184 1980 2292 2017 τον
2311 1963 2517 2019 Νάϐαλ
2569 1967 2950 2023 ἀποθανεῖται
2978 1969 3284 2040 Ἀϐεννὴρ,
3318 1973 3376 2026 αἱ
3407 1970 3603 2041 χεῷἐς
3636 1986 3762 2024 σου

2184 2056 2297 2108 οὐκ
2341 2053 2661 2124 ἐδέθησαν,
2681 2058 2823 2112 οὐδὲ
2846 2063 2900 2112 οἱ
2932 2060 3115 2126 πόδες
3132 2076 3249 2115 σου
3270 2061 3340 2114 ἐν
3371 2059 3767 2127 πέδαις-,οὐδὲ

2186 2148 2566 2220 προσήγαγες
2591 2150 2673 2217 ὠς
2684 2149 2917 2207 Νάϐαλ·
2936 2150 3192 2208 ἐνώπιον
3208 2153 3340 2208 υίοῦ
3367 2152 3601 2220 ἀδικίας
3628 2153 3768 2207 έπε-

2187 2257 2315 2306 σες.
2343 2240 2408 2292 Τί
2439 2241 2496 2294 δὲ
2527 2241 2667 2314 μετά
2712 2242 2867 2297 τοῦτο
2892 2261 2907 2311 ;
2942 2245 3313 2315 Δολοφονεῖται
3354 2245 3453 2317 μὲν
3476 2248 3505 2299 6
3530 2247 3766 2317 Μεμφι-

2189 2331 2349 2386 ϐοσθέ
2372 2345 2420 2397 α,
2461 2335 2554 2387 καλ⁴
2584 2337 2650 2406 τῇ
2697 2334 2788 2390 διὰ
2829 2336 3017 2390 τοῦτον
3073 2337 3225 2409 αὑτῷ
3284 2337 3547 2409 γενομένῃ
3604 2337 3765 2411 λύπῃ

2190 2422 2306 2494 (καὶ
2337 2425 2444 2498 γὰρ
2474 2427 2566 2481 ἐπὶ
2617 2427 2791 2500 τούτῳ
2818 2429 2981 2484 πάλιν
3030 2430 3287 2502 ἤλγησεν,
3325 2430 3400 2496 ὡς
3431 2431 3524 2485 καί¹
3548 2430 3768 2486 ἀνελεῖν

2186 2518 2313 2581 τοὺς
2344 2518 2782 2593 φονεύσαντας)ἡ
2809 2522 2917 2575 τῶν
2944 2521 3130 2593 χωλῶν
3152 2523 3245 2577 καί
3277 2521 3486 2576 κυλλῶν
3502 2523 3771 2577 ἀντισταμ-

2191 2626 2276 2674 σις
2313 2612 2671 2682 προστεθεῖσα
2711 2613 2914 2685 σφόδρα
2943 2614 3104 2668 αὑτὸν
3127 2612 3429 2687 διετάραξε.
3460 2615 3771 2686 Κρατήσας

2188 2701 2246 2756 δὲ
2278 2704 2373 2757 καὶ
2399 2703 2602 2758 τούτων
2634 2707 2728 2760 καὶ
2750 2706 2950 2779 ἐτέρων
2975 2707 3269 2778 πολεμίων,
3291 2708 3483 2777 ἀνάγει
3520 2708 3622 2778 μὲν
3658 2708 3771 2779 τὴν

2189 2794 2423 2849 κιϐωτὸν
2456 2796 2596 2867 μετά
2626 2797 2824 2868 πολλῆς
2851 2798 2950 2870 τῆς
2981 2798 3318 2870 εὐφροσύνης
3338 2815 3353 2831 ο
3378 2798 3459 2852 ἐτι
3489 2799 3545 2853 δέ
3587 2800 3771 2870 αὑτῆς

2189 2887 2552 2958 ἀναγομένης,
2582 2890 2677 2943 καὶ
2709 2890 2925 2946 πάντων
2945 2890 3260 2962 χαιρόντων,
3289 2893 3347 2944 ἐν
3368 2891 3518 2963 μέσῳ
3541 2892 3645 2963 τῆς
3670 2892 3742 2945 εὑ

2191 2978 2391 3051 θυμίας
2414 2982 2645 3053 πρᾶγμα
2683 2981 2832 3056 [215]
2865 2983 3078 3054 συμϐἀν
3106 2984 3320 3039 πάντων
3346 2985 3647 3058 ἠμαύρωσε
3666 2984 3777 3055 τὴν

2191 3074 2404 3146 ἡδονὴν,
2436 3075 2530 3129 καὶ
2550 3074 2757 3147 ἀθυμίᾳ
2782 3078 2877 3131 καὶ
2891 3076 3039 3149 φόϐῳ
3067 3078 3247 3150 πολλῷ
3272 3077 3369 3150 τὴν
3383 3077 3477 3132 τοῦ
3501 3078 3779 3150 βασιλέως

2192 3164 2353 3219 έϐαλε
2382 3164 2582 3237 ψυχήν.
2614 3168 2716 3220 Τὸν
2741 3167 2851 3240 γὰρ
2894 3169 3055 3233 Ὀζᾶν
3082 3169 3409 3241 βουληθέντα
3442 3186 3770 3242 περιτρεπο-

2196 3259 2365 3330 μένην
2385 3259 2623 3330 ὀρθῶσαι
2644 3259 2743 3331 τὴν
2762 3260 3013 3327 κιϐωτὸν,
3041 3263 3381 3334 παραχρῆμα
3401 3263 3644 3328 ἐπάταξε
3673 3264 3781 3318 καὶ

2190 3353 2386 3426 νεκρὸν
2415 3353 2609 3425 έθηκεν
2635 3356 2668 3425 ή
2698 3350 2791 3408 τοῦ
2824 3354 2959 3408 Θεοῦ
2987 3355 3145 3428 ὀργὴ,
3180 3357 3274 3411 καὶ
3306 3357 3477 3421 οὕτως
3503 3359 3600 3411 ἐπὶ
3630 3358 3780 3410 πολὺ

2194 3447 2475 3500 κατέσεισε
2499 3446 2591 3499 τοῦ
2621 3446 2786 3500 Δαυῖδ
2806 3447 2905 3519 τὴν
2934 3447 3111 3520 ψυχὴν
3131 3441 3285 3513 οὗτος
3315 3450 3344 3502 6
3378 3449 3562 3519 φόϐος,
3591 3449 3669 3514 ὡς
3697 3449 3783 3522 μὴ

2192 3538 2460 3609 πρότερον
2475 3538 2741 3610 τολμῆσαι
2762 3539 2900 3612 πρὸς
2925 3540 3118 3594 ἐαυτὸν
3141 3540 3453 3611 ἀνενεγκεῖν
3470 3542 3573 3613 τὴν
3599 3543 3784 3597 κιϐω-

2193 3630 2306 3691 τὸν,
2345 3629 2534 3701 πρὶνῆ
2580 3629 2771 3700 μαθεῖν
2816 3631 2965 3696 ὅπως
3014 3633 3277 3703 χρήσαιτο
3311 3632 3390 3703 τῷ
3427 3633 3550 3687 τότε
3598 3634 3785 3705 αὐτὴν

2196 3721 2577 3793 ὑποδεξαμένῳ
2617 3720 2929 3794 τΔϐεδδαρᾶ.
2945 3722 3100 3777 Μετά
3127 3723 3186 3777 δὲ
3215 3722 3389 3778 ταῦτα
3409 3724 3787 3795 τελευτήσαν-

2196 3830 2289 3877 τος
2316 3813 2408 3867 τοῦ
2455 3812 2801 3885 Ἀμμανιτῶν
2835 3813 3118 3885 βασιλέως,
3154 3816 3387 3887 πρᾶγμα
3411 3815 3608 3887 ἀνδρὸς
3631 3833 3786 3887 χρη-

2202 3904 2329 3959 στοῦ
2352 3907 2446 3960 καὶ
2480 3905 2858 3979 φιλανθρώπου
2888 3906 3057 3961 ποιῶν
3075 3946 3091 3973 ,
3119 3906 3333 3978 έπεμψε
3377 3909 3790 3981 παραμυθησό-

2203 4014 2361 4070 μενος
2388 3999 2479 4051 τὸν
2510 3998 2626 4051 υἱὸν
2661 3998 2751 4051 τὸν
2780 3998 3013 4065 ἐκείνου,
3050 4000 3143 4052 καὶ
3169 3997 3372 4052 πείθων
3404 3999 3599 4070 πράως
3625 4002 3791 4070 ἐνετ-

2200 4092 2316 4143 κεῖν
2341 4088 2439 4161 τὴν
2467 4088 2562 4142 τοῦ
2612 4087 2818 4161 πατρὸς
2851 4090 3108 4162 τελευτήν
3132 4106 3146 4121 ο
3176 4091 3205 4142 6
3241 4089 3300 4143 δὲ
3327 4090 3449 4145 ἀντὶ
3480 4091 3582 4161 τῆς
3608 4092 3792 4162 τιμῆς

2196 4177 2402 4249 ταύτης
2453 4177 2681 4247 ὑϐρίσας
2734 4178 2862 4241 τοὺς
2913 4177 3247 4243 ἀπελθόντας
3284 4179 3563 4249 αἰσχρῶς,
3601 4177 3795 4243 οὕτως

2198 4268 2493 4341 ἀπέπεμψε
2531 4270 2609 4341 τῷ
2646 4269 2873 4340 βασιλεῖ.
2906 4266 3055 4341 *Αρά
3082 4287 3166 4323 σοι
3214 4268 3409 4342 μικρὸν
3450 4266 3594 4324 εἶναι
3622 4270 3797 4326 τοῦτο

2199 4362 2346 4416 δοκεῖ
2372 4362 2507 4434 πρὸς
2538 4362 2600 4414 τὸ
2624 4360 2822 4434 πλῆξαι
2846 4361 3023 4433 ψυχὴν
3053 4363 3146 4417 καὶ
3170 4362 3528 4428 καταϐαλεῖν;
3561 4359 3655 4436 ἀρ’
3685 4365 3798 4435 οὑχ

2200 4453 2229 4506 6
2251 4452 2484 4525 πόλεμος
2511 4454 2717 4516 ἐκεῖνος
2741 4452 2901 4506 τοῦτο
2934 4452 3224 4517 δείκνυσιν,
3250 4454 3280 4506 6
3313 4452 3631 4525 μηδαμόθεν
3662 4457 3797 4511 ἐτέ-

2205 4539 2374 4611 ρωθεν
2416 4540 2517 4611 τὴν
2570 4540 2826 4594 ὑπόθεσιν
2874 4541 3157 4613 ἐσχηκὼς,
3199 4541 3292 4596 καὶ
3329 4542 3464 4613 πρὸς
3508 4544 3802 4615 τοσαύτην

2202 4627 2538 4701 σφοδρότητα
2579 4628 2849 4692 ἐκταθεὶς,
2872 4627 2948 4693 ὼς
2989 4629 3202 4702 μυρίοις
3250 4630 3411 4684 αὑτὸν
3458 4630 3802 4702 περιϐαλεῖν

2200 4717 2423 4782 κακοῖς;
2462 4715 2642 4770 Ἰκανά
2687 4716 2787 4787 μὲν
2814 4711 2906 4770 οὖν
2953 4717 3047 4770 καὶ
3086 4715 3288 4782 ταῦτα,
3317 4716 3417 4771 κᾶν
3460 4718 3676 4790 μυρίας
3711 4737 3805 4783 τις

2201 4804 2383 4868 αὑτοῖς
2416 4804 2725 4876 ἀναμιγνύῃ
2754 4804 2855 4869 τὰς
2882 4804 3097 4876 ήδονάς,
3124 4806 3204 4869 εἰς
3235 4804 3327 4859 τὸν
3358 4806 3469 4859 τῶν
3502 4806 3806 4880 ὀδυνηρῶν

2202 4892 2317 4965 βίον
2345 4893 2635 4959 καταλέξαι
2663 4893 2762 4965 τὴν
2795 4895 3004 4949 ἐκείνου
3037 4894 3183 4965 ζωήν
3202 4911 3216 4925 ·
3244 4893 3338 4948 νῦν
3371 4894 3429 4947 δέ
3456 4895 3700 4951 τοιαῦτα.
3733 4900 3807 4954 τὰ

2204 4984 2342 5058 μετὰ
2372 4983 2544 5037 ταῦτά
2561 4984 2726 5047 ἐστιν,
2756 4981 2832 5043 ὡς
2860 4981 2992 5053 μηδέ
3009 4978 3208 5054 ἧρχθαι
3231 4982 3337 5036 τῶν
3363 4982 3584 5055 ἀληθῶς
3615 4985 3809 5056 λυπη-

2202 5072 2333 5145 ρῶν.
2359 5073 2543 5126 Πάντα
2564 5072 2671 5143 γάρ
2709 5069 2874 5142 μῦθον
2899 5070 2992 5123 καὶ
3018 5070 3198 5123 πᾶσαν
3220 5072 3528 5142 τραγῳδίαν
3559 5073 3805 5146 ἐνίκησε

2199 5162 2270 5217 τά
2305 5162 2399 5216 τοῦ
2439 5160 2700 5233 βασιλέως
2729 5156 2918 5212 τούτου
2951 5157 3099 5229 πάθη
3129 5174 3142 5188 ο
3180 5156 3353 5222 οὑτως
3384 5158 3659 5214 ἀλλόκοτα
3703 5166 3810 5216 καὶ

2201 5252 2476 5323 ἐπάλληλα
2504 5250 2838 5322 προσέπεσεν
2862 5246 3025 5303 αὑτοῦ
3045 5250 3112 5318 τῇ
3140 5247 3287 5319 οἰκίᾳ
3321 5245 3390 5300 τά
3419 5247 3595 5317 δεινὰ,
3629 5251 3810 5321 κα.κῷ

2200 5345 2261 5398 τὸ
2286 5342 2454 5397 κακὸν
2486 5341 2573 5394 ἀεὶ
2605 5338 2856 5394 ἰάσασθαι
2884 5336 3290 5403 σπουδαζόντων
3318 5337 3491 5409 αὑτῷ.

2273 5434 2412 5503 Ὅρα
2436 5429 2543 5502 γάρ
2565 5446 2579 5460 ⁸
2605 5426 2819 5500 ἠράσθη
2861 5424 2962 5496 τῆς
2988 5424 3221 5494 ἀδελφῆς
3253 5426 3282 5477 ὁ
3314 5421 3530 5494 Ἀμνὼν
3552 5424 3655 5494 τῆς
3692 5426 3808 5478 αὖ-

2202 5523 2296 5577 τοῦ
2320 5539 2334 5554 σ
2367 5520 2619 5593 ἐρασθεὶς
2649 5518 2869 5588 ὑϐρισεν
2897 5518 2977 5579 εἰς
3019 5514 3217 5587 αὐτὴν,
3248 5512 3479 5587 ὑϐρίσας
3506 5513 3771 5584 ἐμίσησε
3793 5559 3811 5579 ,

2204 5613 2298 5666 καὶ
2334 5611 2431 5682 τὴν
2481 5607 2636 5680 ὓϐριν
2665 5606 3040 5677 ἐξεπόμπευσε
3076 5605 3173 5657 καὶ
3216 5603 3325 5669 τὴν·
3358 5600 3545 5671 μίξιν,
3578 5603 3813 5669 εὑθέως

2206 5697 2510 5772 προστάξας
2542 5697 2649 5752 τινὶ
2698 5695 2801 5749 τῶν
2854 5692 3082 5748 οἰκετῶν
3112 5689 3356 5746 ἐκϐαλεῖν
3403 5689 3659 5744 ἄκουσαν
3697 5693 3814 5763 τῆς

2271 5859 2296 5888 ⁸
2327 5858 2408 5907 δῖε
2426 5867 2596 5904 omnes
2614 5865 2730 5902 mss.
2756 5856 2905 5913 atque
2927 5846 3048 5913 θείῃ
3063 5884 3074 5904 ,
3096 5845 3183 5895 sed
3215 5846 3481 5913 leggndnn‘
3508 5840 3686 5890 Ἰεσὸο
3704 5841 3810 5909 :03"

2207 5920 2301 5973 nisi
2328 5923 2394 5971 sit
2416 5916 2699 5983 μνημονικὸν
2720 5908 2975 5977 ἁμάρτημα
2994 5908 3341 5973 Chrysostomi.
3450 5972 3462 5987 '
