4036 6416
230 414 327 470 Nl

231 539 471 589 memor,
501 523 723 594 ejusque
763 534 978 576 causam
1033 519 1133 575 sibi
1187 518 1490 588 imputans,
1543 514 1806 569 damnatis

234 616 482 672 omnibus
518 614 780 669 infelicius
826 610 1072 681 degebat.
1132 610 1245 665 Etsi
1306 610 1447 664 enim
1495 606 1628 662 nihil
1664 604 1807 662 aliud

234 709 380 764 illum
419 704 780 777 perturbasset
804 743 820 769 ,
864 701 1107 758 sufficere
1157 700 1211 755 id
1262 708 1467 771 poterat
1514 699 1581 754 ad
1620 698 1807 753 vulne-

236 798 461 853 randum
491 793 962 863 suffocandumque
986 793 1220 847 animum
1238 830 1253 855 ,
1298 790 1439 860 quod
1468 788 1701 858 seipsum
1730 797 1807 841 tot

233 886 571 944 sacerdotum
588 896 975 954 peremptorem
1005 882 1353 937 existimaret.
1371 879 1481 935 Hac
1508 893 1636 934 vero
1664 879 1807 947 cogi-

235 980 435 1034 tatione
472 978 683 1032 saucius
705 1017 720 1041 ,
750 990 869 1045 quae
911 975 1003 1029 diu
1030 982 1295 1043 noctuque
1323 972 1441 1042 plus
1481 986 1637 1041 quam
1664 972 1807 1024 tinea

237 1069 403 1139 ipsius
426 1066 743 1123 corrodebat
765 1066 999 1120 animum
1029 1104 1045 1130 ,
1076 1072 1132 1118 et
1181 1063 1283 1117 alia
1308 1062 1559 1131 deinceps
1588 1061 1805 1114 vulnera

236 1158 489 1213 continua
516 1171 579 1212 ac
606 1164 861 1227 perpetua
890 1152 1247 1223 suscipiebat:
1277 1151 1473 1222 quippe
1491 1164 1611 1204 cum
1638 1148 1805 1203 Nabal

238 1264 333 1318 per
378 1261 563 1303 servos
616 1260 742 1301 suos
769 1260 890 1300 eum
939 1240 1273 1298 contumeliis
1317 1241 1588 1303 afficeret,
1627 1237 1807 1308 fugiti-

237 1354 501 1409 vumque,
532 1336 806 1408 perfugum
828 1377 844 1402 ,
880 1344 1037 1405 atque
1080 1334 1341 1403 ingratum
1387 1344 1598 1386 servum
1623 1326 1811 1399 appel-

238 1432 371 1484 laret
396 1470 411 1494 ,
455 1444 561 1482 non
589 1428 704 1483 sine
748 1427 936 1482 dolore
961 1425 1121 1482 verba
1153 1424 1241 1479 illa
1270 1424 1523 1492 percepit.
1574 1421 1642 1475 Et
1686 1435 1807 1475 cum

239 1522 305 1576 ad
332 1520 547 1576 Auchus
570 1520 836 1589 profectus
875 1532 1118 1571 insanum
1153 1531 1211 1570 se
1265 1515 1520 1569 simulans
1558 1512 1809 1567 concide-

242 1622 353 1678 ret,
378 1620 717 1681 versaretque
740 1609 921 1664 oculos
944 1649 959 1675 ,
987 1618 1146 1678 atque
1188 1620 1389 1676 spuma:
1420 1604 1701 1674 plurimum
1741 1616 1809 1654 ex

241 1720 336 1760 ore
361 1705 665 1767 dimitteret,
693 1703 848 1773 longe
875 1701 1101 1770 amplius
1140 1699 1477 1755 cruciabatur
1500 1738 1514 1761 ,
1548 1712 1705 1765 quam
1737 1695 1810 1748 illi

242 1793 331 1862 qui
357 1807 543 1847 revera
585 1791 940 1861 corripiuntur
976 1805 1005 1843 a
1039 1790 1281 1844 dmmone
1306 1830 1321 1855 ,
1353 1802 1472 1841 cum
1499 1801 1680 1841 secum
1722 1801 1809 1839 re-

243 1894 455 1954 putaret
479 1886 529 1938 in
549 1900 705 1954 quam
736 1884 823 1937 ille
843 1897 902 1937 se
918 1881 1284 1935 necessitatem
1310 1878 1632 1939 deduxisset,
1655 1890 1811 1945 quem

244 1977 465 2031 summis
493 1974 764 2031 beneficiis
802 1972 1024 2028 foverat.
1056 1972 1187 2027 Cum
1216 1986 1342 2025 vero
1383 1969 1648 2039 paululum
1672 1966 1811 2035 apud

247 2068 425 2121 hestes
471 2066 795 2135 quievisset,
825 2074 1067 2133 essetque
1112 2065 1162 2115 in
1194 2062 1400 2116 hostem
1456 2060 1663 2115 illorum
1715 2058 1812 2111 de-

245 2158 517 2214 ducendus
553 2158 818 2212 exercitus
842 2198 856 2221 ,
900 2156 1091 2209 invidia
1119 2154 1368 2207 commoti
1413 2151 1665 2206 adversus
1693 2165 1813 2204 eum

246 2259 508 2319 satrapze,
537 2255 696 2317 atque
746 2246 821 2300 illi
848 2245 985 2315 apud
1010 2259 1188 2315 regem
1241 2257 1392 2297 suum
1437 2241 1775 2296 detrahentes
1799 2281 1812 2302 ,

245 2353 345 2394 suo
384 2337 531 2392 illum
561 2336 800 2392 exercitu
853 2334 1174 2399 deturbant,
1224 2333 1384 2388 veluti
1425 2332 1662 2386 inutilem
1716 2331 1813 2383 sibi

246 2439 301 2485 et
342 2430 698 2484 insidiatorem
744 2426 1172 2497 proditoremque
1217 2424 1471 2479 futurum.
1498 2422 1625 2475 lrati
1662 2433 1815 2484 sunt,

248 2524 444 2593 inquit,
472 2523 710 2576 adversus
764 2521 908 2574 illum
961 2528 1181 2588 satrapa:
1233 2516 1626 2585 alienigenarum
1674 2514 1817 2566 dixe-

247 2626 463 2685 runtque
487 2615 592 2685 regi
617 2631 634 2668 :
661 2612 850 2666 Emitte
872 2612 1031 2665 virum
1051 2652 1066 2676 ,
1094 2620 1138 2663 et
1164 2617 1434 2662 revertatur
1456 2606 1523 2660 ad
1547 2607 1709 2659 locum
1738 2603 1821 2657 ubi

248 2715 302 2757 tu
328 2706 471 2758 illum
507 2704 758 2768 statuisti,
791 2718 879 2755 nec
906 2702 1069 2755 veniat
1115 2698 1370 2752 nobiscum
1413 2698 1480 2749 ad
1504 2694 1688 2749 bellum
1710 2736 1726 2761 ,
1776 2705 1822 2748 et

250 2812 347 2847 non
373 2796 435 2847 sit
461 2794 724 2847 insidiator
749 2793 801 2845 in
852 2790 1051 2845 castris.
1086 2787 1152 2841 In
1176 2804 1275 2857 quo
1302 2787 1433 2840 enim
1468 2787 1560 2841 iste
1595 2783 1820 2838 reconci-

251 2882 466 2937 liabatur
487 2883 691 2935 domino
728 2898 850 2945 suo,
883 2881 980 2933 nisi
1003 2880 1055 2932 in
1096 2878 1340 2946 capitibus
1381 2877 1597 2929 virorum
1624 2874 1823 2928 illorum

253 2977 327 3044 (l.
356 2974 486 3045 Reg.
515 2973 606 3030 29.
633 2974 690 3043 4)
713 2973 736 3025 â€˜l
760 2972 962 3040 Quibus
991 2971 1078 3025 ille
1107 2970 1281 3023 verbis
1312 2967 1580 3037 perculsus
1607 2972 1821 3033 accepta

252 3082 459 3123 summa
485 3064 796 3121 contumelia
829 3063 1049 3118 recessit
1074 3074 1305 3117 marcus
1332 3100 1347 3125 ,
1378 3073 1441 3112 ac
1459 3058 1673 3111 domum
1698 3055 1823 3109 red-

256 3159 370 3213 iens
432 3166 574 3210 tanta
632 3154 768 3209 mala
806 3152 1021 3207 offendit
1048 3193 1064 3219 ,
1116 3159 1171 3205 ut
1214 3165 1347 3219 pene
1389 3161 1618 3203 moerere
1659 3144 1825 3202 suffo-

254 3257 483 3303 caretur.
524 3247 653 3315 Quae
690 3246 832 3301 enim
878 3256 1003 3299 tunc
1069 3243 1404 3313 contigerunt
1455 3240 1711 3306 adversa,
1763 3253 1826 3292 ea

256 3348 448 3405 erant,
480 3347 539 3393 ut
582 3346 797 3408 possent
828 3335 1048 3406 praevisa
1091 3334 1249 3389 etiam
1288 3332 1426 3386 illius
1463 3331 1695 3383 animum
1747 3338 1826 3383 te-

259 3431 436 3485 nebris
465 3428 731 3485 obducere
760 3445 773 3479 :
802 3440 960 3497 porro
1001 3441 1067 3479 ex
1108 3426 1374 3494 insperato
1406 3421 1829 3492 supervenientia

257 3522 419 3593 duplo
446 3536 602 3590 quam
640 3530 793 3575 erant
836 3518 1077 3590 graviora
1121 3515 1435 3571 videbantur
1459 3555 1472 3576 ,
1504 3526 1676 3582 neque
1719 3510 1829 3580 jam

261 3613 575 3669 tolerabilia.
604 3612 821 3667 Abicrat
846 3609 991 3665 enim
1038 3608 1126 3662 ille
1171 3606 1320 3676 quasi
1348 3604 1622 3675 quieturus
1647 3601 1828 3666 domi,

261 3705 506 3761 mmroris
536 3701 787 3773 praeteriti
813 3698 1228 3756 consolationem
1255 3697 1561 3750 inventurus
1582 3734 1599 3760 ,
1640 3707 1832 3746 uxores

262 3796 462 3851 scilicet
500 3810 563 3849 ac
606 3794 801 3848 liberos
828 3834 844 3858 ,
897 3806 1019 3845 cum
1082 3795 1298 3858 repente
1348 3786 1549 3840 audivit
1593 3783 1713 3838 illos
1778 3783 1831 3836 in

263 3886 532 3940 servitium
566 3882 635 3938 ab
659 3881 900 3937 hostibus
928 3879 1213 3944 abductos,
1242 3877 1473 3946 viditque
1502 3875 1677 3945 ignem
1701 3914 1717 3939 ,
1751 3871 1833 3927 fu-

266 3990 429 4038 mum,
466 3973 773 4043 sanguinem
803 4013 819 4038 ,
858 3971 1149 4034 cadavera;
1187 3978 1343 4038 atque
1393 3976 1673 4034 antequam
1703 3965 1834 4019 istos

267 4066 469 4137 lugeret
499 4106 516 4131 ,
560 4062 902 4133 captivosque
926 4060 1180 4125 defieret,
1214 4059 1422 4119 irruunt
1468 4058 1519 4111 in
1562 4072 1685 4112 eum
1712 4055 1837 4109 feris

266 4158 511 4214 omnibus
545 4155 826 4211 immanius
868 4154 1189 4209 habitatores
1224 4150 1451 4205 civitatis
1485 4188 1501 4214 ,
1537 4155 1837 4218 qua:rentcs

270 4250 456 4319 singuli
478 4262 693 4303 casuum
718 4262 935 4301 suorum
962 4242 1375 4299 consolationem
1393 4254 1460 4294 ex
1484 4240 1621 4294 illius
1641 4238 1835 4308 capite.

274 4344 338 4397 Et
390 4340 831 4412 quemadmodum
870 4353 990 4393 cum
1029 4336 1168 4391 venti
1196 4334 1446 4389 contrarii
1486 4333 1537 4385 in
1582 4345 1728 4385 mare
1769 4331 1839 4384 ir-

273 4444 457 4499 ruuut,
489 4434 671 4503 ingens
710 4442 762 4486 et
787 4446 928 4485 saeva
956 4428 1181 4499 procella
1219 4440 1283 4480 ex
1313 4439 1375 4480 ea
1407 4439 1577 4493 pugna
1605 4422 1838 4477 concita-

275 4538 357 4581 tur
385 4545 396 4579 :
426 4527 495 4579 ita
524 4536 579 4580 et
616 4537 739 4579 tunc
782 4524 987 4578 tristitia
1017 4529 1072 4575 et
1108 4527 1248 4573 metu
1267 4517 1394 4587 justi
1424 4515 1580 4585 hujus
1622 4523 1840 4584 pertur-

275 4617 519 4673 bantibns
559 4616 819 4676 aninuun,
872 4621 1155 4682 tempestas
1208 4609 1436 4663 maxima
1481 4604 1843 4673 tumultusque

277 4710 462 4763 barum
513 4706 813 4776 passionum
870 4705 1092 4758 invicem
1132 4716 1190 4756 se
1240 4698 1600 4755 collidentium
1647 4695 1845 4765 iugiter

278 4802 463 4854 inerat.
492 4796 622 4851 Cum
655 4805 829 4850 autem
880 4794 962 4848 his
990 4794 1201 4863 elapsus
1238 4790 1390 4845 malis
1437 4803 1629 4843 uxores
1655 4802 1717 4841 ac
1747 4801 1843 4840 na-

278 4900 358 4945 tos
395 4889 854 4959 captivitatemqne
915 4899 1127 4940 omnem
1183 4884 1508 4953 recepisset,
1562 4888 1845 4948 antequam

277 4981 511 5035 victoria:
542 4979 681 5034 illius
706 4978 970 5045 voluptate
1010 4974 1276 5029 frueretur
1296 5014 1312 5039 ,
1355 4972 1695 5028 mmstiSsimo
1727 4984 1846 5037 per-

278 5088 467 5128 cussus
505 5079 589 5126 est
632 5070 814 5125 nuntio
842 5110 857 5135 ,
900 5076 1122 5122 mortem
1180 5063 1421 5119 Jonatlue
1464 5061 1843 5131 comperiens:

280 5180 397 5233 quae
442 5163 581 5218 illius
608 5162 841 5215 animum
874 5168 1017 5213 tanto
1059 5158 1244 5212 dolore
1273 5154 1591 5227 prostravit,
1622 5160 1848 5221 quantus

282 5271 345 5308 ex
371 5254 509 5308 illius
536 5250 909 5306 lamentatione
935 5249 1289 5319 cognoscitur.
1334 5244 1524 5298 Incidit
1560 5243 1699 5297 enim
1724 5282 1738 5304 ,
1766 5240 1849 5293 in-

283 5346 424 5415 quit,
454 5359 604 5412 super
650 5358 727 5395 me
769 5341 966 5395 dilectio
1008 5340 1114 5404 tui,
1145 5338 1287 5408 quasi
1343 5336 1541 5389 dilectio
1587 5333 1851 5385 mulierum

288 5437 363 5505 (2.
395 5436 520 5504 Reg.
567 5436 618 5489 l.
657 5434 771 5505 26).
818 5433 952 5501 Quid
991 5442 1167 5485 autem
1218 5427 1620 5484 lamentationes
1669 5438 1852 5493 prose-

285 5528 460 5597 quar?
498 5527 595 5593 Qui
628 5527 767 5580 enim
817 5535 1015 5594 patrem
1062 5524 1241 5588 illius,
1287 5519 1649 5575 insidiatorem
1695 5529 1849 5571 suum

286 5630 442 5692 atque
466 5622 732 5677 inimicum
757 5630 809 5676 et
828 5620 916 5691 qui
941 5618 1128 5673 millies
1150 5626 1373 5671 mortem
1393 5628 1541 5669 suam
1572 5610 1855 5679 concupie-

288 5730 391 5786 rat,
422 5720 492 5773 ita
518 5718 695 5782 licvit,
736 5714 862 5787 quid
900 5728 1087 5783 passus
1112 5711 1442 5766 existimetur
1464 5749 1479 5773 ,
1520 5720 1641 5759 cum
1671 5703 1855 5766 illum,

288 5814 379 5885 qui
422 5813 522 5869 sibi
548 5814 599 5869 in
631 5814 734 5868 illis
758 5809 1007 5881 periculis
1053 5822 1264 5873 semper
1308 5804 1614 5864 adstiterat,
1646 5813 1706 5853 ac
1752 5810 1850 5851 sa:-

614 5913 882 5972 PATROL.
928 5906 1044 5966 Gn.
1089 5895 1341 5960 XLVII.

1040 407 1129 463 AD
1164 403 1532 462 STAGIRIUM
1571 404 1613 458 A
1654 400 1954 457 Î’á¾¹ÎžÎœÎŸÎÎ•
1997 402 2346 461 VEXATUM.
2389 404 2515 461 LIB.
2555 404 2644 459 Ill.

3370 404 3476 462 489

1912 515 2129 583 pissime
2160 518 2322 586 patris
2350 518 2553 574 insidiis
2574 519 2869 588 eripuerat,
2900 526 3330 588 secretorumque
3354 533 3477 573 suo.

1911 621 2029 661 rum
2052 608 2314 676 particeps
2339 608 2530 673 fuerat,
2550 625 2669 664 cum
2695 622 2802 679 quo
2825 617 2979 679 pacta
3014 607 3236 676 plurima
3263 608 3471 671 inierat.

1912 710 2034 751 cum
2063 695 2136 750 illi
2188 706 2525 768 acceptorum
2572 697 2951 754 beneficiorum
2998 697 3166 753 vicem
3200 699 3477 753 restituere

1914 786 2148 849 valeret,
2174 794 2284 841 tum
2317 802 2349 841 e
2392 791 2496 843 vita
2524 788 2818 844 decessisse
2849 788 3074 843 didicit?

1986 879 2040 933 8.
2067 877 2197 935 Cum
2223 880 2394 935 adhuc
2418 881 2616 951 vigeret
2648 881 2733 935 illa
2774 881 3095 950 perturbatio
3116 921 3133 947 ,
3162 880 3268 935 alio
3294 893 3480 934 rursus

1917 986 2146 1026 mmrore
2175 971 2283 1026 dux
2308 973 2453 1026 illum
2478 989 2588 1029 sum
2614 974 2817 1027 militia:
2838 975 3126 1039 excruciat,
3148 972 3273 1027 dum
3302 973 3481 1027 Abeu-

1919 1078 2016 1117 ner
2038 1102 2054 1128 ,
2092 1064 2182 1132 qui
2209 1066 2323 1118 sine
2344 1063 2522 1118 labore
2545 1105 2561 1130 ,
2585 1064 2693 1118 imo
2717 1072 2771 1118 et
2797 1077 2916 1118 cum
2942 1063 3189 1118 facilitate
3215 1064 3359 1118 omni
3401 1072 3481 1117 to-

1919 1165 2027 1208 tum
2056 1154 2128 1208 illi
2160 1154 2452 1209 exercitum
2480 1169 2539 1209 se
2569 1154 2911 1223 praebiturum
2962 1154 3229 1224 pollicitus
3268 1154 3437 1209 fuerat
3461 1193 3477 1220 ,

1916 1256 2039 1301 ante
2069 1246 2335 1314 impletam
2382 1245 2806 1314 pollicitationem
2852 1259 3117 1313 occupans
3142 1286 3157 1311 ,
3184 1244 3367 1299 fraude
3401 1245 3482 1297 in-

1920 1336 2135 1391 terimit.
2166 1336 2258 1390 Cui
2285 1336 2416 1390 omni
2461 1336 2513 1390 in
2545 1344 2745 1391 tantum
2794 1335 3097 1401 condoluit,
3146 1342 3206 1389 ut
3251 1343 3306 1389 et
3357 1344 3483 1389 tunc

1918 1427 2055 1481 mala
2097 1426 2231 1483 Joab
2259 1428 2640 1496 imprecaretnr
2664 1467 2679 1492 ,
2726 1436 2783 1483 et
2818 1427 2936 1496 ipso
2974 1430 3160 1483 mortis
3184 1441 3298 1483 sua
3342 1436 3482 1483 tem-

1920 1534 2048 1589 pore
2076 1519 2185 1574 filio
2206 1521 2488 1589 imperaret
2517 1559 2530 1581 ,
2563 1528 2620 1572 ut
2645 1519 2896 1579 ultionem
2922 1519 2988 1575 ab
3015 1535 3081 1575 eo
3108 1519 3236 1573 tanti
3261 1518 3479 1574 sceleris

1920 1611 2156 1679 exigeret
2180 1628 2193 1663 :
2217 1624 2280 1663 ac
2321 1611 2483 1663 verba
2510 1609 2620 1678 ipsa
2666 1609 3054 1664 lamentationis
3080 1624 3187 1662 sua:
3214 1608 3487 1678 perturba-

1921 1703 2119 1756 tionem
2149 1702 2309 1756 animi
2364 1702 2504 1756 illius
2541 1702 2691 1757 facile
2739 1702 2889 1756 nobis
2928 1702 3195 1756 insinuare
3242 1711 3481 1769 possunt.

1924 1792 2147 1846 Elevavit
2193 1794 2323 1846 enim
2350 1809 2471 1857 rex,
2498 1793 2665 1862 inquit
2691 1834 2705 1856 ,
2734 1809 2901 1846 vocem
2926 1809 3069 1846 suam
3092 1833 3107 1858 ,
3139 1807 3199 1845 ac
3224 1792 3360 1861 ï¬‚evit
3397 1808 3486 1845 su-

1924 1899 2011 1951 per
2036 1885 2225 1937 tumulo
2268 1884 2497 1938 Abenner
2523 1926 2539 1951 ,
2568 1894 2614 1939 et
2642 1884 2768 1938 dixit
2808 1899 2827 1938 :
2852 1883 2913 1939 Si
2959 1884 3232 1938 secundum
3281 1893 3489 1937 mortem

1925 1974 2098 2029 Nabal
2149 1978 2384 2029 morietur
2431 1975 2658 2029 Abenner
2682 2016 2697 2039 ,
2750 1991 2930 2029 manus
2980 1984 3079 2029 tua:
3140 1992 3239 2028 non
3288 1978 3489 2044 fuerunt

1926 2068 2101 2121 vincte
2124 2109 2139 2131 ,
2168 2085 2327 2137 neque
2376 2068 2525 2137 pedes
2553 2068 2627 2121 tui
2664 2067 2717 2120 in
2762 2066 3079 2135 compedibus
3101 2106 3117 2131 ,
3149 2082 3304 2129 neque
3326 2081 3490 2119 acces-

1924 2160 2034 2214 sisti
2071 2160 2199 2213 sicut
2227 2159 2395 2213 Nabal
2426 2175 2637 2213 :coram
2689 2158 2797 2225 filio
2838 2158 3110 2227 iniquitatis
3134 2157 3364 2210 corruisti
3409 2156 3486 2227 (2.

1926 2250 2054 2322 Reg.
2086 2252 2139 2305 5.
2168 2251 2394 2320 52-54).
2421 2249 2556 2316 Quid
2582 2250 2739 2320 igitur
2762 2256 2878 2319 post
2908 2247 3023 2303 haec
3047 2248 3069 2302 ?
3114 2249 3244 2302 Dolo
3283 2248 3486 2302 interï¬â€”

1926 2344 2063 2398 citur
2108 2343 2529 2412 Memphibostbe
2556 2344 2572 2374 á½·
2598 2383 2613 2404 ,
2660 2342 3015 2409 successitque
3061 2340 3183 2395 hinc
3229 2354 3426 2396 mceror
3470 2356 3486 2404 ;

1927 2437 2122 2506 quippe
2169 2444 2224 2488 et
2266 2435 2410 2489 illum
2474 2435 2544 2487 ita
2595 2434 2726 2487 luxit
2772 2443 2986 2501 postea,
3032 2441 3086 2486 ut
3126 2430 3493 2486 interfectores

1927 2529 2042 2596 ejus
2068 2534 2241 2580 morte
2287 2525 2570 2579 mulctaret
2597 2542 2611 2578 :
2640 2523 2832 2579 cohors
2876 2523 3000 2577 item
3029 2520 3333 2576 dandorum
3389 2519 3489 2573 ob-

1924 2618 2064 2688 jecta
2103 2616 2250 2671 illum
2294 2614 2572 2669 immodice
2609 2612 2860 2669 turbavit.
2914 2612 3006 2667 Eis
3050 2620 3223 2666 tamen
3272 2609 3494 2678 aliisque

1932 2708 2174 2763 hostibus
2198 2706 2462 2761 nonnullis
2483 2703 2777 2774 superatis,
2804 2716 2982 2757 arcam
3026 2700 3223 2770 ingenti
3251 2715 3370 2755 cum
3400 2699 3493 2753 la:-

1933 2798 2046 2853 titia
2090 2797 2341 2851 reducere
2387 2794 2613 2849 instituit
2657 2791 2733 2863 (2.
2766 2792 2892 2862 Reg.
2925 2790 2981 2845 6.
3012 2790 3101 2860 3).
3145 2789 3337 2844 Verum
3373 2802 3493 2842 cum

1932 2903 1996 2943 ea
2025 2888 2393 2947 reduceretur,
2423 2883 2773 2955 gaudentibus
2797 2880 3069 2945 omnibus,
3110 2880 3163 2934 in
3192 2878 3368 2933 medio
3406 2878 3496 2931 la-

1938 2980 2067 3034 titiae
2117 2991 2203 3033 res
2239 2978 2490 3046 contigit,
2520 2990 2638 3045 quae
2664 2974 2986 3043 voluptatem
3037 2972 3347 3026 obscuraret
3380 2985 3499 3025 omâ€”

1937 3071 2080 3125 nium
2102 3112 2117 3137 ,
2163 3070 2405 3139 regisque
2424 3068 2658 3121 animum
2686 3065 2883 3136 ingenti
2904 3064 3087 3121 dolore
3114 3079 3178 3117 ac
3206 3075 3348 3117 metu
3374 3076 3503 3117 conc

1939 3162 2163 3219 foderet.
2198 3162 2306 3217 02a
2345 3161 2485 3215 enim
2529 3174 2649 3213 cum
2679 3157 2841 3212 vellet
2884 3171 3061 3211 arcam
3103 3155 3363 3209 labantem
3392 3154 3500 3207 eri-

1935 3272 2061 3327 gere
2084 3298 2099 3322 ,
2132 3255 2225 3310 Dei
2251 3252 2528 3308 confestim
2554 3248 2824 3305 iracundia
2854 3261 3133 3317 percussus
3160 3260 3223 3300 ac
3260 3253 3501 3299 mortuus

1938 3356 2020 3403 est
2049 3364 2062 3398 :
2093 3359 2261 3414 usque
2311 3343 2446 3397 adeo
2482 3349 2659 3395 autem
2694 3338 2834 3409 regis
2883 3338 3117 3391 animum
3178 3344 3351 3391 metus
3402 3334 3503 3388 istc

1939 3437 2245 3501 commovit,
2274 3444 2330 3489 ut
2372 3448 2478 3488 non
2507 3433 2652 3502 prius
2688 3430 2906 3484 auderet
2934 3442 3112 3481 arcam
3150 3426 3218 3480 ad
3252 3441 3312 3481 se
3338 3426 3503 3479 intro-

1938 3531 2137 3585 ducere
2162 3571 2175 3593 ,
2199 3543 2355 3599 quam
2384 3525 2687 3581 addisceret
2736 3536 2969 3593 quonam
3008 3520 3168 3574 modo
3210 3533 3334 3588 erga
3381 3534 3502 3573 eum

1940 3638 2000 3678 se
2041 3629 2281 3692 gereret,
2310 3619 2399 3690 qui
2446 3618 2589 3672 illam
2637 3622 2945 3684 susceperat
2969 3611 3266 3666 Abeddara.
3316 3610 3504 3665 Postea

1942 3724 2154 3771 mortuo
2203 3711 2624 3767 Ammanitarum
2661 3722 2788 3778 rege
2804 3704 2879 3777 (2.
2900 3698 3218 3773 Reg.l0.2),
3241 3712 3355 3754 rem
3383 3703 3506 3757 boni

1943 3823 2006 3863 ac
2036 3806 2246 3877 benigni
2276 3803 2506 3858 hominis
2552 3800 2786 3860 faciens,
2816 3798 2959 3852 misit
2984 3797 3071 3866 qui
3109 3794 3507 3849 consolarentur

1945 3902 2111 3956 lilium
2153 3901 2288 3968 ejus,
2330 3896 2815 3966 persuaderentque
2841 3890 3004 3960 patris
3023 3888 3220 3943 obitum
3252 3887 3510 3956 patienter

1946 3995 2195 4049 tolerare.
2246 3990 2380 4044 Tum
2440 3988 2527 4041 ille
2577 4000 2675 4055 pro
2733 3984 2933 4036 honore
2993 3989 3238 4048 suscepto
3307 3977 3513 4047 injuriis

1945 4087 2202 4141 abeuntes
2224 4088 2574 4152 prosequutus
2602 4075 2975 4131 dehonestatos
2997 4070 3198 4126 remisit
3221 4069 3286 4124 ad
3308 4083 3509 4139 regem.

1944 4179 2207 4233 Parumne
2250 4174 2351 4229 hoc
2380 4171 2474 4226 tibi
2510 4170 2777 4224 videretur
2820 4166 2886 4220 ad
2934 4162 3225 4219 feriendum
3254 4159 3513 4229 dejicien-

1946 4272 2179 4341 dumque
2206 4265 2479 4323 animum?
2504 4278 2679 4318 annon
2710 4262 2904 4316 bellum
2932 4257 3055 4310 hinc
3082 4265 3135 4309 et
3162 4269 3268 4309 non
3310 4252 3416 4308 alia
3448 4250 3517 4305 de

1948 4378 2106 4419 causa
2141 4370 2421 4431 sequutum
2455 4356 2507 4411 id
2546 4353 2808 4418 ostendit,
2837 4350 2975 4421 quod
3018 4348 3069 4402 in
3100 4356 3302 4401 tantum
3350 4343 3512 4398 vehe-

1949 4453 2163 4509 mentia:
2208 4462 2543 4520 progressum
2573 4454 2687 4508 est,
2718 4452 2776 4498 ut
2826 4438 3117 4495 innumeris
3169 4436 3313 4490 illum
3362 4432 3513 4487 malis

1950 4542 2227 4600 afï¬ceret?
2251 4540 2506 4596 Sufficere
2533 4535 2747 4607 quidem
2797 4540 2851 4586 et
2890 4532 2985 4585 ista
3017 4537 3278 4597 poterant,
3309 4524 3515 4579 etiamsi

1952 4638 2030 4691 eis
2053 4634 2310 4705 quispiam
2342 4632 2616 4684 innumera
2634 4625 2863 4696 jucunda
2896 4622 3254 4693 permisceat,
3285 4618 3351 4671 ad
3376 4616 3517 4670 illius

1952 4731 2113 4785 vitam
2151 4729 2290 4782 inter
2328 4739 2422 4780 eos
2448 4719 2858 4782 numeraudam,
2888 4715 2978 4786 qui
3004 4716 3056 4769 in
3086 4714 3229 4766 luctu
3272 4718 3327 4764 et
3354 4708 3515 4762 miseâ€”

1953 4822 2047 4877 riis
2078 4822 2321 4874 vixernnt
2351 4835 2365 4871 :
2397 4825 2452 4870 at
2478 4814 2599 4869 talia
2630 4810 2965 4882 postmodum
3006 4813 3228 4875 sequuta
3268 4808 3393 4856 sunt
3421 4841 3434 4863 ,
3463 4808 3516 4853 ut

1953 4929 2053 4970 nec
2082 4913 2207 4967 olim
2248 4924 2378 4963 vere
2426 4906 2596 4961 tristia
2621 4903 2728 4974 pati
2757 4902 2982 4970 cmpisse
3009 4898 3268 4952 videatur.
3315 4891 3523 4961 Quippe

1956 5005 2163 5060 fabulas
2188 5014 2375 5056 omnes
2402 5008 2725 5065 omnemque
2753 4990 3062 5061 tragoediam
3108 4986 3348 5040 vicerunt
3373 4982 3517 5051 regis

1958 5100 2115 5168 hujus
2160 5094 2531 5151 calamitates:
2564 5088 2699 5143 adeo
2770 5092 3072 5155 portentosa
3125 5089 3178 5135 et
3231 5075 3526 5147 frequentia

1956 5167 2137 5246 domui
2173 5188 2289 5257 ejus
2309 5185 2582 5254 contigere
2608 5180 2745 5235 mala
2766 5219 2780 5241 ,
2807 5191 2927 5230 cum
2956 5171 3283 5229 calamitates
3302 5167 3525 5222 aliarum

1957 5282 2317 5338 calamitatum
2339 5274 2579 5331 remedio
2616 5278 2953 5325 curarentur.

2033 5370 2319 5427 Sceleribus
2388 5363 2606 5433 ï¬liorum
2647 5360 2879 5431 afï¬‚igitur
2921 5346 3487 5407 Damtâ€”Considera
3512 5386 3526 5406 .

1960 5476 2177 5535 quaeso:
2223 5454 2486 5513 adamavit
2513 5466 2751 5507 sororem
2781 5449 3011 5502 Thamar
3039 5444 3269 5506 Amnon,
3301 5446 3526 5491 amatam

1961 5528 2013 5611 vi
2038 5552 2323 5626 oppressit,
2366 5560 2674 5618 oppressam
2703 5541 2827 5599 odio
2865 5538 3080 5600 habuit,
3111 5546 3333 5602 eamque
3360 5528 3530 5583 viola-

2027 5739 2043 5768 Î¹
2067 5736 2138 5783 Sic
2150 5743 2321 5781 omnes
2342 5736 2445 5778 Mss.
2463 5732 2606 5787 atque
2621 5723 2754 5779 editi;
2771 5722 2857 5787 sed
2880 5718 3158 5783 tegendum,
3181 5710 3426 5770 tesbosthe,
3449 5708 3536 5756 nisi

1970 5799 2032 5847 sit
2051 5796 2379 5845 mnemonicus
2396 5783 2873 5853 error'Chrysustomi.

3109 5863 3189 5923 28
