4036 6416
548 447 650 504 ὐ83

547 561 742 614 tionem
771 556 1138 626 nefariumque
1175 560 1510 614 concubitum
1532 561 1645 629 ipse
1676 560 1924 630 patefecit
1949 561 2104 616 alicui

547 665 613 704 ex
642 651 834 713 servis,
862 651 1120 707 mandans
1146 660 1202 706 ut
1223 651 1438 707 invitam
1467 654 1682 722 pelleret
1711 653 1900 719 domo,
1925 667 1990 707 ac
2017 668 2111 722 per

547 742 774 810 plateam
804 744 1068 799 emitteret
1104 744 1421 799 clamantem
1460 746 1880 814 plorantemque.
1910 745 1965 800 ld
1990 760 2111 799 cum

546 829 824 886 didicisset
843 833 1125 900 Absalom,
1166 833 1233 889 ad
1265 835 1536 904 prandium
1564 834 1754 890 fratres
1781 835 1965 889 invitat
1992 835 2111 888 uni-

547 935 752 988 versos,
779 922 917 977 inter
941 937 1073 993 quos
1109 932 1164 978 et
1199 932 1466 993 stuprator
1495 924 1582 978 ille
1618 925 1854 978 sororius
1890 923 2110 989 aderat,

549 1011 796 1068 edentem
823 1013 970 1068 illum
1010 1029 1126 1068 cum
1155 1016 1360 1069 caeteris
1389 1023 1546 1086 atque
1573 1015 1841 1070 bibentem
1873 1030 1967 1084 per
1994 1029 2111 1069 ser-

553 1119 651 1159 vos
675 1105 900 1176 jugulat.
928 1105 1055 1160 Inde
1082 1106 1342 1176 quispiam
1369 1121 1659 1177 exsurgens
1677 1149 1693 1174 ,
1725 1121 1823 1160 nec
1849 1106 2006 1176 plene
2035 1105 2113 1160 rei

550 1203 714 1264 gestae
737 1196 976 1251 ordinem
1007 1211 1231 1252 noscens
1257 1199 1326 1252 ob
1353 1199 1628 1252 tumultum
1654 1239 1668 1264 ,
1720 1197 1832 1267 regi
1879 1203 2114 1250 mortuos

552 1300 739 1341 omnes
759 1287 896 1342 illius
920 1287 1054 1343 ﬁlios
1073 1291 1366 1344 annuntiat.
1381 1289 1529 1344 Tunc
1550 1290 1637 1345 ille
1656 1289 1845 1344 sedens
1869 1289 2114 1354 ﬁliorum,

551 1393 672 1447 quae
701 1394 804 1433 non
831 1389 947 1435 erat
970 1422 984 1446 ,
1027 1382 1236 1451 lugebat
1273 1382 1493 1436 easdem.
1523 1382 1806 1451 Postquam
1850 1396 1964 1435 rem
1995 1396 2117 1435 vere

554 1480 758 1541 gestam
809 1473 991 1540 novit,
1046 1474 1156 1529 tilio
1203 1473 1414 1544 quidem
1457 1474 1826 1528 interminatus
1865 1481 1947 1527 est
1984 1487 2119 1526 mor-

553 1571 696 1626 tem;
725 1578 845 1618 cum
874 1579 998 1618 vero
1023 1555 1109 1619 ille
1137 1564 1422 1636 effugisset,
1457 1573 1732 1632 totumque
1757 1564 2039 1618 triennium
2066 1564 2117 1617 in

557 1655 730 1710 aliena
759 1657 976 1712 vixisset
1018 1658 1257 1728 regione,
1311 1667 1421 1712 toto
1448 1658 1537 1712 illo
1568 1667 1803 1726 tempore
1855 1672 1952 1712 rex
1996 1671 2119 1726 per-

559 1747 754 1802 mansit
783 1749 946 1804 iratus
970 1768 980 1802 :
1011 1760 1066 1804 et
1105 1766 1171 1806 ne
1198 1761 1322 1805 tunc
1350 1751 1561 1820 quidem
1593 1751 1741 1805 illum
1770 1751 2116 1813 accersisset,

559 1837 664 1892 nisi
688 1852 809 1892 eum
839 1839 990 1894 ducis
1014 1841 1095 1894 sui
1140 1842 1398 1910 sapientia
1426 1839 1679 1895 ﬂexisset.
1723 1840 1802 1894 Eo
1829 1849 2004 1894 autem
2033 1854 2122 1893 ac-

559 1927 774 1991 cersito,
807 1943 876 1983 ne
900 1929 978 1983 sic
1003 1929 1214 1999 quidem
1245 1931 1502 1984 exstincta
1530 1940 1612 1985 est
1637 1930 1835 1984 doloris
1879 1929 2087 1982 ﬂamma
2105 1971 2119 1994 ,

559 2017 654 2073 sed
667 2018 800 2074 duos
813 2035 994 2075 rursus
1005 2037 1171 2076 annos
1184 2021 1332 2076 illum
1348 2031 1564 2091 aspectu
1579 2021 2125 2089 removitsuo,vixque

557 2117 679 2178 post
698 2109 832 2164 adeo
858 2110 1119 2180 prolixum
1142 2120 1350 2180 tempus
1373 2128 1402 2167 a
1426 2113 1560 2167 duce
1579 2122 1824 2167 exoratus
1848 2112 1960 2166 suis
1977 2112 2124 2166 illum

559 2199 861 2267 aspectibus
906 2200 1152 2271 dignatus
1198 2210 1298 2256 est.
1332 2203 1401 2256 At
1427 2218 1556 2257 vero
1582 2203 1669 2257 ille
1717 2203 1902 2256 harum
1947 2218 2122 2256 rerum

559 2290 815 2344 memoria
845 2289 1162 2361 indignatus,
1189 2293 1300 2348 sive
1323 2293 1454 2348 alias
1481 2293 1809 2364 tyrannidem
1836 2292 2086 2347 aﬂ'ectans
2111 2333 2124 2355 ,

560 2377 786 2448 insurgit
808 2379 863 2432 in
894 2389 1096 2449 patrem
1117 2423 1132 2449 ,
1187 2382 1438 2453 illumque
1485 2398 1667 2438 rursus
1693 2382 1759 2438 ad
1800 2382 1948 2452 fugas
1975 2397 2126 2436 erro-

560 2482 774 2538 resque,
806 2485 939 2538 quos
967 2486 1249 2541 perpessus
1277 2482 1392 2526 erat
1433 2473 1530 2527 sub
1553 2472 1680 2527 Saftl
1699 2513 1713 2536 ,
1741 2481 1990 2526 revocat:
2022 2471 2128 2524 imo

561 2560 639 2614 illi
668 2562 836 2616 multo
882 2564 1156 2618 molestior
1200 2579 1264 2618 ea
1289 2564 1430 2635 fuga,
1471 2579 1629 2634 quam
1654 2565 1801 2634 prior
1850 2564 1968 2619 fuit.
1997 2564 2128 2618 Nam

562 2649 707 2720 prius
733 2650 944 2720 quidem
967 2652 1071 2707 dux
1094 2669 1213 2708 cum
1233 2663 1395 2720 esset,
1426 2654 1524 2709 ista
1552 2669 1832 2724 perpessus
1855 2662 1967 2708 est:
1991 2667 2131 2708 nunc

562 2748 740 2794 autem
768 2755 888 2795 cum
913 2743 1066 2796 annis
1092 2743 1331 2813 plurimis
1358 2753 1663 2814 regnasset,
1712 2744 1998 2813 hostesque
2022 2743 2131 2798 fere

565 2819 753 2883 omnes
782 2841 1107 2900 superasset,
1138 2833 1366 2902 migrare
1409 2833 1699 2903 cogebatur
1721 2873 1736 2898 ,
1787 2847 1850 2887 ac
1875 2833 2131 2904 profugus

563 2919 681 2974 ﬂeri
707 2937 720 2973 :
753 2921 843 2991 qui
868 2929 1044 2977 autem
1075 2923 1221 2978 illum
1249 2923 1522 2995 profugum
1549 2924 1759 2995 agebat,
1791 2939 1899 2978 non
1927 2925 2132 2980 alienus

567 3009 830 3079 quispiam
854 3051 869 3078 ,
900 3011 1014 3066 sive
1044 3012 1214 3068 hostis
1238 3023 1388 3078 erat,
1440 3015 1534 3070 sed
1571 3015 1659 3084 qui
1684 3029 1748 3070 ex
1778 3014 1944 3083 ipsius
1982 3023 2133 3069 utero

563 3115 821 3169 egressus
843 3101 1015 3158 fuerat
1037 3145 1053 3171 ,
1093 3105 1231 3158 sicut
1268 3113 1322 3159 et
1349 3106 1462 3174 ipse
1491 3105 1878 3160 lamentabatur
1919 3106 2136 3176 plorans

571 3191 666 3262 (2.
697 3192 824 3264 Reg.
865 3193 953 3248 16.
984 3193 1114 3267 11).
1158 3194 1226 3248 Et
1255 3195 1380 3248 olim
1426 3196 1638 3265 quidem
1689 3211 1808 3251 cum
1840 3197 1892 3251 in
1927 3196 2136 3252 fervore

563 3293 707 3338 esset
720 3285 909 3349 aetatis,
929 3285 1064 3340 ferre
1085 3287 1328 3342 universa
1349 3285 1553 3341 fortiter
1563 3295 1785 3356 poterat;
1805 3304 1942 3342 nunc
1960 3298 2135 3344 autem

567 3374 661 3428 illo
693 3383 930 3445 tempore
949 3391 1182 3442 emenso,
1215 3378 1425 3447 quando
1445 3379 1730 3434 senectutis
1755 3395 1864 3434 sua:
1892 3380 2136 3435 solatium

568 3465 852 3519 scelestum
882 3465 1030 3519 illum
1059 3467 1251 3522 habere
1275 3467 1568 3536 debuerat,
1598 3478 1719 3524 tunc
1749 3469 1977 3525 maxime
2005 3470 2136 3526 insi-

570 3555 777 3610 diosum
805 3557 1009 3627 sibique
1052 3558 1447 3613 infestissimum
1493 3560 1772 3614 sentiebat.
1816 3561 2136 3630 Egredieba-

570 3657 759 3716 turque
787 3663 903 3703 cum
937 3650 1133 3718 paucis,
1161 3651 1384 3719 pedibus
1409 3653 1564 3705 nudis
1584 3669 1696 3715 rex,
1728 3669 1786 3707 se
1814 3670 1919 3722 prae
1942 3654 2142 3723 pudore

571 3743 862 3807 occultans,
912 3758 973 3796 ac
999 3745 1260 3814 lacrymas
1291 3743 1532 3800 fundens.
1560 3745 1760 3798 Bellum
1790 3747 1982 3815 quippe
2013 3746 2139 3800 illud

573 3849 676 3890 non
703 3836 1020 3891 calamitatis
1048 3846 1280 3904 tantum,
1309 3837 1401 3891 sed
1427 3837 1750 3892 confusionis
1792 3853 2001 3908 quoque
2033 3855 2142 3892 ma-

574 3927 705 3980 teria
736 3927 808 3979 illi
839 3937 974 3981 erat.
1005 3927 1176 3982 Tanto
1201 3929 1340 3981 enim
1369 3930 1779 3983 contumeliosus
1807 3945 1965 4000 quam
1995 3929 2140 3997 Saftl,

573 4020 765 4087 impius
791 4018 926 4073 ﬁlius
945 4034 1064 4073 cum
1087 4020 1240 4074 beato
1261 4019 1351 4073 illo
1372 4028 1493 4074 tunc
1513 4021 1724 4090 agebat,
1752 4031 1807 4074 ut
1832 4023 1995 4090 patris
2014 4036 2150 4090 quo—

570 4123 672 4180 que
709 4110 1032 4164 concubinas
1071 4111 1329 4175 violaret,
1381 4111 1538 4180 idque
1579 4126 1681 4166 non
1726 4112 1901 4175 clam,
1951 4111 2042 4165 sed
2092 4112 2142 4164 in

573 4201 770 4256 solario
797 4202 1015 4267 domus,
1044 4201 1341 4256 videntibus
1369 4202 1635 4269 omnibus,
1684 4211 1740 4257 ut
1777 4202 1896 4272 jura
1943 4211 2145 4257 natura:

573 4293 820 4364 legesque
847 4293 1158 4348 concubitus
1184 4309 1278 4363 per
1306 4294 1543 4361 nimiam,
1574 4309 1678 4365 qua
1708 4295 1759 4348 in
1787 4305 1985 4365 patrem
2010 4296 2146 4352 fere-

577 4386 730 4441 batur
753 4427 768 4452 ,
797 4386 1053 4442 insaniam
1086 4396 1443 4455 perverteret:
1474 4397 1634 4457 atque
1661 4389 1892 4442 amentia
1940 4388 2140 4452 ebrius,

571 4479 711 4534 bello
732 4479 954 4533 necdum
977 4480 1237 4547 confecto,
1261 4479 1406 4549 quasi
1424 4481 1533 4549 jam
1553 4479 1787 4548 vicisset,
1811 4481 2148 4549 captivosque

575 4569 814 4625 duxisset
837 4570 1188 4635 adversarios,
1231 4570 1332 4624 ista
1363 4571 1592 4626 audebat
1615 4585 1678 4626 ac
1706 4585 1814 4640 pra:
1839 4585 1896 4625 se
1926 4571 2144 4625 ferebat.

576 4658 664 4715 Sic
695 4660 852 4728 igitur
894 4672 1140 4714 mmstum
1169 4669 1223 4714 et
1252 4661 1730 4716 metuentem-Siba
1772 4676 1890 4715 cum
1921 4663 2149 4718 invenis-

571 4760 672 4818 set,
701 4751 928 4807 turbavit
951 4753 1195 4822 amplius,
1218 4753 1486 4809 dominum
1503 4756 1852 4810 calumniatus
1870 4772 2044 4826 suum,
2065 4773 2149 4814 as-

570 4856 860 4912 serensque
888 4843 1033 4897 illum
1065 4846 1335 4914 tyrannice
1360 4847 1574 4901 sentire.

647 4933 700 4988 9.
730 4934 861 4988 lluic
901 4937 1158 4990 successit
1187 4935 1362 4991 Semei
1386 4974 1404 5002 ,
1432 4939 1510 4991 vir
1538 4937 1751 5007 quidam
1782 4939 2069 4993 sceleratus
2097 4949 2151 4994 et

573 5028 830 5096 ingratus,
856 5029 1250 5098 innumerisque
1275 5031 1420 5083 illum
1442 5030 1648 5098 probris
1671 5034 1943 5100 respersit,
1975 5032 2150 5086 verbis

576 5120 777 5188 lapides
799 5121 1124 5175 admiscens:
1155 5122 1422 5192 Egredere,
1448 5122 1710 5192 inquiens,
1729 5125 1804 5176 vir
1822 5126 2145 5194 sanguinum,

573 5222 620 5264 et
649 5213 723 5264 vir
747 5229 979 5281 nequam.
1009 5212 1262 5266 Convertit
1287 5214 1339 5266 in
1365 5224 1410 5267 te
1434 5212 1684 5268 Dominus
1722 5232 1914 5268 omnem
1946 5217 2149 5286 sangui-

576 5319 688 5355 nem
715 5303 892 5356 domus
921 5303 1070 5371 Saul,
1097 5305 1181 5374 qui
1207 5306 1425 5374 regnasti
1449 5321 1543 5376 pro
1569 5322 1626 5359 eo
1669 5315 1715 5359 et
1743 5307 1880 5359 dedit
1905 5305 2150 5361 Dominus

575 5411 784 5465 regnum
808 5396 861 5450 in
889 5413 1042 5450 manu
1067 5396 1305 5450 Absalom
1331 5399 1427 5467 ﬁlii
1471 5399 1561 5463 tui,
1593 5400 1900 5468 ostenditque
1929 5399 2016 5452 tibi
2043 5417 2151 5452 ma-

575 5485 735 5538 litiam
760 5496 916 5550 tuam,
939 5487 1055 5557 quia
1076 5489 1150 5542 vir
1171 5490 1474 5560 sanguinum
1493 5507 1545 5545 es
1569 5499 1621 5544 tu
1641 5489 1715 5560 (2.
1740 5489 1863 5561 Reg.
1890 5491 1980 5546 16.
2002 5491 2050 5543 7.
2071 5489 2147 5562 8).

577 5577 670 5631 llis
713 5577 801 5632 ille
829 5578 1020 5633 auditis
1061 5589 1220 5650 atque
1269 5582 1501 5635 toleratis
1546 5581 1850 5637 tabescebat
1895 5581 2108 5651 quidem
2133 5622 2146 5644 ,

576 5668 719 5739 quod
740 5685 804 5724 ex
826 5670 952 5741 ipsis
980 5671 1224 5728 lamentis
1246 5673 1522 5729 manifeste
1543 5675 1933 5745 comprobatur,
1966 5690 2148 5729 verum

579 5759 708 5813 nihil
736 5761 868 5815 ultra
900 5761 1075 5819 facere
1098 5764 1355 5828 audebat;
1386 5764 1478 5820 sed
1504 5781 1623 5821 cum
1662 5766 1882 5821 dixisset
1913 5764 2152 5820 :Dimitte

579 5851 722 5906 illum
769 5854 1064 5912 maledicere
1107 5861 1266 5915 mihi:
1310 5860 1556 5916 Dominus
1597 5863 1724 5916 enim
1767 5864 1892 5916 dixit
1940 5861 2040 5914 illi:
2086 5869 2141 5912 ut

1243 446 1300 502 S.
1339 445 1612 502 JOANNIS
1649 445 2118 503 CIIRYSOSTOMI
2150 444 2464 502 ARCHIEP.
2507 443 3035 500 CONSTANTINOP.

3690 433 3803 488 μι

2217 559 2382 612 videat
2421 560 2752 612 humilitatem
2789 573 2971 621 meum,
3012 555 3348 624 retribuatque
3386 555 3505 605 mihi
3545 551 3804 604 Dominus

2214 650 2342 705 bona
2358 667 2448 720 pro
2469 650 2814 704 maledictione
2829 649 2927 702 diei
2943 647 3093 718 hujus
3119 645 3193 718 (2.
3221 647 3348 716 Reg.
3362 641 3445 697 16.
3472 637 3662 708 10-12)
3684 643 3801 698 :vi-

2214 756 2336 794 vum
2365 739 2434 794 ab
2454 755 2512 794 se
2534 739 2681 794 abire
2709 738 2966 808 permisit.
2992 737 3092 806 Ipsi
3119 745 3294 790 autem
3315 735 3476 788 Chusi
3505 733 3598 786 adv
3610 743 3804 786 cntum

2217 832 2640 903 praestolabatur,
2672 829 3035 898 sollicitusque
3061 843 3122 882 ac
3148 837 3380 882 tremens
3410 825 3486 879 rei
3509 836 3800 892 exspecta-

2218 926 2308 979 bat
2353 925 2572 980 exitum.
2603 924 2673 979 Ut
2696 933 2870 978 autem
2911 933 2964 976 et
2991 922 3087 976 ista
3117 921 3351 975 nuntiata
3394 927 3553 981 sunt,
3598 915 3804 969 bellum

2217 1015 2595 1082 instruebatur,
2618 1015 2772 1070 bellis
2791 1014 3038 1069 omnibus
3059 1028 3175 1082 quae
3193 1026 3436 1081 umquam
3457 1010 3810 1077 contigerunt

2219 1105 2564 1171 insolentius,
2612 1106 2878 1175 aznigmati
2929 1119 3087 1174 quam
3143 1103 3349 1158 veritati
3393 1101 3639 1156 similius.
3667 1100 3809 1152 Eum

2219 1199 2361 1252 enim
2385 1199 2474 1268 qui
2494 1214 2650 1252 causa
2673 1198 2846 1252 fuerat
2871 1199 3127 1252 malorum
3149 1197 3404 1260 omnium,
3433 1196 3656 1265 ejusque
3676 1193 3810 1247 belli

2225 1298 2388 1342 totam
2421 1290 2692 1342 materiam
2726 1290 3021 1358 praebuerat
3044 1327 3060 1353 ,
3089 1298 3143 1343 et
3187 1302 3292 1356 quo
3319 1297 3524 1340 mortuo
3570 1285 3809 1338 adversa

2225 1381 2403 1433 omnia
2437 1380 2753 1434 ﬁniebantur
2777 1421 2791 1444 ,
2823 1394 2943 1433 eum
2973 1421 2986 1444 ,
3020 1379 3252 1448 inquam.
3283 1378 3504 1431 ducibus
3529 1378 3644 1430 suis
3696 1386 3813 1428 tota

2225 1471 2550 1538 providentia
2571 1481 2623 1525 et
2645 1484 2774 1526 cura
2803 1469 3229 1536 commendabat,
3255 1469 3351 1522 ista
3380 1470 3480 1522 illis
3498 1468 3698 1537 jngiter
3725 1482 3814 1520 re-

2227 1561 2427 1629 plicans
2451 1580 2462 1614 :
2489 1560 2712 1625 Parcite,
2732 1561 2921 1625 aiebat,
2954 1561 3062 1628 ﬁlio
3086 1577 3193 1614 meo
3218 1560 3449 1613 Absalom
3472 1559 3582 1628 (Id.
3618 1559 3700 1613 l8.
3728 1559 3812 1624 5).

2231 1651 2364 1718 Quid
2394 1651 2492 1705 hac
2518 1652 2850 1705 haesitatione
2890 1659 2944 1704 et
2971 1651 3312 1720 ambiguitate
3356 1650 3591 1704 deterius
3612 1650 3636 1699 ?
3675 1649 3816 1717 quid

2227 1759 2288 1798 ea
2321 1743 2628 1797 difﬁcultate
2659 1742 3063 1798 miserabilius?
3088 1742 3367 1810 Suscipere
3396 1741 3595 1796 bellum
3638 1755 3813 1808 enge-

2231 1835 2400 1897 batur,
2438 1836 2488 1886 in
2529 1849 2632 1903 quo
2661 1842 2714 1887 et
2739 1835 2956 1887 vincere
2983 1843 3036 1887 et
3071 1833 3206 1886 vinci
3233 1847 3383 1902 atque
3414 1832 3487 1885 illi
3517 1831 3812 1884 molestum

2231 1933 2364 1978 erat.
2398 1923 2526 1978 Nam
2554 1939 2726 1992 neque
2765 1925 3003 1992 superari
3040 1925 3269 1986 volebat,
3301 1923 3386 1992 qui
3416 1932 3588 1976 tantas
3629 1920 3821 1989 copias

2228 2015 2508 2079 emiserat;
2551 2030 2722 2083 neque
2747 2031 2955 2068 rursum
2982 2029 3250 2082 superare,
3281 2014 3368 2082 qui
3389 2013 3510 2067 belli
3535 2022 3821 2065 auctorem

2235 2107 2411 2159 necari
2437 2106 2770 2174 prohibebat.
2804 2107 2996 2160 Verum
3020 2107 3248 2159 discreto
3271 2105 3425 2169 bello,
3453 2120 3513 2158 ac
3535 2108 3822 2171 lineqnem

2234 2198 2394 2251 voluit
2420 2198 2557 2252 Deus
2583 2209 2909 2266 consequuto
2935 2240 2947 2262 ,
2979 2215 3040 2252 ac
3091 2197 3346 2267 parricida
3377 2198 3465 2250 illo
3495 2195 3817 2257 interfecto,

2235 2291 2450 2359 reliquis
2479 2291 2723 2344 omnibus
2757 2290 2809 2344 in
2833 2291 3010 2344 laetitia
3038 2299 3090 2344 et
3113 2289 3302 2359 gaudio
3322 2289 3617 2358 agentibus,
3656 2289 3817 2340 solus

2231 2397 2322 2436 rex
2355 2376 2575 2451 lugebat
2618 2391 2672 2437 et
2715 2383 3124 2454 lacrymabatur,
3169 2397 3232 2437 ac
3257 2381 3490 2451 seipsum
3531 2381 3826 2434 includens

2231 2471 2536 2526 defunctum
2574 2472 2927 2540 compellabat
2978 2472 3178 2538 ﬁlimn,
3233 2471 3536 2540 ferebatque
3581 2472 3826 2540 graviter

2233 2562 2372 2631 quod
2392 2578 2484 2631 pro
2505 2563 2595 2617 illo
2621 2563 2737 2632 ipse
2769 2578 2872 2616 non
2897 2563 3248 2617 occubuisset.
3270 2562 3394 2629 Qui:
3413 2562 3573 2626 enim,
3617 2563 3823 2624 aiebat,

2233 2655 2355 2707 mihi
2381 2655 2508 2706 mori
2536 2671 2626 2722 pro
2653 2664 2700 2707 te
2725 2655 2878 2717 dabit,
2915 2653 3152 2706 Absalom
3195 2654 3273 2722 ﬁli
3315 2655 3383 2706 mi
3427 2651 3554 2724 (Id.
3596 2669 3650 2706 υ.
3689 2652 3828 2720 53η

2233 2744 2369 2810 Quid
2397 2746 2494 2798 hac
2521 2744 2819 2799 calamitate
2840 2745 3140 2814 perplexius
3171 2759 3416 2813 umquam
3433 2743 3668 2797 auditum
3692 2743 3824 2797 est?

2235 2835 2455 2902 Quando
2477 2835 2689 2890 fratrem
2717 2835 2805 2889 ille
2833 2846 3129 2901 necaverat,
3154 2835 3324 2903 ipsum
3352 2833 3649 2887 interﬁcere
3668 2848 3824 2901 qure-

2235 2925 2404 2990 rebat;
2427 2924 2637 2994 quando
2657 2932 2830 2979 autem
2847 2935 3028 2979 contra
3051 2939 3109 2980 se
3135 2940 3358 2980 vesanus
3376 2924 3660 2986 ferebatur,
3687 2933 3819 2976 tunc

2238 3015 2344 3069 ﬁlio
2367 3015 2630 3085 parcebat.
2647 3016 2826 3086 Neque
2845 3015 2974 3072 ﬂere
2990 3016 3201 3087 quidem
3221 3017 3509 3071 destitisset
3524 3025 3824 3079 mortuum,

2239 3107 2338 3159 nisi
2363 3107 2413 3159 in
2443 3121 2658 3175 gressus
2681 3106 2813 3160 .loa'b
2840 3107 3198 3177 indignitatem
3224 3107 3299 3162 rei
3325 3108 3606 3177 arguisset,
3636 3121 3703 3160 ac
3734 3120 3826 3160 ve-

2241 3199 2541 3253 hementius
2563 3199 2835 3268 alloquens
2857 3202 3111 3254 erexisset
3129 3201 3296 3267 illum,
3317 3201 3726 3269 exercitumque
3745 3199 3830 3252 de-

2239 3292 2378 3345 centi
2420 3291 2599 3346 habitu
2638 3294 2907 3362 suscipere
2935 3293 3304 3363 persuasisset.
3335 3292 3409 3346 Ne
3449 3299 3560 3345 tum
3607 3292 3831 3361 quidem

2241 3382 2416 3436 clades
2447 3383 2562 3452 ejus
2591 3383 2744 3438 ﬁnem
2775 3394 3110 3454 acceperunt,
3139 3383 3234 3438 sed
3262 3384 3430 3452 primo
3451 3383 3741 3436 adversum
3767 3396 3827 3436 se

2242 3476 2380 3529 versi
2441 3476 2491 3528 in
2535 3476 2844 3530 seditionem
2901 3477 3093 3530 milites
3145 3475 3400 3544 divisique
3445 3485 3614 3528 sunt:
3643 3484 3831 3543 postea

2242 3583 2369 3621 vero
2403 3584 2557 3637 quam
2599 3569 2680 3622 vix
2715 3578 2767 3622 et
2806 3585 2898 3639 per
2936 3584 3169 3623 summas
3212 3567 3492 3622 blanditias
3521 3576 3832 3628 cessarunt,

2246 3657 2538 3713 resilientes
2566 3674 2746 3713 rursus
2765 3659 3103 3713 adhaeserunt
3134 3658 3322 3723 Sabee,
3345 3657 3651 3727 bellumque
3679 3656 3833 3711 aliud

2245 3747 2460 3800 conﬂari
2478 3749 2657 3817 cmpit,
2676 3764 2794 3802 cum
2814 3749 2985 3803 adhuc
2997 3749 3186 3818 prioris
3203 3749 3435 3817 reliquias
3455 3758 3831 3802 remanerent.

2245 3839 2444 3905 Quibus
2488 3840 2645 3894 rebus
2683 3841 3018 3908 perturbatus
3047 3840 3230 3906 David,
3285 3841 3487 3895 coactis
3532 3841 3711 3909 cupiis
3741 3855 3837 3896 eas

2247 3945 2364 3984 cum
2382 3930 2603 3984 ducibus
2621 3931 2789 3984 misit:
2807 3931 2939 3986 Joab
2955 3942 3128 3986 autem
3157 3943 3212 3986 et
3236 3946 3298 3985 ex
3326 3931 3426 3984 hoc
3447 3930 3591 3984 bello
3613 3943 3836 4000 peracta

2248 4021 2465 4074 victoria
2480 4036 2583 4073 non
2617 4022 2852 4089 permisit
2875 4022 3106 4077 victoria:
3123 4022 3438 4090 voluptatem
3452 4021 3568 4076 sine
3594 4036 3839 4075 ntterore

2251 4115 2578 4183 contingere.
2603 4114 2840 4184 Namque
2861 4115 3048 4169 ducem
3085 4129 3184 4169 una
3217 4129 3396 4169 secum
3436 4114 3795 4168 constitutum
3821 4156 3836 4174 ,

2251 4206 2341 4273 qui
2367 4220 2580 4260 omnem
2613 4207 2862 4274 populum
2891 4206 3192 4275 subjecerat
3233 4204 3450 4269 Davidi,
3482 4204 3836 4258 innocentem

2253 4303 2307 4349 et
2330 4297 2416 4365 qui
2442 4297 2494 4349 in
2520 4297 2662 4351 nullo
2691 4312 2748 4351 se
2775 4297 3017 4362 haeserat;
3061 4295 3272 4350 invidiae
3315 4295 3540 4349 stimulis
3597 4296 3841 4364 agitatus

2252 4386 2464 4442 occidit.
2493 4388 2622 4453 Quae
2661 4403 2748 4442 res
2778 4389 2850 4441 ita
2874 4388 3048 4457 gravis
3089 4402 3152 4441 ac
3180 4387 3402 4441 molesta
3450 4384 3547 4439 fuit
3577 4386 3693 4455 regi
3722 4427 3738 4449 ,
3776 4395 3835 4437 ut

2254 4479 2362 4532 tilio
2398 4479 2632 4532 moriens
2670 4477 2936 4533 mandarit
2971 4478 3207 4532 Amessae
3248 4477 3556 4546 sanguinem
3617 4476 3836 4529 ulcisci.

2256 4569 2411 4637 Quod
2439 4584 2567 4624 vero
2592 4570 2747 4640 longe
2775 4571 2984 4640 gravius
3013 4578 3126 4635 est,
3161 4570 3231 4623 ita
3255 4569 3470 4623 affectus
3497 4581 3675 4636 neque
3705 4582 3844 4620 mm-

2253 4661 2391 4715 roris
2419 4662 2498 4715 sui
2530 4675 2744 4715 causam
2784 4661 2964 4716 dicere
3001 4660 3262 4724 audebat,
3292 4674 3357 4713 eo
3392 4657 3530 4728 quod
3567 4656 3844 4712 adversus

2258 4754 2533 4808 innumera
2560 4752 2890 4807 incommoda
2928 4752 3036 4822 jam
3077 4753 3376 4806 obluctatus
3416 4758 3578 4805 esset.
3621 4749 3844 4804 Etenim

2255 4854 2374 4914 post
2415 4844 2672 4899 bellorum
2723 4844 2978 4898 tumultus
3025 4843 3192 4898 fames
3255 4851 3498 4896 cunctam
3552 4841 3844 4910 regionem

2254 4936 2485 5005 excepit,
2510 4944 2707 4990 etcum
2735 4936 2848 5006 ejus
2876 4935 2998 4989 mali
3025 4935 3340 4990 solutionem
3366 4941 3654 5004 quarreret,
3680 4947 3845 5002 coge-

2254 5028 2409 5082 batur
2438 5027 2575 5082 ﬁlios
2600 5026 2725 5083 Saﬁl
2750 5027 2816 5082 ad
2847 5036 3067 5081 mortem
3101 5025 3329 5080 tradere.
3359 5024 3567 5092 Quippe
3595 5023 3703 5077 hoc
3735 5039 3847 5077 cm—

2253 5120 2386 5174 leste
2411 5122 2681 5174 oraculum
2710 5119 3082 5188 praecipiebat:
3109 5134 3258 5187 super
3279 5116 3428 5182 Sail,
3463 5115 3750 5184 inquiens,
3787 5126 3837 5168 et

2253 5229 2404 5283 super
2441 5213 2644 5266 domum
2679 5213 2786 5283 ejus
2813 5211 2917 5264 Itazc
2941 5211 3218 5282 injustitia,
3262 5225 3317 5262 eo
3346 5207 3478 5278 quod
3509 5204 3838 5260 Gabaonitas

2253 5308 2402 5359 morti
2448 5305 2696 5358 addixerit
2749 5302 2873 5376 (Id.
2922 5303 3129 5372 21.1).
3171 5299 3320 5367 Quod
3373 5301 3416 5353 si
3459 5299 3580 5368 quis
3630 5298 3848 5352 recolat

2253 5407 2503 5468 quantum
2569 5396 2743 5452 Saulis
2807 5404 3028 5450 mortem
3093 5393 3397 5455 deﬂeverit,
3441 5391 3852 5446 animadvertet

2253 5489 2377 5558 quid
2401 5497 2508 5542 tum
2529 5502 2736 5557 quoque
2767 5501 2953 5556 passus
2973 5487 3056 5549 sit,
3083 5500 3201 5540 cum
3229 5483 3361 5538 ﬁlios
3386 5481 3603 5536 tradidit
3621 5481 3850 5536 Gabao—

2254 5579 2398 5634 nitis.
2431 5581 2676 5632 Attamen
2713 5587 2765 5632 et
2795 5587 2890 5631 Ista
2935 5575 3222 5641 tolerabat,
3254 5574 3581 5641 ulteriusque
3613 5572 3851 5626 calami-

2255 5678 2394 5724 tates
2431 5669 2806 5738 procedebant.
2835 5667 2965 5722 Nam
2995 5677 3116 5737 post
3148 5665 3336 5720 famem
3368 5663 3614 5734 protinus
3657 5663 3850 5718 insur-

2253 5764 2390 5817 rexit
2415 5762 2598 5830 pestis,
2623 5760 3032 5829 cecideruntque
3052 5759 3104 5813 in
3126 5757 3342 5813 dimidio
3361 5756 3467 5810 diei
3495 5758 3849 5826 septuaginta

2255 5855 2415 5910 millia
2443 5856 2694 5922 virorum,
2728 5852 2939 5924 quando
2963 5849 3258 5908 miseranda
3283 5849 3371 5904 illa
3399 5847 3560 5903 verba
3585 5847 3850 5917 loquutus
