4036 6416
252 413 356 469 ιεδ

250 531 449 592 οἰκίας,
482 529 575 581 καὶ
607 528 971 600 παραπέμψαι
998 530 1088 583 διὰ
1127 530 1223 599 τῆς
1256 529 1462 598 ἀγορᾶς
1490 525 1698 597 βοῶσαν
1736 526 1831 576 καὶ

252 612 600 684 ὀδυρομένην.
630 611 813 665 Ταῦτα
856 612 1040 681 μαθὼν
1073 615 1101 666 6
1143 610 1515 680 Ἀϐεσσαλὼμ,
1546 612 1636 663 καὶ
1672 608 1831 661 καλέ-

254 715 353 760 σας
371 699 456 749 ἐπ’
478 697 697 764 ἀριστον
715 698 841 760 τοὺς
862 697 1123 767 ἀδελφοὺς
1145 697 1415 762 ἅπαντας,
1443 697 1500 747 ἐν
1521 689 1602 758 οἷς
1628 690 1696 765 ἦν
1736 694 1833 746 κά-

253 786 432 844 κεῖνος
460 782 489 833 6
519 780 800 851 ὑϐριστὴς,
837 782 1165 853 ἐστιώμενον
1205 782 1367 835 αὑτὸν
1398 778 1597 850 μεταξὺ
1620 779 1712 831 καὶ
1744 779 1832 830 πί.

252 881 413 917 νοντα
442 865 810 933 κατασφάττει
847 865 936 918 διὰ
957 865 1063 918 τῶν
1093 864 1334 918 οἰκετῶν.
1366 861 1495 917 Εἶτα
1536 860 1833 927 ἐξαναστάς

251 966 335 1010 τις
360 948 589 1009 ἐκεῖθεν,
628 948 721 1001 καὶ
746 948 807 1000 16
843 950 1010 1016 σαφὲς
1038 949 1099 1001 06
1133 948 1319 1019 μαθὼν
1343 947 1431 1000 διὰ
1463 946 1552 999 τὸν
1586 946 1831 1016 θόρυϐον,

252 1032 553 1102 ἀπήγγειλε
575 1031 651 1101 τῷ
684 1030 912 1100 βασιλεῖ,
929 1032 1009 1084 ὅτι
1035 1032 1327 1102 τεθνήκασι
1354 1031 1553 1091 πάντες
1581 1031 1629 1082 οί
1652 1030 1836 1092 παῖδες

252 1114 421 1185 αὐτῷ.
454 1116 563 1167 Καὶ
584 1115 819 1185 ἐκάθητο
850 1114 1063 1186 θρηνῶν
1084 1116 1171 1167 τὸν
1201 1116 1455 1168 ἀπάντων
1480 1113 1635 1181 φόνον
1661 1112 1750 1164 τὸν
1774 1114 1832 1164 06

252 1200 621 1270 γεγενημένον
651 1214 664 1227 ·
696 1199 771 1261 ὡς
813 1198 868 1251 δὲ
898 1199 1038 1266 έγνω
1061 1198 1122 1250 16
1156 1200 1354 1266 σαφὲς,
1381 1197 1591 1267 ἠπείλει
1627 1197 1724 1267 μὲν
1759 1196 1836 1266 τῷ

254 1283 427 1343 παιδὶ,
449 1284 542 1334 καὶ
560 1284 874 1353 ἀναιρήσειν
902 1282 1104 1350 ἔλεγεν,
1124 1284 1413 1353 ἀποδράντι
1434 1282 1598 1335 δὲκαὶ
1626 1282 1717 1334 ἐπὶ
1737 1281 1835 1351 1?};

252 1365 539 1435 ἀλλοτρίας
584 1366 751 1437 τριῶν
794 1365 1132 1435 διατρίψαντι
1180 1366 1428 1437 περίοδον
1475 1366 1611 1418 ἐτῶν
1659 1365 1835 1417 πάντα

251 1450 346 1501 τὸν
388 1448 578 1518 χρόνον
620 1450 826 1501 ἐκεῖνον
872 1449 1062 1519 ἔμενεν
1101 1449 1481 1520 ὀργιζόμενος
1517 1452 1609 1502 καὶ
1636 1449 1743 1502 066’
1770 1447 1835 1501 ἂν

252 1533 373 1585 τότε
409 1534 573 1585 αὑτὸν
615 1533 892 1597 ἐκάλεσεν,
923 1535 971 1585 εί
1001 1533 1136 1605 μὴή
1179 1534 1272 1586 106
1316 1533 1619 1605 στρατηγοῦ
1676 1532 1836 1601 σοφία

257 1616 349 1667 καὶ
391 1615 590 1668 ἄκοντα
618 1616 779 1669 αὑτὸν
806 1618 886 1678 είς
916 1619 1117 1686 ταύτην
1144 1617 1361 1669 ἐνέϐαλε
1388 1617 1484 1686 τὴν
1523 1616 1829 1686 ὑπόσχεσιν.

255 1698 508 1760 Καλέσας
530 1698 605 1763 δὲ,
636 1698 757 1751 οὑδέ
782 1698 953 1762 οὑτως
975 1700 1163 1752 ἔσϐεσε
1196 1702 1293 1771 τῆς
1317 1701 1544 1771 καρδίας
1570 1699 1669 1770 τὴν
1699 1698 1835 1770 πλη-

254 1783 378 1853 γὴν,
405 1782 517 1834 ἀλλ’
546 1781 708 1853 ἔτερα
734 1782 890 1834 πάλιν
921 1782 1015 1835 δύο
1045 1784 1206 1836 αὑτὸν
1239 1784 1332 1853 ἐτη
1354 1786 1451 1855 1?};
1484 1783 1658 1852 ὅψεως
1696 1784 1832 1836 ἀπο-ο

145 1914 152 1922 ,
256 1869 459 1936 στήσας
500 1866 598 1933 τῆς
637 1864 837 1927 αὑτοῦ,
872 1865 1022 1933 μόλις
1065 1866 1205 1935 μετά
1249 1867 1339 1919 τὸν
1388 1868 1594 1938 μακρὸν
1646 1867 1835 1937 χρόνον

253 1949 442 2001 τοῦτον
466 1949 627 2001 πάλιν
650 1947 899 2012 ἀξιωθεὶς
936 1950 1040 2001 ὑπὸ
1060 1949 1153 2001 τοῦ
1185 1949 1505 2019 στρατηγοῦ,
1523 1949 1833 2022 παρρησίας

259 2033 579 2101 μετέδωκεν.
625 2033 685 2083 ’0
728 2032 785 2084 δέ
828 2032 968 2103 ὑπὲρ
1016 2031 1220 2085 τούτων
1258 2033 1628 2103 μνησικακῶν,
1669 2032 1701 2103 ἢ
1740 2031 1835 2084 καλ⁸

253 2115 427 2177 ἄλλως
453 2116 763 2187 τυραννίδος
815 2117 985 2186 ἐρῶν,
1015 2117 1365 2169 ἐπανίσταται
1402 2117 1480 2186 τῷ
1517 2116 1707 2185 πατρὶ,
1740 2114 1837 2168 καὶ

256 2200 417 2251 πάλιν
439 2199 597 2252 αὑτὸν
622 2202 700 2262 είς
730 2199 852 2261 τοὺς
882 2199 1114 2261 πλάνους
1144 2201 1237 2251 καὶ
1264 2201 1362 2261 τάς
1394 2200 1588 2267 φυγάς,
1641 2199 1706 2260 ἃς
1735 2199 1835 2250 ὑπ-

257 2281 474 2350 έμεινεν
518 2281 621 2334 ὑπὸ
671 2280 764 2334 τοῦ
792 2281 996 2343 Σαοὺλ,
1030 2284 1365 2352 ἐπανήγαγε,
1416 2282 1613 2351 μᾶλλον
1652 2282 1709 2335 δὲ
1743 2284 1835 2334 καὶ

254 2364 437 2433 πολλῷ
464 2364 654 2417 τοῦτον
678 2366 885 2417 ἐκείνου
914 2365 1291 2436 χαλεπώτερον
1327 2365 1574 2429 ἀπέδειξε
1604 2367 1694 2420 τὸν
1722 2383 1837 2418 και-

254 2448 371 2516 ρόν.
396 2446 528 2499 Τότε
558 2448 655 2517 μὲν
678 2447 785 2518 γὰρ
814 2449 1118 2519 στρατηγὸς
1142 2447 1217 2502 ὣν
1249 2449 1473 2502 τοιαῦτα
1490 2450 1713 2518 ἔπασχε,
1741 2448 1834 2501 νῦν

254 2528 311 2582 δέ
343 2530 480 2599 μετά
506 2530 565 2583 τὸ
591 2531 816 2601 χρόνους
858 2533 916 2584 ἐν
941 2534 1006 2603 τῇ
1042 2532 1289 2603 βασιλείᾳ
1323 2533 1546 2602 ποιῆσαι
1584 2532 1831 2594 πολλοὺς,

254 2616 350 2666 καὶ
388 2615 661 2685 κρατῆσαι
691 2615 799 2667 τῶν
823 2615 1094 2686 πολεμίων
1116 2617 1369 2669 ἀπάντων
1392 2617 1465 2679 ὼς
1492 2618 1684 2679 εἰπεῖν,
1708 2632 1836 2684 μετ-

255 2697 571 2751 αναστεύειν
618 2700 979 2769 ἠναγκάζετο.
1020 2701 1078 2751 '0
1115 2700 1172 2751 δέ
1205 2698 1529 2767 ἀναγκάζων
1554 2701 1653 2752 οὑκ
1682 2699 1837 2751 ἀλλό-

254 2782 405 2852 τριός
427 2799 510 2844 τις
532 2778 620 2851 ἦν,
644 2782 763 2834 οὑδέ
794 2782 1071 2852 πολέμιος,
1096 2783 1210 2835 ἀλλ’
1232 2782 1261 2833 6
1293 2785 1356 2836 ἐκ
1382 2783 1480 2853 τῆς
1508 2783 1735 2845 κοιλίας,
1762 2782 1836 2845 ὼς

256 2864 408 2937 [216]
426 2866 586 2928 αὑτὸς
606 2865 917 2935 ἀπωδύρετο
937 2866 1131 2933 λέγων,
1157 2866 1388 2933 ἐξελθὼν
1411 2868 1505 2936 τῆς
1523 2865 1706 2918 αὑτοῦ.
1728 2866 1837 2918 Καὶ

254 2948 373 3000 τότε
401 2948 497 3018 μὲν
523 2950 578 3001 ἐν
600 2949 750 3018 ἀκμῇ
780 2948 878 3017 τῆς
916 2948 1131 3019 ἡλικίας
1151 2945 1243 3019 ἦν,
1280 2950 1370 3001 καὶ
1394 2950 1580 3019 φέρειν
1611 2948 1837 3017 ἠδύνατο

257 3031 433 3083 πάντα
460 3032 720 3098 γενναίως
739 3047 751 3059 '
780 3032 899 3084 νυνὶ
925 3032 982 3084 δὲ
1028 3032 1179 3104 παρά
1207 3033 1298 3085 16v
1332 3034 1543 3103 καιρὸν,
1570 3032 1629 3083 ὃν
1666 3049 1836 3100 γηρο-

253 3113 572 3184 τροφεῖσθαι
606 3114 766 3167 αὑτὸν
802 3115 966 3184 ἐχρῆν
1000 3117 1089 3169 ὑπ’
1123 3117 1329 3169 ἐκείνου
1356 3116 1447 3168 τοῦ
1470 3114 1688 3188 μιαροῦ,
1716 3115 1837 3167 τότε

256 3197 644 3250 ἐπεϐουλεύετο
669 3199 762 3251 καὶ
785 3199 1122 3269 ἐπολεμεῖτο,
1159 3201 1253 3253 καὶ
1283 3199 1427 3269 ἐξῄει
1471 3200 1607 3269 μετά
1642 3198 1836 3266 ὀλίγων

254 3281 416 3334 τινῶν
454 3281 773 3345 ἀνυπόδετος
832 3284 859 3334 6
900 3283 1188 3351 βασιλεὺς,
1225 3283 1697 3352 ἐγκαλυπτόμενος
1742 3285 1837 3335 καὶ

254 3364 523 3432 δακρύων.
543 3367 615 3418 06
648 3366 755 3437 γάρ
792 3368 1076 3437 συμφορᾶς
1104 3367 1252 3437 αὑτῷ
1282 3368 1460 3437 μόνον,
1486 3367 1620 3419 ἀλλά
1640 3366 1731 3419 καὶ
1755 3369 1837 3419 αξ-

258 3447 457 3517 σχύνης
493 3449 750 3502 ὑπόθεσιν
787 3444 932 3519 εἶχεν
963 3451 991 3501 6
1030 3450 1284 3519 πόλεμος.
1323 3449 1572 3519 Τοσούτῳ
1601 3450 1707 3521 γάρ
1740 3449 1834 3501 τοῦ

256 3530 429 3593 Σαοὺλ
454 3531 911 3605 ὑϐριστικώτερον
939 3534 968 3585 6
1000 3533 1113 3596 υἱὸς
1155 3534 1426 3603 ἐχρήσατο
1456 3533 1534 3603 τῷ
1584 3533 1834 3603 μακαρίῳ

252 3618 375 3671 τότε
410 3620 623 3690 ἐκείνῳ,
647 3621 720 3683 ὡς
756 3621 850 3673 καὶ
885 3622 965 3683 είς
995 3620 1093 3683 τὰς
1123 3621 1403 3683 παλλακὰς
1428 3621 1705 3691 ἐνυϐρίσαι
1740 3619 1832 3673 τοῦ

255 3708 482 3778 πατρὸς,
512 3713 605 3762 καὶ
640 3708 813 3761 ταῦτα
852 3710 913 3762 06
951 3709 1148 3779 λάθρα,
1180 3710 1294 3762 ἀλλ’
1322 3711 1413 3763 ἐπὶ
1444 3710 1535 3762 τοῦ
1563 3709 1830 3779 δώματος,

253 3796 501 3863 ὁρώντων
532 3796 805 3862 ἁπάντων,
824 3798 917 3849 καὶ
950 3798 1075 3860 106;
1104 3798 1203 3866 1?};
1236 3797 1449 3865 φύσεως
1481 3797 1712 3867 θεσμοὺς
1741 3798 1834 3850 καὶ

254 3885 379 3946 τοὺς
417 3884 514 3953 τῆς
561 3884 758 3953 μίξεως
807 3886 1002 3954 νόμους
1043 3884 1129 3939 διὰ
1174 3884 1269 3955 τὴν
1304 3884 1445 3938 κατὰ
1491 3884 1585 3937 τοῦ
1630 3884 1834 3956 πατρὸς

256 3970 443 4040 ὕϐριζε
486 3971 699 4040 μανίαν,
734 3971 827 4024 καὶ
866 3972 969 4024 ὑπὸ
1003 3972 1102 4040 1?};
1142 3972 1327 4035 ἀνοίας
1359 3972 1591 4043 μεθύων,
1628 3973 1707 4025 ἐτι
1736 3972 1831 4025 τοῦ

256 4059 493 4127 πολέμου
535 4060 885 4123 συνεστῶτος,
916 4059 986 4112 τά
1029 4060 1139 4112 τῶν
1183 4060 1285 4130 ήδη
1331 4062 1691 4131 νενικηκότων
1740 4063 1833 4115 καὶ

255 4145 525 4199 λαϐόντων
544 4146 923 4216 αἰχμαλώτους
939 4144 1063 4209 τοὺς
1081 4147 1355 4209 ἐναντίους
1380 4146 1581 4214 ἐτόλμα
1601 4148 1691 4198 καὶ
1735 4148 1831 4199 ἐπ-

253 4234 542 4289 εδείκνυτο.
569 4232 722 4285 Οὕτω
749 4233 924 4285 τοίνυν
945 4233 1072 4286 ὅντα
1109 4231 1411 4285 κατώδυνον
1441 4233 1532 4285 καὶ
1567 4233 1831 4304 φοϐούμε-

254 4340 343 4373 νον
374 4322 547 4393 εὑρὼν
574 4323 601 4374 6
637 4319 770 4372 Σιϐἀ
802 4318 1130 4390 συνετάραξε
1165 4318 1323 4371 πλέον
1354 4320 1830 4391 καταψευσάμενος

251 4411 346 4464 106
376 4411 656 4467 δεσπότου.
676 4410 768 4462 καὶ
795 4409 983 4472 εἰπὼν,
1011 4411 1092 4461 ὅτι
1119 4409 1186 4461 τά
1215 4407 1308 4461 τοῦ
1338 4408 1600 4479 τυράννου
1624 4412 1826 4480 φρονεῖ.

324 4495 389 4551 θ’.
409 4497 609 4550 Τοῦτον
627 4496 926 4565 διαδέχεται
952 4497 981 4547 6
1011 4495 1224 4564 Σεμεεὶ,
1260 4495 1453 4564 μιαρός
1483 4512 1566 4558 τις
1581 4494 1717 4566 ἀνὴρ
1737 4498 1830 4549 καὶ

253 4586 564 4655 ἀχάριστος,
613 4586 705 4637 καὶ
756 4584 971 4654 μυρίοις
1016 4582 1277 4635 ὀνείδεσιν
1311 4582 1501 4635 ἔϐαλλε
1535 4584 1630 4636 καὶ¹
1661 4583 1829 4647 λίθοις

256 4673 393 4742 μετά
423 4671 530 4725 τῶν
562 4671 821 4741 ῥημάτων
857 4670 1079 4722 ἐκείνων
1101 4686 1112 4698 ’
1152 4671 1426 4735 Ἔξελθε,
1460 4673 1645 4739 φησὶν,
1674 4671 1829 4739 ἀνὴρ

252 4758 531 4827 αἱμάτων,
581 4758 678 4810 καὶ
731 4758 885 4825 ἀνὴρ
926 4761 957 4810 ό
995 4758 1361 4827 παράνομος.
1419 4758 1831 4828 Ἐπέστρεψεν

250 4848 350 4900 ἐπὶ
379 4847 452 4899 σὲ
476 4848 688 4913 Κλίριος
714 4846 911 4899 πάντα
936 4847 1009 4899 τὰ
1036 4848 1255 4913 αἵματα
1279 4848 1383 4901 τοῦ
1407 4849 1575 4901 οἴκου
1605 4850 1826 4913 Σαοὺλ,

250 4937 379 4991 ἀνθ’
406 4930 492 4987 ὧν
524 4935 926 5000 ἐϐασίλευσας
958 4935 1084 4987 ἀντ’
1116 4936 1322 5001 αὑτοῦ,
1357 4937 1455 4989 καὶ
1496 4937 1681 4992 ἔδωκε
1713 4942 1829 4993 Κύ-

244 5042 375 5092 ριος
417 5023 531 5091 τὴν
578 5024 904 5086 ,βασιλείαν
948 5026 1035 5088 είς
1075 5023 1277 5090 χεῖρας
1319 5024 1696 5095 Ἀϐεσσαλὼμ
1722 5028 1827 5082 τοῦ

250 5111 385 5165 υἱοῦ
420 5129 557 5175 σου,
576 5111 673 5164 καὶ
700 5109 891 5171 ἔδειξὲ
908 5127 1003 5163 σοι
1026 5110 1140 5175 τὴν
1156 5112 1374 5165 κακίαν
1392 5129 1529 5174 σου,
1555 5114 1644 5167 ὅτι
1672 5115 1827 5185 ἀνὴρ

249 5200 507 5268 αἱμάτων
540 5198 621 5251 σὺ
649 5194 721 5251 εἷ.
767 5199 825 5250 Ὀ
858 5198 913 5249 δέ
940 5198 1166 5268 ἐτήκετο
1192 5201 1289 5268 μὲν
1309 5200 1481 5253 ταῦτα
1502 5202 1715 5256 ἀκούων
1732 5206 1826 5258 καὶ

250 5289 496 5356 πάσχων,
511 5285 585 5348 ὡς
609 5284 702 5336 καὶ
731 5286 825 5338 ἀπ’
851 5284 1028 5336 αὑτῶν
1056 5285 1163 5336 τῶν
1191 5286 1405 5355 θρήνων
1422 5287 1579 5339 10610
1608 5288 1823 5358 ἐδήλου,

249 5376 399 5426 οὐδὲν
423 5375 478 5427 δέ
505 5372 705 5443 ἐτόλμα
733 5374 1040 5443 περαιτέρω
1060 5376 1257 5425 ποιεῖν’
1287 5374 1400 5426 ἀλλ’
1427 5375 1616 5441 είπὼν,
1646 5379 1824 5446 Ἀφες

248 5463 432 5515 αὑτὸν
451 5459 836 5527 καταρᾶσθαι,
860 5460 947 5512 ὅτι
964 5461 1179 5528 Κύριος
1203 5461 1443 5529 εἴρηκεν
1464 5466 1643 5529 αὐτῷ,
1665 5466 1823 5532 ὅπως

250 5553 348 5620 ιδῃ
375 5553 487 5621 τὴν
519 5552 881 5605 ταπείνωσίν
903 5569 1042 5621 μου,
1063 5553 1160 5605 καὶ
1193 5554 1465 5621 ἀποδώῃ·
1487 5574 1584 5623 μοι
1611 5560 1823 5625 Κύριος

248 5641 439 5706 ἀγαθὰ
493 5641 625 5693 ἀντὶ
673 5640 933 5707 κατάρας
982 5638 1093 5707 τῆς
1130 5640 1199 5692 ἐν
1252 5638 1325 5708 τῇ
1371 5640 1560 5710 ἡμέρᾳ
1616 5647 1819 5713 ταύτῃ,

249 5728 427 5795 ἀφῆκε
458 5726 633 5789 ζῶντα
663 5726 943 5780 ἀπελθεῖν·
981 5728 1143 5789 αὑτὸς
1175 5726 1231 5779 δὲ
1269 5729 1557 5799 περιέμενε
1587 5732 1655 5783 τά
1696 5734 1823 5803 περὶ

250 5815 341 5869 106
369 5816 533 5867 Χουσὶ
568 5814 847 5885 μεριμνῶν
890 5815 981 5867 καὶ
1014 5814 1233 5884 τρέμων
1268 5814 1319 5867 τί
1354 5833 1482 5869 ποτε
1516 5818 1622 5888 ἄρα
1670 5819 1819 5872 ἔσται

310 5976 340 6004 ⁸
357 5973 523 6022 Morel.
554 5975 766 6034 ἀποδῴη,
791 5974 937 6022 Savil.
964 5973 1359 6037 01106030mColb.
1384 5976 1725 6032 ἀνταποδώσει,

1046 408 1137 463 AD
1172 406 1551 465 STAGIRIUM
1587 407 1632 461 Α
1678 404 1986 461 ΙΜΕΜΟΝΕ
2023 400 2523 458 γΕΧΑΤυΜΑΛΒ.
2566 401 2654 455 HI.

3397 403 3502 460 485

1935 522 1996 575 16
2020 521 2191 585 τέλος.
2230 523 2316 585 Ὠς
2352 521 2407 573 δὲ
2434 517 2751 589 ἀπηγγέλθη
2778 516 2873 570 καί
2902 515 3094 578 ταῦτα,
3132 523 3501 587 συνεκροτεῖτο

1936 613 1964 663 6
1999 610 2233 681 πόλεμος
2277 609 2493 663 πάντων
2535 607 2785 677 πολέμων
2812 604 2920 659 τῶν
2954 602 3170 658 πώποτε
3197 607 3503 677 γενομένων

1934 700 2248 761 καινότατος
2281 697 2378 763 ῶν,
2427 698 2519 750 καὶ
2563 696 2846 764 αίνίγματι
2902 696 3102 765 μᾶλλον
3145 694 3356 759 ἐοικώς.
3401 696 3504 749 Τὸν

1933 785 2044 857 γὰρ
2076 785 2248 839 αἴτιον
2273 786 2380 837 τῶν
2408 783 2675 837 τοσούτων
2702 781 2908 844 κακῶν,
2932 782 3025 835 καὶ
3059 783 3243 854 ἐκείνῃ
3265 784 3330 851 τῇ
3357 781 3506 855 μάχῃ

1938 873 2288 944 παρασχόντα
2317 873 2416 942 τὴν
2454 871 2709 924 ὑπόθεσιν
2754 870 2992 933 ἃπασαν,
3027 870 3122 922 καὶ
3154 865 3215 923 οὗ
3250 869 3509 932 πεσόντος

1935 960 2148 1015 ἅπαντα
2174 960 2359 1012 λέλυτο
2393 960 2460 1012 τὰ
2490 957 2658 1019 δεινὰ,
2690 956 2877 1012 τοῦτον
2912 956 3053 1026 ἔχειν
3084 958 3141 1009 ἐν
3176 955 3345 1026 πολλῇ
3379 972 3509 1025 προ-

1936 1048 2053 1119 νοίᾳ
2080 1049 2171 1100 καὶ
2197 1047 2367 1116 φειδοῖ
2397 1047 2522 1108 106;
2553 1047 2891 1115 στρατηγοὺς
2922 1042 3218 1114 παρεκάλει
3251 1044 3376 1105 τοὺς
3410 1043 3509 1095 αὑ-

1934 1134 2051 1199 τοῦ,
2085 1133 2320 1204 συνεχῶς
2350 1132 2619 1200 ἐπιλέγων
2639 1150 2654 1164 ·
2685 1132 2983 1186 Φείσασθέ
3003 1146 3123 1199 μου
3156 1131 3264 1185 τοῦ
3297 1128 3509 1183 ,παιδα-

1927 1223 2065 1290 ρίου
2108 1220 2511 1289 Ἀϐεσσαλώμ.
2548 1220 2614 1273 Τί
2660 1219 2863 1289 ταύτης
2906 1220 2971 1272 ἂν
3003 1219 3212 1288 γένοιτο
3244 1219 3341 1289 τῆς
3372 1219 3507 1269 ἀπο-

1938 1308 2059 1377 ρίας
2089 1312 2297 1379 χεῖρον;
2334 1308 2385 1360 τί
2437 1308 2535 1377 τῆς
2582 1307 2888 1378 ἀμηχανίας
2920 1305 3304 1377 ἐλεεινότερον;
3344 1305 3510 1356 Πόλε-

1938 1413 2043 1467 μον
2090 1395 2444 1460 ἀναδέξασθαι
2490 1396 2852 1465 ἠναγκάζετο,
2891 1396 2947 1446 ἐν
2988 1388 3033 1462 ᾧ
3076 1394 3170 1447 καὶ
3203 1394 3262 1445 τὸ
3288 1394 3507 1463 νικῆσαι

1934 1484 2029 1537 καὶ
2067 1484 2127 1537 16
2153 1484 2490 1555 κρατηθῆναι
2526 1484 2726 1554 ὁμοίως
2768 1483 3037 1536 ἀπευκτὸν
3069 1478 3137 1554 ἦν
3171 1482 3338 1553 αὑτῷ.
3368 1483 3505 1535 υὺτε

1934 1572 2043 1644 γὰρ
2072 1572 2287 1626 ἔλαττον
2316 1572 2458 1642 ἔχειν
2486 1571 2697 1645 ἤθελεν,
2728 1572 2849 1624 οὑδέ
2873 1572 2981 1643 γὰρ
3015 1570 3080 1626 ἂν
3110 1572 3362 1624 τοσοῦτον
3417 1572 3507 1637 ἐξ-

1936 1660 2149 1731 έπεμψε
2179 1662 2429 1731 στρατὸν,
2461 1658 2583 1712 οὔτε
2606 1660 3004 1730 περιγενέσθαι,
3039 1659 3158 1712 οὑδέ
3186 1660 3290 1731 γάρ
3320 1658 3384 1713 ἂν
3416 1661 3507 1713 16v

1936 1750 2224 1818 συνέχοντα
2246 1750 2341 1801 καὶ
2364 1748 2765 1820 συγκροτοῦντα
2790 1747 2887 1818 τὴν
2917 1748 3015 1817 τῆς
3045 1746 3225 1818 μάχης
3260 1747 3509 1819 παράτα-

1935 1836 2017 1901 ξιν
2044 1836 2314 1889 ἐκώλυσεν
2347 1836 2573 1889 ἀνελεῖν.
2605 1836 2899 1908 Κριθέντος
2926 1835 2983 1887 δέ
3009 1834 3104 1887 106
3138 1835 3378 1905 πολέμου
3412 1836 3506 1888 καὶ

1933 1923 2084 1986 τέλος
2130 1924 2382 1987 λαϐόντος
2412 1926 2548 1995 ὅπερ
2578 1922 2767 1993 ήθελεν
2807 1925 2835 1975 6
2864 1923 3015 1989 Θεὸς,
3046 1924 3141 1975 καὶ
3166 1922 3259 1975 τοῦ
3296 1939 3506 1995 πατρα-

1934 2010 2077 2064 λοίου
2106 2012 2364 2073 πεσόντος
2397 2012 2627 2076 ἐκείνου,
2679 2014 2727 2063 οί
2774 2010 2873 2081 μέν
2913 2010 3092 2063 λοιποὶ
3129 2011 3331 2074 πάντες
3365 2006 3507 2081 ἦσαν

1934 2102 1992 2153 ἐν
2020 2100 2323 2173 εὐφροσύνῃ
2354 2102 2448 2154 καὶ
2480 2102 2641 2172 χαρᾷ,
2673 2101 2830 2171 μόνος
2860 2101 2915 2154 δὲ
2944 2102 3147 2165 ἐκεῖνος
3177 2100 3392 2154 ἐπένθει
3412 2102 3507 2155 καὶ

1937 2188 2184 2259 ἐδάκρυε,
2213 2191 2305 2242 καὶ
2326 2188 2615 2259 καθείρξας
2642 2189 2833 2241 ἐαυτὸν
2859 2190 3172 2242 ἀνεκαλεῖτο
3196 2188 3288 2243 τὸν
3317 2188 3507 2259 τεθνη-

1936 2276 2088 2338 κότα,
2121 2276 2213 2328 καὶ
2257 2275 2633 2346 ἐδυσχέραινεν
2666 2277 2747 2330 ὅτι
2786 2277 2861 2347 μὴ
2904 2278 3018 2331 ἀντ’
3052 2278 3260 2331 ἐκείνου
3295 2276 3392 2349 τὴν
3419 2294 3509 2330 τε-

1934 2364 2128 2434 λευτὴν
2157 2362 2393 2428 ἐδέξατο.
2430 2365 2526 2430 Τίς
2553 2363 2730 2419 δώσει
2757 2365 2865 2436 γάρ
2898 2383 3019 2435 μοι,
3047 2367 3200 2436 φησὶ,
3227 2366 3505 2430 θάνατον,

1935 2450 2066 2503 ἀντὶ
2090 2451 2228 2514 σοῦ,
2255 2451 2652 2521 Ἀϐεσσαλὼμ,
2668 2450 2759 2505 υἰέ
2777 2468 2929 2521 μου;
2956 2452 3018 2504 Τί
3040 2452 3241 2524 ταύτης
3266 2451 3509 2522 ἠκούσθη

1934 2537 2417 2609 πολυπλοκώτερον
2456 2538 2555 2609 τῆς
2586 2541 2903 2610 συμφορᾶς;
2938 2541 3064 2592 Ὅτε
3103 2541 3202 2610 μὲν
3235 2541 3326 2593 τὸν
3353 2540 3509 2593 ἁδελ-

1934 2626 2032 2695 φὸν
2060 2625 2287 2691 ἀνεῖλεν,
2313 2626 2522 2679 ἀνελεῖν
2554 2628 2717 2681 αὑτὸν
2748 2627 3099 2692 ἐσπούδαζεν,
3134 2629 3224 2682 ὅτε
3254 2628 3311 2680 δὲ
3333 2628 3510 2699 ἐμάνη

1935 2716 2054 2768 κατ’
2088 2716 2274 2779 αὑτοῦ,
2309 2717 2431 2770 τότε
2485 2718 2725 2787 φείδεται
2763 2719 2857 2772 τοῦ
2908 2720 3115 2783 παιδός.
3160 2720 3271 2774 Καὶ
3312 2720 3412 2773 οὑκ
3443 2720 3510 2774 ἂν

1936 2804 2211 2857 ἐπαύσατο
2243 2804 2455 2876 θρηνῶν
2490 2808 2583 2860 ἐπὶ
2616 2806 2751 2859 πολὺ
2784 2808 2876 2861 τὸν
2904 2807 3117 2879 νεκρὸν,
3148 2809 3198 2861 εί
3233 2809 3309 2879 μὴ
3338 2809 3513 2879 εἰσῆλο

1936 2892 2026 2945 θεν
2053 2896 2081 2946 6
2121 2894 2297 2957 Ἰωὰϐ,
2331 2896 2423 2947 καὶ
2451 2894 2549 2963 τὴν
2575 2896 2804 2948 ἀτοπίαν
2832 2895 2925 2949 τοῦ
2962 2897 3285 2968 πράγματος
3315 2897 3509 2964 ἔδειξε,

1934 2980 2030 3033 καὶ
2062 2980 2417 3051 σφοδρότερον
2466 2981 2766 3051 διαλεχθεὶς
2815 2983 3077 3051 ἀνέστησέ
3108 2999 3167 3034 τε
3201 2982 3384 3047 αὑτὸν,
3417 2985 3511 3037 καὶ

1938 3072 1994 3122 ἐν
2044 3072 2281 3141 σχήματι
2328 3071 2406 3140 τῷ
2455 3074 2781 3142 προσήκοντι
2821 3071 3069 3136 δέξασθαι
3112 3074 3210 3143 τὴν
3253 3073 3510 3145 στρατιὰν

1938 3159 2336 3228 παρεσκεύασε.
2371 3158 2516 3230 [217]
2540 3160 2648 3212 Καὶ
2664 3159 2781 3212 οὑδέ
2798 3160 2918 3212 τότε
2945 3160 3093 3231 αὑτῷ
3108 3160 3177 3213 τὰ
3196 3160 3303 3215 τῶν
3323 3162 3511 3215 δεινῶν

1935 3243 2085 3307 τέλος
2113 3245 2435 3316 ἐλάμϐανεν,
2472 3246 2610 3299 ἀλλὰ
2638 3247 2853 3318 πρῶτον
2885 3249 2983 3319 μέν
3016 3249 3346 3304 ἐστασίασαν
3374 3250 3511 3320 πρὸς

1934 3333 2194 3403 ἀλλήλους
2223 3335 2272 3385 οἱ
2303 3334 2629 3405 στρατιῶται
2661 3335 2755 3388 καὶ
2778 3335 3105 3407 διῃρέθησαν
3126 3352 3140 3367 °
3172 3337 3248 3401 ὡς
3271 3337 3327 3390 δὲ
3359 3338 3512 3407 μόλις

1936 3422 2029 3473 καὶ
2066 3422 2203 3491 μετά
2250 3422 2452 3491 πολλῆς
2502 3424 2599 3494 τῆς
2638 3424 2928 3487 κολακείας
2954 3420 3103 3489 εἶξαν
3151 3424 3229 3495 τῷ
3281 3425 3506 3495 βασιλεῖ,

1935 3508 2095 3561 πάλιν
2128 3509 2575 3581 ἀποπηδήσαντες
2621 3512 3026 3585 προσετέθησαν
3064 3512 3140 3583 τῷ
3182 3514 3373 3572 Σαϐεέ.
3416 3515 3511 3567 καὶ

1936 3596 2097 3649 πάλιν
2121 3595 2179 3660 ἐξ
2202 3598 2372 3666 ἀρχῆς
2397 3599 2581 3668 ἕτερος
2611 3601 2853 3652 ἐτίκτετο
2880 3600 3112 3670 πόλεμος
3131 3601 3237 3653 τῶν
3260 3601 3353 3654 106
3380 3619 3511 3672 προ-

1933 3683 2092 3753 τέρου
2128 3684 2394 3752 λειψάνων
2436 3686 2705 3755 μενόντων
2736 3688 2835 3739 ἔτι.
2893 3688 3062 3759 ’Υπὲρ
3092 3682 3166 3742 ὧν
3192 3688 3509 3760 θορυϐηθεὶς

1933 3772 1961 3823 6
1990 3770 2172 3834 Δαυῒδ,
2190 3772 2283 3824 καὶ
2303 3774 2681 3842 συγκροτήσας
2702 3775 2829 3836 τοὺς
2851 3776 3208 3843 στρατιώτας,
3235 3775 3508 3844 ἐξέπεμψε

1938 3860 2074 3928 μετά
2103 3859 2210 3911 τῶν
2248 3860 2565 3931 στρατηγῶν
2585 3878 2597 3890 ⁸
2627 3862 2655 3912 6
2688 3861 2745 3913 δέ
2784 3861 2939 3915 ἰωὰϐ
2968 3864 3391 3933 τροπωσάμενος
3414 3865 3508 3916 καὶ

1932 3946 2119 4001 τοῦτον
2146 3949 2236 4000 τὸν
2262 3948 2514 4019 πόλεμον,
2543 3950 2642 4002 οὑκ
2671 3949 2849 4018 ἀφῆκε
2881 3944 3122 4020 καθαρὰν
3150 3950 3386 4020 ἀθυμίας
3412 3968 3509 4019 γε-

1933 4034 2117 4087 νέσθαι
2150 4035 2247 4106 τὴν
2280 4037 2386 4089 ἀπὸ
2422 4036 2520 4106 τῆς
2553 4036 2708 4107 νίκης
2742 4037 2953 4108 ἡδονήν.
3005 4038 3108 4090 Τὸν
3138 4039 3245 4109 γὰρ
3277 4040 3510 4110 συστρά-

1931 4139 2098 4191 τηγον
2124 4123 2215 4175 τὸν
2244 4124 2408 4176 αὑτοῦ
2436 4126 2529 4176 καὶ
2562 4126 2739 4178 πάντα
2769 4126 2861 4178 τὸν
2900 4126 3027 4179 λαὸν
3056 4127 3398 4192 ὑποτάξαντα
3430 4127 3509 4197 τῷ

1932 4209 2112 4275 Δαυῖδ,
2148 4209 2335 4263 τοῦτον
2378 4211 2564 4273 ἁπλῶς
2610 4213 2704 4265 καὶ
2742 4213 2893 4264 οὐδὲν
2924 4214 3062 4283 ἔχων
3096 4215 3366 4282 ἐγκαλεῖν,
3403 4215 3509 4268 ὑπὸ

1933 4295 2230 4365 βασκανίας
2265 4300 2453 4367 μανεὶς
2478 4299 2657 4352 ἀνεῖλε
2685 4302 2779 4353 καὶ
2808 4300 3132 4371 διεχρήσατο
3153 4318 3169 4335 ο
3204 4302 3338 4374 ὅπερ
3366 4303 3508 4357 οὑτω

1931 4383 2213 4456 διετάραξε
2256 4386 2347 4438 τὸν
2395 4386 2618 4456 βασιλέα
2650 4390 2743 4440 καὶ
2788 4390 3057 4459 συνέχεεν,
3108 4390 3183 4453 ὡς
3232 4392 3327 4445 καὶ
3378 4394 3509 4463 περὶ

1930 4472 2120 4526 τούτου
2150 4472 2481 4526 τελευτῶντα
2506 4475 2807 4546 ἐπισκῆψαι
2828 4477 2905 4547 τῷ
2930 4479 3099 4543 παιδὶ,
3132 4479 3225 4531 καὶ
3248 4479 3507 4551 δεηθῆναι

1935 4560 2009 4629 μὴ
2058 4560 2320 4629 περιιδεῖν
2364 4560 2712 4633 ἀτιμώρητον
2752 4565 3053 4619 ἀπελθόντα
3100 4567 3190 4620 τὸν
3248 4568 3502 4638 Ἀμισσᾶ.

1932 4646 2037 4699 Καὶ
2091 4648 2150 4700 16
2210 4646 2274 4718 δὴ
2324 4647 2743 4720 χαλεπώτερον,
2800 4650 2942 4705 οὕτω
2991 4653 3332 4723 διακείμενος
3387 4656 3509 4709 οὑδέ

1930 4735 2165 4801 ἐξειπεῖν
2222 4735 2422 4805 ἐτόλμα
2483 4738 2581 4806 τῆς
2645 4738 2880 4809 ἀθυμίας
2941 4741 3039 4809 τὴν
3096 4742 3370 4808 ὑπόθεσιν,
3420 4743 3511 4797 διὰ

1928 4824 1990 4876 16
2031 4824 2243 4894 μυρίοις
2274 4824 2373 4894 ’ήδη
2426 4826 3104 4899 προστεταλαιπωρηκέναι
3153 4834 3363 4895 κακοῖς.
3398 4833 3510 4886 Καὶ

1930 4912 2036 4982 γάρ
2098 4912 2235 4981 μετά
2296 4915 2422 4974 τοὺς
2484 4913 2754 4983 πολέμους
2816 4915 3041 4979 τούτους
3091 4917 3361 4985 διεδέξατο
3425 4920 3508 4973 λι-

1932 4999 2032 5070 μὸς
2082 4999 2178 5069 τὴν
2235 4998 2417 5068 χώραν
2452 5001 2649 5065 πᾶσαν,
2700 5002 2795 5054 καὶ
2844 5002 2935 5055 τοῦ
2988 5003 3157 5056 κακοῦ
3202 5006 3381 5076 ζητῶν
3410 5007 3508 5059 λύ-

1931 5104 2013 5139 σιν
2071 5088 2271 5156 εὑρεῖν,
2330 5086 2668 5155 ἠναγκάζετο
2720 5090 2847 5151 τοὺς
2892 5089 2986 5142 τοῦ
3038 5091 3209 5144 Σαοὺλ
3254 5092 3506 5147 ἐκδοῦναι

1928 5176 2124 5238 παῖδας
2154 5176 2233 5236 είς
2277 5176 2510 5245 σφαγήν.
2559 5174 2729 5228 Τοῦτο
2775 5176 2883 5247 γάρ
2933 5178 3119 5245 ἔλεγεν
3164 5182 3192 5232 6
3225 5182 3503 5251 χρησμός·

1940 5264 2072 5316 Ἐπὶ
2122 5263 2341 5325 Σαοὺλ,
2394 5264 2547 5333 φησὶ.
2598 5264 2695 5316 καὶ
2736 5265 2833 5318 ἐπὶ
2882 5266 2987 5319 τὸν
3025 5264 3194 5320 οἷκον
3244 5268 3431 5322 αὐτοῦ
3463 5271 3502 5337 ἡ

1926 5352 2126 5407 ἀδικία
2156 5352 2306 5418 αὕτη
2348 5352 2446 5405 διὰ
2492 5352 2556 5404 τὸ
2605 5353 2943 5408 θανατῶσαι
2983 5356 3169 5408 αὐτὸν
3207 5356 3349 5423 τοὺς
3382 5360 3501 5410 I'a-

1926 5442 2235 5505 ϐαωνίτας.
2262 5441 2323 5491 El
2356 5440 2414 5491 δέ
2447 5458 2531 5502 τις
2563 5441 2832 5510 μέμνηται
2868 5441 2985 5505 πῶς
3014 5444 3103 5496 τὸν
3136 5445 3306 5498 Σαοὺλ
3333 5445 3499 5517 ἐθρή-

1925 5546 2106 5595 νησεν,
2139 5525 2244 5581 οἶδε
2266 5528 2319 5579 τί
2358 5528 2451 5580 καὶ
2498 5529 2617 5580 τότε
2664 5527 2867 5598 ἔπασχε
2900 5530 3224 5601 παραδιδοὺς
3257 5536 3368 5597 τοῖς
3394 5535 3501 5587 Γαο

1926 5616 2213 5679 ϐαωνίταις
2247 5615 2471 5678 αὐτούς’
2506 5615 2620 5667 ἀλλ’
2666 5616 2815 5685 ὅμως
2858 5618 2950 5669 καὶ
2987 5618 3157 5672 ταῦτα
3195 5620 3377 5692 ἔφερε,
3406 5625 3499 5675 καὶ

1926 5704 2231 5774 περαιτέρω
2260 5703 2419 5756 πάλιν
2446 5705 2639 5774 προῄει
2660 5703 2729 5755 τά
2754 5703 2859 5757 τῶν
2884 5706 3195 5778 συμφορῶν.
3222 5707 3373 5760 Μετά
3391 5709 3500 5780 γὰρ

1922 5793 2012 5845 τὸν
2042 5792 2198 5859 λιμὸν
2222 5792 2423 5861 ἐπέστη
2450 5791 2656 5861 λοιμὸς,
2688 5793 2779 5844 καὶ
2808 5794 3094 5847 πίπτουσιν
3130 5795 3499 5865 ἐϐδομήκοντα

1924 5879 2159 5950 χιλιάδες
2211 5878 2418 5949 ἀνδρῶν
2469 5881 2525 5931 ἐν
2563 5879 2639 5949 τῷ
2680 5881 2779 5949 τῆς
2825 5882 3037 5952 ἡμέρας
3078 5884 3263 5953 ήμίσει
3299 5884 3499 5955 καιρῷ,

1927 5970 2013 6021 ὅτε
2047 5969 2137 6020 καὶ
2172 5965 2236 6019 τὰ
2266 5966 2469 6020 ἐλεεινὰ
2507 5969 2685 6022 ἐκεῖνα
2729 5971 2944 6039 ῥήματα
2976 5970 3267 6038 φθέγγεται
3293 5970 3499 6041 63001-
