4036 6416
548 463 656 524 485

548 576 694 641 ὶεύς.
739 573 884 630 Ἰδὼν
939 569 1044 642 γὰρ
1082 567 1173 622 τὸν
1209 560 1438 634 ἄγγελον
1487 557 1828 642 ἐσπασμένον
1861 553 1957 623 τὴν
1989 552 2118 642 ρομῖ

543 632 720 734 ,φαίαν
765 632 980 724 ἐλεγενλ
1016 632 1182 707 ”Ιδοὺ
1215 632 1392 734 ὲγὼό
1439 643 1664 734 ποιμήν
1697 639 1986 734 ⁴ἰέμαρτον,
2018 632 2118 734 καὶ

1251 449 1308 504 S.
1349 441 1631 504 JOANNIS
1668 431 2143 497 CHRYSOSTOMI
2181 431 2500 490 ARCIIIEP.
2539 428 3085 487 CONSTANTINOP.

3687 424 3794 482 683

2222 548 2336 602 ἀλλ’
2367 547 2583 602 ἐπένθει
2627 546 2890 616 διηνεκῶς
2923 545 3016 597 καὶ
3072 542 3254 610 ἐλεγεν
3275 557 3286 570 ·
3321 539 3534 609 Ἀφετέ
3573 558 3673 610 με,
3707 557 3801 596 πι-

2221 636 2378 706 κρῶς
2394 636 2754 705 κλαύσομαι,
2771 634 2858 705 μὴ
2880 631 3288 698 κατισχύσητε
3309 629 3679 696 παρακαλεῖν
3692 646 3799 698 με’

558 715 666 816 ἐγὼ
721 745 754 795 ό
809 715 1034 807 ποιμὴν
1063 715 1495 798 ἐκακοποίησα,
1663 719 1851 816 οῆτρι,
1886 718 1956 816 τὸ
1993 716 2122 771 ποί’
2221 727 2251 778 6
2277 724 2384 796 γὰρ
2413 722 2509 777 τοῦ
2535 723 2766 777 θανάτου
2800 721 3001 792 τρόπος
3026 720 3204 772 πᾶσαν
3235 715 3548 786 ὑπερϐαίνει
3584 733 3801 786 συμφο-

551 806 749 901 μνιον,
780 825 836 877 τι
862 806 1187 887 ἐποίησανς
1205 815 1478 871 Γενέσθω
1504 811 1575 866 ἐν
1603 808 1732 880 ἐμοὶ
1751 808 1790 875 ή
1822 806 1950 874 χείρ
1981 818 2119 901 001,),

555 885 657 968 καί
803 906 886 972 τῷ
931 885 1076 970 οἴκῳ
1116 904 1222 958 τοῦ
1255 901 1478 968 πατρός
1509 916 1648 969 μου.
1682 894 1869 957 Πάσας
1905 891 2004 962 μὲν
2029 885 2123 942 οὖν

556 992 721 1048 αὐτοῦ
757 990 856 1053 τὰς
902 987 1137 1058 ἀθυμίας
1173 987 1310 1056 πρὸς
1339 983 1622 1054 ἀκρίϐειαν
1645 979 1704 1034 οὐ
1741 975 1963 1032 δυνατὸν
1992 973 2124 1058 ημῖν

559 1076 823 1140 ἐξειπεῖν·
853 1071 972 1124 οὐδὲ
1011 1053 1120 1140 γάρ
1163 1053 1299 1122 εἰσιν
1333 1053 1672 1136 ἀνάγραπτοι
1703 1063 1901 1114 πᾶσαι·
1927 1056 2034 1110 ἀπὸ
2069 1053 2125 1140 δέ

558 1139 668 1214 τῶν
690 1158 902 1230 θρήνων
929 1139 1101 1209 αὐτοῦ
1121 1153 1215 1206 καὶ
1255 1151 1362 1204 τῶν
1403 1147 1652 1219 ὀδυρμῶν
1687 1144 1907 1230 δυνατὸν
1936 1139 2127 1211 στοχά-

562 1223 758 1297 σασθαι
781 1223 881 1294 καὶ
913 1237 1018 1292 τῶν
1060 1231 1531 1306 παραλειφθεισῶν
1560 1231 1621 1283 τὸ
1650 1227 1898 1300 μέγεθος,
1929 1225 2022 1278 καὶ
2052 1223 2127 1286 ὡς

560 1325 813 1378 οὐδέποτε
838 1320 1152 1391 διελίμπανε
1179 1318 1508 1387 κοπτόμενος
1537 1314 1629 1367 καὶ
1651 1310 1832 1380 ἀλγῶν
1849 1311 1878 1362 6
1899 1308 2125 1391 δίκαιος.

562 1407 628 1462 Τί
656 1407 766 1478 γάρ
793 1421 954 1476 φησιν
1005 1405 1072 1456 Αἱ
1089 1399 1297 1470 ἡμέραι
1328 1398 1446 1452 τῶν
1475 1396 1625 1450 ἐτῶν
1651 1391 1821 1465 ἡμῶν
1840 1393 1910 1446 ἐν
1928 1387 2131 1478 αὐτοῖς

562 1471 970 1560 ἐϐδομήκοντα
993 1487 1098 1553 ἔτη
1118 1502 1134 1516 -
1163 1485 1271 1538 ἐὰν
1302 1483 1370 1535 δὲ
1388 1483 1458 1535 ἐν
1479 1478 1889 1560 δυναστείαις,
1921 1471 2131 1543 ὀγδοή-

563 1557 748 1627 κοντα
766 1571 892 1638 ἐτη,
911 1567 1094 1623 καὶτὸ
1121 1565 1331 1621 πλεῖον
1357 1563 1555 1618 αὐτῶν
1581 1562 1767 1626 κόπος
1795 1557 1896 1612 καί
1923 1557 2127 1618 πόνος.

565 1656 628 1709 El
657 1654 714 1709 δέ
741 1636 918 1721 λέγοις
963 1652 1043 1704 ὅτι
1075 1651 1174 1720 τῆς
1203 1648 1389 1717 κοινῆς
1419 1645 1575 1699 τοῦτο
1607 1643 1852 1710 κατέγνω
1879 1639 2041 1708 ζωῆς,
2070 1636 2130 1688 οὑ

565 1738 666 1810 τῆς
713 1736 877 1790 αὐτοῦ
933 1736 1111 1806 μόνον,
1145 1731 1327 1803 μεῖζόν
1354 1730 1470 1800 τιῆ
1519 1727 1629 1796 ἐγὼ
1667 1725 1828 1788 αὐτὸς
1875 1722 2131 1810 βούλομαι

565 1801 765 1889 λέγεις,
797 1819 888 1874 καὶ
927 1801 1100 1886 λόγων
1127 1801 1280 1886 ημᾶς
1305 1810 1664 1872 ἀπαλλάττεις
1703 1807 1934 1889 πολλῶν,
1975 1801 2134 1864 αὐτὸς

566 1888 863 1975 ὁμολογῶν,
893 1902 973 1954 ὃτι
1017 1901 1079 1952 ού
1110 1899 1267 1969 μόνον
1299 1895 1528 1956 ἐκείνου,
1563 1891 1677 1946 ἀλλ’
1703 1889 1810 1943 οὐδ’
1841 1888 2025 1958 ἐτέρου
2057 1901 2136 1937 τι-

568 1967 658 2051 νδς
693 1967 806 2058 βίον
833 1985 976 2038 ἐστιν
995 1967 1174 2052 εὑρεῖν
1204 1979 1277 2050 μὴ
1306 1977 1484 2047 πολλῷ
1511 1975 1731 2028 πλείονα
1746 1972 1863 2058 τῶν
1885 1967 2134 2041 χρηστῶν

570 2049 760 2141 ἔχοντα
801 2067 871 2121 τά
907 2049 1163 2136 δυσχερῆ.
1195 2049 1305 2116 Καὶ
1333 2060 1463 2130 γὰρ,
1494 2058 1684 2127 ῶσπερ
1717 2049 1808 2108 οὖν
1839 2054 1931 2105 καὶ
1975 2050 2136 2112 αὐτὸς

570 2135 706 2228 ἔφης
732 2153 934 2218 καλῶς,
963 2153 1022 2206 οὐ
1061 2151 1130 2204 τά
1158 2148 1320 2204 αὑτοῦ
1351 2147 1508 2217 μόνον
1545 2146 1766 2205 ἐκεῖνος,
1797 2139 1930 2194 ἀλλά
1957 2137 2049 2191 καὶ
2070 2135 2138 2188 τά

569 2224 679 2299 τῶν
704 2245 876 2299 ἄλλων
894 2239 1341 2309 διασκεψάμενος,
1366 2235 1507 2288 οὓτω
1533 2231 1734 2302 ταύτην
1759 2230 2018 2299 ἐξήνεγκε
2044 2224 2140 2295 τὴν

573 2333 868 2402 ἀπόφασιν,
901 2327 1054 2402 [218]
1070 2327 1139 2380 τά
1171 2326 1270 2395 μὲν
1299 2323 1439 2376 αὑτά
1465 2320 1542 2391 τῷ
1573 2317 1887 2389 πατριάρχῃ
1910 2313 2143 2385 φθεγγό-

578 2401 756 2493 μενος,
814 2401 952 2490 μετά
999 2417 1055 2469 δέ
1093 2413 1334 2486 μείζονος
1377 2410 1478 2480 τῆς
1524 2407 1912 2493 σφοδρότητος·
1963 2403 1993 2455 ὃ
2033 2401 2143 2473 γάρ

577 2487 780 2571 ἐκεῖνος
811 2487 902 2560 ἐπὶ
932 2505 1149 2575 μέρους,
1177 2500 1333 2554 τοῦτο
1356 2497 1582 2552 καθόλου
1605 2487 1760 2557 οὗτος
1789 2492 2013 2564 ὕστερον
2042 2492 2144 2544 ἀπ-

579 2597 837 2666 εφήνατο.
884 2593 942 2647 '0
969 2593 1067 2662 μὲν
1097 2590 1206 2659 γὰρ
1233 2587 1405 2655 ἔλεγε,
1434 2582 1647 2653 Μικραί
1667 2583 1763 2636 καὶ
1797 2578 2050 2648 πονηραὶ
2086 2581 2146 2628 αὶ

578 2684 789 2753 ἡμέραι
809 2697 948 2751 μουο
977 2674 1130 2742 οὗτος
1155 2678 1232 2740 δὲ,
1253 2677 1323 2730 Αἱ
1345 2673 1554 2744 ἡμέραι
1576 2671 1694 2726 τῶν
1714 2669 1865 2724 ἐτῶν
1891 2666 2060 2738 ἡμῶν
2080 2667 2148 2720 ἐν

579 2771 784 2839 αὐτοῖς
809 2767 1214 2838 ἐϐδομήκοντα
1254 2765 1381 2831 ἐτη,
1410 2761 1656 2815 τουτέστι
1692 2759 1909 2814 πάντων
1942 2755 2151 2825 ἀνθρὼ-

580 2878 719 2925 πων,
750 2857 938 2912 καὶτὸ
969 2854 1182 2910 πλεῖον
1207 2850 1407 2907 αὐτῶν
1437 2850 1625 2914 κόπος
1651 2847 1750 2901 καὶ
1779 2849 1988 2908 πόνος.

654 2955 707 3003 ι’.
756 2945 915 3000 Ἀλλά
934 2942 1108 2998 ταῦτα
1135 2942 1255 3013 μὲν,
1290 2941 1426 3009 ὅπερ
1457 2937 1613 3007 ἔφην,
1653 2934 1855 3004 ἀφίημί
1889 2948 1970 2984 σοι
2017 2930 2153 3001 μετὰ

581 3033 866 3106 ἀκριϐείας
896 3033 1113 3102 ἀπάσης
1139 3029 1280 3084 κατὰ
1314 3025 1508 3097 σχολὴν
1541 3021 1816 3076 ἐπελθεῖν·
1848 3018 1959 3088 ἐγὼ
1983 3017 2040 3071 δὲ
2063 3017 2153 3069 ἐπὶ

582 3105 708 3188 τοὺς
720 3122 937 3186 λοιποὺς
951 3121 1066 3192 ἥξω
1085 3119 1388 3191 προφήτας,
1408 3114 1584 3168 καίτοι
1601 3129 1664 3180 γε
1677 3108 1909 3180 οὐδαμοῦ
1929 3106 2022 3160 τὸν
2043 3105 2154 3176 βίον

584 3212 764 3270 αὐτῶν
808 3210 1152 3280 ἀνάγραπτον
1194 3207 1414 3275 ἀφῆκαν
1442 3201 1596 3273 ἡμῖν,
1625 3197 1737 3253 ἀλλ’
1765 3197 1914 3268 ὅμως
1959 3194 2052 3248 καὶ
2077 3194 2156 3256 εἰς

585 3300 853 3370 τοσαύτην
896 3279 1256 3365 στενοχωρίαν
1299 3291 1648 3362 ἐμπεσόντες,
1687 3283 1776 3338 διά
1804 3283 1900 3352 τὴν
1928 3279 2158 3351 ὑπερϐο-

587 3389 684 3461 λὴν
713 3369 819 3441 τῶν
840 3384 1220 3454 κατασχόντων
1252 3380 1448 3442 αὐτοὺς
1469 3376 1676 3437 κακῶν,
1720 3373 1815 3426 καὶ
1853 3371 1960 3424 ἀπὸ
1984 3369 2049 3440 ρὴ
2061 3385 2159 3437 μα-

588 3495 680 3539 τος
715 3476 835 3537 ἐνὸς
862 3469 1015 3543 οἶμαι
1043 3468 1368 3540 δυνήσεσθαι
1397 3466 1566 3531 δεῖξαι
1597 3464 1774 3516 πάντα
1802 3459 1890 3512 τὸν
1931 3457 2044 3526 βίον
2071 3456 2162 3508 αύ-

588 3563 699 3617 τῶν
722 3563 849 3616 ὄντα
873 3557 1196 3615 κατώδυνον.
1222 3556 1334 3609 Καὶ
1359 3553 1572 3624 πρῶτον
1597 3551 1713 3621 μὲν,
1740 3548 1768 3601 ὃ
1795 3547 1970 3600 κοινὸν
1995 3545 2160 3597 πᾶσιν

593 3653 834 3722 ὑπῆρχεν
859 3649 1060 3711 αὐτοῖς,
1083 3644 1518 3717 στρεϐλούμενοι,
1546 3635 1948 3710 μαστιζόμενοι,
1976 3630 2162 3702 πριζό-

595 3720 770 3812 μενοι,
789 3737 1150 3807 λιθαζόμενοι,
1174 3731 1610 3802 φυλακιζὸμενοι,
1639 3729 1696 3780 ἐν
1721 3724 1865 3794 φόνῳ
1893 3720 2164 3793 μαχαίρας

591 3807 1042 3898 ἀποθνήσκοντες,
1063 3821 1471 3893 περιερχόμενοι
1488 3818 1544 3869 ἐν
1568 3813 1925 3886 μηλωταῖς,ἐν
1940 3807 2164 3876 αἰγείοις

591 3896 874 3986 δέρμασιν,
921 3908 1329 3981 ὑστερούμενοι,
1365 3904 1691 3974 θλιϐόμενοι,
1735 3896 2164 3968 κακουχούμενοι

592 3984 930 4059 τὺνάπαντα
966 3998 1076 4068 βίον
1107 3996 1392 4050 διετέλουν.
1416 3995 1570 4047 Μετά
1599 3991 1655 4044 δέ
1681 3989 1836 4042 τοῦτο
1859 3987 1952 4040 καὶ
1977 3984 2165 4055 ἐτέραν

595 4089 742 4162 εἶχον
785 4088 1017 4159 ἀθυμίας
1058 4085 1368 4158 προσθήκην
1409 4080 1610 4151 ταύτης
1660 4075 2067 4150 χαλεπωτέραν.
2106 4071 2165 4124 τὸ

594 4159 691 4250 τὴν
726 4179 923 4233 κακίαν
957 4176 1088 4247 ὁρᾷν
1118 4171 1515 4245 προϐαίνουσαν
1549 4167 1658 4220 τῶν
1690 4166 1864 4220 ταῦτα
1900 4159 2166 4216 διατιθέν-

594 4283 702 4320 των
736 4267 950 4327 αύτοὺς,
1003 4264 1087 4332 ἐφ’
1120 4255 1165 4329 ᾧ
1217 4260 1415 4330 μᾶλλον
1470 4257 1577 4310 τῶν
1628 4254 1842 4308 οίκείων
1885 4251 2168 4304 ἐδάκνοντο

598 4354 847 4424 θλίψεων.
884 4354 994 4406 Καὶ
1023 4355 1051 4405 6
1083 4353 1180 4421 μὲν
1230 4349 1413 4417 ἔλεγεν
1434 4363 1448 4378 °
1492 4345 1632 4413 Ἀρὰ
1660 4343 1761 4396 καὶ
1785 4340 2030 4410 Ψεῦδος,
2067 4338 2163 4390 καὶ

597 4441 797 4508 κλοπὴ
817 4441 912 4494 καί
938 4438 1175 4509 μοιχεία
1190 4436 1287 4490 καὶ
1305 4435 1488 4504 φόνος
1515 4433 1757 4499 κέχυται
1787 4428 1882 4482 ἐπὶ
1906 4426 2017 4494 τῆς
2032 4424 2164 4494 γῆς,

599 4533 695 4585 καὶ
724 4532 939 4599 αἵματα
965 4529 1056 4597 ἐφ’
1091 4527 1299 4594 αἵμασι
1318 4525 1608 4593 μίσγουσι
1633 4539 1644 4550 ·
1676 4521 1736 4572 τὸ
1761 4518 1911 4580 ἀδεὲς
1945 4516 2038 4568 καὶ
2071 4528 2168 4565 πθ-

597 4617 861 4671 λύπλοκον
910 4616 1003 4667 καὶ
1057 4612 1273 4679 δαψιλὲς
1315 4611 1412 4678 τῆς
1450 4607 1645 4668 κακίας
1692 4603 1966 4674 ἐμφαίνων
2017 4600 2165 4668 ἡμῖν.

605 4704 894 4774 ’Έτεροςδέ
911 4702 1036 4753 ἐϐόα
1055 4700 1232 4753 πάλιν·
1251 4697 1415 4765 Οτμοι
1434 4697 1453 4748 !
1480 4695 1568 4747 ὅτι
1595 4693 1884 4761 ἐγενόμην
1912 4689 1990 4751 ὡς
2023 4702 2169 4738 συν-

597 4772 758 4862 άγων
801 4788 1079 4855 καλάμην
1117 4788 1187 4838 ἐν
1239 4783 1463 4853 ἁμήτῳ,
1514 4781 1609 4833 καὶ
1661 4779 1741 4842 ὡς
1804 4772 2169 4842 ἐπιφηίλίδα

597 4861 666 4933 ἐν
694 4876 960 4947 τρυγήτῳ
985 4877 1097 4942 οὐχ
1141 4870 1522 4938 ὑπάρχοντος
1538 4867 1798 4933 βότρυος
1819 4880 1832 4893 ·
1864 4863 1926 4916 τὸ
1949 4861 2170 4914 σπάνιον

597 4969 706 5022 τῶν
748 4964 968 5035 ἀγαθῶν
1027 4961 1234 5033 ἀνδρῶν
1266 4958 1355 5012 διά
1386 4958 1591 5010 τούτων
1620 4958 1644 4985 ³
1677 4953 1914 5024 θρηνῶν.
1980 4949 2171 5012 ’Ἄλλος

599 5055 760 5110 πάλιν
803 5055 967 5124 ἐτερα
995 5049 1219 5103 τοιαῦτα
1266 5044 1603 5115 ἀπωδύρετο.
1661 5044 1718 5095 ὐ
1749 5042 1805 5095 δέ
1847 5039 2065 5100 αἰπόλος
2110 5038 2168 5089 ού

594 5144 695 5207 τάς
728 5141 927 5202 κακίας
963 5139 1140 5192 αὐτῶν
1173 5135 1389 5189 ἐπένθει
1419 5135 1597 5204 μόνον,
1623 5131 1758 5185 ἀλλὰ
1781 5130 1873 5183 καὶ
1906 5128 2004 5189 τὰς
2039 5143 2098 5178 συ
2110 5143 2173 5194 μ-

597 5231 773 5302 φοράς
813 5227 1010 5301 μᾶλλον
1043 5226 1151 5278 τῶν
1184 5223 1401 5278 οἰκείων
1433 5222 1648 5292 ἐθρήνει
1696 5214 2038 5288 πειρασμῶν,
2079 5212 2172 5263 καὶ

593 5301 687 5374 τοῦ
730 5317 866 5371 Θεοῦ
915 5316 1085 5369 ἐδεῖτο
1121 5312 1294 5380 λέγων
1319 5327 1330 5338 ·
1371 5311 1568 5373 Ἵλεως
1607 5305 1806 5377 γενοῦ,
1837 5305 2010 5370 Κύριε
2033 5317 2045 5330 ο
2082 5301 2173 5364 τίς

593 5405 932 5472 ἀναστήσει
965 5403 1073 5456 τὸν
1117 5399 1346 5462 Ἰακὼϐ,
1378 5399 1466 5451 ὅτι
1503 5393 1819 5463 όλιγιοστός
1855 5392 2016 5450 ἐστις
2055 5391 2172 5440 Με-

593 5497 922 5562 τανόησον,
969 5491 1165 5558 Κύριε,
1204 5487 1305 5540 ἐπὶ
1337 5487 1542 5550 τούτῳ.
1581 5482 1692 5535 Καὶ
1723 5479 1843 5534 οὐδὲ
1875 5477 2016 5531 οὕτω
2043 5492 2172 5542 τυγ-

595 5583 747 5654 χάνει
781 5582 881 5653 τῆς
917 5580 1193 5651 ἱκετηρίας
1210 5579 1256 5617 b'
1304 5572 1427 5628 εἷπε
1468 5573 1606 5644 γάρ·
1650 5569 1759 5624 Καὶ
1793 5569 1862 5621 οὐ
1890 5564 1975 5635 μὴ
2013 5563 2177 5634 γένη·

593 5651 708 5734 ται,
742 5651 902 5739 λέγει
934 5671 1166 5738 Κύριος.
1211 5666 1268 5719 '0
1310 5664 1366 5716 δέ
1408 5661 1635 5722 Ἡσαΐας
1678 5655 1913 5718 ἀκούσας
1942 5654 2022 5706 ὅτι
2054 5651 2175 5721 ἕρη-

597 5779 695 5833 μος
726 5760 877 5814 ἔσται
925 5759 1133 5828 πᾶσαή
1174 5754 1268 5824 γῆ,
1316 5751 1436 5806 ούδέ
1482 5745 1915 5822 παρακαλεῖσθαι
1949 5741 2172 5813 ἤθελεν,

656 5870 683 5898 ⁸
705 5867 788 5917 Sic
812 5867 958 5916 Savil.
996 5874 1047 5914 et
1071 5865 1209 5916 Colb.
1235 5861 1405 5911 Morel.
1434 5872 1552 5908 vero
1576 5858 1654 5905 διὰ
1672 5854 1833 5903 τοῦτο.

597 5929 684 6053 με)
703 5913 1341 5988 ἑανὶἶίείίῖοιὒίῐκετηρίας
1384 5929 1542 5980 recte,
1585 5919 1756 5968 Morel.
1788 5913 2023 5976 σωτηρίας
2063 5924 2174 5974 pcr-

661 6005 785 6041 tam.

661 6005 785 6041 tam.

2228 814 2345 887 ράν.
2377 813 2482 867 Τοῦ
2526 812 2584 865 δὲ
2623 809 2900 882 Ἱερεμίου
2951 808 3078 869 τοὺς
3110 806 3362 876 θρήνους,
3401 803 3649 866 καὶτοὺς
3689 802 3802 871 ἰδία

2226 904 2707 976 συντεταγμένους,
2738 903 2832 955 καὶ
2873 901 3001 962 τοὺς
3038 896 3309 967 πανταχοῦ
3330 896 3427 966 τῆς
3460 894 3802 966 προφητείας

2223 993 2672 1064 διεσπαρμένους,
2715 989 2840 1052 τούς
2880 1005 2940 1043 τε
2985 987 3126 1057 ὑπὲρ
3159 986 3256 1056 τῆς
3302 983 3530 1047 πόλεως,
3577 981 3708 1044 τούς
3739 999 3802 1034 τε

2229 1085 2370 1156 ὑπὲρ
2401 1081 2587 1144 αὐτοῦ,
2630 1081 2714 1144 τίς
2755 1080 3018 1150 ἀδακρυτὶ
3058 1077 3345 1147 δυνήσεται
3372 1073 3649 1136 ἐπελθεῖν;
3682 1071 3803 1124 Νῦν

2231 1175 2327 1246 μὲν
2359 1174 2467 1243 γὰρ
2500 1170 2680 1238 ἐλεγε’
2721 1169 2816 1234 Τίς
2847 1166 3026 1221 δώσει
3067 1164 3142 1234 τῇ
3186 1161 3423 1234 κεφαλῇ
3459 1180 3578 1232 μου
3617 1161 3803 1229 ὕδωρ,

2229 1262 2326 1316 καὶ
2378 1259 2503 1325 τοῖς
2545 1257 2874 1330 ὀφθαλμοῖς
2913 1272 3032 1325 μου
3085 1252 3289 1321 πηγὴν
3333 1250 3606 1318 δακρύων
3621 1264 3642 1312 ;
3700 1249 3803 1300 καὶ

2230 1352 2567 1420 κλαύσομαι
2600 1347 2707 1401 τὸν
2734 1345 2889 1399 λαὸν
2913 1342 3131 1396 τοῦτον
3155 1339 3378 1410 ἡμέρας
3414 1337 3512 1390 καί
3544 1336 3802 1401 νυκτός·

2231 1438 2325 1492 νῦν
2348 1438 2430 1492 δέ·
2465 1437 2560 1500 Τίς
2585 1434 2762 1489 δώσει
2777 1451 2877 1502 μοι
2901 1431 2970 1484 ἐν
2991 1429 3067 1498 τῇ
3093 1429 3291 1498 ἐρήμῳ
3319 1424 3588 1493 σταθμὸν
3618 1425 3808 1490 ἐσχα-

2233 1543 2358 1588 τον,
2387 1523 2486 1578 καί
2532 1522 2873 1588 καταλείψω
2902 1517 3009 1571 τὸν
3047 1516 3202 1570 λαὸν
3244 1512 3481 1576 τοῦτον,
3526 1511 3623 1564 καὶ
3686 1511 3809 1563 d1-

2233 1609 2921 1684 ελεύσομαιὰπ⁹αὐτῶν;
2950 1609 3040 1662 ὅτι
3071 1605 3293 1671 πάντες
3314 1600 3659 1672 μοιχῶν-ται.
3695 1599 3805 1654 Καὶ

2235 1706 2366 1759 ποτέ
2403 1704 2500 1776 μὲν
2533 1699 2859 1773 σχετλιάζων
2888 1695 3018 1752 ἐϐόα
3038 1713 3051 1725 ’
3086 1695 3251 1764 Οἷμοι
3282 1690 3415 1760 ἐγὼ,
3457 1689 3658 1759 μήτηρ
3684 1689 3708 1740 .'
3730 1688 3810 1747 ὡς

2235 1794 2369 1847 τίνα
2392 1809 2468 1862 με
2511 1792 2711 1855 ἔτεκες
2749 1787 2937 1854 ἄνδρα
2971 1781 3349 1851 δικαζόμενον
3391 1779 3488 1832 καὶ
3517 1777 3817 1844 διακρινό-

2232 1899 2419 1952 μενον
2449 1879 2617 1947 πάσῃ
2668 1876 2741 1946 τῇ
2787 1873 2898 1944 nn};
2930 1871 3061 1926 ποτὲ
3107 1871 3164 1924 δὲ
3198 1870 3290 1923 καὶ
3327 1868 3423 1938 τὴν
3465 1867 3680 1936 ἡμέραν
3713 1865 3816 1933 τῆς

2237 1973 2500 2041 γενέσεως
2538 1967 2701 2022 αὐτοῦ
2748 1964 3024 2034 κατηρᾶτο
3051 1961 3244 2028 λέγων,
3284 1955 3748 2023 Ἐπικατάρατος
3775 1953 3816 2017 ἡ

2239 2062 2448 2130 ἡμέρα,
2487 2059 2556 2112 ἐν
2579 2052 2617 2128 ᾖ
2653 2052 2984 2125 ἐγεννήθην
3005 2051 3076 2104 ἐν
3107 2047 3280 2115 αὐτῇ.
3327 2047 3385 2099 Ὀ
3417 2045 3473 2097 δὲ
3495 2043 3591 2096 τοῦ
3619 2041 3820 2112 βορϐό-

2243 2171 2336 2226 ρου
2369 2152 2588 2213 λάκκος,
2633 2151 2726 2202 καὶ
2757 2149 2812 2202 αἱ
2842 2146 2950 2200 τῶν
2991 2142 3204 2214 δεσμῶν
3238 2139 3464 2208 θλίψεις,
3496 2138 3594 2191 καὶ
3634 2137 3690 2188 αἰ
3723 2134 3822 2204 μά·

2245 2223 2446 2307 στιγες,
2474 2237 2622 2310 [219]
2646 2237 2738 2290 καὶ
2761 2237 2813 2288 αἱ
2837 2232 3138 2290 ἐπιϐουλαὶ,
3162 2231 3301 2282 καὶὸ
3320 2226 3491 2294 γέλως
3510 2226 3536 2276 6
3556 2223 3825 2293 διηνεκὴς

2243 2329 2416 2392 οὕτως
2461 2327 2621 2381 αὑτὸν
2647 2325 2920 2394 διέθηκαν,
2963 2322 3038 2383 ὼς
3067 2320 3160 2372 καὶ
3191 2313 3563 2386 ἀπαγορεῦσαι
3606 2313 3822 2364 λοιπόν.

2245 2419 2309 2469 Τί
2331 2418 2386 2470 δὲ
2410 2415 2574 2487 ἡνίκα
2595 2415 2693 2484 τῆς
2719 2413 2926 2473 πόλεως
2947 2407 3182 2476 ἀλούσης
3210 2403 3462 2474 προνοίας
3483 2402 3644 2470 ἔτυχε
3667 2398 3828 2468 παρά

2246 2506 2353 2560 τῶν
2378 2503 2666 2576 βαρϐάρων
2695 2500 2786 2555 καὶ
2810 2499 3008 2568 τιμῆς;
3047 2492 3157 2566 ἄρα
3185 2494 3382 2565 ⁴ᾔσθετο
3409 2488 3615 2542 τούτων
3641 2504 3654 2550 ;
3685 2487 3826 2538 Τότε

2252 2598 2350 2668 μὲν
2379 2590 2472 2650 οὖν
2498 2595 2591 2649 καὶ
2612 2595 2737 2656 τοὺς
2773 2591 3000 2662 πικροὺς
3032 2589 3261 2658 θρήνους
3283 2583 3485 2654 ἔγραψε
3507 2582 3636 2643 τοὺς
3657 2579 3822 2632 ἀπελ-

2248 2666 2440 2749 θόντας
2498 2682 2730 2744 πενθῶν,
2764 2681 2859 2732 καὶ
2891 2678 2998 2730 τῶν
3034 2673 3408 2747 παρελθόντων
3435 2670 3492 2722 δὲ
3527 2669 3630 2720 ούκ
3674 2666 3833 2720 ἐλάτ·

2247 2792 2376 2828 τονα
2411 2769 2518 2826 εἶδε
2567 2769 2736 2834 δεινά,
2785 2767 2964 2820 αὐτῶν
3006 2765 3114 2816 τῶν
3167 2760 3275 2814 ἀπὸ
3305 2756 3398 2811 τοῦ
3427 2755 3669 2824 πολέμου
3704 2755 3834 2806 ὐποο

2251 2861 2574 2930 λειφθέντων
2599 2854 3016 2930 παροξυνάντων
3039 2852 3130 2904 τὸν
3148 2848 3300 2903 Θεόν.
3332 2843 3835 2912 Ἐπαγγειλάμενοι

2251 2952 2359 3022 γὰρ
2391 2950 2567 3004 πάντα
2605 2947 2753 3016 αὑτῷ
2796 2940 3185 3012 πεισθήσεσθαι
3220 2937 3314 2989 καὶ
3344 2934 3506 3005 μηδὲν
3552 2933 3685 2984 ἅντε
3699 2934 3832 3000 ρεῖν.

2253 3045 2332 3104 εἰς
2359 3042 2632 3108 Αἴγυπτον
2655 3036 2815 3090 πάλιν
2845 3033 3135 3103 κατῄεσαν,
3162 3026 3256 3081 τοῦ
3287 3022 3533 3096 χρησμοῦ
3566 3023 3838 3074 τάναντία

2254 3131 2524 3198 λέγοντος,
2573 3127 2666 3180 καὶ
2714 3124 2805 3178 τὸν
2839 3122 3121 3193 προφήτην
3161 3117 3396 3185 κατῆγον
3441 3113 3560 3183 μεθ’
3596 3109 3837 3167 ἑαυτῶν,

2256 3221 2351 3272 καὶ
2398 3215 2750 3290 χαλεπώτερα
2801 3211 2910 3264 τῶν
2959 3207 3240 3280 προτέρων
3291 3204 3472 3263 αὐτοῖς
3519 3198 3840 3269 ἠνάγκαζον

2258 3283 2666 3380 προαναφωνεῖν
2692 3301 2780 3356 διά
2820 3301 2918 3369 τῆς
2962 3291 3351 3365 ἀγνωμοσύνης
3379 3289 3478 3358 τῆς
3503 3286 3748 3340 ἑαυτῶν.
3779 3283 3842 3336 Τί

2257 3375 2314 3451 δέ
2353 3401 2382 3451 6
2430 3393 2720 3464 ’1εζεκιήλ;
2761 3389 2896 3444 τίδὲ
2934 3391 2962 3440 ι
2995 3384 3224 3454 Δανιήλ;
3255 3381 3354 3434 οὑκ
3390 3381 3447 3431 ὲν
3479 3375 3844 3447 αἰχμαλωσίᾳ.

2259 3488 2350 3540 τὸν
2381 3487 2595 3540 ἅπαντα
2631 3483 2822 3554 χρόνον
2865 3478 3157 3548 διήγαγον;
3198 3473 3309 3526 Καὶ¹
3338 3472 3366 3524 ὁ
3403 3469 3501 3536 μὲν
3546 3466 3703 3538 λιμῷ
3755 3466 3848 3519 καὶ

2259 3575 2401 3645 δίψει
2428 3574 2568 3644 ὑπὲρ
2595 3571 2702 3624 τῶν
2741 3567 3034 3638 ἀλλοτρίων
3060 3562 3346 3625 ἐκολάζετο
3372 3555 3582 3620 κακῶν,
3615 3555 3719 3610 καὶ
3751 3555 3848 3624 τῆς

2261 3663 2514 3734 γυναικὸς
2559 3658 2898 3726 ἀπελθούσης
2943 3653 3209 3723 τοσαύτην
3242 3647 3524 3720 συμφοράν
3571 3646 3851 3716 ἀδακρυτὶ

2263 3753 2659 3826 προσετάττετο
2688 3749 2895 3819 φέρειν,
2923 3740 2984 3798 οὗ
3010 3744 3059 3796 τί
3092 3741 3386 3812 βαρύτερον
3416 3737 3622 3805 γένοιτ’
3655 3735 3732 3788 ἂν
3759 3734 3850 3787 τοῦ

2267 3822 2402 3915 μηδέ
2432 3841 2648 3912 θρηνεῖν
2683 3832 3080 3906 συγχωρεῖσθαι
3104 3829 3173 3882 τά
3200 3827 3375 3881 σίκεῖα
3400 3825 3549 3878 κακά
3575 3841 3590 3888 ;
3628 3822 3711 3875 T6
3744 3823 3852 3892 γάρ

2263 3911 2357 3985 ἐπὶ
2389 3911 2644 4000 βολϐίτων
2669 3918 3072 3991 ἀναγκάζεσθαι
3095 3915 3369 3986 τὸνάρτον
3395 3911 3601 3965 ἐσθίειν
3632 3911 3735 3963 τὸν
3761 3912 3856 3962 αὖ-

2263 3998 2399 4085 τοῦ,
2432 4017 2523 4070 καὶ
2575 4014 2665 4067 ἐπὶ
2698 4013 2794 4081 τῆς
2835 4010 2965 4080 μιᾶς
3012 4006 3250 4075 πλευρᾶς
3288 3998 3727 4054 κατακλίνεσθαι
3767 4001 3857 4051 ἐπὶ

2265 4107 2587 4175 ἐνενήκοντα
2616 4101 2826 4172 ἡμέρας
2844 4097 2935 4151 καί
2955 4093 3166 4156 ἑκατὸν,
3193 4092 3286 4144 καί
3306 4091 3405 4143 ὅσα
3425 4089 3596 4158 ἕτερα
3621 4086 3859 4139 τοιαῦτα

2266 4173 2546 4246 ἐκελεύετο
2575 4187 2882 4258 ὑπομένειν,
2914 4181 3153 4253 παρίημι
3186 4178 3300 4232 νῦν.
3332 4178 3395 4230 Εἰ
3420 4175 3528 4243 γάρ
3552 4174 3653 4226 καὶ
3687 4173 3862 4244 μηδὲν

2267 4281 2417 4351 αύτῴ
2454 4276 2788 4349 συμϐεϐήκει
2816 4273 2923 4326 τῶν
2953 4268 3192 4340 ἀνιαρῶν
3214 4265 3320 4318 τῶν
3356 4281 3413 4317 τε
3446 4261 3666 4332 παραλε
3679 4261 3862 4329 c9051»-

2267 4349 2497 4438 των-ὑφ’
2529 4362 2822 4438 ήμῶνςτῶν
2849 4377 2908 4412 τε
2948 4357 3244 4428 λεχθέντων
3280 4352 3392 4412 νῦν,
3430 4350 3566 4404 αὐτὸ
3597 4350 3774 4419 μόνον
3804 4349 3862 4399 τέ

2274 4460 2474 4532 μεταξὺ
2494 4437 2603 4510 τῶν
2625 4453 2897 4522 πολεμίων
2926 4447 3061 4502 εἶναι
3084 4447 3177 4500 καὶ
3201 4443 3487 4514 βαρϐάρων
3507 4440 3610 4491 καὶ
3639 4437 3864 4508 ἀνδρῶν

2269 4547 2596 4616 ἀκαθάρτων
2621 4543 2710 4593 τὸν
2733 4539 2938 4593 δίκαιον
2963 4536 3056 4588 καὶ
3086 4530 3341 4601 καθαρὸν,
3369 4529 3550 4594 πάσης
3574 4524 3864 4593 τιμωρίας

2271 4635 2548 4706 χαλεπώτε
2560 4648 2647 4701 ρον
2681 4625 2766 4698 ἦν.

2353 4725 2410 4775 Ὀ
2447 4723 2498 4773 δὲ
2537 4718 2732 4787 Δανιὴλ
2765 4713 2938 4766 ἐδόκει
2972 4711 3067 4779 μὲν
3100 4706 3262 4776 τιμῆς
3290 4699 3587 4754 ἀπολαύειν
3623 4697 3864 4765 πολλῆς.

2272 4809 2365 4861 καὶ
2402 4807 2498 4873 οὐχ
2545 4804 2618 4865 ῶς
2665 4781 2720 4852 ἐν
2766 4792 3104 4866 αἰχμαλωσίᾳ
3145 4787 3243 4859 ζῇν
3289 4788 3346 4838 ἐν
3391 4787 3503 4845 τοῖς
3554 4781 3869 4850 βασιλείοις

2271 4867 2738 4962 ἀναστρεφόμενος
2758 4898 2798 4945 ο,
2849 4881 2942 4932 καὶ
2973 4881 3029 4929 ἐν
3057 4871 3390 4932 δυναστείαις
3416 4867 3491 4920 ὢν
3513 4884 3526 4894 °
3579 4869 3632 4918 εί
3685 4867 3752 4919 δέ
3783 4882 3869 4927 τις

2272 4951 2456 5029 αὐτοῦ’
2476 4973 2573 5040 τῆς
2615 4968 2778 5036 εὐχῆς
2807 4960 3128 5015 ἐπακούσειε
3158 4957 3250 5010 καὶ
3278 4954 3374 5024 τὴν
3401 4951 3666 5022 νηστείαν
3701 4966 3872 5002 κατα-

2277 5059 2457 5131 μάθοι,
2493 5035 2586 5109 καὶ
2612 5052 2706 5107 τοῦ
2738 5035 3029 5120 προσώπου
3059 5043 3156 5112 τὴν
3181 5039 3461 5093 ἀλλοίωσιν
3488 5036 3590 5088 καὶ
3617 5035 3731 5098 τὰς
3758 5035 3872 5087 ἱκε-

2274 5123 2462 5221 τηρίας
2510 5146 2608 5207 τάς
2642 5143 2902 5211 συνεχεῖς,
2953 5137 3047 5190 καὶ
3093 5134 3234 5203 ὑπὲρ
3269 5123 3344 5183 ὧν
3392 5127 3570 5182 ταῦτα
3612 5126 3873 5197 ἔπραττε

2274 5238 2427 5307 γνοίη
2459 5232 2662 5296 καλῶς,
2689 5229 2894 5281 εἵσεται
2921 5224 3135 5277 πάντων
3165 5218 3401 5290 μάλιστα
3432 5213 3628 5268 τοῦτον
3658 5215 3727 5266 ὲν
3754 5213 3878 5265 ὀδύ-

2273 5297 2392 5387 ναις
2417 5297 2566 5374 ’ὄντα
2605 5318 2700 5372 καὶ
2731 5313 3008 5383 ἀθυμίαις.
3045 5308 3119 5361 Οὐ
3151 5307 3258 5376 γάρ
3301 5303 3373 5356 τά
3401 5301 3654 5372 παρόντα
3702 5297 3879 5370 μόνὸν

2274 5414 2434 5469 αὐτὸν
2460 5413 2584 5478 ἠνία
2613 5405 2779 5469 κακὰ,
2815 5402 2950 5457 ἀλλά
2982 5398 3076 5454 καὶ
3111 5397 3180 5449 τά
3222 5394 3478 5465 μέλλοντα
3523 5391 3884 5461 συνετάρατ-

2273 5521 2384 5565 τεν,
2410 5502 2552 5569 άπερ
2578 5499 2671 5549 καὶ
2696 5493 2918 5564 μηδέπω
2943 5484 3286 5558 γεγενημένα
3315 5478 3632 5551 κατηξιώθη
3666 5479 3884 5548 μαθεῖν

2277 5568 2631 5662 προφητικοῖς
2673 5581 2998 5651 ὀφθαλμοῖς·
3049 5576 3143 5628 καὶ
3188 5573 3286 5641 τῆς
3324 5568 3597 5642 προτέρας
3643 5568 3888 5620 οὐδέπω

2275 5651 2517 5738 δουλείας
2546 5667 2954 5738 ἀπαλλαγέντας
2991 5661 3112 5717 ἰδὼν
3140 5661 3265 5723 τοὺς
3313 5655 3622 5719 Ἰουδαίους,
3668 5657 3888 5724 ἑτέραν
3991 5651 3993 5696 I

2276 5766 2456 5826 αὐτοῖς
2499 5755 2872 5830 αἰχμαλωσίαν
2909 5748 3249 5822 ἠναγκάζετο
3297 5745 3561 5816 προορᾷν,
3606 5744 3721 5796 καὶ
3781 5742 3892 5811 τὴν

2277 5854 2428 5909 ούπω
2461 5843 2996 5905 κατασκευασθεῖσαν
3033 5839 3208 5902 πόλιν,
3242 5835 3444 5904 ταύτην
3483 5832 3893 5902 ἁλισκομένην

2349 5969 2371 5997 ε
2401 5964 2574 6014 Morel.
2602 5963 2674 6010 ἀεὶ
2697 5957 3027 6023 στρεφόμενος,
3049 5952 3199 6002 Savil.
3225 5954 3276 5998 el
3296 5945 3428 5998 Colb.
3444 5945 3905 6008 ἀναστρεφόμενος.
