4036 6416
275 316 377 363 485

274 433 356 478 cst
397 440 509 479 rex.
542 427 671 482 Cmn
706 431 845 484 enim
872 432 1091 489 vidisset
1121 439 1361 507 angelum
1392 440 1687 498 districtum
1728 447 1844 516 gla-

270 515 414 567 dium
436 524 722 585 tenentem,
745 519 968 575 diccbat:
995 522 1125 577 Ecce
1141 542 1230 595 ego
1252 541 1421 596 pastor
1442 535 1657 601 peccavi,
1688 515 1843 605 etlego

278 618 448 674 pastor
474 610 604 661 male
633 612 727 679 feci
751 628 768 664 :
789 612 872 665 isti
891 615 975 683 qui
1003 626 1118 668 sunt
1136 635 1258 687 grex
1277 660 1291 685 ,
1323 623 1443 690 quid
1470 628 1735 693 fecerunt?
1764 628 1844 681 Sit

269 698 319 749 iu
336 714 413 751 me
432 716 608 752 manus
624 710 727 765 tua,
746 712 791 754 et
806 703 858 756 in
874 706 1074 759 domum
1095 710 1250 777 patris
1269 713 1361 765 mei
1380 711 1455 784 (2.
1473 714 1595 785 Reg.
1617 715 1705 771 24.
1731 719 1845 788 17).

269 786 501 856 Denique
529 791 689 855 ipsius
705 807 888 849 omnes
908 811 1171 853 aerumnas
1198 802 1495 871 diligentius
1522 822 1836 863 enumerare

270 879 519 945 possibile
541 896 641 934 non
664 893 776 937 est:
803 900 972 955 neque
996 889 1134 942 enim
1157 905 1342 947 omnes
1359 897 1669 967 conscripta:
1697 912 1837 966 sunt,

268 986 446 1023 verum
478 987 541 1025 ex
572 973 734 1041 ipsius
760 977 1002 1033 lamentis
1029 989 1081 1035 et
1106 984 1387 1049 gemitibus
1409 1003 1687 1056 possumus
1710 1007 1838 1046 con-

263 1058 428 1124 jicere
457 1061 815 1119 calamitatum
838 1083 1047 1138 quoque
1069 1073 1381 1129 omissarum
1403 1080 1833 1150 magnitudinem,

262 1161 421 1217 utque
437 1152 611 1219 justus
630 1154 715 1210 ille
734 1171 1019 1228 numquam
1048 1162 1295 1233 plangere
1314 1182 1375 1222 ac
1394 1169 1575 1227 dolere
1598 1172 1832 1229 desierit.

258 1242 391 1307 Quid
422 1244 563 1298 enim
609 1246 697 1302 ille
741 1250 851 1303 ait?
878 1250 996 1305 Dies
1030 1269 1277 1310 annorum
1315 1268 1599 1315 nostrorum
1628 1263 1679 1318 in
1706 1266 1829 1335 ipsis

260 1337 570 1406 septuaginta
603 1341 764 1395 anni:
791 1343 834 1394 si
876 1354 1043 1398 autem
1078 1349 1130 1400 in
1174 1353 1534 1418 potentatibus,
1583 1359 1833 1429 octoginta

203 1448 209 1455 ~
258 1426 413 1491 anni,
458 1438 505 1481 et
542 1434 758 1501 amplius
786 1451 957 1489 eorum
998 1438 1139 1492 labor
1178 1452 1224 1495 et
1253 1442 1397 1497 dolor
1426 1444 1543 1515 (Ps.
1577 1448 1665 1503 89.
1696 1426 1825 1523 i0).

254 1514 347 1570 Sin
378 1532 501 1572 vero
548 1530 601 1574 tu
630 1523 829 1579 dixeris
865 1542 959 1596 per
999 1528 1116 1586 haec
1152 1531 1301 1587 illum
1339 1537 1501 1591 verba
1540 1554 1646 1595 non
1675 1555 1825 1597 suam

253 1607 447 1673 solum,
477 1610 568 1665 sed
596 1628 928 1671 communem
952 1620 1111 1674 vitam
1142 1624 1376 1679 omniunt
1398 1630 1823 1698 reprehendisse,

251 1699 368 1767 plus
388 1701 582 1771 aliquid
605 1721 761 1774 quam
782 1723 881 1778 ego
900 1710 1057 1765 velim
1077 1713 1345 1783 concedis,
1365 1717 1707 1790 plurimisque
1727 1738 1825 1777 nos

248 1796 621 1850 controversiis
638 1798 848 1862 liberas.
868 1800 980 1870 ipse
994 1805 1331 1861 consentiens
1346 1824 1449 1863 non
1468 1810 1606 1865 illius
1624 1813 1819 1882 solum,

247 1881 340 1936 sed
365 1899 432 1939 ne
459 1887 674 1941 alterius
695 1890 905 1959 quidem
930 1893 1237 1965 cujusquam
1259 1899 1421 1953 vitam
1448 1900 1669 1957 inveniri
1694 1918 1818 1973 pos-

246 1989 337 2039 se,
372 1978 521 2045 cujus
542 1994 645 2032 non
677 1982 844 2037 multo
868 1983 975 2039 sint
1010 1985 1159 2055 plura
1190 1989 1355 2045 tristia
1380 2006 1536 2060 quam
1557 1994 1808 2064 jucunda.

245 2064 515 2132 Siquidem
545 2068 652 2135 ille,
683 2080 738 2124 ut
765 2082 817 2126 tu
845 2089 1055 2145 quoque
1098 2077 1199 2133 rite
1226 2080 1527 2149 conﬁteris,
1558 2100 1666 2139 non
1694 2102 1819 2143 suas

250 2157 422 2211 solum
452 2161 780 2217 calamitates
802 2204 816 2228 ,
848 2165 943 2219 sed
973 2167 1197 2224 aliorum
1218 2185 1434 2242 quoque
1458 2174 1511 2228 in
1538 2189 1817 2232 commune

241 2247 604 2316 Considerans,
638 2253 708 2307 ita
736 2254 948 2310 demum
975 2258 1109 2314 hanc
1135 2265 1457 2320 sententiam
1487 2266 1605 2321 tulit
1629 2268 1815 2324 eadem

239 2352 357 2405 quae
394 2341 688 2408 patriarcha
721 2344 966 2415 loquutus
990 2389 1005 2409 ,
1054 2351 1154 2406 nisi
1183 2354 1323 2422 quod
1352 2356 1453 2410 iste
1480 2358 1666 2426 majori
1693 2374 1815 2418 cum

239 2428 594 2486 vehementia.
622 2433 790 2500 Quam
812 2438 952 2492 enim
975 2440 1061 2495 ille
1085 2440 1151 2497 de
1174 2454 1345 2514 parte,
1374 2445 1460 2500 hic
1481 2446 1550 2503 de
1569 2450 1815 2507 omnibus

238 2520 475 2589 protulit.
508 2524 695 2579 Aiebat
721 2526 827 2593 ille,
862 2528 1016 2586 Parui
1042 2543 1089 2586 et
1113 2535 1236 2588 mali
1254 2545 1368 2590 sunt
1393 2537 1499 2593 dies
1527 2540 1624 2594 mei
1644 2538 1808 2610 (Gen.

235 2610 323 2662 47.
355 2610 427 2679 9)
455 2630 466 2665 :
514 2614 599 2669 hic
627 2626 799 2672 autem
825 2660 839 2685 ,
870 2619 994 2676 Dies
1035 2640 1281 2680 annorum
1303 2640 1585 2685 nostrorum
1610 2632 1664 2686 in
1689 2634 1811 2703 ipsis

236 2705 553 2774 septuaginta
583 2709 705 2761 anni
721 2726 740 2763 :
768 2710 867 2766 hoc
894 2724 996 2781 est,
1025 2718 1258 2773 omnium
1286 2718 1592 2791 hominum;
1619 2735 1667 2779 et
1694 2743 1806 2779 am-

233 2794 366 2860 plius
389 2812 557 2850 eorum
587 2800 726 2854 labor
750 2814 795 2857 et
835 2806 998 2860 dolor.
1390 2817 1394 2821 “

304 2884 389 2939 10.
432 2886 621 2942 Verum
666 2893 805 2947 enim
836 2911 960 2950 vero
991 2898 1123 2966 haec,
1176 2911 1233 2956 ut
1258 2903 1387 2973 dixi,
1432 2906 1526 2961 tibi
1568 2907 1798 2979 diligen-

231 2976 334 3029 tius
363 2978 415 3032 in
444 2981 553 3035 otio
580 2987 927 3043 examinanda
954 2992 1259 3062 relinquens
1287 3010 1385 3066 ego
1408 2998 1475 3053 ad
1512 3001 1801 3071 prophetas

202 3070 435 3141 veniam
483 3072 711 3142 reliquos
754 3095 767 3130 :
810 3081 1020 3135 tametsi
1059 3098 1317 3155 nusquam
1344 3086 1505 3144 vitam
1540 3103 1689 3145 suam
1723 3092 1801 3147 illi

227 3161 378 3216 nobis
424 3167 775 3235 conscriptam
815 3170 1183 3244 reliquerunt,
1222 3177 1292 3232 ob
1326 3180 1584 3236 malorum
1622 3192 1798 3239 tamen

224 3268 345 3321 quae
396 3255 514 3310 illos
553 3271 931 3327 oppresserunt
979 3267 1393 3335 magnitudinem
1445 3272 1527 3326 vel
1576 3288 1642 3329 ex
1692 3291 1796 3331 uno

224 3345 386 3400 verbo
425 3362 636 3404 omnem
681 3352 797 3406 illos
836 3354 995 3409 vitam
1039 3357 1091 3411 in
1132 3359 1420 3430 laboribus,
1464 3367 1716 3421 arumnis
1742 3376 1795 3423 et

220 3436 491 3495 doloribus
544 3443 715 3513 egisse
762 3460 885 3501 reor
936 3449 1145 3505 ostendi
1189 3467 1363 3521 posse.
1423 3456 1501 3511 Ac
1540 3458 1789 3527 primum,

218 3530 360 3597 quod
408 3546 690 3590 commune
732 3536 835 3593 illis
873 3541 1119 3596 omnibus
1147 3542 1263 3611 l'uit,
1296 3546 1445 3611 torti,
1481 3550 1791 3605 verberibus

219 3618 414 3687 aﬂ'ecti,
443 3624 595 3689 secti,
644 3625 907 3695 lapidibus
934 3631 1131 3700 obruti,
1161 3636 1460 3692 carceribus
1499 3638 1703 3704 inclusi,
1734 3642 1787 3695 in

215 3711 481 3768 occisione
506 3714 665 3785 gladii
695 3719 1000 3787 morientes,
1047 3723 1432 3781 circumeuntes
1481 3728 1532 3783 in
1578 3730 1786 3787 melotis

214 3812 269 3858 et
296 3803 519 3873 pellibus
554 3808 807 3876 caprinis,
850 3822 1064 3882 egentes
1104 3823 1159 3869 et
1191 3817 1358 3885 pressi
1391 3827 1445 3873 et
1487 3819 1663 3875 amicti
1694 3837 1788 3891 per

212 3910 423 3951 onmem
473 3898 634 3954 vitam
688 3904 1025 3971 perstiterunt
1060 3907 1213 3978 (Heb.
1256 3912 1339 3965 ll.
1371 3912 1481 3985 57).
1536 3914 1617 3969 Ad
1670 3916 1784 3971 lucc

209 3989 368 4044 aliam
394 4004 603 4063 quoque
641 3997 884 4051 maeroris
916 3998 1266 4069 adjectionem
1314 4003 1412 4059 hac
1453 4008 1779 4064 acerbiorem

210 4082 465 4152 habuere,
492 4086 631 4156 quod
672 4087 880 4143 illorum
930 4093 1237 4163 nequitiam,
1267 4097 1355 4166 qui
1387 4112 1446 4153 se
1484 4100 1557 4153 ita
1582 4100 1781 4157 afﬁcie-

208 4173 358 4241 bant,
388 4191 598 4248 semper
622 4179 689 4234 ad
710 4180 971 4238 deteriora
1000 4188 1244 4257 progredi
1280 4189 1612 4247 intuerentur
1636 4211 1647 4247 :
1675 4210 1775 4264 qua

205 4280 269 4318 ex
314 4282 372 4321 re
401 4266 555 4339 longe
581 4270 701 4339 plus
737 4287 895 4342 quam
938 4291 1002 4329 ex
1049 4279 1298 4334 aerumnis
1323 4281 1670 4351 angebantur.
1712 4286 1777 4340 Et

203 4356 337 4411 alius
364 4359 576 4428 quidem
611 4362 785 4418 aiebat
816 4382 828 4418 :
858 4362 1152 4422 Exsecratio
1179 4379 1226 4422 et
1258 4373 1575 4429 mendacium
1596 4387 1642 4430 et
1666 4381 1774 4449 fur-

201 4456 307 4501 tum
333 4459 379 4502 et
403 4452 706 4507 adulterium
729 4465 775 4510 et
804 4456 1127 4513 homicidium
1148 4461 1308 4527 effusa
1331 4475 1447 4519 sunt
1472 4467 1526 4520 in
1547 4476 1697 4534 terra,
1726 4481 1774 4525 et

200 4541 488 4609 sanguinem
526 4560 676 4612 super
722 4550 1016 4618 sanguinem
1056 4553 1333 4608 admiscent
1361 4554 1514 4625 (Osee
1572 4560 1627 4613 ι.
1675 4560 1767 4631 2);

199 4650 293 4700 per
331 4634 443 4691 haec
467 4639 621 4693 verba
651 4642 864 4698 malitiae
892 4643 1157 4701 licentiam
1186 4650 1691 4725 perplexitatemque
1717 4664 1769 4710 et

193 4724 401 4793 copiam
436 4728 587 4785 nobis
615 4731 907 4789 insinuans.
940 4738 1091 4793 Alius
1120 4756 1301 4796 rursus
1327 4724 1632 4801 clamabat:
1676 4747 1766 4802 Va:

191 4817 316 4871 nti/ti
335 4860 349 4884 ,
401 4822 518 4889 quia
554 4824 719 4893 factus
761 4844 871 4881 sum
906 4831 1032 4884 sicut
1076 4835 1162 4903 qui
1200 4837 1391 4908 colligit
1430 4841 1667 4908 stipulam
1711 4847 1763 4899 in

189 4924 367 4977 messe,
404 4925 451 4965 et
479 4914 607 4967 sicut
643 4933 895 4973 racemum
918 4923 972 4975 in
1008 4924 1277 4993 vindemia,
1320 4945 1435 4982 cum
1471 4948 1570 4985 non
1597 4934 1765 4987 adsint

187 5001 317 5055 botri
340 5002 524 5073 (Miclt.
554 5007 606 5061 7.
636 5008 727 5079 i);
756 5027 849 5080 per
873 5012 986 5070 haec
1010 5017 1280 5073 raritatem
1307 5021 1565 5079 bonorum
1591 5025 1762 5082 homi-

185 5108 310 5147 num
341 5094 645 5165 deplorans.
664 5099 793 5157 ltem
813 5105 949 5161 alius
967 5108 1067 5163 alia
1094 5110 1282 5167 similia
1308 5116 1563 5184 queritur.
1590 5118 1758 5177 Porro

180 5189 454 5255 caprarius
480 5190 571 5247 ille
610 5207 717 5248 non
743 5209 925 5251 eorum
953 5200 1077 5254 vitia
1104 5201 1317 5272 lugebat
1355 5207 1547 5272 solum,
1570 5225 1753 5265 verum

181 5276 301 5344 plus
327 5278 381 5333 ln
409 5279 622 5337 illorum
652 5284 1060 5358 calamitatibus,
1092 5307 1248 5362 quam
1277 5295 1331 5350 in
1364 5298 1475 5353 suis
1505 5303 1754 5357 tentatio-

181 5366 336 5422 nibus
362 5372 642 5441 merebat,
682 5389 745 5431 ac
769 5378 932 5433 Deum
958 5380 1291 5453 obsecrabat,
1318 5386 1536 5445 dicens:
1566 5390 1752 5463 Pmpi-

180 5456 279 5511 tius
319 5469 443 5527 esto,
474 5459 723 5531 Domine;
747 5470 858 5537 quis
883 5471 1138 5528 suscitabit
1160 5473 1343 5543 Iacob,
1370 5480 1490 5550 quia
1514 5456 1751 5550 paruulus

180 5550 289 5602 est?
304 5549 552 5609 Parniteat
580 5566 645 5625 te,
674 5556 902 5627 Domine,
927 5581 1074 5635 super
1095 5568 1185 5622 hoc
1205 5568 1399 5639 (Amos.
1428 5549 1555 5628 7.
1578 5576 1655 5646 6).
1685 5578 1750 5631 Et

181 5657 250 5698 ne
291 5644 370 5700 sic
396 5648 607 5717 quidem
651 5666 866 5721 precum
901 5672 1115 5714 suarum
1158 5661 1350 5720 eﬂ‘ectu
1394 5668 1589 5737 potitus
1614 5644 1743 5735 est;

184 5732 315 5789 dixit
347 5736 507 5807 enim,
535 5739 597 5796 Et
616 5758 715 5799 non
739 5744 842 5811 ﬁet,
859 5747 987 5802 dicit
1010 5748 1261 5809 Dominus
1279 5732 1592 5829 (Ib.l.|saias
1618 5732 1741 5820 vero

1116 322 1206 376 AD
1243 323 1607 385 STAGIRIUM
1643 332 1684 386 A
1729 332 2025 392 DEMONE
2066 339 2415 404 VEXATUM.
2458 349 2587 406 LIB.
2627 354 2711 409 Ill.

3421 378 3525 435 486

1959 465 2075 504 cum
2106 455 2336 512 audisset
2363 461 2483 529 quia
2512 463 2719 523 deserta
2748 473 2850 526 erit
2886 489 3059 533 omnis
3099 488 3255 549 terra,
3287 500 3355 541 ne
3387 504 3514 546 con-

1955 541 2115 596 solari
2154 546 2364 614 quidem
2405 553 2588 621 voluit,
2645 558 2739 613 sed
2775 562 2985 620 assidue
3017 541 3254 639 lugebat,
3294 541 3521 636 dicens:

1954 629 2200 691 Dimittite
2235 656 2332 706 me,
2363 658 2533 699 amare
2567 646 2736 716 ﬂebo;
2770 654 2923 708 nolite
2962 662 3275 731 contendere,
3308 675 3363 719 ut
3389 685 3522 723 con-

1955 726 2187 782 solemini
2202 748 2280 785 me
2300 732 2450 803 (Isai.
2470 737 2559 791 22.
2591 737 2669 813 4).
2700 742 2947 802 Ieremia!
2978 760 3152 807 autem
3179 726 3519 817 lamentatio-

1949 828 2044 869 nes
2073 827 2126 871 et
2165 834 2404 879 seorsum
2440 831 2787 901 conscriptas,
2816 845 2872 891 et
2910 855 3005 908 per
3041 857 3253 900 omnem
3282 852 3513 919 prophe-

1948 906 2072 960 tiam
2094 909 2377 981 dispersas,
2398 934 2460 973 ac
2482 923 2671 989 partim
2693 925 2758 981 de
2781 906 3009 999 civitate,
3034 938 3225 1005 partim
3250 906 3318 997 de
3338 906 3515 1014 seipse

1945 1003 2283 1069 compositas,
2324 1009 2443 1076 quis
2485 1012 2650 1079 possit
2693 1017 2807 1072 sine
2836 1003 3079 1093 lacrymis
3122 1028 3337 1101 legere?
3377 1003 3509 1091 Nam

1944 1103 2082 1144 nunc
2109 1094 2320 1161 quidem
2347 1099 2521 1157 aiebat
2549 1122 2561 1157 :
2595 1104 2721 1170 Quis
2744 1111 2881 1165 dabit
2908 1117 3061 1186 capiti
3087 1094 3197 1175 meo
3232 1140 3433 1194 aquam,
3462 1141 3509 1184 et

1942 1180 2099 1234 oculis
2141 1186 2263 1240 meis
2291 1189 2477 1269 fontem
2506 1194 2864 1270 lacrgmarum,
2913 1180 2979 1259 eti
2997 1209 3235 1282 plangam
3263 1180 3509 1286 populum

1939 1273 2089 1327 istum
2108 1276 2189 1329 die
2212 1295 2272 1332 ac
2301 1292 2443 1337 nocte
2472 1286 2600 1356 (Jer.
2633 1290 2685 1346 9.
2715 1293 2770 1365 1)
2796 1294 2818 1347 ?
2846 1273 3187 1358 truncantem
3213 1323 3226 1359 :
3254 1273 3379 1374 bnis
3407 1310 3505 1363 da-

1936 1364 2005 1416 bit
2046 1368 2168 1421 milii
2201 1371 2252 1423 in
2292 1373 2483 1431 deserto
2522 1364 2831 1439 mansionem
2873 1399 3165 1461 extremam,
3209 1408 3255 1452 et
3291 1399 3506 1456 derelin-

1934 1469 2082 1520 quam
2114 1462 2358 1530 populum
2386 1466 2557 1535 istum,
2585 1482 2630 1524 et
2656 1476 2884 1530 recedam
2922 1480 2982 1533 ab
3011 1483 3124 1537 eis?
3149 1484 3335 1543 Omnes
3370 1492 3501 1545 enim

1933 1544 2147 1601 adulteri
2172 1562 2288 1605 sunt
2317 1553 2479 1622 (Ibid.
2512 1574 2559 1612 υ.
2581 1559 2658 1632 2).
2684 1564 3087 1640 Nonnumquam
3114 1591 3239 1633 vero
3266 1544 3500 1639 moerens

1931 1636 2190 1694 clamabat
2219 1658 2232 1694 :
2276 1643 2361 1698 Vte
2389 1649 2530 1715 mihi,
2557 1664 2735 1720 mater,
2758 1666 2811 1710 ut
2829 1636 2963 1727 quid
2976 1679 3053 1717 me
3073 1668 3289 1735 genuisti
3314 1671 3495 1738 uirum,

1929 1726 2016 1792 qui
2051 1727 2319 1799 discernat,
2380 1746 2428 1789 et
2457 1739 2698 1809 dijudicet
2737 1726 2872 1800 omni
2901 1760 3047 1805 terra:
3072 1726 3180 1823 (Id.
3225 1757 3311 1812 15.
3361 1726 3499 1832 i0)i

1930 1817 2226 1888 Aliquando
2266 1825 2370 1880 diei
2414 1837 3054 1902 quoquenativitatissuae
3078 1817 3383 1916 maledixit,
3416 1817 3498 1908 di-

1926 1922 2053 1965 cens
2077 1929 2091 1964 :
2121 1912 2396 1972 Maledicta
2420 1922 2527 1977 dies
2545 1966 2559 1991 ,
2588 1926 2643 1980 in
2667 1942 2768 1997 qua
2789 1942 2934 1987 natus
2961 1950 3073 1989 sum
3099 1939 3153 1992 in
3181 1958 3239 1993 ea
3266 1912 3379 2015 (Id.
3398 1945 3489 2001 20.

1926 1999 2038 2067 14).
2085 2000 2189 2058 Sed
2218 2014 2273 2060 et
2295 2011 2431 2065 omni
2459 2012 2624 2080 lacus,
2666 2029 2718 2072 et
2762 2021 3087 2081 vinculorum
3117 1999 3399 2101 pressurae,
3442 2048 3495 2093 et

1922 2090 2164 2160 verbera,
2206 2106 2259 2151 et
2290 2099 2513 2170 insidiae,
2547 2106 2921 2181 irrisionesque
2948 2128 3217 2187 perpetua:
3244 2123 3316 2179 ita
3345 2127 3492 2183 illum

1924 2188 2316 2255 excruciabant,
2364 2203 2420 2247 ut
2445 2194 2553 2263 jam
2581 2213 2717 2267 pene
2760 2202 3084 2274 desperaret.
3127 2212 3259 2279 Quid
3290 2228 3488 2283 autem,

1921 2278 2130 2342 quando
2153 2290 2303 2350 capta
2333 2286 2462 2341 urbe
2487 2291 2816 2357 providentia
2859 2308 2912 2350 et
2940 2278 3163 2356 honore,
3182 2318 3214 2357 a
3249 2278 3492 2366 barbaris

1918 2362 2163 2434 dignatus
2214 2373 2333 2426 est?
2372 2392 2499 2431 num
2540 2379 2639 2434 ista
2690 2386 2985 2442 sentiebat?
3032 2390 3144 2447 lmo
3192 2410 3320 2451 vero
3363 2407 3489 2455 tunc

1917 2458 2145 2513 maxime
2182 2475 2361 2517 amara
2405 2466 2493 2520 illa
2520 2469 2749 2527 lamenta
2783 2480 3115 2550 conscripsit,
3163 2496 3400 2543 mortuos
3432 2501 3489 2546 et

1914 2544 2168 2604 abeuntes
2194 2552 2396 2623 lugens.
2429 2558 2609 2630 Neque
2636 2565 2839 2621 minora
2867 2569 2943 2624 illi
2970 2544 3080 2628 visa
3103 2544 3225 2631 sunt
3253 2594 3485 2651 sequen-

1914 2638 1985 2692 tia
2017 2642 2152 2696 mala
2178 2649 2477 2717 praeteritis,
2519 2667 2637 2708 cum
2670 2657 2702 2709 ii
2749 2662 2837 2728 qui
2874 2677 2941 2716 ex
2982 2665 3122 2721 bello
3152 2638 3346 2741 reliqui
3368 2673 3484 2729 fue-

1915 2740 2035 2785 rant
2077 2748 2259 2791 rursus
2301 2754 2396 2809 per
2428 2757 2523 2797 sua
2562 2748 2762 2803 scelera
2808 2752 2972 2809 Deum
3019 2740 3306 2816 irritarent.
3349 2761 3489 2820 Cum

1911 2911 2147 2984 nihilque
2188 2918 2556 2989 reluctaturus,
2598 2928 2650 2983 in
2697 2929 2983 3002 Egyptum
3028 2911 3219 2995 rursus
3253 2943 3480 3002 descen-

1908 3001 2117 3070 derunt,
2150 3011 2365 3065 oraculo
2386 3018 2647 3072 contraria
2675 3001 3031 3093 praecipiente,
3061 3031 3478 3108 prophetamque

1904 3106 2086 3149 secum
2109 3095 2457 3171 deduxerunt,
2491 3120 2553 3161 ac
2578 3124 2670 3177 per
2697 3127 2845 3167 suam
2873 3095 3297 3187 ingratitudinem
3325 3095 3472 3184 illum

1904 3184 2001 3237 sibi
2029 3187 2183 3257 longe
2220 3195 2463 3261 graviora
2502 3200 2765 3270 prioribus
2791 3205 2967 3263 dicere
2995 3218 3152 3282 atque
3188 3214 3475 3287 imprecari

1901 3291 2207 3349 coegerunt.
2238 3283 2376 3352 Quid
2416 3304 2541 3345 vero
2569 3292 2855 3352 Ezechiel?
2887 3300 3011 3370 quid
3042 3304 3221 3361 Daniel
3235 3283 3279 3360 ἳ-
3292 3324 3471 3367 nonne

1901 3371 1955 3423 in
1984 3374 2291 3441 captivitate
2334 3388 2541 3451 tempus
2570 3400 2729 3441 omne
2766 3390 3053 3448 vixerunt?
3077 3398 3310 3463 Quorum
3349 3406 3470 3474 qui-

1903 3462 2024 3518 dem
2062 3468 2209 3536 prior
2229 3469 2367 3528 fame
2392 3490 2455 3529 ac
2480 3476 2565 3531 siti
2593 3494 2689 3547 pro
2716 3481 2902 3539 alienis
2939 3489 3271 3546 cruciabatur
3291 3496 3470 3565 malis,

1898 3570 2165 3627 uxoreque
2187 3560 2430 3619 defuncta
2460 3580 2580 3621 eum
2622 3583 2803 3627 casum
2844 3574 3043 3647 absque
3072 3578 3320 3653 lacrymis
3343 3600 3469 3655 per-

1895 3644 2034 3702 ferre
2055 3648 2361 3718 jubebatur.
2390 3655 2558 3714 Porro
2579 3661 2703 3730 quid
2729 3666 2939 3733 gravius
2956 3644 3070 3723 “dici
3093 3644 3277 3741 possit,
3306 3644 3462 3745 quam

1895 3736 1946 3790 in
1988 3740 2099 3794 suis
2135 3742 2372 3800 adversis
2414 3749 2624 3806 casibus
2670 3768 2737 3808 ne
2774 3754 2904 3812 ﬂere
2946 3736 3159 3828 quidem
3197 3736 3469 3833 permitti?

1895 3828 2092 3887 Omitto
2120 3844 2295 3891 autem
2319 3840 2478 3895 modo
2505 3842 2645 3911 quod
2677 3845 2730 3899 in
2768 3845 2895 3903 ﬁmo
2920 3864 3107 3919 panem
3129 3828 3284 3910 suum
3312 3871 3460 3912 com-

1891 3923 2051 3978 edere
2091 3936 2305 3984 coactus
2340 3932 2429 3997 sit,
2472 3943 2527 3988 et
2570 3938 2713 4005 quod
2765 3953 2926 4011 super
2954 3959 3115 3999 unum
3161 3946 3298 4003 latus
3334 3965 3459 4005 cen-

1891 4022 2000 4068 tum
2045 4023 2101 4069 et
2140 4021 2426 4091 nonaginta
2457 4023 2645 4081 diebus
2680 4027 2880 4097 jacere,
2925 4033 3130 4105 aliaque
3157 4035 3457 4108 ltujusmodi

1887 4105 2112 4162 tolerare
2134 4111 2202 4164 sit
2217 4110 2396 4180 jussus
2423 4114 2634 4187 (Ezech.
2662 4119 2716 4174 4.
2748 4119 2860 4192 η).
2893 4122 3004 4178 Etsi
3031 4128 3170 4181 enim
3197 4105 3274 4183 illi
3301 4132 3458 4187 exiis

1883 4210 1999 4264 qua:
2026 4199 2109 4253 vel
2149 4202 2457 4273 omisimus,
2500 4209 2585 4263 vel
2626 4209 2893 4279 diximus,
2935 4216 3065 4271 nihil
3104 4219 3255 4276 triste
3287 4224 3457 4278 conti-

1882 4287 2064 4356 gisset,
2109 4302 2256 4347 certe
2282 4293 2334 4347 id
2364 4296 2533 4351 solum
2561 4301 2701 4368 quod
2724 4301 2865 4357 inter
2890 4304 3073 4361 hostes
3111 4322 3174 4363 ac
3199 4310 3454 4369 barbaros

1881 4378 2224 4452 impurosque
2267 4384 2509 4443 homines
2558 4390 2639 4444 vir
2684 4392 2861 4461 justus
2905 4404 2960 4450 et
3005 4408 3217 4456 sanctus
3258 4400 3463 4473 jugiter

1880 4479 2116 4527 versatus
2140 4474 2227 4539 sit,
2253 4477 2396 4529 omni
2426 4488 2538 4532 erat
2567 4479 2641 4534 illi
2667 4483 2924 4552 supplicio
2949 4488 3211 4544 acerbius.

1950 4560 2178 4619 Danielis
2206 4581 2460 4621 aerumnae.
2490 4599 2559 4609 -—
2583 4573 2650 4626 At
2689 4589 2814 4628 vero
2858 4575 3040 4633 Daniel
3083 4584 3304 4638 summis
3332 4587 3451 4655 qui-

1877 4652 1998 4708 dem
2028 4653 2319 4712 houoribus
2346 4657 2544 4724 l'rui,et
2578 4664 2727 4732 quasi
2764 4679 2869 4719 non
2915 4668 2967 4721 in
2998 4672 3323 4741 captivitate,
3351 4652 3447 4731 sed

1875 4744 1929 4799 in
1965 4746 2109 4816 regia
2145 4746 2341 4818 jugiter
2365 4762 2666 4807 versaretur
2703 4756 2840 4821 aula,
2885 4772 3003 4814 esse
3040 4764 3439 4831 potentissimus

1875 4837 2192 4895 videbatur:
2221 4848 2471 4898 caeterum
2511 4844 2556 4900 si
2588 4848 2707 4916 quis
2748 4848 2890 4905 illius
2920 4854 3213 4910 orationem
3239 4859 3436 4927 audiat,

1865 4930 2232 5003 jejuniumque
2256 4935 2575 5005 consideret,
2621 4938 2879 5011 facieique
2910 4945 3350 5017 immutationem,
3379 4966 3443 5007 ac

1862 5024 2015 5093 juges
2062 5027 2424 5093 precationes,
2481 5039 2834 5103 agnoscatque
2879 5033 3159 5106 diligenter
3212 5055 3436 5111 quorum

1865 5118 2035 5185 gratia
2093 5119 2194 5173 iata
2250 5119 2514 5189 faciebat,
2573 5125 2957 5183 animadvertet
3003 5128 3143 5185 hunc
3201 5134 3437 5188 omnium

1866 5207 2095 5264 maxime
2145 5209 2198 5265 in
2238 5209 2512 5268 doloribus
2554 5214 2942 5285 angoribusque
2984 5219 3198 5276 vixisse.
3249 5221 3434 5293 Neque

1862 5300 2003 5353 enim
2052 5300 2199 5356 illum
2248 5305 2527 5372 praesentia
2581 5313 2784 5360 tantum
2828 5308 2967 5363 mala
3015 5312 3392 5369 excruciabant
3418 5357 3432 5381 ,

1862 5404 2048 5445 verum
2077 5400 2133 5446 et
2171 5391 2345 5448 futura
2373 5396 2751 5466 perturbabant
2775 5415 2788 5450 :
2815 5413 2933 5468 quae
2960 5400 3117 5456 etiam
3146 5416 3267 5457 cum
3299 5420 3431 5459 nec-

1859 5478 1983 5534 dum
2023 5483 2398 5553 contigissent,
2437 5501 2769 5555 prxenoscere
2811 5488 3000 5559 dignus
3048 5500 3131 5546 est
3190 5494 3427 5561 habitus,

1858 5579 2017 5641 atque
2057 5574 2378 5645 propheticis
2421 5579 2587 5633 oculis
2624 5579 2878 5649 aSpicere.
2924 5579 3162 5653 Cumque
3197 5585 3422 5640 necdum

1855 5662 2019 5731 priori
2044 5666 2297 5722 servitute
2323 5668 2572 5725 liberatos
2594 5669 2808 5727 Judaos
2842 5682 3103 5739 cerneret,
3137 5674 3413 5731 aliamillis

1857 5770 2039 5812 rursus
2059 5758 2416 5830 captivitatem
2440 5762 2729 5833 pmvidere
2754 5765 3035 5835 cogebatur
3061 5786 3073 5821 :
3101 5777 3154 5824 et
3173 5783 3288 5839 qua:
3316 5777 3446 5821 non.
