4036 6416
529 375 630 431 487

527 486 650 539 dum
677 481 933 538 aediﬁcata
959 480 1149 548 fuerat,
1181 494 1297 535 eam
1334 481 1517 535 urbem
1545 479 1662 548 capi
1691 478 1961 542 cernebat,
1994 491 2082 530 sa-

528 574 845 643 criﬁciisque
891 572 1302 626 contaminatum
1358 569 1606 639 templum
1653 583 1716 624 ac
1756 567 2085 631 desolatum,

529 681 846 736 omnemque
885 678 1124 720 eversam
1174 661 1643 718 sanctiﬁcationem
1672 679 1686 715 :
1713 660 1910 716 idcirco
1948 659 2090 728 luge-

529 759 621 814 bat
647 767 699 813 et
722 757 1130 830 lacrymabatur,
1165 755 1385 810 dicens:
1412 754 1575 809 Nobis
1596 754 1826 823 confusio
1848 754 2013 824 faciei,
2043 761 2090 805 et

531 847 839 918 principibus
868 847 1074 913 nostris,
1115 857 1162 899 et
1193 845 1418 914 patribus
1456 844 1660 907 nostris,
1705 846 1823 914 quia
1866 844 2089 913 peccaui-

531 955 642 992 mus
674 938 781 1004 tibi,
811 936 1025 992 Domine
1049 936 1205 1008 (Dan.
1233 939 1286 992 9.
1313 937 1364 991 8.
1397 934 1598 990 Baruch
1647 936 1698 990 1.
1727 937 1812 990 15.
1849 935 1960 1004 16).

605 1030 691 1083 11.
714 1027 893 1082 Helias
916 1038 962 1081 et
989 1027 1095 1097 ipse
1114 1029 1342 1098 amictus.
1375 1026 1587 1080 Elisteus
1610 1027 1866 1096 praplteta.
1897 1023 2095 1078 Paulus

532 1119 791 1189 apostolus
837 1121 966 1172 inter
1002 1134 1084 1172 eos
1124 1119 1209 1188 qui
1259 1118 1426 1188 amicti
1467 1128 1602 1170 sunt.
1646 1145 1718 1156 —-
1765 1115 1958 1170 Verum
2006 1129 2098 1168 nc-

536 1212 650 1265 scio
675 1225 782 1280 quo
808 1217 959 1279 pacto
985 1223 1073 1264 me
1093 1222 1226 1278 pene
1245 1207 1384 1263 inter
1408 1208 1692 1279 prophetas
1715 1205 1970 1276 effugerat
1996 1219 2100 1258 eae-

543 1298 686 1356 hstis
705 1301 795 1356 ille
822 1301 1050 1368 animus,
1085 1301 1173 1370 qui
1203 1301 1281 1355 sic
1315 1301 1366 1354 in
1406 1308 1546 1355 terra
1576 1299 1902 1360 versabatur,
1944 1307 2002 1352 ut
2043 1298 2099 1352 in

537 1393 668 1447 caelo
695 1407 907 1462 semper
931 1401 1072 1447 esset
1098 1409 1113 1446 :
1137 1391 1268 1446 nihil
1303 1393 1445 1447 enim
1491 1391 1564 1445 illi
1604 1399 1868 1447 terrenum
1911 1399 2102 1458 praeter

540 1487 768 1541 meloten
790 1495 923 1541 erat.
952 1485 1088 1554 Quid
1116 1485 1275 1556 igitur
1301 1497 1539 1538 summus
1568 1483 1666 1538 iste
1691 1491 1848 1552 atque
1877 1483 2104 1536 admira-

539 1577 660 1632 bilis
679 1578 779 1644 vir,
810 1577 855 1632 si
880 1577 1048 1632 virum
1075 1577 1224 1632 illum
1245 1591 1436 1632 vocare
1473 1582 1682 1645 oportet
1716 1574 1793 1646 ('5.
1823 1572 1951 1644 Reg.
1976 1570 2104 1642 l9)?

539 1671 673 1727 Nam
711 1679 833 1741 post
873 1670 1140 1740 ingentem
1192 1669 1336 1724 illam
1381 1667 1646 1732 ﬁduciam,
1697 1681 1800 1737 qua
1845 1667 2104 1721 adversus

541 1762 724 1818 Achab
752 1776 880 1817 usus
907 1760 1100 1828 fuerat,
1125 1771 1245 1830 post
1269 1761 1403 1831 ignis
1431 1759 1574 1813 illam
1599 1773 1628 1813 e
1655 1759 1785 1814 caelo
1823 1756 2104 1813 demissio-

543 1870 686 1918 nem,
715 1863 835 1924 post
864 1868 1045 1908 necem
1076 1852 1429 1916 sacerdotum,
1466 1861 1807 1922 posteaquam
1847 1849 2108 1904 clauserat

543 1954 599 2000 et
621 1954 899 2016 aperuerat
917 1944 1126 2010 caelum,
1151 1958 1254 2014 quo
1283 1953 1518 2013 tempore
1546 1950 1824 2012 utrumque
1851 1941 2106 2006 voluerat,

543 2047 665 2105 post
694 2044 836 2090 tanta
862 2051 924 2090 ac
950 2035 1071 2091 talia
1116 2044 1259 2090 recte
1297 2033 1431 2089 facta
1473 2043 1526 2088 et
1577 2034 1724 2104 signa
1770 2032 1993 2096 ﬁduciae,
2039 2031 2108 2084 ita

545 2139 692 2183 metu
737 2130 1085 2198 mmrorisque
1121 2127 1478 2198 magnitudine
1505 2125 1856 2191 detinebatur,
1898 2131 1954 2178 ut
1999 2122 2113 2178 haec

546 2222 706 2276 verba
732 2222 1034 2291 loqueretur
1065 2238 1079 2274 :
1129 2219 1271 2274 Tolle
1313 2221 1534 2273 animam
1578 2234 1740 2272 meam
1783 2234 1816 2270 a
1856 2233 1936 2270 me
1962 2230 1982 2270 :
2011 2231 2112 2269 non

548 2314 680 2366 enim
707 2330 817 2368 sum
843 2314 1018 2367 melior
1045 2328 1134 2383 ego
1162 2328 1311 2384 quam
1339 2321 1503 2381 patres
1530 2310 1626 2364 mei
1670 2307 1775 2379 (Ib.
1818 2329 1869 2366 υ.
1898 2307 1976 2377 4).
2009 2305 2112 2362 lsta

549 2402 661 2467 ille,
683 2404 772 2472 qui
798 2402 1059 2473 hodieque
1083 2401 1308 2457 necdum
1335 2410 1574 2454 mortuus
1611 2409 1711 2456 est.
1749 2399 1931 2469 Neque
1976 2397 2113 2452 istud

553 2495 746 2558 solum,
778 2494 872 2548 sed
916 2494 970 2548 in
1006 2493 1275 2548 desertum
1301 2492 1568 2563 profectus
1590 2491 1971 2554 obdormiebat,
2004 2505 2114 2558 prae

553 2584 754 2640 doloris
787 2599 852 2640 ac
875 2586 1117 2641 maeroris
1141 2600 1302 2640 onere
1326 2585 1499 2640 lassus
1537 2598 1602 2639 ac
1642 2583 1905 2653 fatigatus.
1951 2583 2117 2637 Porro

555 2674 712 2744 hujus
737 2674 1027 2744 discipulus
1046 2690 1154 2730 non
1194 2675 1364 2729 solum
1391 2674 1632 2744 spiritum
1666 2673 1901 2743 magistri
1946 2673 2119 2741 dupli-

555 2781 670 2820 cem
694 2768 914 2834 accepit,
937 2766 1030 2821 sed
1051 2774 1105 2822 et
1142 2781 1414 2836 pressuras
1433 2766 1587 2837 longe
1608 2766 1764 2822 etiam
1788 2765 2018 2836 majores
2039 2768 2113 2834 (4.

556 2855 686 2928 Reg.
712 2855 790 2927 2).
816 2857 925 2911 Hos
949 2856 1175 2927 denique
1201 2857 1355 2926 paulo
1383 2865 1504 2912 ante
1531 2857 1714 2912 beatus
1735 2856 1925 2911 Paulus
1940 2867 2117 2911 osten-

558 2947 711 3015 dens,
740 2950 1055 3020 illorumque
1080 2963 1342 3004 aerumnas
1366 2961 1704 3013 enumerans,
1733 2947 1906 3003 aiebat
1933 2967 1947 3003 :
1989 2949 2118 3015 Qut-

559 3039 650 3094 bus
675 3041 854 3112 dignus
880 3057 980 3096 non
1007 3050 1114 3096 erat
1153 3041 1373 3096 mundus
1418 3039 1574 3114 (Heb.
1627 3041 1714 3098 ii.
1761 3039 1875 3113 58).
1927 3043 2124 3110 Perop-

560 3141 787 3198 portune
807 3147 947 3186 nunc
961 3132 1108 3187 Pauli
1129 3132 1350 3188 fecimus
1376 3133 1695 3188 mentionem
1721 3150 1734 3186 :
1756 3134 1844 3203 qui
1871 3134 2011 3187 enim
2033 3149 2124 3202 per

564 3237 624 3277 se
647 3225 789 3278 solus
812 3224 1081 3294 inspectus
1117 3225 1182 3279 ad
1205 3225 1586 3283 consolandum
1629 3224 1874 3282 sufficere
1923 3236 2121 3296 posset,

563 3314 650 3368 hic
673 3323 790 3384 post
807 3315 940 3369 alios
967 3315 1207 3378 veniens,
1239 3315 1390 3383 cujus
1415 3331 1520 3370 non
1543 3315 1781 3371 dolorem
1825 3331 1890 3371 ac
1932 3331 2128 3371 mcero—

567 3419 678 3458 rem
704 3419 1020 3458 evanescere
1059 3404 1248 3459 faciat?
1291 3403 1423 3473 Ejus
1466 3420 1660 3474 nempe
1699 3403 1912 3470 famem,
1963 3406 2128 3470 sitim,

568 3494 875 3558 nuditatem,
918 3492 1210 3564 naufragia,
1247 3493 1547 3564 desertique
1571 3495 1944 3561 habitationes,
1973 3497 2130 3550 timot-

567 3597 655 3637 res
679 3597 740 3636 ac
766 3582 1019 3651 pericula,
1055 3583 1292 3647 insidias,
1319 3597 1580 3648 carceres,
1611 3585 1855 3645 verbera,
1901 3585 2124 3655 vigilias,

568 3674 872 3729 innumeras
913 3683 1133 3742 mortes,
1164 3683 1219 3731 et
1247 3676 1347 3730 alia
1388 3691 1506 3746 quae
1546 3675 1934 3746 praedicationis
1972 3690 2130 3730 causa

570 3779 855 3836 perpessus
878 3774 979 3832 est,
1029 3781 1098 3820 ne
1151 3765 1424 3821 referenda
1471 3767 1683 3835 quidem
1729 3767 1974 3822 arbitror.
2028 3765 2130 3822 Ista

571 3856 711 3910 enim
737 3857 834 3910 etsi
863 3871 1138 3924 pressuras
1181 3857 1255 3911 illi
1283 3858 1628 3921 exhibebant,
1655 3874 1758 3912 non
1784 3867 1958 3913 tamen
1982 3869 2134 3914 erant

571 3946 769 4016 absque
791 3947 1056 4016 voluptate
1073 3948 1320 4018 quadam.
1338 3950 1406 4003 At
1429 3964 1558 4004 vero
1578 3949 1786 4019 quando
1811 3951 1957 4004 illum
1979 3950 2134 4004 Asia-

574 4039 660 4093 tici
698 4052 884 4093 omnes
935 4041 1164 4094 aversati
1209 4049 1350 4107 sunt,
1404 4042 1616 4111 quando
1656 4040 1858 4097 Galatae
1901 4043 2134 4112 perversi

573 4139 713 4193 sunt,
743 4142 874 4198 gens
909 4129 1108 4199 integra
1155 4140 1208 4185 et
1253 4140 1470 4187 eatenus
1520 4134 1874 4203 acceptabilis,
1923 4134 2135 4204 quando

573 4233 722 4274 suam
741 4221 1028 4276 Ecclesium
1040 4221 1295 4277 Corinthii
1317 4223 1567 4294 plurimas
1587 4225 1638 4278 in
1658 4234 1835 4293 partes
1848 4227 2132 4290 sciderunt,

571 4309 986 4383 fornicatorique
1011 4315 1280 4370 teterrimo
1306 4330 1400 4385 per
1442 4329 1566 4370 suas
1614 4317 1893 4372 blanditias
1919 4317 2138 4388 pudoris

575 4417 784 4474 quoque
829 4417 1044 4458 sensum
1089 4404 1436 4471 abstulerunt,
1465 4407 1589 4475 quid
1637 4407 1781 4460 illum
1827 4422 2135 4477 perpessum

575 4503 754 4562 putas,
799 4501 1024 4566 quantas
1049 4495 1186 4548 illius
1214 4498 1390 4551 animo
1421 4497 1665 4552 tenebras
1695 4498 1889 4550 oll‘usas
1915 4497 2140 4551 arbitra-

574 4589 687 4644 ris?
705 4590 810 4647 Sed
831 4592 956 4661 quid
978 4605 1075 4646 nos
1098 4591 1193 4644 ista
1219 4589 1536 4658 conjecturis
1563 4589 1878 4658 colligimus,
1914 4604 2032 4643 cum
2072 4588 2138 4642 il-

577 4681 680 4736 lius
708 4681 869 4736 verba
918 4681 1100 4735 audire
1147 4679 1338 4735 liceat?
1385 4677 1672 4734 Corinthiis
1720 4679 1861 4735 enim
1904 4679 2142 4733 scribens

577 4773 787 4829 dicebat
819 4791 832 4827 :
861 4773 1107 4840 Quoniam
1163 4789 1227 4828 ea:
1270 4773 1427 4826 multa
1467 4771 1780 4825 tribulatione
1821 4779 1868 4824 et
1909 4771 2142 4840 angustia

579 4865 746 4919 cordis
766 4865 942 4934 scripsi
969 4864 1102 4918 vobis
1132 4881 1218 4933 per
1243 4863 1425 4918 multas
1451 4864 1698 4934 lacrymas
1727 4862 1802 4935 (2.
1835 4860 1952 4916 Cor.
1978 4862 2032 4916 2.
2061 4859 2138 4934 4).

578 4955 648 5011 Et
670 4970 881 5010 rursum
913 4971 926 5007 ε
959 4953 1042 5007 Ne
1079 4959 1208 5025 forte
1248 4971 1362 5008 cum
1397 4970 1589 5019 uenero,
1625 4954 1849 5008 bumiliet
1875 4970 1954 5007 me
1978 4953 2137 5020 Deus,

581 5057 626 5100 et
653 5046 850 5116 lugeam
878 5045 1063 5099 multos
1087 5046 1170 5115 qui
1195 5056 1310 5098 ante
1336 5055 1680 5114 peccauerunt,
1724 5055 1771 5098 et
1804 5059 1904 5098 non
1941 5055 2142 5115 egerunt

581 5139 923 5209 paenitentiam
959 5136 1064 5210 (Ib.
1110 5138 1195 5193 l2.
1247 5137 1363 5208 21).
1413 5137 1612 5192 Galatis
1639 5153 1765 5192 vero
1795 5156 1809 5191 :
1842 5137 2040 5206 Filioli,
2073 5139 2145 5192 in-

580 5231 715 5298 quit,
745 5229 863 5294 mei,
900 5246 1022 5299 quos
1063 5231 1241 5283 iterum
1267 5230 1514 5299 parturio,
1545 5230 1700 5284 donec
1730 5233 1970 5301 [armetur
1994 5230 2142 5284 Chri-

581 5331 688 5374 stus
712 5321 766 5375 in
791 5320 926 5376 vobis
954 5319 1095 5395 (Gal.
1121 5321 1175 5377 4.
1207 5321 1322 5393 l9).
1356 5322 1430 5376 De
1455 5322 1700 5376 Asiaticis
1739 5336 1868 5377 vero
1907 5321 2146 5377 scribens

580 5412 650 5466 ad
676 5411 988 5482 discipulum
1009 5410 1246 5482 queritur
1263 5422 1316 5468 et
1339 5412 1651 5483 ingemiscit.
1679 5412 1858 5484 Neque
1884 5413 2024 5467 enim
2046 5414 2145 5466 ista

584 5505 756 5558 solum
781 5513 904 5558 tunc
930 5504 1075 5559 illum
1105 5518 1332 5559 mterore
1357 5503 1671 5566 afﬁciebant,
1699 5503 1792 5559 sed
1817 5513 1871 5558 et
1898 5503 2051 5557 datus
2072 5501 2146 5556 illi

582 5596 828 5653 stimulus
855 5597 926 5651 ita
962 5610 1083 5652 eum
1127 5595 1356 5651 vexabat
1401 5603 1558 5666 atque
1593 5593 1885 5664 affligebat,
1916 5601 1975 5647 ut
2005 5607 2147 5662 saepe

585 5706 682 5756 pro
723 5689 877 5759 hujus
918 5689 1251 5745 absolutione
1294 5689 1459 5743 Deum
1503 5687 1818 5756 deprecatus
1848 5686 1915 5740 sit
1959 5685 2147 5756 :quod

586 5787 729 5840 enim
777 5788 863 5843 hic
903 5787 999 5855 ait,
1048 5795 1157 5852 ter,
1213 5786 1403 5854 sacpius
1430 5777 2033 5854 significat("2.Cor.l2.
2065 5780 2140 5843 8).

1260 368 1316 424 S.
1354 365 1626 424 JOANNIS
1661 361 2133 421 CHRYSObTOMl-
2165 358 2480 418 ARCHIEP.
2521 353 3054 415 CONSTANTlNOP.

3657 343 3778 400 488

2193 475 2421 530 Prorsus
2446 488 2574 529 vero
2603 471 2812 540 quando
2839 471 2927 524 ille
2953 468 3217 536 respirare
3245 464 3430 534 potuit,
3462 461 3550 533 qui
3582 459 3771 515 fratris

2193 582 2403 638 quoque
2444 565 2735 621 absentiam
2776 561 3022 632 lugebat?
3067 558 3148 613 Ea:
3190 574 3265 621 eo,
3316 554 3597 622 enim,ait,
3625 553 3774 624 quod

2193 676 2294 712 non
2319 657 2480 710 inveni
2508 656 2669 709 Titum
2691 659 2894 726 fratrem
2923 667 3103 715 meum,
3128 666 3230 702 non
3250 647 3398 700 habui
3430 646 3650 712 requiem
3683 642 3766 711 (2.

2198 747 2317 802 Cor.
2339 747 2393 801 2.
2423 746 2533 818 l3).
2563 746 2618 799 In
2646 745 2865 800 alterius
2889 743 3013 797 item
3040 740 3226 794 morbo
3254 738 3353 791 hoc
3394 735 3530 790 idem
3573 747 3774 804 passus

2199 853 2281 896 est
2309 858 2321 892 :
2352 839 2489 894 Deus
2515 840 2647 893 enim
2669 838 2903 891 misertus
2919 844 2990 888 est
3007 835 3135 904 ejus,
3154 831 3221 885 de
3251 828 3493 898 Epaphra
3520 827 3773 880 scribens

2197 931 2639 1000 Philippensibus,
2663 945 2762 982 non
2797 927 2932 982 illius
2959 935 3122 978 autem
3149 921 3331 984 solum,
3372 920 3456 973 sed
3475 927 3522 971 et
3549 918 3670 979 mei,
3710 932 3783 970 ne

2200 1023 2451 1077 tristitiam
2481 1037 2630 1091 super
2657 1019 2908 1072 tristitiam
2942 1015 3171 1069 haberem
3196 1011 3362 1083 (Phil.
3389 1008 3446 1062 2.
3467 1003 3579 1075 27).
3606 1005 3679 1060 Et
3703 1005 3776 1058 de

2200 1112 2563 1168 seductoribus
2586 1125 2649 1165 ac
2669 1109 2767 1164 sibi
2789 1106 3166 1163 reluctantibus
3181 1103 3406 1174 graviter
3425 1111 3680 1157 mmrens,
3706 1095 3780 1147 ad

2202 1203 2536 1259 Timotheum
2587 1199 2774 1255 scribit
2820 1217 2833 1253 :
2875 1196 3181 1259 Alexander,
3232 1192 3501 1261 inquiens,
3554 1187 3783 1242 terarius

2203 1293 2359 1346 multa
2385 1291 2509 1344 mihi
2533 1290 2668 1343 mala
2687 1289 2900 1342 ostendit
2926 1301 2945 1340 :
2971 1285 3148 1339 reddat
3175 1283 3252 1336 illi
3290 1281 3424 1334 Deus
3433 1280 3588 1349 juxta
3613 1291 3785 1344 opera

2204 1401 2297 1440 sua
2324 1383 2398 1456 (2.
2427 1381 2561 1436 Tim.
2584 1381 2638 1435 4.
2668 1379 2780 1451 ll).
2803 1377 2969 1447 Quam
2991 1375 3148 1446 igitur
3177 1375 3277 1428 iste
3291 1373 3375 1426 vel
3399 1371 3614 1425 brevem
3644 1380 3786 1422 mm-

2207 1474 2342 1528 roris
2371 1487 2434 1526 ac
2460 1470 2660 1526 doloris
2688 1469 2883 1523 habere
2908 1467 3142 1535 requiem
3171 1459 3605 1535 poteratiNeque
3626 1457 3783 1513 enim

2209 1581 2270 1620 ea
2298 1566 2411 1622 sola
2433 1580 2548 1634 quae
2575 1562 2714 1617 dicta
2740 1570 2884 1625 sunt,
2909 1559 3155 1614 obsidere
3199 1559 3432 1612 animum
3472 1555 3587 1624 ejus
3627 1561 3789 1622 pote-

2208 1668 2349 1724 rant,
2381 1657 2473 1712 scd
2497 1663 2553 1710 et
2571 1655 2671 1710 alia
2695 1670 2813 1725 qua:
2839 1666 3124 1708 maerorem
3151 1649 3226 1704 illi
3269 1647 3534 1703 assiduum
3573 1643 3791 1714 prmbe-

2210 1751 2354 1806 bant.
2383 1750 2447 1804 Et
2471 1765 2530 1802 ea
2556 1761 2744 1802 rursus
2770 1747 2882 1816 ipse
2901 1743 3123 1814 aperuit,
3148 1757 3267 1796 cum
3293 1739 3418 1794 dicit
3449 1755 3462 1790 :
3495 1736 3699 1790 Praeter
3728 1752 3792 1789 ea

2209 1858 2324 1914 quae
2341 1841 2466 1913 foris
2494 1849 2608 1894 sunt
2631 1837 2873 1892 instantia
2900 1851 3010 1889 mea
3031 1833 3342 1904 quotidiana,
3367 1827 3652 1883 sollicitudo
3669 1841 3791 1880 om-

2211 1913 2351 1986 nium.
2379 1929 2740 1983 Ecclesiarum.
2777 1926 2901 1994 Quis
2941 1924 3247 1994 inﬁrmatur,
3287 1929 3333 1973 et
3369 1934 3459 1989 ego
3497 1932 3599 1970 non
3635 1913 3795 1982 inﬁr-

2216 2025 2369 2080 mor?
2395 2024 2506 2094 quis
2531 2021 2921 2084 scandalizatur,
2953 2025 3000 2071 et
3023 2033 3114 2087 ego
3148 2031 3249 2068 non
3275 2028 3394 2066 uror
3420 2011 3494 2082 (2.
3522 2007 3645 2064 Cor.
3696 2008 3796 2061 il.

2214 2117 2307 2173 28.
2325 2116 2452 2187 29)?
2476 2115 2530 2170 Si
2559 2115 2714 2184 igitur
2743 2112 2829 2167 ille
2849 2125 2946 2182 per
2969 2106 3203 2178 singulos
3242 2118 3450 2169 eorum,
3493 2101 3582 2170 qui
3625 2111 3796 2152 scan-

2215 2206 2600 2268 dalizabantur,
2630 2202 2899 2265 urebatur,
2929 2197 3164 2268 profecto
3202 2209 3264 2250 ea
3290 2193 3497 2248 adustio
3519 2187 3804 2256 exstingui

2217 2314 2288 2356 ex
2318 2298 2459 2354 illius
2484 2297 2660 2350 animo
2690 2309 2796 2348 non
2836 2298 3060 2362 poterat.
3108 2288 3286 2357 Neque
3336 2285 3480 2340 enim
3534 2294 3796 2350 umquam

2217 2390 2439 2448 dwant
2468 2387 2556 2456 qui
2581 2384 3082 2445 scandalizarentur,
3110 2379 3321 2448 ignique
3345 2375 3483 2429 illius
3509 2381 3797 2427 matenam

2219 2480 2700 2537 subministrarent.
2728 2475 2860 2531 Nam
2883 2473 2929 2529 si
2953 2481 3007 2528 et
3034 2471 3191 2526 urbes
3211 2476 3265 2523 ct
3281 2475 3468 2537 gentes
3493 2479 3637 2532 saepe
3655 2464 3802 2515 inte-

2217 2590 2326 2644 grae
2358 2574 2519 2642 lapsa:
2544 2579 2687 2638 sunt,
2712 2569 2880 2624 multo
2908 2579 3037 2620 sane
3069 2561 3237 2631 magis
3270 2573 3430 2614 unum
3480 2569 3697 2624 semper
3744 2562 3806 2606 es

2220 2665 2444 2719 alterum
2470 2662 2557 2732 qui
2603 2662 2716 2716 lucc
2752 2664 3061 2729 paterentur
3112 2652 3337 2708 inveniri
3390 2662 3610 2703 necesse
3647 2655 3802 2708 erat,

2221 2771 2341 2812 cum
2363 2764 2440 2810 tot
2462 2764 2642 2810 essent
2672 2751 2926 2808 Ecclesia:
2955 2763 3049 2818 per
3073 2746 3276 2800 orbem.
3299 2741 3672 2798 Concedamus
3698 2753 3802 2792 au-

2226 2857 2354 2908 tem,
2383 2847 2426 2900 si
2455 2846 2648 2914 placet,
2684 2857 2858 2912 neque
2883 2837 3296 2896 scandalizatum
3333 2834 3496 2888 fuisse
3539 2832 3810 2900 aliquem,

2226 2952 2396 3006 neque
2419 2937 2486 2990 ab
2523 2951 2588 2990 eo
2622 2934 2942 3004 disiunctum
2989 2926 3290 2998 aliquando,
3318 2939 3489 2994 neque
3529 2920 3676 2975 aliud
3709 2921 3809 2972 ali-

2227 3030 2353 3099 quid
2379 3027 2678 3098 huiusmodi
2714 3025 2943 3079 tristium
2989 3021 3064 3076 illi
3094 3019 3379 3088 contigisse
3410 3034 3424 3070 :
3456 3030 3523 3069 ne
3566 3016 3646 3069 sic
3685 3013 3808 3082 qui-

2227 3120 2346 3175 dem
2377 3133 2606 3173 maerore
2631 3131 2860 3172 vacuum
2891 3111 3130 3169 invenire
3159 3109 3464 3177 poterimus.
3494 3106 3613 3173 Qua
3657 3105 3718 3158 in
3749 3117 3816 3157 re

2231 3212 2404 3267 nullus
2433 3213 2621 3266 iterum
2669 3210 2820 3266 testis
2861 3208 3036 3279 aptior
3065 3202 3312 3266 occurrit,
3344 3213 3502 3269 quam
3554 3198 3673 3266 ipse
3719 3195 3812 3263 qui

2231 3318 2418 3375 passus
2445 3311 2547 3359 est.
2577 3303 2714 3369 Quid
2753 3301 2893 3357 enim
2945 3299 3035 3353 ille
3083 3294 3189 3349 ait?
3239 3288 3487 3361 Optabam
3535 3287 3815 3341 anathema

2232 3415 2336 3453 esse
2355 3415 2387 3452 a
2411 3397 2610 3452 Christo
2644 3411 2735 3467 pro
2765 3393 3000 3464 fratribus
3029 3389 3172 3452 meis,
3203 3385 3424 3457 cognatis
3463 3381 3588 3435 meis
3632 3395 3817 3434 secun-

2234 3491 2356 3544 dum
2375 3505 2594 3552 carnem,
2622 3491 2708 3558 qui
2729 3497 2845 3541 sunt
2867 3485 3116 3539 Israelita
3144 3480 3318 3549 (Rom.
3341 3476 3394 3532 9.
3417 3474 3495 3546 5).
3525 3471 3685 3541 Quod
3723 3487 3817 3523 an—

2235 3592 2341 3637 tem
2362 3580 2509 3646 dicit,
2535 3579 2639 3634 tale
2663 3587 2745 3634 est
2776 3595 2790 3630 :
2821 3574 3119 3646 Optabilins
3139 3569 3263 3624 mihi
3285 3577 3397 3624 erat
3423 3568 3474 3619 in
3505 3565 3817 3635 gehennam

2235 3672 2486 3737 incidere,
2517 3685 2676 3741 quam
2717 3668 2982 3723 lsraelitas
3013 3661 3257 3720 infideles
3303 3667 3358 3713 et
3400 3654 3711 3710 incredulos
3743 3652 3820 3704 vi-

2236 3763 2362 3818 dere
2391 3779 2405 3815 :
2437 3761 2537 3815 hoc
2561 3761 2699 3816 enim
2725 3767 2826 3823 est,
2857 3757 3105 3826 Optabam
3123 3751 3395 3807 anathema
3415 3766 3536 3809 esse.
3558 3751 3815 3807 lsauiem

2237 3855 2327 3924 qui
2351 3852 2578 3923 eligebat
2601 3850 2857 3921 gehennae
2899 3848 3211 3911 cruciatum,
3258 3853 3317 3900 ut
3355 3843 3568 3900 Iudaeos
3621 3858 3820 3897 omnes

2237 3947 2305 4002 ad
2328 3946 2484 4002 ﬁdem
2510 3954 2689 4014 posset
2716 3943 2986 4005 inducere,
3029 3940 3194 4010 liquet
3234 3937 3474 4008 profecto
3508 3935 3651 4005 quod
3705 3952 3815 3989 non

2239 4041 2435 4111 potitus
2462 4039 2570 4093 voti
2596 4037 2676 4092 sui
2701 4036 2913 4107 gravius
2938 4033 3290 4096 afﬁciebatur,
3333 4045 3489 4101 quam
3541 4031 3579 4082 ii
3619 4029 3714 4098 qui
3765 4029 3818 4080 in

2239 4133 2477 4202 gehenna
2513 4129 2815 4184 cruciantur
2840 4144 2853 4180 :
2876 4123 3301 4196 quandoquidem
3325 4121 3498 4192 potius
3518 4119 3624 4174 hoc
3649 4134 3818 4188 quam

2241 4224 2372 4280 illud
2395 4222 2660 4293 cupiebat.

2311 4315 2398 4370 12.
2425 4312 2694 4382 Comparat
2721 4309 2929 4380 Slagirii
2954 4307 3174 4362 dolorem
3201 4321 3314 4358 cum
3343 4304 3666 4373 antiquorum
3693 4316 3823 4353 ante.

2241 4406 2528 4463 rore.-—Tu
2545 4405 2702 4460 velim
2723 4419 2818 4473 per
2833 4401 3035 4471 singula
3060 4415 3177 4470 qua:
3196 4398 3333 4452 dicta
3353 4405 3494 4459 sunt,
3511 4409 3620 4448 non
3636 4395 3824 4448 solum

2245 4500 2520 4554 materiam
2549 4495 2767 4565 cogites,
2794 4509 2858 4547 ex
2887 4507 2989 4561 qua
3011 4489 3260 4544 maestitia
3289 4487 3415 4540 viris
3436 4487 3537 4539 illis
3560 4486 3822 4554 gigneba-

2244 4599 2350 4654 tur,
2377 4587 2472 4643 sed
2497 4600 2798 4641 mensuram
2819 4583 2981 4638 etiam
3017 4579 3234 4644 doloris,
3263 4586 3320 4632 et
3349 4576 3515 4630 multo
3531 4576 3687 4629 illum
3709 4592 3826 4628 ma-

2239 4682 2411 4752 jorem
2432 4679 2676 4748 aspicies,
2703 4692 2859 4746 quam
2890 4684 3010 4729 tuus
3035 4673 3122 4726 sit.
3146 4669 3293 4736 Quod
3318 4669 3456 4724 enim
3484 4667 3646 4721 modo
3669 4683 3824 4736 qum-

2244 4773 2400 4838 ritur,
2428 4770 2530 4824 hoc
2553 4778 2658 4833 est,
2690 4767 2970 4838 graviusne
2997 4764 3069 4818 illi
3098 4770 3417 4832 angerentur
3448 4777 3462 4811 :
3495 4773 3659 4828 porro
3687 4773 3830 4812 ma:-

2247 4864 2406 4919 stitize
2428 4875 2672 4916 mensura
2705 4875 2808 4912 non
2839 4873 2904 4913 ex
2925 4855 3203 4911 occasione
3228 4867 3328 4924 qua
3356 4859 3476 4906 nata
3501 4858 3587 4905 est
3619 4851 3822 4914 solum,

2247 4954 2340 5010 sed
2369 4969 2436 5008 ex
2457 4954 2637 5008 verbis
2657 4952 2814 5006 etiam
2836 4960 2889 5004 et
2915 4948 3073 5002 rebus
3099 4945 3307 5016 probari
3329 4943 3634 4998 consuevit.
3687 4941 3826 4996 Nam

2246 5045 2453 5117 plurimi
2481 5058 2600 5100 cum
2626 5041 2796 5096 solum
2833 5040 3134 5093 amisissent
3158 5034 3434 5105 pecunias,
3466 5033 3640 5102 magis
3657 5047 3827 5101 quam

2248 5136 2407 5191 modo
2425 5134 2619 5190 caritas
2644 5140 2730 5187 tua
2759 5131 3060 5194 doluerunt,
3077 5137 3235 5196 atque
3255 5142 3318 5180 ex
3344 5123 3426 5180 his
3447 5123 3535 5178 alii
3570 5139 3632 5178 se
3666 5125 3830 5193 aquis

2251 5225 2664 5290 suffocaverunt,
2695 5221 2782 5274 alii
2809 5221 2998 5288 laqueo
3020 5217 3122 5271 sibi
3145 5217 3303 5268 vitam
3329 5224 3693 5278 extorserunt,
3726 5214 3827 5268 de-

2251 5319 2498 5374 trimenta
2549 5331 2656 5370 non
2694 5313 2926 5370 ferentes
2959 5329 2972 5365 :
3002 5311 3226 5364 aliorum
3255 5322 3381 5361 vero
3418 5307 3583 5362 etiam
3634 5307 3832 5360 oculos

2249 5410 2497 5468 mmroris
2527 5407 2684 5478 hujus
2713 5406 2792 5460 vis
2833 5419 2896 5458 ac
2939 5401 3244 5471 magnitudo
3271 5399 3506 5453 czecavit.
3553 5397 3626 5452 Et
3671 5409 3833 5453 certe

2251 5506 2407 5571 longe
2427 5502 2597 5558 levius
2621 5515 2684 5555 ac
2707 5497 3029 5554 tolerabilius
3059 5495 3262 5548 videtur
3286 5492 3532 5562 pecunias
3545 5490 3831 5555 amittere,

2251 5612 2410 5666 quam
2441 5591 2706 5664 pertubari
2729 5605 2758 5644 a
2787 5589 3064 5650 daemone;
3092 5584 3188 5640 sed
3223 5593 3394 5636 tamen
3442 5581 3657 5650 plurimi
3702 5596 3832 5634 cum

2253 5689 2366 5743 haec
2395 5687 2599 5742 fortiter
2623 5683 2885 5746 tulissent,
2917 5678 2984 5732 ab
3030 5677 3120 5732 illo
3163 5673 3398 5745 superati
3439 5680 3583 5728 sunt.
3637 5670 3836 5742 Neque

2257 5780 2398 5838 enim
2422 5777 2575 5833 velim
2608 5776 2708 5841 ista
2734 5786 2876 5832 nunc
2895 5785 2957 5826 ex
2984 5769 3161 5831 animo
3205 5776 3296 5823 tuo
3341 5763 3601 5830 metiaris,
3650 5780 3840 5833 neque
