4036 6416
296 254 404 310 487

296 370 507 433 ἔϐλεπε,
545 376 638 428 καὶ
685 380 806 442 ταῖς
836 380 1049 449 θυσίαις
1098 387 1458 461 μολυνόμενον
1486 392 1578 445 τὸν
1624 392 1749 446 ναὸν
1779 393 1871 445 καὶ

295 462 501 532 ἐρημού
510 481 690 533 μενον,
721 470 815 522 καλ¹
837 470 934 541 τὴν
960 473 1247 541 ἀγιαστίαν
1269 479 1717 551 ἀνατρεπομένην
1738 482 1874 536 ἆπαέ

297 565 417 603 σαν.
468 552 669 626 Διόπερ
706 558 921 613 ἐπένθει
964 562 1058 615 καὶ
1103 564 1335 634 ἐδάκρυε
1375 568 1547 636 λέγων
1573 587 1586 600 ·
1631 570 1803 640 Ἡμῖν
1830 574 1869 639 ἡ

292 641 554 709 αἰσχύνη
574 644 677 698 τοῦ
695 647 1017 713 προσώπου
1038 652 1275 721 καὶτοῖς
1289 658 1662 722 ,βασιλεῦσιν
1676 662 1864 733 ἡμῶν,

294 730 391 782 καί
419 730 546 797 τοῖς
570 732 844 802 ἄρχουσι,
872 740 970 793 καὶ
1001 742 1125 808 τοῖς
1154 747 1456 814 πατράσιν
1517 730 1869 823 ἡμῶν,ἠοῖτρ

290 833 396 883 νες
434 819 774 890 ἠμάρτομέν
802 841 899 879 σοι
929 827 1010 893 τῷ
1035 834 1249 900 Κιφίῳ.

365 906 451 960 ια’.
489 907 646 962 Ἀλλά
670 910 776 982 γὰρ
804 914 904 968 οὑκ
931 914 1047 973 οῖδα
1070 921 1188 985 πῶς
1220 925 1419 994 μεταξὺ
1442 929 1551 982 τῶν
1574 935 1865 1005 προφητῶν

291 995 637 1067 παρέδραμον
666 1000 764 1070 τὴν
793 1004 1146 1080 οὐρανομήκη
1167 1011 1364 1084 ψυχὴν,
1391 1017 1481 1071 τὸν
1514 995 1866 1097 οὑτωςυοίκή-

291 1098 460 1137 σαντα
486 1086 582 1156 τὴν
610 1088 733 1156 γῆν,
759 1090 835 1153 ὡς
866 1093 956 1145 τὸν
989 1096 1216 1167 οὐρανόν
1237 1120 1249 1131 ·
1289 1102 1439 1158 οὐδὲν
1458 1106 1567 1179 γὰρ
1592 1110 1738 1179 αὑτῷ
1764 1086 1863 1183 τῆς

291 1173 547 1245 μηλωτῆς
588 1177 747 1231 πλέον
785 1175 874 1251 ἦν.
906 1183 971 1235 Τί
1001 1181 1094 1239 οὖν
1128 1181 1283 1254 οὗτος
1324 1196 1351 1247 6
1400 1173 1571 1264 μέγας
1606 1173 1860 1254 καὶ-θαᾴξ

289 1262 494 1329 μαστὸς
520 1266 679 1337 ἀνὴρ,
701 1269 754 1321 εί
775 1288 837 1338 γε
859 1273 1024 1345 ἄνδρα
1049 1277 1209 1331 αὑτὸν
1240 1281 1320 1334 δεῖ
1342 1262 1558 1351 καλείνς
1588 1286 1737 1341 Μετὰ
1762 1290 1860 1361 τὴν

286 1352 470 1423 παρρη
481 1353 596 1406 σίαν
620 1358 717 1427 τὴν
737 1359 873 1431 πρὸς
894 1362 986 1417 τὸν
1028 1366 1249 1437 Ἀχαὰϐ.
1278 1372 1415 1441 μετά
1440 1376 1539 1445 τὴν
1565 1377 1657 1430 τοῦ
1685 1352 1857 1448 πυρός

286 1445 676 1513 καταπομπὴν,
708 1449 845 1516 μετά
878 1450 975 1521 τὴν
1006 1454 1112 1507 τῶν
1141 1457 1330 1528 ίερέων
1361 1464 1596 1533 σφαγὴν,
1637 1445 1774 1535 μετά
1798 1467 1857 1519 τὸ

283 1527 491 1581 κλεῖσαι
545 1535 637 1586 καὶ
678 1534 883 1600 ἀνοῖξαι
930 1539 1020 1591 τὸν
1065 1527 1320 1613 οὐρανὸν,
1353 1527 1492 1601 καθί
1518 1527 1855 1607 όνὲϐούλετο

283 1615 571 1689 ἀμφότερα
609 1620 818 1691 χρόνον,
841 1626 976 1694 μετὰ
1010 1630 1245 1685 τοσαῦτα
1270 1635 1363 1687 καὶ
1392 1636 1690 1705 τηλικαῦτα
1719 1657 1853 1694 κατ-

279 1703 596 1774 ορθώματα,
643 1707 815 1775 οὕτως
860 1716 1139 1785 ἐκρατεῖτο
1188 1719 1266 1789 τῷ
1303 1703 1456 1792 φόϐῳ
1522 1725 1615 1777 καὶ
1651 1729 1716 1796 τῇ
1754 1729 1853 1799 τῆς

279 1790 518 1858 ἀθυμίας
547 1796 838 1870 ὑπερϐολῇ,
860 1802 935 1865 ὡς
959 1804 1130 1857 ταῦτα
1153 1807 1220 1859 τὰ
1248 1790 1467 1880 ῥήματα
1490 1790 1819 1882 φθέγγεσθαί
1834 1790 1846 1847 ζ

279 1876 432 1951 [220]
479 1881 633 1936 Λάϐε
683 1885 797 1952 τὴν
860 1891 1073 1957 ψυχήν
1112 1876 1259 1961 μου-
1287 1898 1388 1950 ἀπ’
1430 1876 1732 1968 ἐμοῦξδτι
1777 1906 1849 1959 οὐ

276 1967 558 2032 κρείττων
589 1973 703 2039 εἰμὶ
728 1974 841 2042 ἐγὼ
868 1978 1020 2046 ὑπὲρ
1053 1982 1193 2046 τοὺς
1222 1967 1477 2053 πατέρας
1497 2007 1636 2056 μου.
1665 1990 1846 2045 Ταῦτα

275 2056 481 2121 ἐκεῖνος
526 2060 554 2111 6
601 2063 825 2132 μηδέπω
876 2069 970 2120 καὶ
1018 2069 1112 2123 νῦν
1163 2074 1581 2146 τετελευτηκώς.
1633 2082 1743 2133 Kal
1786 2082 1845 2134 οὑ

275 2141 449 2196 ταῦτα
483 2146 665 2213 μόνον,
714 2150 849 2205 ἀλλά
910 2157 1003 2208 καὶ¹
1062 2158 1311 2214 ἀπελθὼν
1355 2141 1445 2227 είς.
1494 2167 1592 2234 τὴν
1643 2167 1847 2238 ἔρημον

274 2231 559 2287 ἐκάθευδεν
574 2235 785 2309 ὑπὸτῆς
801 2239 1138 2314 βαρυθυμίας
1155 2231 1585 2319 κατακαμφθείς.
1604 2255 1660 2307 '0
1674 2231 1846 2325 δὲμα-

271 2317 442 2390 θητὴς
471 2323 500 2373 ὁ
535 2321 726 2376 τούτου
762 2326 823 2377 οὑ
853 2327 914 2379 τὸ
941 2330 1155 2401 πνεῦμα
1188 2317 1383 2389 δισσὸν
1397 2337 1557 2391 ἔλαϐε
1584 2341 1678 2394 τοῦ
1704 2317 1846 2397 δίδα-

274 2406 468 2460 σκάλου
494 2408 671 2479 μόνον,
707 2412 842 2466 ἀλλά
875 2416 969 2469 καὶ
1002 2418 1100 2481 τὰς
1128 2419 1335 2490 θλίψεις
1367 2425 1543 2497 πολλῷ
1570 2429 1841 2497 μείζονας.

270 2494 505 2559 Τούτους
541 2498 670 2566 γοῦν
704 2502 833 2570 ἡμῖν
868 2504 972 2573 πρὸ
1018 2509 1214 2578 μικροῦ
1246 2513 1274 2565 ό
1319 2494 1589 2585 μακάριος
1635 2519 1845 2583 Παῦλος

268 2583 635 2654 παραδεικνὺς
659 2590 870 2654 καὶτὰς
898 2591 1272 2667 ταλαιπωρίας
1295 2583 1487 2655 αὑτῶν
1502 2605 1845 2678 ἀπαριθμοῦ-

271 2686 430 2739 μενος
465 2670 679 2740 ἐολεγεν·
722 2670 831 2729 Ὧν
866 2681 977 2733 οὐκ
1010 2677 1088 2751 ἦν
1104 2683 1274 2751 ἄξιος
1298 2690 1332 2740 ὀ
1367 2670 1843 2760 κόσμος.Ἐὺ⁷καί-

272 2772 377 2825 ρως
396 2758 452 2811 δὲ
482 2761 612 2830 ἡμῖν
638 2764 665 2815 6
697 2765 965 2836 μακάριος
996 2771 1316 2838 ἐπεισῆλθεν
1345 2758 1499 2841 οὗτος
1520 2796 1533 2809 ·
1560 2782 1589 2834 6
1618 2783 1725 2852 γὰρ
1748 2785 1841 2837 καὶ

270 2845 429 2913 μόνος
466 2847 649 2938 ὀφθεὶς
685 2854 777 2905 καὶ
821 2856 1060 2926 ἀρκέσας
1102 2860 1239 2931 πρὸς
1280 2845 1645 2938 παράκλησιν,
1686 2845 1841 2938 οὗτος

269 2933 411 3014 μετά
442 2936 567 2999 τοὺς
595 2937 786 3003 ἄλλους
811 2942 1088 3009 είσελθὼν,
1119 2948 1241 3002 τίνα
1270 2953 1370 3006 οὑκ
1411 2954 1478 3007 ἂν
1524 2957 1839 3027 ἀφανίσειεν

266 3019 505 3091 ἀθυμίαν
535 3024 629 3076 καὶ
653 3025 864 3098 λύπην;
895 3031 998 3084 Τὸν
1030 3033 1128 3103 μὲν
1148 3031 1240 3091 οῦν
1261 3038 1437 3110 λιμὸν,
1465 3045 1556 3097 καὶ
1574 3019 1642 3100 ’τὸ
1668 3048 1835 3119 δίψος,

264 3108 360 3161 καὶ
386 3109 486 3180 τὴν
521 3112 821 3180 γύμνωσιν,
870 3121 963 3173 xal
981 3121 1048 3174 τὰ
1089 3108 1339 3195 ναυάγια,
1384 3132 1475 3184 καὶ
1513 3133 1610 3199 τὰς
1634 3136 1692 3189 ἐν

263 3193 491 3266 ἐρήμοις
520 3198 819 3272 διατριϐὰς,
853 3207 947 3259 καὶ
977 3210 1101 3273 τοὺς
1134 3193 1351 3283 φόϐους,
1390 3220 1482 3273 καὶ
1508 3193 1633 3286 τοῦς
1659 3193 1839 3279 κινδύί

260 3300 405 3351 νους,
428 3286 520 3338 καὶ
548 3286 646 3351 τὰς
673 3291 982 3359 ἐπιϐουλὰς,
1010 3298 1105 3351 καὶ
1130 3300 1197 3353 τὰ
1218 3302 1585 3378 δεσμωτήρια,
1617 3313 1711 3365 καὶ
1736 3313 1836 3378 τάς

258 3371 493 3443 πληγὰς,
521 3377 733 3442 καὶτὰς
757 3381 1080 3452 ἀγρυπνίας,
1118 3390 1210 3441 καὶ
1252 3371 1376 3456 τοὺς
1410 3371 1635 3467 μυρίους
1668 3371 1833 3455 om:

256 3478 401 3528 τους,
430 3464 523 3517 καὶ
548 3466 712 3520 τᾶλλα
745 3470 844 3522 ὅσα
874 3472 965 3525 τοῦ
996 3476 1349 3547 κηρύγματος
1386 3464 1570 3538 ἕνεκεν
1606 3488 1834 3559 ὑπέμει-

254 3568 365 3612 νεν,
388 3552 539 3607 οὐδὲν
563 3551 714 3625 οἶμαι
740 3560 848 3612 δεῖν
868 3560 1062 3629 λέγειν.
1090 3564 1273 3621 Ταῦτα
1298 3569 1406 3641 γὰρ
1431 3574 1478 3625 εί
1506 3576 1599 3627 καὶ
1626 3551 1831 3646 θλίίζιεις

253 3638 425 3703 τινὰς,
451 3641 564 3693 ἀλλ’
592 3644 740 3713 ὅμως
764 3648 854 3699 καὶ
878 3648 1071 3716 ἡδονὰς
1098 3657 1354 3725 παρεῖχεν
1380 3659 1533 3730 αὑτῷ
1553 3680 1565 3692 ·
1604 3663 1718 3716 ἀλλ’
1740 3666 1827 3718 ὅτε

253 3725 682 3799 ἀπεστράφησαν
708 3734 871 3786 αὑτὸν
902 3737 1101 3802 πάντες
1132 3744 1180 3793 οἱ
1212 3745 1269 3795 ἐν
1295 3749 1361 3816 τῇ
1406 3748 1578 3820 Ἀσία,
1606 3752 1693 3804 ὅτε
1724 3754 1828 3807 Γα-

252 3811 411 3867 λάται
430 3815 825 3888 ἐξετράπησαν,
851 3823 999 3886 ἔθνος
1018 3826 1206 3899 όλόκλη
1216 3847 1306 3899 ρον
1330 3811 1421 3885 καὶ
1444 3811 1820 3910 εὐδοκιμηκὺς,

250 3901 340 3953 ὅτε
366 3903 641 3974 Κορίνθιοι
682 3907 779 3978 τὴν
806 3915 935 3984 παρ’
966 3914 1148 3979 αὑτοῖς
1189 3918 1513 3989 Ἐκκλησίαν
1544 3901 1823 3987 είς-πόλλά

248 3988 494 4060 διέτεμον
527 3993 686 4064 μέρη,
719 3996 813 4049 καὶ
850 4000 941 4051 τὸν
976 4002 1347 4072 πορνεύσαντα
1377 3988 1821 4081 ίκολακεύσαντες

251 4078 331 4138 εἰς
360 4076 714 4149 ἀναισθησίαν
739 4084 963 4152 ἤγαγον,
992 4089 1043 4141 τί
1072 4090 1232 4144 αὑτὸν
1264 4094 1364 4146 οἴει
1399 4096 1624 4165 παθεῖν;
1667 4076 1819 4175 πόσῷ

250 4165 651 4236 κατασχεθῆναι
688 4170 862 4239 σκότῳ
904 4175 1002 4244 τὴν
1042 4175 1251 4247 ψυχήνς
1312 4181 1471 4236 Ἀλλὰ
1514 4187 1618 4258 γὰρ
1654 4189 1707 4241 τί
1739 4165 1822 4245 δεῖ

245 4250 521 4321 λογισμῶν
546 4256 694 4324 ἡμῖν,
728 4260 900 4329 παρὸν
929 4261 1155 4316 ἀκοῦσαι
1188 4266 1296 4320 τῶν
1322 4250 1813 4345 ῥημάτων-αὑτῶη

247 4338 553 4407 Κορινθίοις
581 4342 681 4411 μὲν
708 4344 815 4415 γὰρ
843 4347 1169 4404 ἐπιστέλλων
1201 4338 1408 4423 ἔλεγεν,
1431 4358 1510 4411 ὅτι
1557 4361 1650 4415 Ἐκ
1670 4338 1817 4419 πολί

243 4424 363 4491 λῆς
391 4428 650 4495 θλίψεως
684 4431 779 4484 καὶ
818 4435 1091 4503 συνοχῆς
1122 4440 1366 4508 καρδίας
1401 4444 1635 4515 ἔγραψα
1673 4452 1815 4519 ὑμῖν

245 4512 342 4565 διὰ
368 4515 617 4570 πολλῶν
638 4518 911 4588 δακρύων
934 4540 947 4553 ·
984 4527 1077 4578 καὶ
1099 4528 1281 4594 πάλιν,
1314 4512 1536 4601 Μήπως
1552 4512 1813 4595 *ἐλθόντα

237 4616 314 4667 με
341 4602 677 4690 ταπεινώσῃ
703 4608 737 4659 ό
774 4609 934 4675 Θεὸς,
963 4611 1061 4665 καὶ
1092 4616 1374 4682 πενθήσω
1401 4624 1670 4690 πολλοὺς
1694 4627 1812 4681 τῶν

242 4689 786 4767 προημαρτηκότων
819 4692 917 4745 καὶ
953 4694 1039 4763 μὴ
1074 4702 1594 4767 μετανοησάντων.
1636 4689 1811 4764 Tala-

240 4781 361 4829 ταις
387 4766 463 4831 δὲ,
512 4772 719 4824 Τεκνία
752 4792 889 4841 μου,
930 4778 1037 4844 οὓς
1066 4781 1250 4835 πάλιν
1284 4784 1492 4850 ὠδίνω,
1528 4788 1699 4859 ἄχρις
1733 4790 1806 4849 οὗ

233 4850 519 4937 μορφωθῇ
543 4856 797 4923 Χριστός
824 4858 893 4911 ἐν
930 4862 1091 4929 ὑμῖν.
1140 4866 1273 4937 Περὶ
1304 4869 1360 4921 δὲ
1396 4870 1504 4924 τῶν
1544 4850 1805 4931 ’ἶσιάνῶν

240 4933 376 5003 πρὸς
416 4934 505 4988 τὸν
548 4938 792 5027 μαθητὴν
845 4942 1189 5027 ἀποδύρεται.
1222 4933 1301 5002 ὺὺ
1335 4953 1507 5006 ταῦτα
1547 4956 1604 5008 δὲ
1645 4960 1805 5027 μόνον

238 5016 400 5068 αὑτὸν
427 5019 571 5088 ἠνία,
609 5021 745 5074 ἀλλά
772 5025 865 5076 καὶ
896 5026 923 5077 ὀ
956 5029 1154 5100 σκόλοψ
1178 5034 1205 5085 6
1227 5033 1399 5097 δοθεὶς
1439 5038 1587 5108 αὑτῷ
1635 5016 1805 5106 οὑτως

236 5100 397 5155 αὑτὸν
425 5102 599 5156 ἔθλιϐε
625 5106 715 5158 καὶ
744 5108 1113 5180 ἐστενοχώρει,
1148 5114 1222 5179 ὡς
1250 5118 1505 5185 πολλάκις
1542 5100 1680 5194 ὑπὲρ

234 5183 422 5237 τούτου
457 5186 660 5252 λύσεως
680 5189 886 5244 δεῖσθαι
908 5194 1001 5247 τοῦ
1025 5196 1158 5249 Θεοῦ
1179 5216 1193 5231 ο
1214 5200 1274 5253 τὸ
1297 5201 1405 5273 γὰρ
1428 5183 1553 5271 τρὶς
1572 5183 1805 5266 ἐνταῦθα

234 5268 294 5319 τὸ
324 5268 582 5333 πολλάκις
608 5273 775 5328 ἐστίν.
814 5277 988 5342 Ὄλως
1012 5280 1069 5332 δὲ
1108 5282 1236 5336 πότε
1282 5268 1615 5343 ἀναπνεῦσαι
1652 5295 1803 5365 ἴσχυ-

237 5366 326 5402 σεν
364 5354 392 5404 ὁ
424 5354 516 5406 xal
546 5356 637 5409 ἐπὶ
664 5357 899 5431 ἀπουσίᾳ
944 5362 1172 5433 ἀδελφοῦ
1208 5369 1572 5438 κοπτόμενος;
1611 5376 1693 5441 Τῷ
1708 5354 1799 5449 μή

233 5452 305 5502 με
332 5438 545 5503 εὑρεῖν,
578 5442 761 5510 φησὶν,
816 5443 989 5499 Τίτον
1031 5448 1138 5502 τὸν
1184 5450 1450 5519 ἀδελφόν
1494 5474 1633 5524 μου,
1662 5438 1801 5516 οὐκ

234 5518 467 5587 ἔσχηκα
494 5522 724 5581 ἄνεσιν.
756 5526 864 5579 Kal
893 5528 985 5583 ἐπὶ
1004 5532 1142 5599 νόσῳ
1166 5534 1327 5588 πάλιν
1364 5538 1423 5590 τὸ
1469 5518 1598 5594 αὑτὸ
1621 5518 1801 5599 ’τοῦτο

234 5603 467 5675 ἔπασχεν
485 5620 532 5664 α.
568 5610 621 5663 '0
655 5611 798 5679 Θεὸς
830 5615 938 5685 γὰρ
959 5617 1226 5688 ἠλέησεν
1254 5623 1457 5693 αὐτὸν,
1490 5629 1623 5701 φησὶ
1648 5632 1798 5705 (περὶ

298 5733 325 5777 ε
342 5735 485 5793 δυη
515 5745 563 5789 ει
582 5741 713 5806 Coll).
738 5741 877 5794 τοῦτο
898 5746 1103 5810 πάσχων.

1036 269 1128 324 AD
1162 228 1542 331 STAGIRIUM
1582 275 1628 329 Α
1667 270 1976 332 ΒᾹΞΜΟΝΕ
2016 280 2523 346 VEXATUMJJB.
2565 293 2652 348 Ill.

3439 308 3544 365 488

1983 398 2077 451 τοῦ
2142 401 2393 475 Ἐπαφρᾶ
2432 409 2813 481 Φιλιππησίοις
2851 414 3078 483 ἔλεγεν),
3120 417 3230 471 οὐκ
3265 418 3452 472 αὐτόν
3478 419 3548 473 δὲ

1973 493 2187 559 μόνον,
2226 496 2387 551 ἀλλὰ
2430 500 2527 554 καὶ
2558 502 2681 571 ἐμὲ,
2734 506 2833 559 ἵνα
2862 506 2947 576 μὴ
2992 508 3195 576 λύπην
3242 509 3340 564 ἐπὶ
3377 513 3546 583 λύπῃ

1979 583 2128 653 σχῶ.
2163 588 2273 641 Καὶ
2304 591 2395 643 ἐπὶ
2420 595 2532 657 τοῖς
2558 597 2835 652 ἀπατεῶσι
2877 600 2969 652 καὶ
2996 600 3367 669 ἀντιλέγουσιν
3396 605 3545 675 αὑτῷ

1978 680 2182 751 σφόδρα
2235 681 2596 757 βαρυθυμῶν,
2659 690 2907 763 Τιμοθέῳ
2948 693 3277 749 ἐπιστέλλων
3328 696 3541 765 ελεγενσ

1989 770 2373 843 Ἀλέξανδρος
2398 781 2431 830 ὀ
2459 780 2722 849 χαλκεὺς
2753 784 2955 838 πολλά
2992 803 3093 855 μοι
3132 789 3288 841 κακὰ
3325 788 3544 842 ἐνεδεί-

1976 862 2119 926 ξατο
2138 883 2151 896 ·
2181 867 2421 938 ἀποδῴη
2455 872 2614 938 αὺτῷ
2642 876 2857 943 Κύριος
2881 878 3031 936 κατὰ
3055 879 3127 934 τὰ
3152 880 3299 949 ἔργα
3328 880 3537 935 αὐτοῦ.

1972 955 2105 1009 Τίνα
2156 954 2248 1012 οῦν
2298 961 2536 1034 ἀθυμίας
2590 966 2683 1020 καὶ
2735 967 2927 1039 ὀδύνης
2981 970 3181 1043 μικρὰν
3225 970 3354 1039 γοῦν
3395 971 3543 1043 ἔχειν

1971 1047 2260 1123 ἀνακωχὴν
2287 1053 2545 1123 ἠδύνατο,
2573 1057 2704 1111 Οὑδέ
2733 1071 2837 1130 γάρ
2870 1059 2939 1113 τά
2964 1062 3231 1133 εἰρημένα
3274 1064 3432 1134 μόνον
3470 1059 3539 1135 ἦν

1968 1140 2037 1193 τὰ
2064 1142 2449 1214 πολιορκοῦντα
2484 1147 2577 1219 τὴν
2601 1150 2804 1204 ἐκείνου
2828 1151 3023 1224 ψυχὴν,
3064 1154 3198 1208 ἀλλά
3242 1155 3334 1208 καὶ
3376 1156 3539 1227 ἕτερα

1968 1233 2104 1303 πρὸς
2129 1235 2357 1302 τούτοις,
2386 1238 2420 1293 ἃ
2449 1240 2671 1312 διηνεκῆ
2701 1248 2925 1317 παρεῖχε
2962 1246 3059 1317 τὴν
3084 1246 3317 1317 ἀθυμίαν
3349 1249 3498 1319 αὑτῷ
3519 1268 3532 1279 '

1967 1330 2267 1383 καὶταῦτα
2315 1332 2476 1386 πάλιν
2530 1336 2691 1400 αὐτὸς
2736 1337 3061 1408 ἐξεκάλυψεν
3111 1340 3311 1393 εἰπών·
3349 1343 3535 1411 Χωρίς

1966 1415 2083 1469 τῶν
2138 1420 2426 1487 παρεκτὸς
2467 1422 2506 1488 ἡ
2554 1424 2956 1491 ἐπισύστασίς
2988 1443 3108 1495 μου
3149 1430 3185 1495 ἠ
3222 1426 3372 1499 [εει]
3405 1433 3532 1485 καθ’

1962 1504 2210 1573 ἡμέραν,
2237 1508 2275 1574 ἡ
2294 1510 2547 1579 μέριμνα
2577 1512 2791 1567 πασῶν
2838 1514 2952 1567 τῶν
3007 1517 3402 1586 Ἐκκλησιῶν.
3438 1519 3532 1585 Τίς

1960 1595 2222 1660 ἀσθενεῖ,
2255 1600 2353 1652 καὶ
2383 1603 2493 1655 οὐκ
2515 1604 2784 1669 ἁσθενῶ;
2818 1607 2906 1672 τίς
2927 1607 3407 1674 σκανδαλίζεται,
3428 1611 3530 1665 καὶ

1961 1689 2071 1740 οὐκ
2109 1688 2223 1757 ἐγὼ
2262 1693 2591 1762 πυροῦμαι;
2644 1697 2708 1749 Εἰ
2762 1698 2937 1751 τοίνυν
2989 1699 3109 1754 καθ’
3158 1701 3385 1755 ἕκαστον
3422 1702 3530 1756 τῶν

1960 1780 2460 1854 σκανδαλιζομένων
2490 1788 2651 1853 αὐτὸς
2690 1791 2973 1862 ἐπυροῦτο,
3006 1794 3105 1846 οὑκ
3130 1794 3256 1862 ὲνῆν
3296 1793 3527 1867 σϐεσθῆ-

1956 1890 2043 1926 ναι
2080 1874 2178 1946 τὴν
2208 1876 2451 1948 πύρωσιν
2480 1882 2681 1954 ταύτην
2726 1886 2832 1937 ἀπὸ
2858 1885 2956 1955 τῆς
2982 1887 3190 1939 ἐκείνου
3218 1886 3418 1957 ψυχῆς.
3447 1887 3525 1941 Οὐ

1955 1962 2063 2033 γὰρ
2097 1963 2443 2036 διελίμπανον
2476 1971 2527 2022 οἱ
2562 1972 3055 2045 σκανδὰλιζόμενοι,
3092 1976 3187 2029 καὶ
3214 1977 3314 2045 τὴν
3338 1977 3526 2030 ὑπόθε-

1956 2071 2040 2108 σιν
2069 2056 2396 2127 παρέχοντες
2418 2061 2497 2131 τῷ
2527 2065 2678 2135 πυρί.
2716 2066 2887 2120 Ὅπου
2916 2066 3023 2139 γὰρ
3051 2068 3235 2132 πόλεις
3268 2069 3362 2122 καὶ
3394 2068 3520 2139 ἔθνη

1952 2142 2009 2195 δὲ
2043 2146 2301 2214 πολλάκις
2333 2152 2598 2226 ὁλόκληρα
2628 2157 2863 2222 διέπεσε,
2887 2158 3065 2230 πολλῷ
3090 2160 3288 2231 μᾶλλον
3316 2161 3409 2217 ἕνα
3430 2162 3524 2215 καὶ

1951 2235 2201 2308 δεύτερον
2228 2236 2367 2298 εἶναι
2404 2247 2691 2313 διαπαντὸς
2723 2253 2849 2316 τοὺς
2868 2252 3025 2307 τοῦτο
3049 2253 3355 2323 πάσχοντας
3374 2256 3522 2319 εἰκὸς

1949 2322 2038 2398 ἦν,
2069 2331 2335 2388 τοσούτων
2384 2335 2714 2408 Ἑκκλησιῶν
2755 2343 2896 2397 κατὰ
2928 2342 3027 2413 τὴν
3065 2342 3388 2415 οἰκουμένην
3430 2346 3521 2398 οὑ-

1952 2421 2078 2475 σῶν.
2115 2422 2310 2495 Θῶμεν
2333 2426 2412 2490 δὲ,
2442 2431 2490 2481 εί
2528 2429 2724 2499 βούλει,
2759 2434 2837 2504 τῷ
2862 2434 3023 2506 λόγῳ,
3076 2436 3209 2507 μηδὲ
3241 2438 3520 2493 σκανδαλι-

1950 2514 2141 2586 σθῆναί
2166 2535 2306 2581 τινα,
2337 2520 2468 2590 μηδὲ
2488 2522 2859 2595 διαζευχθῆναι
2880 2526 3042 2580 αὑτοῦ
3064 2546 3213 2592 ποτε,
3239 2530 3373 2600 μηδὲ
3393 2530 3519 2586 ἄλλο

1946 2624 1998 2660 τι
2024 2611 2227 2664 τούτων
2270 2612 2417 2684 αὑτῷ
2460 2616 2859 2687 συμϐεϐηκέναι
2905 2619 3014 2673 τῶν
3054 2620 3343 2693 λυπηρῶν
3395 2624 3515 2677 οὐδὲ

1946 2702 2054 2774 γὰρ
2087 2702 2257 2769 οὕτως
2299 2705 2458 2759 αὑτὸν
2505 2707 2736 2779 δύναμαι
2770 2712 3007 2783 καθαρὸν
3038 2715 3273 2785 ἀθυμίας
3303 2717 3512 2787 εὑρείνο

1945 2796 2047 2848 κάν
2072 2796 2242 2868 τούτῳ
2274 2798 2435 2852 πάλιν
2466 2800 2653 2855 οὐδένα
2685 2803 2875 2875 δέομαι
2904 2805 3087 2876 ἕτερον
3130 2807 3381 2878 μάρτυρα
3417 2807 3513 2862 λα-

1944 2886 2079 2953 ϐεῖν,
2100 2889 2233 2942 ἀλλὰ
2254 2890 2343 2943 τὸν
2374 2893 2676 2947 πεπονθότα
2696 2896 2875 2951 αὑτόν.
2895 2898 2959 2950 Τί
2979 2898 3085 2969 γάρ
3108 2916 3300 2970 φησινς
3329 2902 3516 2969 H7316-

1938 2999 2063 3050 μην
2089 2982 2353 3052 ἀνάθεμα
2391 2981 2543 3039 εἶναι
2598 2987 2717 3042 ἀπὸ
2764 2990 2871 3044 τοῦ
2909 2992 3165 3061 Χριστοῦ
3210 2993 3363 3062 ὑπὲρ
3397 2992 3514 3047 τῶν

1943 3073 2222 3143 ἀδελφῶν
2267 3094 2386 3145 μου
2442 3076 2562 3131 τῶν
2628 3080 2941 3151 συγγενῶν
2986 3102 3133 3153 μου,
3189 3083 3309 3139 τῶν
3364 3087 3514 3141 κατὰ

1942 3166 2159 3235 σάρκα,
2217 3169 2429 3235 οἵτινές
2486 3173 2646 3226 εἰσιν
2710 3174 3080 3243 Ἰσραηλῖται.
3139 3177 3203 3229 Ὃ
3241 3177 3298 3231 δὲ
3336 3176 3507 3247 λέγει,

1940 3259 2178 3314 τοιοῦτόν
2219 3260 2361 3317 ἐστι’
2405 3262 2783 3334 Ποθεινότερον
2804 3260 2872 3336 ἦν
2904 3283 2993 3336 μοι
3035 3266 3114 3329 είς
3152 3267 3377 3334 γέενναν
3411 3268 3511 3338 ἐμ-

1940 3355 2146 3417 πεσεῖν,
2166 3354 2198 3423 ῆ
2218 3357 2342 3419 τοὺς
2375 3356 2710 3427 Ἰσραηλίτας
2735 3357 3093 3421 ἀπιστοῦντας
3115 3360 3264 3429 όρᾷν.
3288 3360 3360 3412 Τὸ
3379 3360 3507 3431 γὰρ,

1938 3448 2241 3517 Ηύχόμην
2285 3448 2551 3516 ἀνάθεμα
2591 3447 2763 3513 εἶναι,
2792 3450 2949 3504 τοῦτὸ
2978 3453 3143 3504 ἐστιν·
3172 3453 3200 3504 ὁ
3229 3452 3283 3506 δὲ
3316 3452 3412 3523 τὴν
3449 3454 3508 3506 ἐν

1935 3540 2001 3608 τῇ
2058 3539 2249 3611 γεέννῃ
2300 3540 2519 3594 κόλασιν
2568 3541 2818 3611 ἐλόμενος
2874 3542 3014 3611 ὑπὲρ
3067 3540 3159 3595 τοῦ
3215 3542 3507 3613 δυνηθῆναι

1935 3632 2381 3701 προσαγαγέσθαι
2414 3635 2541 3696 τοὺς
2577 3633 2856 3697 Ἰουδαίους
2886 3635 3152 3699 ἅπαντας.
3181 3634 3402 3704 εὑδηλον
3426 3637 3506 3692 ὃτι

1933 3725 2124 3777 τούτου
2177 3723 2251 3794 μὴ
2292 3724 2490 3794 τυχὼν,
2536 3724 2643 3779 τῶν
2686 3728 2743 3778 ὲν
2784 3728 2848 3795 τῇ
2896 3727 3088 3799 γεέννῃ
3131 3726 3505 3798 κολαζομένων

1929 3815 2083 3885 διῆγε
2119 3816 2434 3888 βαρύτερον,
2465 3817 2695 3888 ἐπείπερ
2731 3819 2907 3870 ἐκεῖνο
2944 3818 3143 3888 μᾶλλον
3178 3818 3328 3889 αὑτῷ
3360 3819 3503 3875 κατά

1928 3908 2153 3979 γνώμην
2180 3909 2212 3979 ἢ
2239 3908 2395 3961 τοῦτο
2426 3904 2514 3980 ἦν.

2002 4003 2090 4057 ιϐ’.
2124 4004 2196 4056 Σὺ
2222 4004 2280 4056 δέ
2310 4021 2399 4074 μοι
2428 4003 2550 4057 καθ’
2582 4002 2809 4058 ἕκαστον
2835 4005 2942 4059 τῶν
2970 4006 3274 4077 εἰρημένων
3302 4007 3377 4078 μὴ
3403 4006 3501 4079 τὴν

1928 4095 2180 4148 ὑπόθεσιν
2204 4094 2417 4164 λογίζου
2456 4097 2635 4167 μόνον,
2667 4097 2725 4163 ἐξ
2756 4091 2877 4168 ἦςή
2920 4096 3125 4169 ἀθυμία
3150 4101 3264 4161 τοῖς
3304 4099 3501 4171 ἀνδρά-

1927 4202 2012 4238 σιν
2034 4185 2261 4249 ἐκείνοις
2291 4186 2552 4248 ἐτίκτετο,
2585 4186 2719 4240 ἀλλά
2747 4189 2841 4240 καὶ
2864 4188 2924 4240 τὸ
2949 4189 3144 4258 μέτρον
3169 4190 3268 4259 τῆς
3298 4189 3495 4261 λύπης,

1923 4277 2018 4330 καὶ
2048 4276 2226 4348 πολλῷ
2251 4278 2423 4332 ταῦτα
2459 4279 2678 4350 μείζονα
2702 4278 2728 4315 δ
2756 4280 2875 4349 ὄψει
2903 4281 3001 4351 τῆς
3030 4280 3219 4351 ὀδύνης
3245 4283 3342 4353 τῆς
3377 4283 3494 4354 σῆς.

1927 4369 2001 4422 Τὸ
2033 4369 2141 4442 γὰρ
2170 4370 2562 4441 ἐξεταζόμενον
2590 4373 2685 4425 νῦν
2720 4373 2877 4427 τοῦτό
2910 4377 3076 4439 ἐστιν,
3110 4376 3159 4427 εί
3188 4374 3498 4445 χαλεπώτε-

1926 4475 2017 4528 ρον
2053 4460 2253 4529 ἤλγουν
2277 4462 2503 4515 ἐκεῖνοι·
2535 4462 2731 4532 μέτρον
2758 4464 2814 4516 δὲ
2848 4463 3083 4533 ἀθυμίας
3114 4466 3213 4518 οὑκ
3256 4466 3363 4518 ἀπὸ
3395 4466 3497 4535 τῆς

1918 4549 2209 4621 τικτούσης
2253 4552 2422 4621 αὑτὴν
2467 4554 2790 4623 προφάσεως
2830 4555 3009 4625 μόνον,
3057 4556 3194 4609 ἀλλά
3236 4559 3332 4610 καὶ
3386 4558 3493 4612 ἀπὸ

1917 4642 2026 4694 τῶν
2052 4644 2311 4713 ῥημάτων
2339 4644 2432 4697 καὶ
2454 4645 2564 4697 ἀπὸ
2588 4645 2696 4698 τῶν
2728 4646 3069 4718 πραγμάτων
3100 4648 3493 4718 δοκιμάζεσθαι

1916 4731 2179 4800 πέφυκεν.
2212 4732 2402 4786 Πολλοὶ
2424 4733 2521 4805 μὲν
2545 4731 2636 4789 οῦν
2665 4737 2919 4808 χρήματα
2946 4739 3309 4804 ἀπολέσαντες
3334 4742 3491 4811 μόνον

1918 4824 2176 4893 μειζόνως
2206 4825 2450 4896 ἤλγησαν
2494 4830 2594 4898 τῆς
2624 4829 2843 4900 ἀγάπης
2887 4832 2986 4901 τῆς
3023 4833 3143 4903 σῆς,
3176 4835 3271 4887 καὶ
3304 4837 3355 4887 οί
3388 4835 3489 4905 μὲν

1914 4915 1996 4978 είς
2047 4916 2283 4984 πέλαγος
2336 4916 2565 4989 ἔρριψαν
2617 4920 2863 4986 ἑαυτοὺς,
2922 4924 2992 4987 οἱ]
3027 4924 3084 4977 δὲ
3136 4926 3228 4978 καί
3280 4926 3489 4997 βρόχων

1913 5007 2144 5076 ἥψαντο,
2187 5008 2287 5062 οὑκ
2331 5010 2644 5078 ἐνεγκόντες
2675 5012 2773 5083 τὴν
2806 5011 3039 5084 ζημίανο
3077 5015 3278 5087 ἐτέρων
3310 5018 3367 5070 δὲ
3394 5019 3487 5072 καὶ

1911 5098 2039 5161 τοὺς
2107 5099 2415 5171 ὀφθαλμοὺς
2484 5102 2703 5157 ἔσϐεσεν
2759 5107 2793 5177 ἠ
2841 5107 2942 5177 τῆς
2994 5109 3228 5179 ἀθυμίας
3285 5112 3489 5183 ταύτης

1915 5187 2221 5259 ὑπερϐολή·
2270 5192 2447 5245 καίτοι
2492 5194 2639 5247 δοκεῖ
2682 5196 2743 5248 τὸ
2788 5200 3043 5269 χρήματα
3083 5202 3344 5256 ἀπολέσαι
3392 5204 3486 5257 τοῦ

1912 5279 2063 5350 παρά
2090 5280 2342 5351 δαίμονος
2374 5284 2723 5358 ἐνοχληθῆναι
2753 5288 2971 5343 ἔλαττον
3000 5287 3138 5346 εἶναι
3170 5296 3263 5348 καὶ
3292 5297 3487 5362 κουφό-

1909 5388 2085 5443 τερον,
2114 5373 2227 5426 ἀλλ’
2247 5377 2397 5445 ὅμως
2422 5378 2604 5432 πολλοὶ
2624 5379 2781 5434 τοῦτο
2812 5383 2908 5452 μὲν
2939 5385 3194 5455 ἤνεγκαν,
3227 5388 3318 5440 ὑπ’
3347 5388 3487 5442 ἐκεί-

1911 5478 2002 5516 νου
2036 5464 2093 5517 δὲ
2120 5466 2454 5538 ἡττήθησαν.
2496 5470 2589 5542 Μὴ
2614 5471 2723 5544 γὰρ
2747 5474 2855 5527 ἀπὸ
2895 5476 2995 5546 τῆς
3034 5480 3266 5533 σεαυτοῦ
3306 5480 3483 5553 ψυχῆς

1908 5555 2080 5609 ταῦτα
2110 5556 2369 5629 δοκίμαζε
2394 5560 2508 5629 νῦν,
2549 5564 2671 5634 μηδ’
2702 5566 2780 5619 ὅτι
2819 5566 2883 5620 σὺ
2908 5572 3211 5643 καταγελᾷς
3238 5573 3335 5645 τῆς
3374 5573 3484 5629 τῶν

2494 5717 2704 5795 i238!th
2728 5721 2889 5783 πολλῷ
2922 5723 3078 5795 ταῦτα
3091 5726 3293 5795 μείζονα,
3337 5727 3474 5795 Εοζδ.

1905 5772 2065 5835 πολλῷ
2086 5772 2266 5821 τούτων
2287 5776 2489 5839 μείζονα,
2507 5778 2661 5830 Savil.
2687 5783 2731 5830 in
2757 5772 2904 5848 mar'g.
2928 5772 3353 5851 πολλῷἉαῦτηνμῖ
