4036 6416
502 323 607 381 689

501 442 800 518 χρημάτων
849 440 1073 514 ζημίας,
1109 441 1211 512 ἥδη
1254 440 1507 502 καὶτοὺς
1547 438 1740 502 ἄλλους
1775 437 1920 492 οὕτω
1961 437 2078 491 διαρ

502 525 714 582 κεῖσθαι
757 525 977 597 νόμιζεο
1020 523 1248 587 πολλοὺς
1281 523 1390 594 7&9
1437 524 1531 576 καὶ
1571 524 1652 586 είς
1697 520 2079 592 παραπληξίαν

503 612 600 667 καὶ
643 613 723 675 εἰς
773 609 876 679 τὴν
933 607 1170 678 ἐσχάτην
1217 605 1424 678 ζημίαν
1461 608 1496 678 ὴ
1539 606 1746 661 τούτων
1793 604 2082 676 ἀφαίρεσις

503 697 700 767 ἢγαγε.
738 690 998 748 Γενναίαν
1035 690 1136 762 μὲν
1177 688 1287 761 γὰρ
1321 689 1499 762 ψυχὴν
1533 689 1816 762 οὐδέτερον
1855 688 2080 743 δύναται

501 778 710 832 τούτων
739 775 1100 832 καταϐαλεῖν⁸
1135 775 1170 846 ἡ
1199 775 1258 829 δὲ
1287 773 1523 846 ἀσθενὴς
1553 774 1649 828 καὶ
1682 771 2080 844 βιωτικώτερον

503 860 821 933 διακειμένη
851 859 1044 930 ἐκείνῳ
1069 858 1269 930 μᾶλλον
1296 857 1330 929 ἢ
1361 857 1536 928 τούτῳ
1578 857 1850 913 δάκνεται.
1885 857 1952 911 Τί
1986 856 2083 928 δή·

506 962 637 1000 ποτε
657 963 674 1011 ;
713 945 833 998 Ὅτι
864 944 966 998 οὐκ
995 943 1141 1000 ἔστιν
1157 945 1272 999 ίσον
1291 941 1449 1015 λιμὸν
1473 942 1767 998 δεδοικέναι
1791 938 2081 1004 διαπαντὸς

506 1029 600 1084 καὶ
631 1028 698 1082 δι’
726 1025 950 1099 ἡμερῶν
984 1044 1147 1081 τινων
1185 1025 1568 1098 διενοχλεῖσθαι
1604 1027 1754 1099 παρά
1791 1024 1886 1080 τοῦ
1925 1024 2084 1093 νοσή-

509 1129 679 1184 ματος
710 1116 922 1166 τούτου.
973 1109 1240 1165 Ἐνταῦθα
1274 1112 1372 1184 μὲν
1403 1111 1512 1185 7&9
1554 1114 1613 1167 ἐν
1657 1112 1847 1184 βραχεῖ
1885 1106 2081 1182 καιροῦ

510 1197 665 1270 μέρει
700 1198 851 1252 πᾶσά
875 1198 1026 1250 ἐστιν
1055 1198 1090 1268 ἡ
1121 1195 1232 1266 βία,
1267 1195 1523 1268 καθάπερ
1564 1194 1800 1269 πυρετὸῦ
1840 1211 2006 1257 τινος.
2045 1192 2081 1264 ἦ

507 1281 730 1352 φρίκης,
766 1279 802 1351 ἢ
829 1280 926 1334 καὶ
952 1279 1146 1351 ἐτέρας
1189 1278 1602 1350 προσϐαλούσης
1636 1279 1784 1343 τινὸς
1806 1278 2078 1350 περιόδου,

510 1363 712 1434 μᾶλλον
739 1361 797 1416 δέ
830 1362 927 1416 καὶ
962 1361 1168 1416 τούτων
1207 1361 1468 1417 ἐλάττονα
1497 1361 1678 1433 πολλῷ
1704 1362 1926 1433 κατέχει
1963 1377 2084 1415 και-

511 1447 634 1519 ρόν*
671 1448 719 1500 εἰ
750 1445 808 1500 δέ
835 1448 903 1517 τῇ
939 1445 1259 1518 σφοδρότητι
1301 1447 1446 1518 νικᾷ,
1479 1445 1706 1509 πολλοὺς
1731 1445 1842 1499 τῶν
1885 1460 2084 1517 πυρετ-

507 1531 708 1584 τόντων
736 1529 910 1600 ἔχοιμ’
937 1529 1006 1584 ἀν
1033 1529 1204 1595 δεῖξαι
1230 1529 1342 1599 ἐγὼ
1367 1529 1548 1599 πολλῷ
1571 1529 1682 1583 τῶν
1703 1527 2083 1599 δαιμονῶντων

512 1614 713 1686 μᾶλλον
734 1611 1141 1685 ἐξισταμένους,
1158 1614 1288 1667 ὅταν
1311 1613 1503 1684 ἐκείνῳ
1527 1611 1906 1683 κατασχεθῶσι
1929 1609 2081 1685 [222]

506 1697 588 1769 τῷ
606 1696 762 1770 πυρί.
801 1697 955 1751 Ἐπεὶ
975 1696 1035 1751 δὲ
1052 1697 1152 1765 τῆς
1180 1695 1388 1760 ἐνδείας
1409 1698 1439 1750 ό
1466 1695 1631 1764 φόϐος
1658 1693 1760 1765 τῆς
1791 1695 1901 1747 τῶν
1921 1696 2085 1763 ἀναγ-

507 1784 682 1838 καίων
717 1781 975 1854 ἀπορίας,
1023 1780 1274 1852 καθάπερ
1319 1780 1418 1852 σὴς
1457 1779 1746 1852 διηνεκὴς,
1791 1778 1934 1833 οὓτω
1967 1778 2085 1834 δια-

510 1865 712 1930 παντὸς
751 1863 1130 1936 προσεδρεύων
1165 1863 1440 1918 κατεσθίει
1475 1863 1576 1935 τὴν
1621 1862 1730 1917 τῶν
1774 1861 2084 1933 πενομένων

507 1951 708 2022 ψυχήν.
731 1949 843 2004 Καὶ
862 1949 914 2002 τί
935 1947 1079 2017 λέγω
1104 1947 1326 2015 πενίαν;
1349 1949 1412 2001 Εἰ
1431 1947 1540 2018 7&9
1566 1944 1885 2018 βουλοίμεθα
1905 1944 2084 2008 πάσας

507 2034 610 2098 τάς
633 2031 742 2088 τῶν
770 2029 1076 2103 ἀνθρώπων
1093 2029 1426 2102 ἀπαριθμεῖν
1461 2027 1771 2101 συμφορὰς,
1801 2029 1897 2098 ούχ
1920 2029 2084 2098 ἡμεῖς

511 2119 697 2190 μόνον,
734 2114 873 2170 ἀλλά
900 2116 997 2169 καὶ
1031 2115 1194 2178 αὐτὸς
1243 2115 1382 2185 τάχα
1433 2114 1683 2182 γελάσεις
1712 2112 1840 2175 τοὺς
1883 2109 2082 2165 σαυτοῦ

511 2201 742 2272 θρήνους
774 2200 868 2253 καὶ
893 2198 994 2261 τάς
1020 2197 1287 2269 οἰμωγάς.
1325 2197 1510 2260 Πάσας
1537 2196 1635 2267 μὲν
1667 2190 1780 2259 οὖν,
1804 2194 2006 2265 μᾶλλον
2026 2193 2083 2246 δὲ

508 2283 633 2338 ούδέ
662 2283 724 2336 :9
755 2281 1043 2337 πολλοστὸν
1074 2282 1238 2353 μέρος
1264 2280 1443 2335 αὐτῶν
1472 2283 1646 2334 εἰπεῖν
1671 2283 1804 2350 ἡμῖν
1829 2279 2079 2333 δυνατόν’

509 2367 632 2421 οὔτε
653 2367 762 2438 7&9
798 2366 956 2437 ίσμεν
993 2365 1185 2428 αύτάς,
1209 2363 1356 2427 οὗτε,
1398 2365 1447 2417 εἰ
1482 2365 1578 2418 καὶ
1624 2363 1864 2434 ᾔδειμεν,
1899 2362 2020 2426 ὅλος
2052 2363 2082 2414 ό

509 2451 700 2523 χρόνος
728 2450 795 2504 ἀν
817 2451 948 2520 ἡμῖν
981 2447 1116 2519 πρὸς
1142 2447 1240 2518 τὴν
1277 2448 1526 2520 διήγησιν
1567 2447 1820 2517 ἤρκεσεν.
1869 2443 2083 2512 Ὀλίγας

508 2537 568 2590 δὲ
593 2539 658 2590 ἐκ
692 2533 903 2588 πολλῶν
938 2527 1358 2603 ἀναλεξάμενος,
1402 2531 1467 2584 ἐκ
1505 2529 1710 2584 τούτων
1751 2545 1832 2582 σοι
1861 2527 2083 2600 παρέξω

509 2619 653 2674 κατά
679 2619 909 2690 δύναμιν
946 2618 1040 2671 καὶ
1071 2616 1169 2680 τάς
1208 2615 1309 2669 ούκ
1357 2613 1653 2686 εἰρημένας
1694 2613 2080 2684 στοχάσασθαι.

594 2701 993 2774 Ἀναμνήσθητι
1023 2699 1135 2771 7&9
1176 2699 1268 2752 :9v
1314 2698 1568 2769 φίλτατον
1596 2699 1826 2769 γέροντα
1851 2698 2081 2764 ἐκεῖνον,

511 2786 817 2858 Δημόφιλον
848 2784 1012 2852 λέγω,
1041 2783 1132 2838 τὸν
1171 2786 1235 2836 ἐκ
1268 2782 1365 2852 τῆς
1407 2781 1650 2852 μεγάλης
1696 2781 1792 2836 καὶ
1823 2781 2083 2854 λαμπρᾶς

509 2873 707 2935 οἰκίας.
735 2861 901 2933 Οὗτος
929 2868 1175 2939 πέμπτον
1202 2867 1296 2920 καὶ
1320 2866 1542 2920 δέκατον
1573 2866 1692 2931 ἔτος
1733 2867 1846 2938 ἔχει
1874 2867 2080 2933 λοιπὸν,

510 2957 572 3022 ἐξ
591 2948 652 3010 οῦ
690 2955 796 3008 τῶν
826 2954 923 3024 μέν
953 2950 1163 3024 νεκρῶν
1195 2951 1347 3004 οὐδὲν
1373 2953 1593 3022 ἄμεινον
1629 2951 1898 3006 διάκειται
1947 2953 2084 3024 πρὸς

508 3042 572 3093 :9
603 3040 867 3110 ἐνεργεῖν,
907 3034 1044 3106 πλὴν
1088 3035 1212 3088 ὅσον
1240 3034 1434 3107 τρέμει
1456 3033 1740 3104 διηνεκῶς,
1788 3035 1884 3090 καὶ
1917 3035 2085 3106 φθέγ-

510 3139 687 3191 γεται,
713 3121 808 3175 καὶ
830 3120 927 3192 τὴν
956 3118 1209 3190 αίσθησιν
1238 3117 1441 3190 τρανὴν
1461 3118 1570 3172 τῶν
1599 3119 1815 3173 οἰκείων
1840 3119 1952 3191 ἔχει
1981 3137 2082 3174 κα-

510 3203 656 3260 κῶνο
690 3203 850 3274 πενίᾳ
879 3202 938 3256 δὲ
964 3201 1171 3274 ἐσχάτῃ
1203 3201 1361 3272 συζῇ,
1395 3203 1489 3255 καὶ
1527 3202 1618 3256 τὸν
1665 3202 2082 3274 διακονούμενον

511 3289 626 3359 ἔχει
655 3287 930 3341 νεανίσκον
952 3283 1070 3349 ἔνα,
1109 3285 1344 3356 χρηστὸν
1393 3283 1492 3354 μὲν
1537 3286 1632 3339 καὶ
1680 3285 2081 3359 φιλοδέσποτον,

510 3372 572 3424 ού
597 3371 704 3444 μὴν
754 3368 936 3423 ἰκανὸν
969 3366 1465 3439 παραμυθήσασθαι
1496 3367 1598 3438 τὴν
1629 3369 1911 3441 συμφορὰν
1940 3371 2086 3424 ἐκεί-

511 3473 643 3528 νην·
679 3454 804 3508 οὔτε
829 3452 938 3526 γὰρ
966 3455 1034 3524 τῇ
1065 3453 1226 3524 πενίᾳ
1272 3451 1476 3524 ἀμῦναι
1517 3453 1652 3524 ἔχει,
1693 3453 1818 3508 οὔτε
1855 3455 1948 3509 τὸν
1985 3456 2085 3528 τῆς

512 3538 799 3610 παρέσεως
830 3535 1179 3590 καταπαῦσαι
1201 3535 1423 3607 τρόμον,
1457 3536 1594 3590 ἀλλά
1624 3536 1814 3608 ψωμὸν
1853 3538 2084 3592 ἐνθεῖναι

516 3625 676 3695 μόνον
691 3635 716 3663 ι
741 3620 819 3692 τῷ
845 3620 1072 3692 στόματι
1087 3621 1180 3674 τοῦ
1197 3621 1455 3675 δεσπότου
1475 3620 1616 3690 (οὐδὲ
1634 3620 1743 3693 7&9
1765 3621 1901 3694 πρὸς
1927 3621 2087 3676 τοῦτο

513 3706 742 3778 ἀρκοῦσι
777 3704 1037 3776 βοηθῆσαι
1061 3707 1118 3758 αἰ
1140 3707 1320 3774 χεῖρες
1349 3703 1542 3775 αὐτῷ),
1571 3705 1666 3758 καί
1695 3703 1890 3760 κύλικα
1917 3723 2086 3778 προσ-

513 3793 762 3860 αγαγεῖν,
793 3792 887 3846 καὶ
911 3788 1224 3861 κορυζῶντα
1255 3787 1531 3860 ἀπομύξαι
1552 3788 1754 3843 δύναιτ’
1784 3789 1872 3852 ἂν,
1899 3789 2084 3861 ἔτερον

511 3875 572 3930 δὲ
598 3874 802 3927 τούτων
832 3875 1160 3939 εἰσενεγκεῖν
1192 3871 1353 3925 πλέον
1386 3871 1558 3926 οὐδέν.
1613 3871 1754 3925 Ἀλλ’
1805 3866 1958 3936 οὗτος
1985 3873 2085 3944 μέν

513 3957 902 4012 πεντεκαίδεκα
947 3955 1040 4026 ἔτη
1081 3955 1191 4025 ἔχει
1227 3954 1412 4008 λοιπὸν
1451 3953 1962 4024 ταλαιπωρούμενος
1988 3953 2083 4008 οῦ-

511 4056 642 4105 τως,
663 4039 740 4104 ῶς
769 4039 904 4109 ἔφην
924 4055 938 4069 ο
975 4036 1086 4106 ἐγὼ
1107 4038 1164 4092 δὲ
1185 4037 1350 4091 ἐννοῶ
1370 4037 1462 4090 τὸν
1482 4037 1627 4090 ὀκτὼ
1661 4035 1757 4090 καὶ
1791 4037 2085 4108 τριάκοντα

513 4123 610 4195 ἔτη
644 4123 725 4186 εἰς
744 4121 900 4175 τοῦτο
926 4119 1386 4176 καταναλώσαντα
1413 4120 1471 4173 τὸ
1501 4119 1693 4182 πάθος.

585 4211 657 4265 Σὺ
683 4211 742 4264 δέ
775 4228 866 4282 μοι
893 4211 1031 4282 πρὸς
1069 4209 1280 4273 τούτοις
1325 4209 1419 4263 καὶ
1467 4207 1833 4280 Ἀριστόξενον
1870 4207 2085 4278 λόγισαι

512 4298 604 4352 τὸν
628 4299 882 4352 Βιθυνόν·
917 4299 1095 4369 τούτῳ
1131 4298 1240 4369 7&9
1270 4297 1332 4350 :9
1366 4297 1464 4368 μὲν
1501 4297 1658 4367 σῶμα
1681 4296 1744 4349 ού
1777 4295 2086 4352 διαλέλυται

513 4385 767 4458 καθάπερ
821 4387 1014 4457 ἐκείνῳ
1076 4385 1153 4456 τῷ
1199 4385 1448 4457 γέροντι,
1501 4385 1656 4447 νόσος
1700 4383 1759 4437 δέ
1811 4383 2085 4439 ἐπίκειται

513 4475 696 4546 πολλῷ
741 4475 840 4544 τῆς
896 4474 1254 4547 παραλύσεως
1299 4473 1516 4544 ἐκείνης
1566 4473 1942 4545 χαλεπωτέρα.
1987 4473 2087 4528 Διά

514 4562 626 4637 7&9
657 4563 752 4616 τοῦ
790 4565 956 4633 ἧτρου
989 4562 1234 4633 σπασμοί
1271 4579 1416 4624 τινες
1441 4562 1538 4615 καὶ
1578 4561 1761 4630 πάσης
1795 4561 2088 4631 ἀλγηδόνος

515 4651 831 4722 πικρότεροι
859 4649 1012 4702 πόνοι
1046 4649 1175 4702 ποτὲ
1209 4649 1308 4719 μὲν
1329 4649 1625 4703 ὀϐελίσκοιν
1660 4650 1842 4719 χεῖρον
1879 4648 2089 4702 διαπεί-

519 4755 721 4813 ροντες,
746 4737 876 4791 ποτέ
900 4736 958 4790 δέ
982 4737 1154 4809 πυρὸς
1188 4737 1540 4808 σφοδρότερον
1556 4735 1968 4808 διατρώγοντες,
1992 4737 2088 4790 καὶ

516 4826 638 4879 καθ’
665 4825 901 4894 ἑκάστην
938 4827 1152 4897 ἡμέραν
1180 4827 1274 4879 καὶ
1305 4824 1476 4878 νύκτα
1493 4823 1906 4895 διενοχλοῦντες,
1938 4824 2087 4895 παρὰ

513 4915 628 4977 τοῖς
681 4914 783 4966 οὐκ
841 4913 1005 4965 εἰδόσι
1049 4914 1109 4966 τὸ
1147 4913 1318 4976 πάθος
1367 4912 1691 4983 μαινομένου
1747 4912 2086 4983 περιτιθέασι

514 4999 673 5066 δόξαν
699 5000 881 5072 αύτῷ·
927 5001 1072 5055 οὓτω
1112 5001 1528 5073 διαστρέφοντες
1567 5000 1666 5063 τάς
1709 4999 1897 5071 κόρας,
1943 4999 2087 5055 οὔτω

517 5089 982 5161 στραγγαλοῦντες
1000 5089 1100 5153 τάς
1125 5092 1313 5161 χεῖρας
1337 5088 1476 5160 μετά
1492 5087 1600 5142 τῶν
1625 5087 1820 5156 ποδῶν,
1845 5087 2086 5142 τιθέασιν

515 5176 730 5246 άφωνον
763 5177 813 5230 b.
844 5178 912 5230 Αἰ
952 5177 1008 5230 δὲ
1045 5177 1283 5249 κραυγαὶ
1322 5179 1419 5232 καί
1459 5179 1508 5230 οἱ
1559 5177 1796 5230 κωκυτοὶ
1831 5175 1948 5248 (καὶ
1977 5176 2086 5248 γὰρ

517 5265 610 5319 καὶ
642 5265 940 5336 ἀνακράζει
971 5266 1230 5330 πολλάκις
1271 5267 1406 5338 μετά
1442 5265 1538 5336 τὴν
1573 5265 1815 5334 ἀφωνίαν
1845 5264 2084 5336 ἐκείνην)

514 5352 616 5416 τὰς
645 5353 754 5406 τῶν
789 5353 1091 5408 ῶδινουσῶν
1123 5353 1346 5408 νικῶσιν
1374 5353 1656 5422 όλολυγάς,
1695 5354 1788 5406 καὶ
1825 5352 2086 5416 πολλάκις

514 5439 626 5494 τῶν
674 5441 955 5514 πόρρωθεν
1000 5441 1291 5497 οἰκούντων
1341 5441 1657 5515 ἀρρώστους
1711 5440 1944 5512 ἔχοντες,
1993 5441 2086 5493 καὶ

517 5527 624 5583 ὑπὸ
650 5528 851 5601 πολλῆς
873 5530 1178 5604 ἀγρυπνίας
1199 5531 1630 5602 ἐνοχλουμένους,
1656 5527 1906 5600 ἔπεμψαν
1928 5530 2088 5597 ἐγκα-

453 5685 472 5707 ι
516 5616 734 5684 λοῦντες
785 5620 926 5694 ὑπὲρ
965 5620 1072 5676 τῶν
1129 5620 1466 5693 καμνόντων,
1514 5619 1591 5684 ὡς
1631 5621 1810 5692 χεῖρον
1854 5619 1959 5673 ὑπὸ
1987 5618 2086 5690 τῆς

582 5730 612 5800 _‘
638 5734 676 5785 E
695 5737 841 5787 Savil.
867 5738 1008 5800 μόνον
1029 5735 1472 5800 εᾷᾱίόἱιηιιςεᾷΕυιτ.

579 5791 611 5836 δ
634 5800 714 5851 Sic
734 5791 881 5852 Savil'.
907 5806 958 5850 ει
981 5799 1116 5853 Colb.
1137 5801 1203 5852 At
1229 5802 1277 5850 in
1299 5798 1466 5849 Morel.
1489 5798 1673 5859 ἄφωνον
1690 5799 1847 5850 deest.

1106 294 1113 299 Ι
1171 316 1230 374 S.
1253 314 1538 375 JOANNIS
1574 310 2062 372 CHRYSOSTOMI
2099 310 2420 370 ARCHIEP.
2460 313 3014 376 CONSTANTINOP.

3654 318 3769 375 ιοο

2179 432 2371 487 τούτου
2407 434 2760 491 διατεθέντων
2787 435 2993 507 φωνῆς.
3033 435 3243 491 Γίνεται
3280 435 3336 489 δέ
3365 433 3514 505 αὐτῷ
3544 433 3648 487 ούκ
3697 436 3767 488 ἐκ

2179 512 2588 592 διαλειμμάτων
2620 523 2867 596 μακρῶν,
2907 524 3042 578 ἀλλά
3075 525 3334 588 πολλάκις
3365 524 3465 593 μὲν
3495 521 3594 591 τῆς
3612 521 3764 589 ὴμέ-

2184 625 2304 680 ρας,
2326 609 2585 674 πολλάκις
2613 611 2671 664 δὲ
2708 611 2806 682 τῆς
2837 612 3050 677 νυκτὸς,
3084 613 3177 665 καὶ
3202 611 3386 664 λοιπὸν
3413 609 3569 672 ἔκτος
3596 602 3763 670 οὗτός

2180 698 2328 751 ἐστιν
2353 698 2617 764 ἐνιαυτὸς,
2652 699 2713 764 ἐξ
2747 692 2809 753 οῦ
2837 703 2904 772 τῇ
2943 701 3155 771 πονηρᾷ
3178 697 3352 771 ταύτῃ
3395 694 3762 768 παραδέδοται

2185 786 2428 856 μάστιγι,
2461 789 2568 842 ικαὶ
2606 787 2731 842 οὔτε
2769 789 2987 861 οἰκέτης
3033 789 3296 859 πάρεστιν
3337 788 3368 838 ὁ
3399 783 3763 856 θεραπεύσων

2181 873 2364 939 αὑτὸν,
2399 873 2523 928 ούτε
2553 877 2732 948 ἰατρᾰ
2771 875 3318 948 παραμυθησόμενος,
3349 871 3508 926 τοῦτο
3535 870 3635 942 μὲν
3664 870 3764 923 διά

2179 958 2280 1029 τὴν
2335 959 2558 1023 πενίαν,
2610 961 2772 1015 τοῦτο
2819 961 2874 1015 δέ
2925 961 3016 1016 διά
3065 959 3128 1014 :9
3175 959 3272 1030 τὴν
3315 957 3509 1028 τέχνην
3566 955 3764 1016 αὐτοῖς

2182 1040 2505 1114 ἐλεγχθῆναι
2535 1043 2614 1115 τῷ
2641 1045 2830 1099 πάθει·
2867 1043 3037 1098 πολλά
3061 1043 3172 1116 γὰρ
3197 1039 3386 1094 πολλοί⁵
3424 1038 3700 1108 καμόντες
3735 1047 3761 1073 ⁸

2183 1125 2298 1193 (καὶ
2323 1127 2433 1198 γὰρ
2451 1127 2608 1199 ἔτυχε
2633 1129 2740 1200 πρὸ
2761 1128 2951 1184 τούτου
2977 1127 3148 1183 πολλά
3171 1127 3429 1198 χρήματα
3452 1123 3591 1194 ἔχων
3615 1121 3767 1174 ἐκεῖ·

2181 1209 2290 1280 νος)
2316 1209 2534 1283 ὤνησαν
2563 1211 2738 1268 οὐδέν.
2784 1214 2896 1268 Καὶ
2925 1212 2988 1266 :9
3019 1213 3082 1284 δὴ
3119 1211 3438 1282 δεινότερον,
3481 1206 3602 1260 ούδέ
3639 1202 3764 1256 τῶν

2183 1293 2355 1363 φίλων
2400 1311 2489 1360 τις
2532 1297 2696 1352 αύτὺν
2739 1295 2891 1369 [223]
2949 1297 3080 1368 όρᾷν
3136 1295 3309 1348 ἐθέλει
3354 1292 3557 1356 λοιπὸν,
3611 1287 3765 1343 ἀλλὰ

2182 1378 2383 1444 πάντες
2413 1381 2576 1434 αὐτὸν
2606 1381 2961 1450 ἐγκατέλιπον
2998 1382 3092 1436 καὶ
3129 1380 3242 1434 τῶν
3279 1377 3448 1432 πολλά
3483 1376 3764 1447 πρότερον

2181 1463 2648 1534 εύεργετηθέντων
2679 1469 2810 1539 παρ’
2855 1465 3042 1520 αὑτοῦ.
3074 1466 3138 1519 Εἰ
3173 1464 3232 1518 δέ
3270 1481 3354 1527 τις
3386 1462 3481 1516 καὶ
3517 1459 3763 1514 εἰσέλθοι

2181 1548 2332 1611 ποτὲ,
2362 1548 2564 1613 εὐθέως
2595 1551 2913 1623 ἀπεπήδησε
2933 1569 2947 1582 ·
2978 1549 3247 1620 τοσαύτης
3277 1545 3536 1608 δυσωδίας
3563 1543 3628 1596 :9
3649 1542 3765 1595 δω-

2185 1632 2376 1703 μάτιον
2401 1633 2805 1706 ἐμπέπλησται,
2843 1636 2922 1708 τῷ
2958 1635 3159 1708 μηδένα
3196 1633 3289 1687 τὸν
3323 1628 3764 1702 ἐπιμελούμενον

2180 1711 2342 1771 εἶναι.
2391 1717 2506 1771 Μία
2547 1719 2657 1792 7&9
2695 1719 2846 1792 αὐτῷ
2883 1721 3143 1790 παιδίσκη
3183 1715 3569 1788 παρακάθηται
3613 1711 3765 1780 μόνη

2181 1799 2420 1854 τοσαῦτα
2443 1800 2783 1868 διακονοῦσα,
2820 1805 2922 1858 ὅσα
2964 1803 3110 1866 εἰκὸς
3141 1800 3398 1856 δύνασθαι
3421 1795 3666 1867 γυναῖκά
3700 1810 3766 1846 τε

2180 1881 2365 1952 οὖσαν,
2398 1888 2494 1942 καὶ
2530 1888 2716 1959 μόνην,
2748 1889 2842 1942 καὶ
2881 1889 2947 1941 ἐκ
2979 1887 3079 1958 τῆς
3105 1885 3367 1957 ἐργασίας
3393 1877 3766 1954 διατρεφομέ⁹

2182 1987 2280 2040 νην
2299 1971 2408 2026 τῶν
2428 1971 2647 2042 χειρῶν.
2674 1971 2862 2026 Πόσων
2889 1965 2982 2024 οὖν
3009 1969 3279 2039 δαιμόνων
3301 1965 3659 2038 χαλεπώτερα
3690 1963 3768 2015 τὰ

2181 2055 2388 2109 ἐκείνου
2400 2057 2566 2110 κακάι
2581 2057 2644 2110 Εἰ
2659 2056 2766 2126 7&9
2781 2056 2875 2109 καὶ
2895 2054 3060 2126 μηδὲν
3078 2053 3224 2125 αύτῷ
3239 2051 3264 2091 δ
3281 2050 3506 2122 ἠνώχλει
3521 2048 3765 2110 τούτων,

2180 2139 2234 2190 τί
2255 2139 2356 2191 ούκ
2379 2139 2446 2193 ἀν
2463 2139 2664 2194 ἔπαθεν
2687 2139 2882 2193 ἐννοῶν
2903 2137 2994 2191 τὸν
3010 2137 3200 2209 χρόνον
3224 2135 3314 2188 τὸν
3328 2133 3559 2205 μακρὸν,
3577 2130 3637 2184 δν
3660 2131 3769 2184 ἐπὶ

2180 2223 2280 2294 τῆς
2308 2223 2496 2295 κλίνης
2521 2223 2862 2283 κατάκειται.
2898 2223 2998 2294 τὴν
3032 2220 3275 2288 δαπάνην
3301 2219 3399 2290 τὴν
3427 2217 3628 2287 πολλὴν
3660 2216 3768 2268 καὶ

2181 2309 2260 2371 εἰς
2289 2308 2521 2380 ἐσχάτην
2543 2309 2701 2362 αὐτὸν
2726 2305 3068 2379 ἐμϐαλοῦσαν
3086 2304 3294 2368 πενίαν,
3318 2301 3424 2356 τῶν
3459 2299 3627 2372 φίλων
3651 2300 3766 2370 τὴν

2181 2392 2601 2465 καταφρόνησιν,
2643 2393 2752 2446 τῶν
2788 2391 3236 2464 θεραπευσόντων
3271 2387 3369 2459 τὴν
3401 2385 3662 2458 ἐρημίαν,
3696 2383 3769 2438 τὺ

2185 2474 2318 2546 μηδὲ
2343 2477 2390 2530 εἰ
2419 2475 2674 2547 στήσεταί
2706 2493 2837 2530 ποτε
2857 2475 2927 2529 τά
2961 2473 3112 2528 δεινά
3145 2471 3318 2526 ταῦτα
3356 2471 3572 2532 εἰδέναι,
3615 2470 3767 2539 ὅπερ

2179 2559 2268 2612 ἀεὶ
2297 2559 2364 2612 σὺ
2397 2559 2634 2624 πενθεῖς,
2666 2559 2864 2630 μᾶλλον
2885 2558 2943 2612 δέ
2967 2557 3030 2612 :9
3060 2556 3347 2610 πεπεῖσθαι
3373 2553 3634 2625 ἀκριϐῶς,
3671 2554 3764 2605 ὅτι

2179 2643 2300 2697 ούδέ
2346 2643 2602 2715 στήσεταί
2655 2659 2806 2708 ποτε,
2837 2643 3040 2709 ζῶντος
3081 2640 3248 2695 αὑτοῦ
3292 2641 3386 2693 καὶ
3421 2637 3764 2708 ἐμπνέοντος

2179 2725 2291 2792 ἔτι;
2332 2727 2398 2780 Ἡ
2444 2727 2552 2800 7&9
2593 2727 2846 2792 ἐπίτασις
2893 2725 2989 2780 τοῦ
3043 2725 3352 2795 νοσήματος
3398 2725 3491 2774 καὶ
3530 2720 3596 2774 :9
3625 2721 3762 2774 καθ’

2179 2810 2418 2880 ἐκάστην
2461 2811 2672 2882 ἡμέραν
2713 2811 2807 2864 ἐπὶ
2850 2809 2912 2863 :9
2941 2812 3122 2880 χεῖρον
3157 2807 3306 2878 αύτῷ
3350 2805 3668 2877 προϐαίνειν
3696 2803 3766 2857 :9

2178 2893 2368 2958 δεινὸν,
2399 2894 2555 2948 τοῦτό
2586 2911 2768 2967 φησιν.

2253 2985 2342 3048 ιγ’.
2383 2980 2506 3033 Ἵνα
2557 2979 2614 3033 δὲ
2676 2978 2751 3050 μὴ
2807 2977 2928 3032 καθ’
2975 2977 3206 3031 ἕκαστον
3248 2977 3374 3040 τοὺς
3419 2976 3487 3028 τά
3524 2974 3765 3028 τοιαῦτα

2179 3063 2644 3136 δεδυστυχηκότας
2703 3061 3033 3134 ἀπαριθμῶν
3086 3060 3220 3126 δόξω
3270 3061 3394 3122 τοὺς
3451 3060 3763 3121 ἀκούοντας

2179 3149 2520 3213 ἀποκναίειν,
2567 3146 2722 3202 ἄπιθι
2767 3146 2901 3217 πρὸς
2938 3145 3031 3198 τὸν
3093 3143 3464 3216 ἐπιτραπέντα
3507 3143 3610 3212 τὴν
3659 3142 3763 3195 τοῦ

2180 3233 2408 3300 ξενῶνος
2441 3231 2780 3292 ἐπιστασίαν,
2801 3229 2896 3282 καὶ
2919 3229 3173 3282 κέλευσον
3193 3230 3502 3296 εἰσαγαγεῖν
3533 3243 3593 3277 σε
3617 3224 3762 3294 πρὸς

2179 3318 2305 3380 τοὺς
2359 3315 2789 3386 κατακειμένους
2854 3314 3000 3377 ἐκεῖ,
3063 3312 3150 3366 ἵνα
3204 3313 3383 3366 πᾶσαν
3426 3311 3584 3381 ῥίζαν
3638 3309 3761 3379 ἴδῃς

2181 3398 2391 3458 παθῶν,
2426 3398 2518 3452 καὶ
2535 3395 2717 3462 ξένους
2741 3395 3059 3468 νοσημάτων
3088 3395 3340 3468 τρόπους,
3365 3396 3459 3448 καὶ
3487 3395 3762 3447 παντοδα-

2181 3480 2289 3544 πάς
2317 3481 2554 3552 ἀθυμίας
2575 3480 2877 3543 ὑποθέσεις.
2914 3478 3153 3532 Ἐκεῖθεν
3178 3479 3255 3542 εἰς
3286 3478 3348 3532 :9
3378 3478 3760 3549 δεσμωτήριον

2180 3564 2375 3630 ἐλθὼν,
2411 3566 2504 3618 καὶ
2535 3564 2713 3618 πάντα
2739 3563 2808 3617 τά
2828 3566 2886 3617 ἐν
2908 3562 2985 3632 τῷ
3005 3564 3263 3633 οἰκήματι
3294 3561 3467 3632 τούτῳ
3493 3578 3758 3631 καταμα-

2182 3652 2311 3722 θὼν,
2347 3653 2561 3724 βάδισον
2581 3653 2676 3707 ἐπὶ
2706 3652 2776 3707 τά
2815 3652 3127 3722 προπύλαια
3145 3653 3254 3705 τῶν
3285 3651 3598 3722 βαλανείων,
3623 3652 3760 3706 ἔνθα

2182 3743 2275 3796 καὶ
2309 3743 2498 3816 κόπρῳ
2539 3743 2634 3796 καὶ
2679 3741 2904 3814 καλάμῃ
2935 3741 3056 3796 ἀντὶ
3093 3741 3321 3812 ἰματίων
3345 3743 3439 3795 καὶ
3465 3741 3629 3794 οἴκων
3660 3758 3759 3794 κε-

2181 3833 2445 3904 χρημένοι
2483 3832 2628 3896 τινές
2665 3833 3016 3888 κατάκεινται
3039 3833 3256 3903 γυμνοὶ,
3291 3829 3485 3902 κρυμῷ
3499 3835 3594 3884 καὶ
3610 3832 3760 3902 νόσῳ

2181 3923 2276 3977 καὶ
2297 3921 2442 3994 λιμῷ
2473 3921 2917 3993 πολιορκούμενοι
2947 3921 3208 3992 διηνεκεῖ,
3232 3924 3298 3993 τῇ
3330 3921 3450 3991 ὄψει
3482 3921 3620 3994 μόνῃ
3654 3923 3760 3974 καὶ

2181 4013 2259 4086 τῷ
2284 4014 2474 4086 τρόμῳ
2492 4013 2587 4068 τοῦ
2614 4014 2864 4084 σώματος
2892 4014 2986 4067 καὶ
3015 4013 3092 4084 τῷ
3113 4012 3271 4084 ψόφῳ
3289 4011 3396 4066 τῶν
3420 4011 3759 4083 συγκρουόν-

2180 4119 2289 4155 των
2338 4101 2564 4155 ὀδόντων
2628 4100 3072 4172 παρακαλοῦντες
3115 4102 3242 4165 τοὺς
3280 4100 3597 4172 παριόντας,
3655 4101 3761 4153 καὶ

2181 4188 2305 4242 οὔτε
2335 4190 2518 4262 φωνὴν
2540 4189 2778 4258 ἀφεῖναι,
2805 4186 2930 4241 οὒτε
2978 4189 3168 4259 χεῖρας
3202 4189 3437 4242 ἐκτεῖναι
3465 4187 3760 4258 δυνάμενοι

2181 4277 2260 4348 τῷ
2289 4277 2495 4348 σφόδρα
2539 4276 2639 4349 ἤδη
2693 4279 2808 4340 τοῖς
2862 4275 3139 4340 τοσούτοις
3181 4277 3504 4347 ἐκτετῆχθαι
3537 4280 3761 4341 κακοῖς.

2198 4365 2359 4418 Ἀλλά
2389 4365 2524 4435 μηδὲ
2576 4365 2736 4437 μέχρι
2772 4366 2976 4420 τούτων
3022 4368 3174 4436 στῇλς,
3227 4365 3362 4419 ἀλλά
3400 4366 3493 4419 καὶ
3529 4365 3667 4436 πρὸς
3697 4367 3764 4419 τὸ
3803 4379 3806 4382 ’

2179 4453 2289 4506 τῶν
2335 4453 2568 4523 πτωχῶν
2594 4454 2936 4523 καταγώγιον
2971 4453 3034 4508 :9
3077 4455 3184 4526 πρὸ
3201 4455 3302 4524 τῆς
3345 4455 3549 4518 πόλεως
3592 4455 3761 4519 ἔξιθι,

2183 4543 2276 4595 καὶ
2304 4541 2424 4595 τότε
2447 4541 2570 4610 ὄψει
2603 4541 2800 4606 καλῶς,
2831 4543 2906 4596 ὄτι
2939 4545 2972 4612 ἡ
3003 4542 3237 4597 δοκοῦσά
3267 4559 3327 4596 σε
3351 4543 3594 4613 συνέχειν
3619 4543 3762 4596 ἀθυ-

2185 4630 2286 4698 μία
2337 4629 2430 4684 νῦν
2485 4630 2650 4702 λιμήν
2687 4633 2834 4684 ἐστιν
2871 4629 3062 4695 εὔδιος.
3128 4631 3194 4684 Τί
3224 4629 3334 4702 7&9
3378 4630 3443 4684 ἀν
3487 4648 3572 4692 τις
3613 4630 3766 4685 εἴποι

2182 4717 2308 4780 τοὺς
2339 4716 2634 4790 ἐλεφαντία
2655 4717 2798 4772 κατὰ
2831 4718 3024 4790 μικρὸν
3048 4717 3506 4790 ἀναλισκομένους
3528 4719 3763 4791 ἄνδρας,

2181 4806 2280 4870 τάς
2326 4806 2572 4877 καρκίνῳ
2628 4805 3052 4875 κατεσθιομένας
3101 4809 3400 4874 γυναῖκας;
3434 4805 3623 4861 Ταῦτα
3650 4810 3770 4881 γὰρ

2183 4894 2466 4966 ἀμφότερα
2499 4893 2568 4947 τά
2603 4895 2884 4964 νοσήματα
2925 4894 3114 4964 μακρά
3145 4894 3206 4947 τέ
3233 4895 3350 4948 ἐστι
3397 4895 3488 4948 καὶ
3524 4896 3733 4951 ἀνίατα
3752 4914 3768 4927 ·

2183 4981 2410 5052 θάτερον
2463 4981 2522 5035 δέ
2563 4980 2743 5035 αὐτῶν
2799 4983 2892 5034 καὶ
2922 4982 3021 5052 τῆς
3060 4981 3267 5046 πόλεως
3307 4982 3603 5036 ἀπελαύνει
3637 4987 3775 5049 τοὺς

2182 5069 2424 5140 ἔχοντας,
2458 5069 2552 5122 καὶ
2597 5067 2720 5122 οῦτε
2747 5069 2995 5140 λουτροῦ,
3028 5070 3153 5123 οὔτε
3181 5070 3407 5140 ἀγορᾶς,
3436 5070 3561 5124 οὔτε
3598 5071 3772 5124 ἄλλον

2181 5156 2324 5220 τινὸς
2350 5157 2459 5209 τῶν
2503 5156 2649 5211 ἔνδον
2687 5157 2870 5220 αὐτοῖς
2897 5160 3186 5228 μετασχεῖν
3207 5157 3365 5228 θέμις
3389 5158 3535 5212 ἐστίν
3569 5170 3618 5213 ε.
3650 5161 3772 5214 Καὶ

2181 5245 2244 5298 οὐ
2291 5243 2448 5298 τοῦτο
2502 5246 2661 5314 μόνον
2702 5245 2764 5299 :9
2815 5245 3009 5309 δεινὸν,
3064 5245 3180 5299 ἀλλ’
3217 5246 3298 5299 δτι
3330 5246 3449 5300 ούδέ
3482 5246 3628 5320 ὑπὲρ
3659 5247 3774 5318 τῆς

2181 5331 2290 5386 τῶν
2319 5333 2629 5400 ἀναγκαίων
2641 5332 2854 5404 ἔχουσιν
2877 5333 3135 5403 ἀφθονίας
3155 5333 3393 5406 θαρρεῖν.
3430 5333 3496 5386 Τί
3522 5333 3580 5386 δέ
3614 5335 3666 5387 οί
3697 5338 3778 5391 τὰ

2186 5419 2421 5490 μέταλλα
2471 5421 2730 5484 πολλάκις
2769 5421 2892 5492 εἰκῆ
2940 5422 3032 5475 καὶ
3067 5421 3244 5492 μάτην
3274 5420 3779 5490 καταδικασθέντες

2183 5510 2378 5577 οἰκεῖν;
2397 5501 2556 5563 Οὗτοι
2585 5509 2692 5582 γὰρ
2722 5511 2958 5573 ἅπαντες
2987 5509 3164 5581 πολλῷ
3196 5509 3413 5580 μείζονα
3437 5508 3543 5565 τῶν
3564 5509 3775 5592 60.1913,-

2246 5665 2268 5692 θ
2295 5665 2444 5718 Savil.
2473 5665 2710 5721 λαϐόντες.
2729 5665 2812 5714 alii
2835 5662 3082 5726 καμόντες.

2255 5729 2280 5768 τι
2305 5729 2475 5780 Morel.
2502 5729 2652 5790 αύτῷ,
2676 5729 2761 5777 am
2781 5729 2942 5778 αὐτόν.

2251 5802 2270 5825 ε
2298 5794 2404 5844 Sav.
2431 5791 2477 5839 ἐν
2501 5793 2657 5848 αὐτοῖς
2679 5806 2728 5854 μ..
2751 5793 2791 5840 θ.
2817 5790 2976 5846 αὐτοῖς
2994 5791 3136 5842 ἐστιν.
