4036 6416
366 312 469 369 689

368 425 616 495 quoniam
664 432 725 479 tu
771 424 1111 495 pecuniarum
1155 423 1472 478 detrimenta
1521 418 1751 486 irrides,
1802 415 1936 471 alios

372 516 532 572 etiam
554 516 627 570 ita
656 514 873 570 affectos
912 514 1215 580 arbitreris;
1266 514 1461 583 quippe
1502 524 1683 566 earum
1721 505 1939 561 amissio

372 607 630 675 plurimos
659 606 711 659 in
734 604 994 659 insaniam
1014 613 1068 659 et
1099 618 1305 659 summa
1330 602 1647 659 detrimenta
1673 596 1936 668 perduxit.

372 702 441 754 At
468 700 609 755 enim
636 699 823 753 fortem
850 697 1085 752 animum
1106 705 1351 752 neutrum
1380 696 1565 749 horum
1593 691 1825 761 dejicere
1842 704 1939 742 va-

374 793 474 855 let;
520 788 798 844 imbecillis
820 802 947 843 vero
983 802 1051 842 ac
1091 786 1290 841 smcuio
1331 784 1592 851 addictus,
1637 781 1729 837 illo
1766 777 1941 850 potius

373 896 530 951 quam
559 881 667 936 isto
680 880 979 936 cruciatur?
1005 878 1113 936 Cur
1140 878 1232 933 id?
1255 878 1391 946 Quia
1409 877 1548 933 idem
1582 890 1690 931 non
1734 884 1835 940 est,
1865 873 1941 926 fa-

374 988 514 1028 mem
538 988 749 1042 semper
773 980 1008 1027 metuere
1029 1013 1045 1038 ,
1084 980 1138 1025 et
1180 970 1361 1041 paucis
1391 968 1577 1023 diebus
1617 964 1801 1037 agitari
1843 964 1943 1017 hoc

376 1064 583 1118 morbo.
610 1062 741 1118 Nam
776 1062 863 1117 hic
881 1061 1091 1132 quidem
1112 1061 1259 1116 brevi
1288 1058 1540 1127 temporis
1560 1066 1710 1127 parte
1738 1054 1797 1109 ﬁt
1827 1053 1940 1107 vio-

378 1155 537 1209 lentia
561 1153 753 1219 omnis,
783 1168 890 1208 non
928 1168 1081 1207 secus
1122 1168 1281 1220 quam
1317 1150 1478 1204 febris
1512 1147 1784 1218 cujusdam
1805 1186 1821 1209 ,
1856 1152 1946 1197 aut

377 1247 587 1315 rigoris,
606 1245 695 1301 vel
717 1245 934 1300 alterius
958 1244 1281 1299 imminentis
1319 1240 1568 1312 periculi;
1618 1239 1725 1293 imo
1772 1236 1945 1291 minus

378 1339 632 1408 temporis
677 1344 935 1407 occupat,
974 1351 1133 1407 quam
1178 1336 1277 1389 ista
1316 1331 1514 1389 omnia.
1565 1330 1670 1386 Sed
1723 1328 1945 1383 fortasse

378 1430 539 1486 vincit
560 1428 932 1485 vehementia?
957 1427 1118 1498 Atqui
1145 1426 1400 1496 plurimos
1433 1424 1527 1479 tibi
1558 1436 1767 1493 possem
1791 1419 1944 1490 equi-

378 1521 503 1575 dem
530 1518 813 1574 ostendere
837 1518 1138 1572 laborantes
1166 1514 1421 1581 febribus,
1448 1515 1537 1583 qui
1566 1527 1687 1567 eum
1720 1525 1786 1566 eo
1824 1511 1946 1579 igne

379 1610 756 1681 corripiuntur,
779 1608 944 1663 multo
978 1608 1146 1677 magis
1173 1620 1330 1676 quam
1367 1605 1423 1671 ii,
1451 1603 1542 1673 qui
1573 1601 1947 1673 perturbantur

380 1717 410 1753 a
435 1700 697 1765 daemone,
720 1699 1068 1768 exagitantur.
1094 1697 1163 1751 At
1190 1710 1314 1750 vero
1341 1694 1641 1764 indigentiae
1660 1701 1853 1759 metus,
1881 1705 1948 1745 ne

381 1792 556 1846 desint
580 1789 900 1854 necessaria,
926 1787 1090 1843 veluti
1116 1787 1311 1842 vermis
1335 1784 1578 1841 assiduus
1601 1782 1799 1855 jugiter
1821 1796 1947 1852 per-

382 1881 598 1936 turbans
617 1892 773 1950 atque
799 1879 1058 1945 assidens,
1084 1892 1375 1949 pauperum
1417 1874 1651 1930 corrodit
1690 1874 1945 1927 animum.

384 1974 452 2029 Et
491 1973 615 2043 quid
658 1988 757 2042 ego
799 1982 1159 2042 paupertatem
1204 1966 1635 2025 dicam?0mnes
1674 1966 1948 2021 hominum

382 2063 705 2119 calamitates
728 2062 772 2117 si
796 2062 1135 2118 dinumerare
1169 2061 1424 2124 velimus,
1464 2074 1571 2114 non
1610 2056 1711 2127 ipsi
1753 2056 1946 2121 solum,

383 2152 476 2208 sed
503 2163 559 2208 tu
586 2168 792 2225 quoque
817 2152 1045 2207 lamenta
1081 2161 1173 2207 tua
1198 2165 1262 2206 ac
1286 2150 1523 2221 ploratus
1551 2148 1776 2203 fortasse
1804 2146 1949 2201 ride-

384 2245 484 2299 bis.
512 2245 747 2315 Denique
774 2260 877 2299 non
903 2244 1073 2300 solum
1105 2258 1311 2309 omnes,
1338 2242 1431 2297 sed
1469 2257 1536 2297 ne
1577 2240 1948 2296 brevissimam

382 2334 596 2402 quidem
621 2350 803 2390 earum
850 2344 1052 2404 partem
1094 2334 1268 2403 eloqui
1312 2333 1465 2388 nobis
1499 2331 1748 2403 possibile
1787 2340 1948 2386 esset.

383 2426 564 2497 Neque
599 2427 742 2482 enim
773 2427 970 2483 scimus
999 2426 1115 2480 illas
1133 2465 1150 2492 ,
1180 2440 1352 2496 neque
1369 2424 1412 2479 si
1439 2423 1717 2489 sciremus,
1744 2431 1951 2492 tempus

383 2531 543 2572 omne
570 2516 860 2571 narrationi
885 2514 1155 2570 sufficeret
1186 2532 1200 2568 :
1226 2529 1408 2569 verum
1454 2525 1649 2583 paucas
1687 2526 1753 2568 ex
1785 2510 1951 2581 pluri-

384 2609 487 2667 mis
508 2624 603 2679 pro
621 2608 818 2663 viribus
840 2609 1118 2678 colligens,
1144 2622 1209 2663 ex
1250 2607 1332 2662 his
1370 2605 1479 2671 tibi,
1504 2620 1596 2661 eas
1630 2603 1789 2660 etiam
1832 2618 1951 2674 qua)

384 2698 539 2753 dicta:
564 2713 671 2753 non
696 2707 838 2762 sunt,
866 2695 1222 2767 coujiciendas
1246 2696 1561 2767 relinquam.

454 2788 745 2859 Denwphili
767 2789 996 2859 exemplo
1023 2790 1217 2844 solatur
1239 2788 1537 2860 Stagirium.
1559 2818 1631 2828 —
1665 2786 1949 2853 Memento,

385 2896 584 2951 quaeso,
615 2880 757 2935 senis
783 2879 925 2934 illius
948 2879 1251 2933 amicissimi
1274 2920 1291 2945 ,
1324 2878 1689 2947 DemOphilum
1716 2877 1854 2937 dico.
1880 2890 1949 2930 ex

387 2985 573 3039 magna
600 2970 892 3039 illustrique
918 2958 1134 3023 familia.
1156 2968 1253 3023 Hic
1284 2969 1394 3038 jam
1429 2968 1669 3038 quintum
1711 2976 1765 3021 et
1804 2966 1953 3021 deci-

388 3080 533 3118 mum
576 3079 773 3118 annum
815 3063 942 3133 agit,
986 3078 1051 3117 ex
1086 3078 1191 3132 quo
1231 3060 1562 3115 nihilfacere
1603 3060 1720 3129 plus
1759 3066 1952 3129 potest,

386 3170 543 3224 quam
563 3155 776 3221 mortui,
794 3154 895 3207 nisi
917 3152 1057 3224 quod
1079 3152 1257 3207 tremit
1272 3152 1467 3223 jugiter
1485 3160 1538 3207 et
1554 3152 1807 3222 loquitur,
1830 3166 1954 3205 sen-

385 3262 607 3316 sumque
636 3244 925 3317 perfectum
946 3259 1160 3300 suorum
1192 3245 1349 3300 habet
1380 3245 1661 3299 malorum.
1688 3243 1951 3299 Cmterum

386 3339 439 3390 in
464 3348 670 3391 summa
696 3345 1001 3407 paupertate
1025 3336 1187 3390 vitam
1211 3337 1335 3407 agit,
1363 3336 1606 3391 ministro
1627 3345 1827 3391 tantum
1848 3350 1954 3390 uno

384 3429 721 3485 adolescente
754 3432 1053 3494 comitatus,
1102 3430 1243 3485 bono
1282 3427 1493 3500 quidem
1531 3444 1594 3484 ac
1631 3430 1829 3484 domini
1870 3429 1957 3483 sui

384 3522 642 3590 studioso,
672 3537 775 3575 non
800 3530 977 3576 tamen
999 3523 1087 3593 qui
1108 3522 1459 3577 calamitatem
1478 3522 1619 3577 illam
1647 3521 1806 3575 solari
1832 3537 1955 3591 pos-

384 3616 474 3666 sit.
506 3611 687 3682 Neque
714 3613 856 3667 enim
886 3613 1117 3684 inapiam
1140 3614 1326 3683 juvare
1354 3622 1543 3683 potest,
1589 3627 1761 3683 neque
1802 3627 1952 3667 reso-

387 3702 602 3757 lutionis
631 3712 914 3759 tremorem
956 3705 1165 3771 sistere,
1205 3703 1600 3760 sedbuccellam
1632 3712 1833 3758 tantum
1871 3704 1951 3759 ori

390 3793 589 3848 domini
616 3808 904 3864 apponere,
931 3796 1125 3866 quippe
1151 3810 1322 3864 neque
1346 3794 1414 3849 ad
1456 3795 1559 3851 hoc
1588 3795 1733 3850 illum
1767 3794 1953 3865 juvare

390 3893 612 3954 possunt
653 3900 872 3952 manus,
915 3896 970 3942 et
1009 3886 1203 3942 offerre
1238 3887 1478 3953 calicem,
1517 3895 1575 3942 et
1608 3894 1951 3956 purgamenta

389 3976 593 4030 narium
613 3975 919 4047 abstergere
951 3977 1220 4047 praevalet,
1246 3976 1389 4031 aliud
1413 3987 1589 4032 autem
1614 3977 1733 4049 plus
1759 3977 1954 4033 inferre

390 4065 543 4121 nihil.
575 4066 644 4121 Et
662 4067 761 4122 iste
786 4066 1020 4136 quidem,
1052 4075 1112 4122 ut
1148 4066 1276 4133 dixi,
1304 4067 1603 4137 quindecim
1639 4067 1749 4137 jam
1785 4082 1953 4123 annos

389 4158 443 4211 in
464 4157 724 4226 eiusmodi
748 4158 999 4212 aerumnis
1020 4158 1162 4229 degit
1196 4174 1213 4211 :
1248 4174 1348 4228 ego
1374 4168 1550 4213 autem
1588 4160 1735 4214 illum
1773 4160 1954 4215 consi-

390 4248 540 4315 dero,
566 4249 653 4318 qui
679 4249 888 4319 triginta
916 4257 970 4304 et
996 4259 1117 4305 octo
1153 4250 1309 4304 annis
1348 4248 1450 4304 hoc
1484 4251 1671 4306 morbo
1709 4250 1954 4307 detentus

389 4338 563 4395 fuerat
586 4336 764 4410 (lacn.
793 4339 872 4409 5).

459 4429 740 4483 Aristoxeni
767 4430 1049 4499 exentplum
1070 4444 1133 4483 ea:
1155 4427 1415 4500 Bithynia.
1431 4458 1505 4470 —
1530 4428 1611 4485 Tu
1634 4430 1790 4485 velim
1814 4446 1953 4500 prte-

388 4530 532 4577 terea
561 4521 932 4577 Aristoxenum
961 4536 1171 4592 quoque
1210 4536 1278 4576 ex
1307 4520 1549 4593 Bithynia
1576 4524 1795 4593 cogites.
1826 4524 1956 4579 liuic

388 4612 530 4667 enim
566 4626 759 4681 corpus
794 4613 1027 4668 nondum
1065 4614 1355 4669 resolutum
1400 4626 1483 4670 est
1511 4626 1567 4669 ut
1593 4616 1664 4669 illi
1695 4617 1830 4682 seni,
1860 4632 1952 4672 ve-

389 4718 505 4783 rum
530 4702 753 4773 languor
778 4704 915 4759 alius
935 4704 1191 4771 imminet,
1223 4706 1381 4775 longe
1407 4706 1639 4779 paralysi
1668 4708 1756 4763 illa
1784 4710 1953 4763 mole-

390 4796 538 4853 51ior.
564 4794 802 4865 Namque
828 4795 932 4851 alvi
956 4797 1346 4854 contractiones
1371 4798 1613 4868 quasdam
1638 4799 1957 4871 doloresque

391 4887 668 4942 tormentis
692 4888 937 4942 omnibus
961 4889 1280 4955 acerbiores,
1308 4906 1452 4947 nunc
1472 4891 1683 4962 quidem
1722 4893 1955 4949 verubus

387 4980 632 5033 omnibus
672 4980 873 5033 acutius
909 4992 1224 5051 pungentes,
1277 4998 1419 5039 nunc
1460 4985 1580 5054 igne
1624 4984 1955 5042 vehementis

386 5079 624 5137 urentes,
654 5070 941 5142 diebusque
972 5074 1192 5143 singulis
1232 5088 1295 5128 ac
1327 5077 1570 5132 noctibus
1610 5093 1731 5133 eum
1773 5081 1955 5149 exagi-

388 5171 581 5230 tantes,
606 5164 744 5233 apud
775 5164 986 5235 ignaros
1012 5167 1129 5235 ejus
1158 5168 1327 5222 morbi
1349 5184 1601 5223 vesanum
1624 5171 1769 5224 illum
1787 5172 1953 5226 videri

385 5253 615 5320 faciunt;
645 5254 780 5311 adeo
824 5264 1071 5325 torquent
1116 5259 1256 5313 illius
1301 5260 1547 5330 pupillas,
1594 5262 1727 5316 adeo
1767 5278 1957 5318 manus

387 5344 657 5415 pedesque
687 5347 1023 5412 contrahunt,
1066 5358 1121 5403 et
1161 5360 1362 5404 mutum
1413 5351 1557 5405 illum
1608 5355 1952 5407 constituunt.

387 5434 554 5490 Porro
582 5436 846 5493 clamores
871 5439 988 5509 ejus
1010 5455 1073 5495 ac
1098 5441 1324 5511 gemitus
1354 5444 1496 5513 (nam
1523 5453 1637 5512 post
1666 5444 1811 5498 illam
1843 5447 1953 5514 pri-

387 5529 649 5585 vationem
684 5531 830 5586 vocis
858 5546 1255 5603 nonnumquam
1288 5534 1338 5587 in
1380 5534 1663 5591 clamorein
1700 5537 1948 5607 erumpit)

388 5619 613 5676 lamenta
652 5624 1055 5691 parturientium
1091 5633 1379 5693 superant,
1414 5628 1549 5681 adeo
1588 5635 1644 5680 ut
1683 5628 1875 5698 saepius
1919 5630 1953 5683 ii

388 5710 564 5777 etiam,
592 5714 781 5782 quibus
810 5714 1141 5786 longinquius
1166 5716 1230 5771 ab
1263 5717 1401 5773 illius
1444 5716 1740 5773 habitaculo
1775 5734 1947 5775 remo-

1136 311 1227 365 ΑΙ)
1264 307 1631 367 STAGIBIUM
1670 308 1714 361 A
1742 301 2040 361 DEMONE
2069 301 2421 359 VEXATUM.
2448 302 2573 359 LIB.
2613 303 2700 361 lli.

3509 310 3612 369 ια’

2044 413 2110 466 tis
2138 411 2331 468 infirmi
2352 423 2492 482 sunt,
2524 431 2633 486 prrc
2654 415 2947 487 vigiliarum
2974 417 3131 474 uedio
3170 419 3360 476 turbati
3402 422 3613 476 mittant

2042 503 2337 573 culpantes,
2359 504 2499 575 quod
2530 522 2595 561 ex
2624 506 2764 561 illius
2790 506 3109 564 clamoribus
3137 509 3359 565 inﬁmis
3379 512 3493 567 suis
3514 511 3609 566 de-

2044 596 2208 650 terius
2228 596 2313 650 sit.
2338 596 2416 653 illi
2444 613 2573 653 vero
2600 616 2704 654 non
2733 616 2797 655 ex
2826 600 3123 672 longinquis
3168 602 3478 672 intervallis,
3517 604 3613 659 sed

2043 689 2239 757 saepius
2263 688 2451 744 diebus
2478 690 2699 760 singulis
2721 706 2786 747 ac
2810 693 3057 748 noctibus
3093 694 3370 763 contingit,
3408 706 3616 751 sextus-

2044 792 2147 846 que
2163 778 2273 849 jam
2295 779 2382 834 hic
2408 795 2581 837 annus
2608 783 2852 850 vertitur,
2883 799 2947 839 ex
2969 799 3075 851 quo
3098 784 3473 841 molestissimo
3493 785 3618 841 huic

2042 865 2252 938 ﬂagello
2271 870 2510 927 addictus
2536 882 2638 937 est,
2666 888 2839 944 neque
2859 889 3050 931 servus
3074 876 3207 931 ullus
3226 877 3396 941 adest,
3410 878 3498 948 qui
3523 894 3619 933 cu-

2046 975 2157 1015 ram
2180 962 2293 1032 ejus
2319 963 2531 1031 habeat,
2564 980 2736 1036 neque
2760 965 3019 1033 medicus,
3047 968 3136 1039 qui
3177 968 3486 1025 consoletur
3518 986 3533 1025 :
3561 969 3614 1025 id

2048 1064 2262 1122 propter
2289 1053 2539 1123 inopiam,
2568 1055 2705 1110 istud
2733 1056 2854 1127 quia
2882 1064 3095 1126 superat
3117 1072 3328 1114 omnem
3374 1059 3505 1114 artis
3542 1061 3619 1113 in-

2047 1142 2302 1198 dustriam
2333 1144 2378 1199 is
2404 1147 2641 1201 morbus.
2674 1146 2905 1201 Plurima
2935 1148 3075 1203 enim
3112 1148 3321 1218 plurimi
3347 1165 3467 1205 cum
3491 1165 3617 1222 ege-

2051 1234 2158 1289 rint
2183 1234 2324 1304 (erat
2348 1235 2491 1290 enim
2518 1247 2674 1292 antea
2699 1238 2935 1308 pecuniis
2964 1239 3175 1310 fretus),
3216 1240 3347 1294 nihil
3377 1240 3620 1311 profece-

2051 1336 2195 1381 runt.
2220 1326 2479 1399 Quodque
2504 1328 2589 1383 his
2616 1330 2862 1385 omnibus
2898 1330 3110 1401 gravius
3140 1338 3244 1397 est,
3280 1342 3452 1403 neque
3488 1333 3625 1386 ami-

2049 1433 2233 1472 eorum
2253 1418 2446 1489 aliquis
2473 1435 2593 1474 eum
2616 1419 2727 1489 jam
2753 1421 2932 1476 videre
2972 1420 3106 1487 vult,
3141 1421 3237 1477 sed
3274 1437 3397 1478 eum
3433 1436 3623 1477 omnes

2049 1508 2419 1573 deseruerunt,
2448 1520 2503 1565 et
2530 1511 2564 1564 ii
2602 1509 2694 1580 qui
2711 1511 2950 1580 plurimis
2970 1521 3125 1567 antea
3152 1511 3221 1565 ab
3252 1526 3320 1567 eo
3352 1511 3622 1568 beneficiis

2051 1600 2260 1659 fuerant
2277 1601 2470 1657 affecti.
2495 1602 2648 1669 Quod
2674 1603 2722 1657 si
2750 1604 2868 1674 quis
2892 1620 3139 1675 umquam
3162 1605 3474 1674 ingreditur,
3502 1621 3624 1676 pro-

2052 1692 2192 1747 tinus
2234 1692 2445 1747 resilit:
2484 1702 2629 1747 tanto
2666 1694 2855 1751 faetore
2893 1694 3083 1749 domus
3125 1695 3209 1750 illa
3243 1696 3395 1765 plena
3424 1705 3523 1761 est,
3555 1710 3622 1751 eo

2050 1783 2191 1853 quod
2230 1783 2408 1838 nullus
2436 1784 2573 1839 adsit
2600 1785 2689 1856 qui
2718 1802 2899 1841 curam
2946 1785 3062 1857 ejus
3112 1796 3282 1856 gerat.
3323 1786 3437 1842 Una
3478 1787 3619 1843 ettim

2051 1884 2107 1928 et
2149 1873 2259 1927 sola
2310 1874 2385 1929 illi
2431 1876 2618 1931 ancilla
2661 1876 2879 1941 assidet,
2926 1885 3125 1931 tantum
3174 1877 3250 1932 illi
3294 1877 3620 1939 ministrans,

2051 1974 2304 2034 quantum
2330 1973 2509 2036 potest
2545 1966 2756 2033 mulier,
2781 1983 2899 2021 cum
2928 1969 2999 2022 sit
3020 1976 3074 2023 et
3101 1968 3234 2036 sola,
3265 1978 3321 2024 et
3351 1983 3419 2024 ex
3461 1983 3625 2039 opere

2053 2070 2303 2109 manuum
2341 2057 2546 2113 vivens.
2585 2058 2837 2126 Quaenam
2858 2074 2983 2131 ergo
3002 2058 3303 2115 dzemonum
3330 2059 3637 2117 vexatioilu.

2054 2146 2157 2202 lius
2183 2149 2433 2203 arumnis
2460 2151 2756 2220 comparari
2786 2151 2996 2220 potest?
3026 2152 3136 2207 Etsi
3172 2152 3313 2208 enim
3356 2167 3478 2207 eum
3525 2151 3625 2207 ho-

2055 2252 2172 2291 rum
2200 2237 2327 2293 nihil
2350 2240 2701 2309 perturbaret,
2717 2242 2841 2313 quid
2865 2260 2971 2297 non
2994 2254 3261 2313 pateretur
3278 2242 3635 2299 considerans,

2053 2330 2189 2386 adeo
2219 2332 2478 2401 prolixum
2507 2342 2735 2404 tempus,
2767 2349 2872 2405 quo
2894 2335 3004 2405 jam
3044 2335 3095 2389 in
3141 2334 3337 2390 lectulo
3375 2334 3633 2401 decubat,

2055 2421 2398 2493 ingentesque
2423 2434 2683 2494 sumptus,
2705 2426 2794 2496 qui
2818 2439 2877 2481 se
2903 2426 2956 2480 in
2984 2440 3285 2496 supremam
3310 2424 3634 2497 redegerunt

2054 2514 2308 2585 inopiam,
2322 2518 2609 2572 amicorum
2626 2528 3004 2589 contemptum,
3030 2518 3343 2575 famulorum
3359 2527 3517 2589 atque
3531 2518 3626 2574 oh-

2054 2607 2387 2677 sequentium
2408 2608 2748 2664 solitudinem
2778 2619 2891 2676 :et,
2940 2609 2991 2664 id
3028 2609 3169 2679 quod
3210 2609 3441 2665 maxime
3482 2625 3623 2664 nunc

2054 2695 2226 2762 doles,
2253 2707 2455 2757 certam
2486 2698 2688 2752 nullam
2717 2698 2960 2753 fiduciam
2991 2697 3153 2754 habet
3175 2714 3241 2752 an
3266 2698 3423 2753 finem
3447 2699 3625 2753 clades

2056 2785 2170 2842 ista:
2199 2788 2455 2843 habitura:
2494 2788 2620 2852 sint,
2652 2790 2758 2843 imo
2786 2803 2913 2844 vero
2953 2799 3151 2845 certam
3191 2790 3454 2857 notitiam,
3484 2789 3625 2860 quod

2056 2889 2117 2931 se
2147 2877 2357 2932 vivente
2401 2892 2465 2932 ac
2497 2878 2732 2948 spirante
2769 2894 3054 2949 numquam
3097 2878 3382 2935 finientur?
3422 2880 3629 2949 Quippe

2056 2969 2173 3035 ejus
2202 2968 2373 3021 morbi
2399 2968 2499 3032 vis,
2524 2976 2578 3023 et
2597 2969 2935 3039 quotidianus
2982 2969 3036 3024 in
3069 2968 3335 3025 deteriora
3382 2985 3628 3046 progres-

2055 3072 2168 3121 sus,
2194 3056 2295 3112 hoc
2315 3059 2652 3128 pollicentur.

2128 3151 2214 3206 l5.
2256 3149 2573 3205 Xenodocliii
2595 3152 2763 3205 aditus
2799 3152 3162 3207 consolationis.
3180 3152 3394 3207 occasio.
3421 3180 3496 3193 —
3520 3150 3626 3207 Ve-

2058 3257 2175 3296 rum
2224 3257 2289 3297 ne
2321 3257 2418 3312 per
2446 3243 2682 3313 singulos
2724 3258 3044 3299 enumerans
3072 3259 3169 3300 eos
3203 3244 3292 3315 qui
3323 3242 3627 3313 hujusmodi

2057 3334 2295 3390 adversis
2322 3334 2531 3390 casibus
2560 3335 2741 3391 amicti
2761 3345 2907 3401 sunt,
2938 3335 3205 3391 fastidium
3236 3336 3531 3406 legentibus
3551 3334 3627 3389 fa-

2056 3428 2214 3495 ciam,
2259 3442 2439 3497 perge,
2469 3442 2678 3497 quazso,
2724 3428 2790 3483 ad
2821 3428 2983 3499 [illum
3033 3430 3117 3483 cui
3147 3426 3463 3483 xenodochii
3504 3442 3628 3482 cura

2058 3520 2313 3589 permissa
2344 3528 2447 3587 est,
2489 3536 2552 3575 ac
2576 3520 2703 3589 jube
2725 3528 2777 3575 te
2800 3520 2866 3574 ad
2892 3520 2962 3575 ibi
2983 3520 3221 3590 jacentes
3259 3520 3543 3585 introduci,
3573 3527 3632 3574 ut

2056 3625 2269 3664 omnem
2295 3611 2601 3666 morborum
2633 3609 2883 3680 inspicias
2908 3610 3161 3675 radicem,
3203 3625 3443 3680 novaque
3486 3608 3633 3664 infir-

2058 3703 2296 3757 mitatum
2323 3716 2541 3772 genera,
2584 3717 2875 3771 omnesque
2916 3702 3165 3756 materias
3192 3702 3459 3757 mmroris.
3501 3700 3628 3755 Inde

2061 3805 2111 3850 te
2137 3794 2201 3849 ad
2252 3810 2521 3850 carcerem
2563 3794 2765 3861 confer,
2818 3795 3129 3863 cunctisque
3178 3793 3315 3849 illius
3344 3793 3627 3848 habitaculi

2058 3886 2337 3955 diligenter
2365 3886 2675 3955 exploratis,
2718 3884 3054 3955 proficiscere
3081 3885 3147 3939 ad
3184 3886 3491 3941 balnearum
3536 3901 3629 3938 ve-

2059 3975 2271 4043 stibula,
2302 3991 2409 4047 quo
2448 3976 2665 4040 inloco,
2709 3976 2834 4030 fimo
2861 3986 2915 4031 et
2943 3978 3132 4046 stipula
3163 3992 3258 4047 pro
3298 3976 3532 4033 vestibus
3578 3986 3632 4031 et

2058 4067 2219 4123 domo
2265 4077 2474 4123 utentes
2519 4068 2699 4137 jacent
2740 4069 2976 4123 nonnulli
3004 4069 3149 4134 nudi,
3201 4069 3415 4139 frigore,
3444 4071 3631 4123 morbo

2057 4158 2300 4230 fameque
2330 4169 2583 4230 perpetua
2625 4158 2849 4223 obsessi,
2902 4170 3224 4231 aspectuque
3265 4160 3381 4215 solo
3418 4176 3482 4215 ac
3521 4170 3633 4215 tre-

2060 4268 2211 4307 more
2230 4254 2470 4323 corporis
2493 4265 2546 4309 et
2569 4255 2746 4309 sonitu
2772 4269 2830 4309 se
2848 4254 3209 4309 collideutium
3239 4254 3473 4309 dentium
3496 4270 3632 4325 pra:-

2062 4352 2333 4399 tereuutes
2358 4344 2423 4399 ad
2451 4330 2869 4400 misericordiam
2908 4343 3203 4410 flectentes,
3246 4359 3416 4415 neque
3444 4360 3630 4400 vocem

2060 4439 2325 4504 emittere,
2360 4454 2531 4509 neque
2552 4454 2765 4492 manum
2792 4440 3080 4493 extendere
3109 4439 3364 4505 valentes,
3395 4428 3629 4509 eo'quod

2053 4528 2163 4598 jam
2193 4528 2275 4584 his
2302 4528 2457 4584 malis
2503 4529 2712 4598 penitus
2752 4531 2914 4583 attriti
2958 4537 3101 4584 sunt.
3148 4527 3331 4599 Neque
3374 4530 3631 4584 hactenus

2060 4620 2314 4689 persistas
2341 4619 2520 4684 velim,
2548 4619 2641 4674 sed
2669 4620 2736 4674 ad
2769 4635 3057 4690 pauperum
3082 4619 3455 4685 diversorium,
3486 4619 3627 4691 quod

2059 4723 2183 4767 ante
2219 4710 2400 4767 urbem
2432 4722 2532 4776 est,
2570 4712 2825 4782 egredere
2852 4729 2867 4767 :
2898 4711 3186 4781 perspicies
3222 4712 3456 4781 profecto
3486 4728 3631 4779 eum,

2059 4818 2165 4873 quo
2192 4817 2333 4858 nunc
2351 4802 2625 4870 detineris,
2662 4818 2947 4857 maerorem
2980 4816 3189 4875 portum
3218 4818 3339 4859 esse
3367 4805 3629 4873 tranquil-

2058 4894 2340 4949 lissimum.
2369 4894 2502 4960 Quid
2525 4895 2666 4951 enim
2694 4894 2871 4951 dicere
2897 4911 3115 4951 necesse
3142 4904 3243 4961 est,
3266 4895 3350 4951 vel
3371 4895 3629 4966 elephan-

2059 4985 2129 5039 tia
2144 4993 2490 5056 consumptos
2510 4985 2759 5052 viros,,vel
2780 5000 2974 5040 cancro
2993 4985 3277 5042 mulieres?
3298 4986 3469 5041 Ambo
3488 4988 3630 5042 enim

2060 5079 2145 5134 isti
2180 5078 2348 5133 morbi
2380 5086 2433 5132 et
2462 5079 2600 5148 longi
2629 5088 2753 5133 sunt
2782 5088 2836 5133 et
2881 5078 3199 5134 insanabiles
3225 5097 3239 5133 :
3272 5078 3461 5134 horum
3502 5095 3630 5133 vero

2058 5180 2280 5239 uterque
2302 5184 2438 5239 quos
2454 5170 2810 5238 occupaverit,
2834 5170 2942 5223 suis
2963 5169 3179 5224 urbibus
3197 5170 3631 5239 eliminat,nequc

2059 5262 2253 5315 lavacri
2283 5276 2397 5323 eos,
2436 5276 2608 5329 neque
2634 5259 2754 5323 fori,
2786 5276 2958 5330 neque
2981 5260 3199 5314 alterius
3235 5260 3526 5330 cujuspiam
3553 5261 3632 5314 in-

2060 5362 2140 5406 tra
2172 5353 2326 5423 positi
2359 5352 2459 5407 loci
2490 5352 2771 5421 participes
2797 5351 2912 5407 fieri
2940 5351 3018 5406 fas
3044 5360 3144 5407 est.
3175 5350 3357 5422 Neque
3382 5351 3520 5407 istud
3540 5368 3630 5406 so-

2059 5446 2167 5500 lum
2195 5446 2442 5499 acerbum
2470 5456 2572 5511 est,
2601 5460 2787 5500 verum
2813 5444 2970 5499 etiam
2997 5444 3136 5514 quod
3157 5459 3332 5515 neque
3356 5443 3629 5499 confidere

2058 5545 2298 5605 possunt,
2349 5537 2647 5592 necessaria
2680 5536 2835 5590 victui
2884 5535 2982 5590 sibi
3029 5550 3135 5590 non
3179 5534 3442 5590 defutura.
3489 5534 3627 5603 Quid

2057 5642 2182 5681 vero
2211 5627 2328 5681 illos
2357 5642 2667 5693 memorem,
2691 5628 2779 5698 qui
2807 5628 2997 5682 frustra
3023 5634 3216 5697 saeptus
3245 5641 3307 5681 ac
3333 5628 3445 5681 sine
3466 5642 3621 5681 causa

2060 5719 2124 5774 ad
2157 5721 2364 5775 metalla
2408 5721 2639 5777 damnati
2682 5723 2841 5778 sunt?
2869 5721 3067 5792 Nempe
3106 5720 3192 5779 ἱειί
3234 5735 3419 5778 omnes
3462 5721 3627 5776 multo
