4036 6416
396 286 491 342 691

394 403 609 455 νώντων
668 400 765 472 τὴν
816 399 1007 470 όδύνην
1040 399 1273 471 ἔχουσιν.
1327 401 1390 455 Εἰ
1428 402 1485 454 δέ
1524 403 1795 463 ἀπιστεῖς,
1819 399 1969 453 οὐδὲν

396 496 731 567 θαυμαστόν.
751 498 825 550 Οὐ
852 498 961 567 γάρ
988 498 1053 567 τῇ
1096 496 1232 568 αὐτῇ
1264 496 1459 569 γνώμῃ
1487 497 1644 550 τάθτε
1679 498 1855 549 οἰκεῖα
1878 496 1972 549 καὶ

394 590 466 644 τά
496 590 748 661 ἀλλότρια
773 590 977 660 κρίνειν
1008 589 1277 660 εἰώθαμεν
1306 592 1471 652 κακὰ,
1504 590 1615 643 ἀλλ’
1657 593 1836 645 ἐκεῖνα
1876 591 1972 660 μὲν

395 681 539 753 λόγῳ
601 683 694 736 καὶ
742 682 860 751 ὄψει
902 683 1062 753 μόνον
1115 682 1395 754 μαθόντες,
1423 685 1595 739 ταῦτα
1622 684 1679 737 δέ
1712 688 1775 754 τῇ
1804 684 1972 755 πείρᾳ

396 778 491 829 καὶ
534 780 599 847 τῇ
647 778 895 847 αἰσθήσει
925 779 1018 831 καὶ
1048 781 1185 849 μετά
1208 780 1309 849 τῆς
1337 780 1681 851 συμπαθείας
1714 780 1813 850 τῆς
1843 781 1970 833 ἐαυ-

395 867 503 920 τῶν
524 884 537 897 ·
557 869 745 938 διόπερ
772 869 913 922 αὐτά
942 871 1317 943 ἀφορητότερα
1346 868 1484 926 εἶναι
1508 872 1730 925 ἐκείνων
1756 872 1972 941 νομίζο-

400 977 520 1030 μεν,
565 959 714 1032 [224]
746 960 849 1014 κᾶν
875 958 1051 1036 λίανῇ
1098 963 1277 1031 κοῦφα
1316 964 1410 1017 καί.
1445 963 1674 1033 φορητά.
1714 962 1777 1016 Εἰ
1804 962 1860 1015 δέ
1889 979 1974 1025 τις

394 1052 599 1105 τούτων
634 1054 852 1107 πάντων
886 1055 1221 1122 ἀπαλλαγεὶς
1256 1056 1357 1126 τήν
1395 1073 1453 1109 τε
1483 1055 1645 1125 φύσιν
1677 1056 1855 1110 αὐτῶν
1876 1074 1975 1109 κα-

394 1146 664 1217 ταμάθοι,
715 1146 840 1210 τούς
886 1164 945 1200 τε
993 1149 1332 1216 ἐμπεσόντας
1378 1151 1561 1213 αὐτοῖς
1601 1148 1971 1218 διασκέψαιτο,

395 1230 550 1301 οὗτος
590 1238 883 1293 ἀδέκαστον
918 1240 1055 1309 ὑπὲρ
1083 1240 1286 1296 τούτων
1312 1242 1451 1295 οἴσει
1492 1244 1590 1315 τὴν
1614 1242 1793 1313 ψῆφον
1818 1244 1968 1314 ἡμῖν.

409 1330 549 1383 Ἀλλ’
574 1332 703 1395 ἴσως
723 1333 899 1385 ἐκεῖνο
919 1332 1177 1405 ἐρεῖς,ὃτι
1196 1334 1371 1388 πάντα
1401 1337 1496 1405 μὲν
1523 1337 1703 1389 ἐκεῖνα
1736 1335 1803 1389 τὰ
1826 1336 1971 1407 πάθη

396 1424 525 1493 περί
569 1424 629 1476 τὸ
677 1423 834 1494 σῶμα
866 1425 1155 1496 στρέφεται
1194 1427 1374 1497 μόνον,
1421 1428 1558 1499 αὕτη
1587 1427 1640 1481 δέ
1673 1429 1771 1499 τῆς
1795 1429 1971 1501 ψυχῆς

397 1514 628 1571 ἅπτεται
650 1516 868 1586 ήνόσος,
894 1519 986 1571 καὶ
1006 1518 1211 1571 τούτων
1230 1522 1443 1573 πάντων
1461 1521 1575 1574 ἐστί
1592 1521 1970 1592 χαλεπωτέρα.

396 1607 555 1676 Αὐτῷ
575 1608 673 1679 μὲν
683 1605 777 1663 οῦν
793 1611 968 1681 τούτῳ
988 1611 1219 1681 μάλιστα
1236 1614 1406 1683 αὐτὴν
1422 1614 1728 1684 εὑρήσομεν
1752 1614 1974 1667 ἐκείνων

396 1697 729 1769 κουφοτέραν
755 1700 1147 1769 τυγχάνουσαν.
1169 1701 1314 1773 Αὕτη
1339 1702 1438 1772 μὲν
1467 1702 1574 1772 γὰρ
1604 1704 1724 1757 οὐδὲ
1743 1703 1802 1755 τὸ
1815 1704 1973 1775 σῶμα

395 1784 720 1857 διαφθείρει,
741 1787 992 1860 καθάπερ
1021 1792 1248 1856 ἐκεῖναι,
1272 1793 1364 1845 καὶ
1391 1794 1457 1862 τῇ
1491 1792 1634 1863 ψυχῇ
1667 1793 1803 1862 πρὸς
1839 1792 1973 1863 βρα-

402 1879 501 1946 χὺν
564 1880 772 1950 ἐνοχλεῖ
820 1882 1041 1952 χρόνον·
1086 1882 1151 1947 ἃς
1208 1884 1265 1936 δὲ
1313 1884 1820 1955 ἀπριθμησάμεθα
1854 1886 1969 1950 νῦν,

399 1970 623 2037 φύονται
670 1973 767 2043 μέν
819 1976 876 2026 ἐν
916 1978 983 2046 τῇ
1020 1977 1203 2047 σαρκὶ,
1240 1977 1336 2047 τὴν
1362 1976 1416 2030 δὲ
1447 1977 1625 2048 λύμην
1663 1977 1880 2031 ἅπασαν
1910 1979 1971 2032 οὐ

406 2065 597 2134 μ’χρις
653 2066 868 2137 ἐκείνης
920 2066 1160 2131 ἰστῶσιν,
1215 2067 1350 2122 ἀλλά
1398 2069 1491 2122 καὶ
1540 2070 1631 2122 ἐπὶ
1666 2070 1764 2141 τὴν
1796 2070 1974 2141 ψυχὴν

400 2158 851 2227 παραπέμπουσι,
887 2160 1239 2230 στρεϐλοῦσαι
1271 2161 1440 2233 αὐτὴν
1480 2164 1715 2233 συνεχῶς
1747 2164 1842 2217 καὶ
1867 2165 1976 2217 δια-

396 2247 718 2321 φθείρουσαι
750 2251 840 2305 διά
869 2252 966 2323 τῆς
1004 2252 1195 2323 ὀδύνης
1223 2254 1430 2325 καὶτῆς
1462 2254 1699 2325 ἀθυμίας
1727 2258 1827 2327 τῇς
1847 2256 1975 2309 πολ-

395 2343 514 2412 λῆς.
558 2344 781 2413 Ὥσπερ
820 2345 949 2417 γάρ,
984 2349 1168 2418 φησὶν,
1225 2348 1366 2414 ὄξος
1390 2349 1554 2403 ἕλκει
1596 2350 1970 2419 ἀσύμφορον,

395 2435 549 2488 οὕτω
575 2440 930 2505 προσπεσὸν
945 2439 1135 2508 πάθος
1153 2442 1221 2495 ἐν
1244 2442 1469 2511 σώματι
1495 2442 1746 2511 καρδίαν
1770 2445 1968 2499 λυπεῖ.

396 2529 679 2599 Μὴτοίνυν
711 2532 793 2584 ὃτι
820 2533 928 2586 ἀπὸ
964 2533 1057 2587 τοῦ
1092 2533 1343 2606 σώματος
1384 2535 1541 2589 τοῦτο
1573 2537 1814 2591 τίκτεται
1848 2536 1971 2605 λέγε

400 2622 580 2693 μόνον,
613 2624 725 2677 ἀλλ’
756 2626 803 2678 εἰ
833 2627 905 2696 μὴ
929 2628 1288 2699 παραπέμπει
1315 2627 1412 2699 τὴν
1439 2627 1613 2697 λύμην
1638 2628 1856 2681 ἃπασαν
1878 2628 1974 2681 καὶ¹

393 2714 494 2785 τὴν
550 2716 754 2788 φθορὰν
797 2720 862 2789 τῇ
910 2719 1077 2790 ψυχῇ,
1120 2720 1277 2773 τοῦτο
1310 2720 1593 2784 ἐπίδειξον.
1641 2721 1793 2774 Ἐπεὶ
1826 2721 1920 2773 καί
1947 2722 1975 2772 ὀ

396 2803 582 2876 λοιμὸς
612 2806 713 2859 οὐκ
742 2808 849 2860 ἀπὸ
876 2808 982 2860 τῶν
1016 2810 1282 2879 σωμάτων
1317 2811 1635 2881 τικτόμενος
1663 2811 1876 2883 φθείρει
1904 2813 1974 2865 τὰ

403 2897 651 2968 σώματα,
686 2900 777 2952 καὶ
801 2901 828 2952 ό
855 2899 962 2953 τῶν
986 2901 1233 2972 ἑρπετῶν
1266 2901 1343 2964 ἰὸς
1372 2903 1586 2973 πρόεισι
1624 2904 1720 2973 μὲν
1748 2903 1807 2968 ἐξ
1832 2905 1977 2958 ἐκεί-

397 3006 524 3050 νων,
560 2988 881 3059 λυμαίνεται
901 2990 955 3043 δὲ
987 2992 1134 3063 ἡμᾶς
1164 3004 1189 3032 ιι
1206 3010 1218 3021 ·
1243 2992 1383 3045 οὓτω
1400 2994 1493 3046 καὶ
1511 2993 1604 3046 ἐπὶ
1636 2996 1841 3047 τούτων
1868 2994 1977 3047 τῶν

398 3079 586 3133 παθῶν
608 3097 621 3111 ·
650 3082 890 3136 τίκτεται
916 3086 1015 3152 μέν
1034 3082 1142 3136 ἀπὸ
1160 3082 1253 3136 τοῦ
1268 3083 1537 3155 σώματος.
1561 3086 1651 3139 τὸν
1679 3086 1734 3155 δὲ
1769 3087 1843 3140 ἰὸν
1876 3087 1977 3156 τῆς

399 3169 608 3243 οἰκείας
650 3172 849 3234 κακίας
897 3173 977 3236 εἰς
1006 3172 1104 3243 τὴν
1156 3173 1333 3245 ψυχὴν
1364 3174 1463 3245 τὴν
1498 3177 1769 3248 ἡμετέραν
1804 3181 1974 3249 ἐκχεῖ.

399 3261 586 3330 Ηάσης
602 3261 710 3331 γάρ
726 3261 1045 3333 δαιμονικῇς
1077 3266 1356 3335 ἐνεργείας
1391 3266 1797 3341 βλαϐερώτερον
1831 3273 1978 3343 ἠτῆς

400 3354 639 3424 ἀθυμίας
652 3354 922 3425 ὑπερϐολή
943 3373 955 3384 ·
976 3357 1096 3409 ἐπεὶ
1116 3359 1208 3411 καὶ
1224 3361 1251 3411 6
1271 3359 1477 3429 δαίμων
1503 3363 1559 3413 ἐν
1585 3358 1665 3425 οἷς
1688 3363 1753 3416 ἂν
1780 3368 1974 3435 κρατῇ,

397 3444 485 3496 διά
519 3443 721 3514 ταύτης
766 3449 989 3513 κρατεί’
1022 3447 1125 3501 κᾶν
1156 3449 1358 3520 ταύτην
1405 3452 1629 3525 ἀφέλῃς,
1664 3454 1815 3506 οὐδὲν
1850 3459 1974 3526 παρ’

395 3537 621 3590 ἐκείνου
640 3536 885 3592 πείσεταί
912 3556 998 3603 τις
1026 3541 1217 3595 δεινόν.
1245 3543 1353 3595 Καὶ
1369 3544 1483 3607 πῶς
1509 3545 1586 3597 ἔνι
1618 3546 1690 3616 μὴ
1721 3547 1973 3616 ἀθυμεῖν,

397 3629 595 3697 φησίν;
649 3629 790 3699 Ἐγὼ
830 3631 886 3685 δέ
926 3649 985 3685 σε
1014 3632 1304 3705 ἐρήσομαι.
1340 3636 1457 3699 πῶς
1491 3638 1591 3691 οὐκ
1631 3639 1709 3691 ἔνι
1748 3638 1820 3707 μὴ
1849 3638 1979 3690 ἀθυ-

401 3721 557 3788 μεῖν;
612 3720 675 3773 Εἰ
731 3721 830 3789 μὲν
868 3722 976 3794 γὰρ
1018 3725 1232 3795 μοιχεία
1260 3726 1355 3778 καί
1396 3727 1624 3799 φόνος,ἢ
1654 3728 1780 3781 ἄλλο
1812 3729 1864 3780 τί
1895 3745 1975 3780 σοι

396 3809 639 3864 τοιοῦτον
665 3811 993 3883 τετόλμηται
1041 3815 1148 3867 τῶν
1176 3816 1531 3871 ἐκκλειόντων
1558 3818 1659 3889 τῆς
1700 3820 1979 3889 βασιλείας

397 3902 506 3956 τῶν
536 3903 802 3974 οὐρανῶν,
835 3905 1035 3977 ἀθύμει
1077 3907 1168 3961 καί
1197 3909 1402 3975 πένθει,
1432 3913 1460 3963 ό
1488 3911 1748 3965 κωλύσων
1779 3912 1973 3975 οὐδείς·

398 3994 448 4048 εἰ
481 3994 540 4047 δέ
592 3994 798 4049 τούτων
817 3999 884 4069 τῇ
915 3999 1008 4051 τοῦ
1036 3999 1170 4052 Θεοῦ
1198 4000 1382 4072 χάριτι
1428 4002 1647 4057 πάντων
1694 4004 1978 4075 πόρρωθεν

400 4085 639 4156 ἕστηκας
659 4128 674 4152 ,
715 4089 768 4141 τί
800 4090 975 4160 μάτην
1005 4091 1227 4156 κόπτεις
1253 4094 1481 4159 σαυτόν;

468 4176 549 4233 ιδ’.
581 4180 692 4251 Τὴν
708 4180 816 4251 γὰρ
832 4182 1068 4253 ἀθυμίαν
1083 4184 1337 4255 ἐνέθηκεν
1351 4187 1383 4255 ἡ
1394 4185 1508 4255 μῶν
1522 4188 1548 4239 6
1564 4186 1695 4250 Θεὸς
1710 4190 1775 4258 τῇ
1795 4187 1974 4256 φύσει,

395 4274 494 4344 οὐχ
528 4274 614 4329 ἵνα
643 4274 828 4339 ἁπλῶς
880 4277 976 4329 καί¹
1016 4278 1259 4350 ἀκαίρως
1308 4279 1404 4332 καὶ
1452 4280 1509 4332 ἐν
1554 4283 1666 4343 τοῖς
1714 4281 1979 4346 ἐναντίοις

396 4365 532 4436 αὐτῇ
572 4365 831 4437 χρώμεθα
863 4368 1204 4439 πράγμασιν,
1247 4370 1354 4423 οὐδ’
1395 4370 1481 4423 ἵνα
1512 4370 1820 4443 φθείρωμεν
1853 4374 1978 4428 ἑαυο

394 4452 542 4526 τούς,
576 4459 692 4513 ἀλλ’
712 4459 800 4513 ἵνα
827 4460 896 4514 τά
925 4460 1156 4531 μέγιστα
1176 4460 1526 4533 κερδάνωμεν
1549 4462 1608 4526 ἐξ
1633 4463 1824 4533 αὐτῆς.
1852 4466 1978 4530 Πῶς

395 4549 452 4602 δὲ
485 4551 741 4623 κερδᾶναι
772 4551 945 4619 έστιν;
968 4553 1131 4605 Ὅταν
1166 4554 1245 4616 εἰς
1275 4558 1463 4624 καιρὸν
1499 4555 1666 4625 αὐτὴν
1694 4558 1987 4630 παραλαμ.

397 4640 678 4713 ϐάνωμεν·
717 4645 908 4716 καιρὸς
934 4644 979 4698 δ’
1008 4644 1245 4716 ἀθυμίας
1280 4646 1378 4717 οὐχ
1398 4646 1525 4699 ὅταν
1548 4646 1847 4719 πάσχωμεν
1881 4668 1983 4704 κα-

398 4734 529 4799 κῶς,
566 4734 681 4790 ἀλλ’
723 4738 852 4791 ὅταν
889 4738 1107 4809 δρῶμεν
1142 4738 1325 4803 κακῶς
1346 4752 1361 4768 ⁶
1395 4742 1558 4810 ἡμεῖς
1600 4740 1657 4794 δέ
1694 4742 1795 4814 τὴν
1828 4743 1978 4808 τάξιν

402 4828 836 4899 ἀνεστρέψαμεν,
870 4830 1109 4894 καὶτοὺς
1126 4830 1353 4902 καιροὺς
1376 4830 1846 4903 ἀνηλλαξάμεθα,
1884 4836 1980 4888 καὶ

398 4918 677 4983 ποιοῦντες
705 4922 801 4991 μὲν
832 4922 1001 4993 μυρία
1034 4922 1211 4985 κακὰ,
1236 4921 1355 4975 οὐδέ
1373 4922 1509 4993 πρὸς
1533 4922 1708 4994 βραχὺ
1745 4925 1976 4977 συστελο

395 5012 600 5082 λόμεθα
616 5029 630 5044 ⁸
655 5013 723 5084 ἦν
750 5012 807 5065 δὲ
829 5013 1023 5084 μικρόν
1036 5031 1090 5066 τι
1119 5014 1249 5084 παρ’
1266 5014 1484 5068 ὁτουοῦν
1501 5015 1785 5085 πάθωμεν,
1810 5035 1976 5071 κατα-

397 5102 691 5171 πίπτομεν,
731 5103 1071 5174 ἰλιγγιῶμεν,
1129 5104 1509 5175 ἀπαλλαγῆναι
1544 5106 1636 5159 καὶ
1674 5108 1975 5179 ἀποστῆναι

393 5192 490 5246 τοῦ
521 5193 636 5263 βίου
666 5195 987 5266 σπεύδομεν.

466 5286 755 5357 Τοιγάρτοι
784 5287 871 5340 διά
891 5286 1047 5341 τοῦτο
1070 5290 1324 5359 φορτικὸν
1350 5292 1442 5344 καί
1478 5292 1615 5362 βαρὺ
1653 5292 1713 5345 τὸ
1743 5295 1974 5365 πρᾶγμα

394 5370 535 5430 εἶναι
571 5378 701 5447 ἡμῖν
725 5377 891 5439 δοκεῖ,
925 5373 1221 5447 ῶσπεροῦν
1241 5380 1335 5431 καὶ
1358 5381 1385 5431 ὁ
1416 5379 1584 5448 θυμὸς
1607 5379 1700 5432 καὶ
1727 5380 1759 5450 ἡ
1788 5379 1977 5432 ἐπιθυ-

398 5470 514 5540 μία.
544 5469 653 5521 Καὶ
670 5466 888 5538 γὰρκαὶ
903 5466 1074 5521 ταῦτα
1091 5469 1140 5521 οἱ
1174 5468 1247 5539 μὴ
1275 5468 1607 5539 χρησάμενοι
1636 5469 1817 5532 καλῶς
1840 5470 1975 5541 μηδέ

394 5564 474 5622 εἰς
509 5560 627 5613 δέον
661 5559 905 5613 διέϐαλον
945 5559 1006 5598 ιι·
1051 5560 1147 5613 καὶ
1180 5559 1466 5629 συμϐαίνει
1518 5560 1713 5623 ταυτὸ,
1747 5555 1856 5615 οἷον
1882 5561 1976 5615 ἐπὶ

394 5652 502 5705 τῶν
533 5652 839 5725 φαρμάκων
867 5651 977 5705 τῶν
1011 5649 1161 5722 παρά
1184 5650 1292 5703 τῶν
1316 5650 1514 5723 ἰατρῶν
1530 5652 1821 5721 διδομένων
1840 5670 1853 5682 ·
1882 5654 1975 5706 καί

456 5770 483 5831 _'
511 5768 680 5817 Mnrel.
710 5770 839 5830 ἡμῖν,
864 5769 945 5818 alii
966 5772 1105 5831 ἡμᾶς.

454 5829 483 5868 b
510 5831 644 5877 [Fnus
674 5829 809 5879 Colh.
834 5829 1102 5879 συνέϐαλον.
1148 5830 1244 5880 Alii
1288 5844 1403 5879 vero
1436 5834 1594 5883 minus
1628 5839 1765 5883 recte
1807 5834 1962 5882 διέϐα-

393 5897 487 5947 λον,
517 5892 616 5942 Imo
638 5894 839 5953 rectius,
862 5900 1007 5955 atque
1033 5894 1079 5942 Id
1106 5896 1422 5943 rcsxiluimus.

1208 282 1300 337 AD
1339 280 1717 338 STAGIRIUM
1758 283 1797 336 Λ
1843 282 2149 340 ΒᾹΞΜΟΝΕ
2188 284 2547 344 VEXATUM.
2588 289 2719 345 LIB.
2762 290 2849 347 111.

3543 294 3652 353 492

2074 403 2180 477 γὰρ
2211 406 2395 460 ἐκεῖνα
2435 408 2563 461 ὅταν
2607 410 2680 481 μὴ
2728 413 2839 473 τοῖς
2869 411 3243 484 καταλλήλοις,
3277 415 3371 469 καί
3402 417 3539 488 ὑπὲρ
3572 413 3656 475 ὧν

2072 496 2525 561 κατεσκεύασται,
2540 500 2656 553 ἀλλ’
2682 502 2888 574 ἑτέροις
2904 504 3020 557 ἀνθ’
3039 507 3239 577 ἐτέρων
3253 509 3474 580 ἐπιτεθῇ
3496 510 3619 582 [2‘25

2071 586 2320 655 πάθεσιν,
2353 593 2413 643 ού
2453 593 2611 661 μόνον
2658 596 2757 649 οὐκ
2790 598 3065 667 ἀπήλλαξε
3100 600 3191 652 τοῦ
3230 601 3523 665 λυποῦντος
3559 602 3651 658 τὸν

2072 680 2368 751 κάμνοντα,
2396 687 2531 741 ἀλλὰ
2562 692 2653 743 καὶ
2689 689 2887 759 μᾶλλον
2942 692 3197 764 ἐπέτριψε
3237 706 3260 734 ο
3295 697 3353 749 τὸ
3399 699 3653 767 νόσημασ

2070 774 2206 846 ὅπερ
2231 772 2321 829 οῦν
2349 779 2440 831 καὶ
2469 780 2505 849 ή
2534 779 2737 851 ἀθυμία
2776 786 2940 847 ποιεῖ,
2972 785 3066 836 καί.
3096 785 3337 844 εἰκότως.
3370 788 3649 857 Αὐστηρὸν

2071 870 2178 940 γάρ
2207 868 2342 926 οὖσα
2361 874 2454 926 καί
2473 875 2831 947 διαϐρωτικὸν
2857 879 3166 950 φάρμακον,
3191 882 3284 933 καὶ
3308 882 3384 945 ώς
3420 882 3485 935 ἂν
3507 884 3650 936 είποι

2070 979 2153 1025 τις
2188 964 2553 1037 καθαρτήριον
2588 969 2689 1039 τῆς
2720 973 2986 1043 πονηρίας
3011 974 3109 1043 τῆς
3137 975 3194 1028 ἐν
3225 978 3381 1045 ἡμῖν,
3404 978 3530 1030 ὃταν
3552 978 3649 1048 μὲν

2071 1054 2314 1129 ἀργούσῃ
2342 1058 2485 1131 ψυχῇ
2523 1065 2617 1114 καὶ
2650 1064 2908 1135 τρυφώσῃ
2972 1066 3066 1119 καί
3106 1066 3272 1120 πολὺν
3320 1069 3520 1141 ἐχούσῃ
3559 1071 3660 1124 τὸν

2070 1146 2179 1197 τῶν
2210 1149 2622 1221 ἁμαρτημάτων
2661 1155 2899 1223 φορυτὸνη
2919 1157 3245 1228 παρέχηται,
3296 1160 3525 1230 μέγιστα
3555 1163 3653 1217 τὸν.

2070 1242 2359 1314 δεξάμενον
2394 1244 2603 1316 ῶνησεν
2628 1262 2640 1275 ·
2678 1248 2804 1302 ὅταν
2854 1248 2910 1301 δέ
2965 1238 3199 1323 ἀθλούσῃ
3249 1254 3343 1307 καὶ
3384 1254 3649 1322 ἀγωνιζο-

2075 1334 2210 1407 μένῃ
2243 1335 2336 1387 καί
2369 1336 2603 1407 πονούσῃ
2632 1338 2727 1390 καί
2756 1356 3065 1411 μεμεριμνη
3077 1340 3214 1413 μένῃ
3246 1343 3340 1394 καὶ
3365 1344 3655 1418 πασχούσῃ

2072 1425 2277 1490 κακῶς,
2316 1428 2451 1498 πρὸς
2484 1429 2561 1499 τῷ
2597 1430 2762 1499 μηδὲν
2787 1430 3088 1501 ὠφελῆσαι,
3122 1436 3215 1486 καὶ
3249 1435 3459 1505 μεγάλα
3485 1436 3648 1489 ἐϐλα-

2070 1519 2189 1587 ψεν,
2222 1511 2617 1593 ἀᾰθενεστέραν
2647 1524 2997 1594 ἐργασαμένη
3030 1527 3124 1578 καί
3153 1526 3644 1595 εὐκαταγώνιστον.

2071 1612 2169 1665 Διά
2197 1613 2353 1666 τοῦτο
2380 1618 2492 1678 τοῖς
2521 1617 2618 1685 μὲν
2644 1617 2896 1685 ἐστηκόσι
2932 1617 3027 1670 καὶ
3059 1617 3476 1688 ἀγωνιζομένοις
3504 1622 3650 1692 γρά-

2073 1717 2188 1768 φων
2227 1703 2255 1753 ὀ
2288 1697 2498 1766 Παῦλος
2547 1703 2720 1772 ἔλεγε,
2754 1707 2997 1774 Χαίρετε
3027 1708 3095 1759 ἐν
3120 1709 3313 1775 Κιιρίῳ
3355 1710 3645 1764 πάντοτε·

2072 1791 2259 1846 πάλιν
2277 1794 2409 1861 ἐρῶ,
2460 1797 2727 1864 χαίρετεο
2760 1802 2872 1861 τοῖς
2896 1798 2951 1851 δὲ
2992 1799 3289 1870 διαχυθεῖσι
3324 1802 3417 1854 καὶ
3453 1803 3661 1875 πολλὴν-

2073 1884 2254 1955 ἔχουσι
2308 1887 2406 1957 τὴν
2454 1889 2793 1960 φλεγμονὴν,
2851 1891 2959 1945 Καὶ
3012 1892 3180 1961 ὑμεῖς
3210 1896 3650 1964 πεφυσιωμένοι

2071 1976 2236 2040 ἐστὲ,
2267 1980 2363 2031 καὶ
2406 1981 2541 2048 οὐχὶ
2579 1980 2821 2049 μᾶλλον
2867 1982 3257 2048 ἐπενθήσατε.
3319 1987 3375 2038 '0
3414 1988 3510 2057 μὲν
3542 1988 3652 2061 γὰρ

2072 2068 2291 2122 λιπαινό
2299 2088 2457 2141 μενος
2474 2072 2549 2142 τῷ
2566 2072 2672 2125 τῶν
2700 2075 3113 2145 ἁμαρτημάτων
3129 2076 3408 2147 λιπασμῷ,
3442 2080 3653 2148 ίσχνού-

2075 2162 2187 2214 σθω
2225 2163 2317 2215 καί
2363 2164 2771 2230 καταξαινέσθω
2801 2166 2825 2203 ά
2867 2166 2943 2235 τῷ
2984 2168 3259 2239 φαρμάκῳ
3292 2169 3464 2239 τούτῳ
3488 2188 3499 2200 ·
3533 2174 3559 2223 6
3593 2172 3651 2224 δὲ

2077 2253 2316 2306 εὐεκτῶν
2359 2256 2452 2307 καὶ
2498 2257 2555 2307 ἐν
2600 2259 2664 2327 τῇ
2712 2258 3063 2330 προσηκούσῃ
3103 2261 3433 2314 καταστάσει
3469 2262 3653 2333 διατη-

2079 2344 2185 2414 ρῶν
2214 2345 2426 2407 έαυτὸν,
2459 2347 2601 2408 τίνος
2628 2349 2812 2403 ἕνεκεν
2840 2350 3047 2421 φθείροι
3082 2352 3177 2422 τὴν
3201 2352 3414 2419 εὐεξίαν
3438 2352 3523 2407 διὰ
3555 2360 3653 2426 τῆς

2076 2436 2347 2506 ἀθυμίας;
2381 2437 2535 2491 Οῦτω
2582 2440 2692 2510 γάρ
2730 2441 2873 2493 ἐστιν
2906 2440 3043 2510 αῦτη
3082 2442 3429 2513 δραστήριος,
3455 2444 3529 2506 ώς
3560 2448 3653 2498 καὶ

2074 2528 2187 2587 τοῖς
2219 2526 2492 2597 δεομένοις
2520 2529 2688 2600 αὐτῆς
2719 2529 2941 2584 πλείονα
2969 2532 3064 2584 τοῦ
3097 2532 3305 2596 δέοντος
3340 2535 3654 2589 ἐπιτεθεῖσα

2074 2622 2265 2691 χρόνον
2325 2622 2537 2692 μεγάλα
2584 2624 2923 2693 ἐργάσασθαι
2957 2629 3123 2682 κακά.
3166 2630 3343 2700 Ὅπερ
3368 2631 3462 2683 καί
3494 2632 3521 2683 ὁ
3550 2651 3653 2701 μα-

2074 2713 2265 2783 κάριος
2320 2716 2531 2779 Παῦλος
2583 2717 2853 2781 δεδοικώς,
2907 2719 3115 2788 ταχέως
3148 2720 3317 2792 αὐτὴν
3366 2723 3652 2779 ἐκέλευσεν

2074 2803 2293 2872 ἀφελεῖν
2327 2805 2463 2874 μετά
2499 2805 2558 2858 τὸ
2608 2806 2812 2877 πρᾶξαι
2840 2806 2901 2858 τὸ
2954 2808 3172 2878 ἑαυτῆς,
3209 2808 3303 2861 καὶ
3346 2808 3444 2879 τὴν
3473 2810 3654 2864 αἰτίαν

2077 2895 2388 2966 προσετίθει
2411 2895 2633 2967 ταύτην,
2670 2898 2735 2968 ἢν
2765 2896 2874 2963 ἐγὼ
2907 2898 3050 2965 λέγω
3096 2898 3222 2950 νῦν·
3267 2898 3493 2966 Μήπως
3521 2902 3647 2971 γὰρ,

2074 2987 2229 3058 φησὶ,
2262 2987 2338 3055 τῇ
2360 2989 2757 3056 περισσοτέρᾳ
2780 2991 2943 3056 λύπῃ
2977 2991 3283 3059 καταποθῇ
3304 2996 3335 3046 ὀ
3363 2995 3648 3061 τοιοῦτος.

2075 3079 2140 3132 Εἰ
2174 3079 2230 3132 δὲ
2281 3081 2406 3143 τοὺς
2457 3082 2513 3133 ἐν
2559 3081 2719 3151 χρείᾳ
2772 3080 3121 3145 καθεστῶτας
3166 3079 3305 3136 οἶδεν
3355 3085 3651 3139 ἀπολλύναι

2075 3173 2462 3244 προσπεσοῦσα
2500 3174 2615 3243 μεθ’
2635 3175 2734 3226 ὑπε
2745 3174 2957 3245 ρϐολῆς,
2976 3175 3027 3227 τί
3054 3192 3183 3227 ποτε
3208 3177 3497 3247 ἐργάσεται
3527 3181 3652 3243 τούς

2074 3265 2195 3319 οὐδέ
2240 3265 2376 3328 ὅλως
2432 3266 2717 3336 δεομένους
2768 3267 2957 3336 αὐτῆς,
3006 3268 3133 3321 ὃταν
3184 3269 3351 3340 αὐτὴν
3394 3271 3592 3342 πολλὴν
3628 3284 3652 3311 ο

2078 3358 2531 3421 ἐπισπάσωνται;
2589 3358 2716 3418 Ναὶ,
2765 3357 2946 3426 φησὶν,
2993 3353 3111 3411 οἴδα
3152 3358 3308 3411 τοῦτο
3348 3362 3439 3413 καί
3468 3363 3651 3425 αὐτὸς,

2074 3450 2209 3503 ἀλλά
2260 3450 2377 3510 πῶς
2416 3448 2585 3518 αὐτὴν
2624 3448 3056 3519 ἀποκρούσομαι,
3088 3450 3183 3503 καὶ
3225 3452 3516 3524 ἀποστήσω
3554 3454 3654 3525 τῆς

2076 3539 2314 3609 ἐμαυτοῦ
2346 3540 2543 3607 ψυχῆς,
2568 3540 2665 3591 οὐκ
2685 3534 2818 3591 οἶδα.
2846 3540 2956 3592 Καὶ
2982 3541 3141 3603 ποίας
3170 3541 3325 3594 τοῦτο
3349 3542 3650 3608 δυσκολίας,

2074 3622 2120 3681 ὦ
2175 3628 2329 3696 φίλες
2360 3630 2423 3680 Εἰ
2453 3629 2549 3698 μὲν
2588 3628 2695 3698 γὰρ
2733 3629 2997 3700 ἐπιθυμία
3024 3647 3110 3692 τις
3140 3626 3229 3701 ἦν,
3268 3632 3361 3684 καί
3386 3634 3653 3703 σωμάτων

2075 3720 2215 3791 ἔρως
2247 3720 2465 3782 ἄτοπος,
2502 3720 2532 3788 ἣ
2560 3719 2863 3784 κενοδοξίας
2906 3723 3178 3793 τυραννὶς,
3207 3722 3265 3775 τὸ
3297 3723 3652 3794 δυσκαταγώ-

2075 3814 2252 3867 νιστον
2278 3815 2463 3877 κακὸν,
2498 3816 2531 3885 ἢ
2567 3814 2692 3869 ἄλλο
2720 3834 2770 3869 τι
2810 3816 2919 3869 τῶν
2950 3817 3206 3871 τοιούτων
3239 3820 3445 3885 παθῶν,
3475 3824 3653 3884 καλῶς

2075 3906 2141 3960 ἂν
2164 3908 2389 3977 ἠπόρεις
2421 3908 2562 3979 ὑπὲρ
2594 3908 2693 3978 τῆς
2725 3909 3045 3979 ἀπαλλαγῆς
3065 3927 3077 3941 ⁸
3109 3912 3233 3975 τοὺς
3254 3914 3362 3985 γὰρ
3395 3916 3655 3981 τοιούτοις

2075 3998 2301 4061 ἁλόντας
2352 3998 2609 4053 ἀδύνατον
2659 4000 2756 4070 μὲν
2808 4001 3079 4071 οὐδαμῶς,
3126 4002 3379 4057 δύσκολον
3412 4006 3468 4059 δὲ
3506 4008 3655 4077 ὅμως

2076 4090 2377 4161 ἀποδρᾶναι
2434 4090 2501 4143 τά
2536 4091 2746 4145 δίκτυα.
2789 4091 2855 4144 Τί
2907 4092 3141 4163 δήποτε;
3178 4094 3298 4147 Ὅτι
3336 4096 3434 4166 τὴν
3462 4097 3655 4167 ἡδονὴν

2076 4181 2257 4251 ἔχουσι
2289 4200 2351 4235 συ
2361 4182 2748 4254 μπράττουσαν
2768 4184 2861 4236 καὶ
2881 4183 3180 4254 βοηθοῦσαν
3197 4186 3379 4250 αὐτοῖς
3400 4204 3414 4218 ·
3445 4189 3539 4241 καὶ
3559 4188 3657 4241 αὖ·

2075 4291 2142 4344 τη
2196 4276 2341 4327 ἐστὶν
2371 4276 2405 4345 ἡ
2447 4274 2516 4327 τὰ
2542 4274 2713 4327 πολλὰ
2754 4276 3087 4345 πανταχόθεν
3113 4278 3511 4348 περιϐάλλουσα
3541 4283 3653 4345 τοῖς

2078 4364 2342 4418 ἑαλωκόσι
2382 4365 2619 4435 σχοινία·
2680 4366 2773 4418 καὶ
2815 4367 2971 4419 τοῦτο
3026 4368 3242 4438 πρῶτον
3284 4368 3396 4440 ἕχει
3428 4371 3562 4442 πρὸς
3594 4372 3657 4426 τὸ

2078 4455 2486 4525 κατορθωθῆναι
2513 4456 2767 4526 χαλεπὸν,
2797 4461 2981 4511 πεῖσαι
3011 4460 3109 4528 τὴν
3136 4460 3314 4532 ψυχὴν
3344 4463 3477 4526 ὅλως
3496 4463 3656 4534 θελῆ-

2081 4561 2169 4599 σαι
2224 4546 2319 4599 καί
2364 4546 2690 4617 βουληθῆναι
2753 4548 2853 4619 τὴν
2886 4549 3240 4621 ἀπαλλαγήν
3304 4553 3398 4606 καὶ
3443 4555 3654 4621 γίνεται

2079 4638 2399 4708 παρόμοιον,
2431 4639 2619 4708 ὥσπερ
2645 4638 2709 4692 ἂν
2740 4640 2889 4703 εῖτις
2921 4640 3109 4712 ψώραν
3131 4644 3163 4713 ἤ
3188 4646 3498 4716 κνησμονὴν
3515 4647 3653 4699 ἀπο-

2078 4728 2265 4783 θέσθαι
2312 4730 2541 4799 ὀφείλων
2587 4732 2894 4801 ἐνηδύνοιτο
2946 4734 3025 4804 τῷ
3061 4737 3345 4805 νοσήματι,
3376 4738 3472 4791 καὶ
3523 4738 3656 4791 εἴσω

2077 4821 2172 4875 τοῦ
2220 4821 2427 4887 πάθους
2476 4825 2665 4878 ἐαυτὸν
2699 4825 2933 4879 εἰσωθοῖ.
2964 4827 3182 4897 Πρὸςδέ
3215 4828 3313 4899 τὴν
3345 4829 3446 4898 τῆς
3479 4829 3654 4899 λύπης

2076 4914 2422 4985 ἀναχώρησιν
2454 4918 2513 4968 οὐ
2551 4917 2749 4988 μικρὸν
2798 4920 2928 4989 ἡμῖν
2961 4918 3118 4971 τοῦτο
3150 4920 3396 4990 ἦνυσται,
3422 4920 3484 4973 τὸ
3516 4921 3655 4984 τέως

2075 5004 2254 5075 ἀηδῶς
2298 5005 2441 5075 ἔχειν
2488 5006 2623 5077 πρὸς
2678 5009 2871 5080 αὐτήν.
2938 5009 2995 5063 '0
3045 5011 3154 5081 γάρ
3203 5028 3309 5065 τινι
3352 5011 3655 5081 βαρυνόμε-

2075 5113 2184 5159 νος,
2217 5097 2309 5148 καὶ
2350 5096 2651 5166 ἀπορρῖψαι
2692 5098 2983 5151 σπουδάσει
3023 5099 3235 5168 ταχέως
3259 5100 3408 5152 αὐτό.
3446 5101 3510 5151 Τί
3534 5097 3650 5163 οὖν,

2074 5188 2141 5242 ἂν
2172 5188 2375 5261 σπεύδῃ
2417 5189 2535 5258 μὲν,
2573 5189 2647 5259 μὴ
2685 5189 2907 5259 δύνηται
2944 5190 3035 5253 δέ;
3070 5190 3160 5259 Μὴ
3194 5189 3448 5243 παυέσθω
3490 5207 3654 5242 σπου-

2073 5281 2268 5345 δάζων,
2297 5282 2391 5334 καὶ
2419 5282 2629 5351 ταχέως
2652 5282 2958 5353 δυνήσεται.
3004 5283 3285 5354 Ἐννόησον
3314 5283 3422 5355 γὰρ
3451 5284 3533 5336 ὅτι
3558 5283 3649 5336 τὸν

2072 5376 2417 5447 Χριστιανὸν,
2473 5376 2525 5428 εί
2575 5393 2706 5428 ποτε
2751 5376 3002 5434 λυποῖτο,
3024 5377 3118 5429 δύο
3162 5377 3323 5446 μόνον
3365 5377 3651 5440 ὑποθέσεις

2072 5467 2311 5538 ἀθυμίας
2326 5468 2470 5538 ἔχειν
2493 5468 2589 5531 δεῖ,
2609 5468 2782 5539 nam
2798 5468 2977 5532 αὐτὸς,
3005 5469 3038 5538 ἢ
3055 5470 3182 5522 ὅταν
3196 5471 3224 5521 ὁ
3248 5469 3471 5538 πλησίον
3490 5486 3654 5539 προσ-

2074 5554 2278 5626 κρούσῃ
2316 5554 2436 5624 Θεῷ
2456 5572 2469 5584 ⁸
2501 5556 2599 5625 τῇς
2642 5556 2699 5608 δὲ
2733 5556 3014 5628 παρούσης
3050 5557 3225 5627 λύπης
3256 5558 3512 5628 οὐδεμίαν
3541 5560 3652 5614 τῶν

2077 5646 2226 5717 [226]
2254 5647 2580 5719 προφάσεων
2618 5648 2821 5701 τούτων
2852 5650 3007 5721 ῥίζαν
3028 5649 3277 5721 ἐχούσης,
3303 5653 3425 5722 εἰκῇ
3455 5651 3649 5707 σαυτὸν

2141 5771 2161 5833 “_
2183 5768 2583 5833 ςοίζ).“ἐπέτριψε,
2609 5768 2729 5833 ρόἱιτ
2756 5769 2997 5833 ἐπέτρεψε.

2140 5830 2163 5868 d
2187 5830 2319 5895 inb.
2345 5830 2961 5895 εἰδιινὶιικαταξαινέσθω,
3010 5832 3163 5881 Morel
3224 5830 3644 5895 utuinpzwéoﬁu.

2136 5897 2156 5925 ε
2184 5892 2314 5943 COIb.
2343 5893 2497 5951 πάλιν,
2526 5893 2605 5942 alii
2628 5893 2820 5949 πολλήν.
