4036 6416
371 275 480 334 «893

374 392 584 462 ὀδυνᾷς.
611 388 722 442 Καὶ
759 387 920 441 πόθεν
943 385 1100 438 τοῦτο
1128 385 1306 456 δῆλον,
1347 387 1530 457 φησιν,
1563 385 1645 438 ὅτι
1683 384 1744 436 οὐ
1780 400 1948 454 προσ-

1081 271 1138 328 S.
1179 269 1464 327 JOANNIS
1496 268 2012 326 CHRYSOSTOMI.
2051 269 2369 326 ARCHIEP.
2410 267 2949 334 CONSTANTINOP,

3513 271 3618 326 496

2049 383 2372 455 σεμνότητος
2394 377 2485 454 ἦν,
2507 381 2646 436 ὥστε
2682 381 2839 436 τοῦτο
2879 379 3139 437 πάντοθεν
3178 383 3310 452 ἡμῖν
3344 377 3479 436 εἶναι
3515 401 3622 452 φα-

376 474 736 546 κρουσμάτων
754 470 1660 542 ταύτηντίνομενδίκην;Μάλιστα
1679 469 1947 540 μὲνδῆλόν
2047 466 2222 539 νερὸν,
2264 467 2346 520 ὅτι
2386 467 2661 536 στεφάνων
2713 467 2806 519 καὶ
2851 465 3092 530 μείζονος
3144 465 3447 530 ὑποθέσεώς
3502 469 3621 520 ἐστι

377 545 512 617 ἐστι,
551 556 688 626 πλὴν
708 555 844 617 τέως
877 557 977 607 οὐκ
1011 555 1353 625 ἰσχυρίζομαι
1393 545 1569 607 τοῦτο.
1618 553 1756 605 Ἀλλ’
1785 552 1944 617 ἔστω,

375 643 424 694 εἰ
477 641 674 710 βούλει,
711 638 842 708 μηδέ
883 639 1096 707 ἀδηλον,
1136 639 1210 703 ὼς
1245 639 1400 709 ἐφης,
1443 637 1579 691 ἀλλὰ
1613 638 1707 690 καὶ
1744 637 1948 708 σφόδρα

375 725 552 794 δῆλον,
590 721 792 776 ὅτιτῶν
811 722 1223 792 ἁμαρτημάτων
1253 723 1372 775 ἐστί
1391 723 1549 774 τοῦτο
1574 720 1943 782 ἀνταπόδοσις·

374 807 462 860 διὰ
513 803 669 858 τοῦτο
710 801 802 857 οὖν
826 805 1030 872 ἀλγεῖς,
1076 805 1196 860 εἰπὲ
1233 821 1353 876 μοις
1395 805 1501 859 Καὶ
1549 805 1656 875 μὴν
1687 803 1948 874 εὐθυμίας

375 889 523 953 ἄξιον
555 889 615 941 τὸ
656 888 888 942 ἐνταῦθα
935 888 1287 942 διαλύσασθαι
1323 888 1392 942 τά
1431 888 1827 959 ἁμαρτήματα,
1856 887 1949 938 καὶ

379 973 452 1040 μὴ
480 971 577 1024 σὺν
603 971 682 1039 τῷ
711 972 904 1042 κόσμῳ
933 972 1378 1042 κατακρίνεσθαι.
1410 971 1513 1024 Τὸν
1537 971 1646 1041 γάρ
1681 969 1947 1038 ἀλγοῦντα

373 1054 471 1124 οὐχ
490 1054 630 1124 ὑπὲρ
647 1047 721 1107 ὧν
738 1053 1045 1118 κολάζεται,
1066 1055 1185 1108 ἀλλ’
1203 1055 1342 1127 ὑπὲρ
1355 1047 1430 1108 ὧν
1448 1055 1780 1125 ἁμαρτάνων
1805 1069 1948 1121 παρ-

373 1136 549 1202 οξύνει
571 1137 662 1189 τὸν
686 1137 840 1203 Θεὸν,
874 1138 1060 1205 ἀλγεῖν
1084 1138 1166 1190 δεῖ
1182 1155 1194 1168 ·
1221 1138 1289 1191 τά
1320 1139 1416 1209 μὲν
1439 1137 1547 1208 γὰρ
1573 1138 1948 1208 ἁμαρτήματα

373 1219 665 1287 ἀφίστησιν
713 1219 872 1288 ἡμῶν
903 1220 994 1274 τὸν
1056 1221 1190 1273 Θεὸν
1217 1223 1310 1274 καὶ
1356 1221 1549 1292 ἐχθρὸν
1585 1222 1748 1284 ποιεῖ,
1789 1220 1859 1272 τὰ
1890 1220 1947 1273 δέ

372 1301 482 1355 τῶν
500 1303 776 1355 κολάσεων
811 1303 1170 1356 καταλλάττει
1210 1321 1268 1356 τε
1299 1305 1460 1357 αὐτὸν
1492 1307 1622 1374 ἡμῖν
1652 1305 1746 1357 καὶ
1772 1321 1949 1374 παρα-

376 1385 632 1449 σκευάζει
666 1386 824 1438 ἵλεων
871 1383 1012 1438 εῐναι
1044 1389 1138 1440 καὶ
1165 1388 1351 1455 ἐγγύς.
1385 1387 1587 1440 Ὅτιδέ
1608 1387 1729 1439 οὔτε
1765 1387 1946 1457 ἀμαρ-

374 1470 632 1539 τημάτων
688 1471 834 1522 ἐστὶν
887 1471 1175 1537 ἀντίδοσις,
1205 1471 1340 1525 ἀλλά
1372 1472 1648 1540 στεφάνων
1690 1471 1784 1523 καὶ
1817 1469 1950 1540 βρα-

373 1554 536 1606 6είων
590 1553 844 1618 ὑπόθεσις
894 1550 1048 1617 οὗτος
1097 1555 1126 1607 6
1175 1555 1333 1626 ἱδρὼς
1377 1556 1472 1607 καὶ
1508 1556 1537 1606 6
1567 1553 1747 1616 πόνος,
1793 1553 1949 1622 δῆλον

373 1635 599 1689 ἐκεῖθεν.
642 1637 704 1689 Εἰ
738 1637 834 1705 μὲν
865 1637 974 1706 γάρ
1001 1637 1241 1708 αἰσχρῶς
1283 1637 1378 1690 καὶ
1421 1636 1645 1700 ἀσώτως
1683 1636 1774 1690 τὸν
1813 1635 1950 1708 πρόι

372 1735 528 1789 τερον
559 1718 671 1788 βίον
707 1719 875 1788 βιοὺς,
897 1719 1070 1783 οὕτως
1108 1722 1200 1774 ἐπὶ
1239 1720 1337 1790 τὴν
1370 1721 1478 1774 τῶν
1515 1719 1760 1791 μοναχῶν
1798 1720 1951 1773 πολι-

373 1801 524 1854 τείαν
554 1801 858 1871 μετέθηκας
900 1803 1142 1869 σεαυτὸν,
1169 1799 1237 1873 ἦν
1269 1804 1366 1874 μέν
1413 1803 1531 1856 οὐδὲ
1571 1801 1714 1856 οὕτω
1749 1801 1952 1874 ταύτην

375 1884 711 1936 ὑποπτεῦσαι
751 1885 852 1954 τὴν
903 1886 1154 1954 ὑποψίαν.
1213 1886 1273 1940 El
1308 1887 1418 1958 γάρ
1445 1885 1533 1940 διὰ
1568 1886 1724 1939 τοῦτο
1759 1887 1952 1954 ἐπάγει

372 1967 472 2028 τὰς
496 1966 766 2037 τιμωρίας
797 1970 824 2020 6
845 1967 998 2033 Θεὸς,
1030 1969 1116 2023 ἵνα
1141 1969 1314 2041 τρέψῃ
1344 1970 1480 2040 πρὸς
1517 1971 1801 2040 μετάνοιαν
1827 1970 1953 2032 τοὺς

373 2050 666 2113 ἀνενδότως
699 2050 939 2120 ἔχοντας,
964 2053 1063 2122 τῆς
1091 2053 1375 2123 μετανοίας
1409 2053 1823 2124 ἐπιδειχθείσης,
1853 2072 1952 2107 πε-

375 2132 532 2203 ριττά
556 2133 740 2186 λοιπὸν
769 2135 836 2188 τά
865 2135 963 2204 τῆς
993 2136 1260 2208 τιμωρίας
1295 2139 1485 2191 τούτου
1511 2155 1572 2206 γε
1606 2139 1790 2192 ἐνεκέν
1815 2140 1947 2194 ἐστι.

373 2216 638 2270 Τοσοῦτον
663 2217 771 2289 γὰρ
798 2219 988 2288 ἀπέχει
1021 2219 1116 2272 τοῦ
1145 2221 1423 2291 βούλεσθαι
1476 2221 1723 2285 κολάζειν
1755 2223 1898 2294 ἡμᾶς
1925 2225 1954 2277 6

371 2300 522 2363 Θεὸς,
571 2301 646 2362 ὼς
685 2303 780 2353 καὶ
819 2301 1078 2365 πολλάκις
1109 2304 1377 2375 τιμωρίας
1424 2305 1550 2370 ἀξια
1597 2305 1952 2376 πράττοντας,

374 2384 468 2435 καὶ
497 2382 697 2450 πολλῆς
727 2382 1011 2452 δεομένους
1040 2387 1392 2458 ἐπιστροφῆς,
1426 2388 1494 2440 δι’
1523 2387 1750 2459 ἀπειλῆς
1795 2388 1954 2457 μόνον

374 2467 468 2518 καὶ
496 2465 754 2536 ῥημάτων
788 2467 1032 2537 φοϐερῶν
1073 2470 1420 2540 σωφρονίζειν
1451 2472 1621 2542 ἡμᾶς.
1649 2472 1758 2524 Καὶ
1800 2471 1955 2524 τοῦτο

376 2549 507 2612 ἴδοις
537 2547 602 2601 ἂν
633 2549 724 2602 ἐπί
757 2567 816 2602 τε
839 2549 933 2602 τοῦ
976 2551 1208 2623 Ἰσραὴλ,
1259 2553 1350 2604 ἐπί
1385 2571 1446 2605 τε
1483 2553 1582 2624 τῆς
1615 2553 1820 2618 πόλεως
1848 2556 1953 2607 τῶν

373 2631 691 2684 Νινευῖτῶν.
714 2632 788 2684 Οὐ
816 2633 924 2703 γάρ
952 2635 1110 2701 μόνον
1135 2633 1233 2704 τὴν
1261 2635 1528 2706 τιμωρίαν
1554 2637 1654 2689 οὐκ
1682 2639 1951 2706 ἐπήγαγε,

373 2716 472 2784 τὴν
515 2715 803 2785 μετάνοιαν
840 2716 1262 2787 ἐπιδειξαμένων
1291 2718 1531 2784 ἐκείνων,
1563 2719 1699 2772 ἀλλά
1733 2721 1825 2774 καὶ
1856 2721 1954 2792 τὴν

372 2797 599 2867 ἀπειλὴν
633 2797 834 2861 εὐθέως
871 2797 1044 2851 ἔλυσε.
1075 2799 1260 2871 Πολλῷ
1307 2800 1411 2872 γὰρ
1455 2801 1610 2872 ἡμῶν
1643 2802 1823 2854 αὐτῶν
1857 2804 1954 2856 αύ-

371 2881 462 2944 τὸς
512 2881 756 2950 βούλεται
805 2882 1003 2952 μᾶλλον
1061 2883 1226 2954 μηδὲν
1282 2887 1428 2955 ἡμᾶς
1488 2886 1713 2955 πάσχειν
1763 2887 1951 2951 κακὸν,

372 2964 467 3016 καὶ
502 2964 676 3028 οὐδεὶς
729 2963 901 3029 οὕτως
937 2966 1128 3019 ἐαυτοῦ
1183 2967 1416 3035 φείσαιτ⁹
1461 2968 1567 3032 ἂν,
1611 2969 1687 3032 ὼς
1735 2970 1951 3024 πάντων

371 3047 529 3116 ἡμῶν
553 3049 580 3100 ὁ
606 3047 758 3109 Θεός.
783 3044 914 3100 Εἶτα
934 3049 964 3100 6
986 3049 1113 3112 τοὺς
1145 3050 1402 3114 πολλάκις
1442 3052 1538 3122 μὲν
1567 3052 1952 3122 ἡμαρτηκότας

375 3130 582 3200 ῥήμασι
625 3130 824 3199 φοϐῶν,
871 3132 930 3184 οὐ
983 3130 1244 3197 κολάζων,
1283 3135 1718 3205 μετανοήσαντας
1753 3135 1811 3187 δέ
1861 3135 1954 3190 καὶ

370 3211 576 3281 ταύτης
613 3213 968 3267 ἀπαλλάττων
1007 3214 1108 3284 τῆς
1157 3217 1416 3284 ἀγωνίας,
1453 3217 1513 3269 σέ
1554 3217 1644 3270 τὸν
1686 3218 1954 3290 τοσαύτην

373 3293 778 3364 ἐπιδειξάμενον
810 3295 1096 3356 εὐλάϐειάν
1131 3315 1188 3350 τε
1219 3301 1313 3352 καὶ
1352 3301 1550 3371 ἀρετὴν
1578 3301 1638 3353 οὐ
1675 3301 1834 3371 μόνον
1855 3302 1954 3372 τῆς

372 3377 601 3447 ἀπειλῆς
628 3379 727 3432 οὐκ
748 3379 1072 3450 ἀπήλλαξεν,
1113 3381 1248 3438 ἀλλά
1280 3383 1375 3436 καὶ
1406 3386 1470 3454 τῇ
1514 3384 1603 3438 διὰ
1643 3384 1750 3438 τῶν
1779 3385 1955 3456 ἔργων

373 3459 656 3528 παρεδίδου
679 3460 932 3530 κολάσει;
959 3462 1052 3517 καὶ
1088 3465 1205 3528 πῶς
1233 3466 1298 3520 ἀν
1321 3482 1406 3529 τις
1428 3467 1586 3520 τοῦτο
1610 3469 1946 3534 πιστεύσειε;

374 3541 521 3611 Πλὴν
563 3543 677 3595 ἀλλ’
709 3547 756 3597 εἰ
797 3545 894 3615 μὲν
925 3545 1214 3619 διέφθαρτό
1253 3566 1336 3602 σοι
1375 3551 1469 3604 καὶ
1515 3551 1769 3622 πονηρὸς,
1814 3552 1948 3622 ὅπερ

372 3623 531 3693 ἔφην,
577 3626 606 3677 6
655 3627 760 3698 πρὸ
792 3627 978 3681 τούτου
1014 3630 1128 3700 βίος
1157 3626 1246 3702 ἦν,
1287 3632 1390 3686 κᾶν
1429 3634 1510 3697 είς
1543 3633 1750 3688 ἐννοιαν
1795 3634 1950 3690 τοῦτο

375 3708 545 3762 ἐλθεῖν
571 3727 678 3764 τινι
702 3711 923 3766 δυνατὸν
947 3708 1015 3785 ἦν
1030 3731 1043 3744 ’
1073 3713 1168 3768 νῦν
1189 3715 1247 3768 δὲ
1271 3716 1363 3768 τοῦ
1389 3717 1488 3788 μὲν
1511 3719 1774 3789 παρόντος
1795 3719 1950 3772 ἐλάτ-

2047 553 2204 606 ταυτὶ
2245 552 2313 606 τά
2363 550 2735 621 παλαίσματα.
2765 552 2858 603 Δεῖ
2884 551 2982 620 μὲν
3021 547 3136 612 οὖν,
3177 550 3313 622 ὅπερ
3343 550 3496 620 ἐφην,
3524 553 3622 604 και

2046 637 2267 700 τούτους
2298 637 2392 690 καὶ
2423 638 2548 700 τοὺς
2593 635 2863 698 τοιούτους
2900 635 3172 688 ἀνακινεῖν
3200 633 3509 703 λογισμοὺς,
3539 634 3627 686 δεῖ

2047 721 2104 774 δέ
2140 719 2278 791 μετὰ
2309 718 2533 785 τούτων,
2568 718 2764 788 μᾶλλον
2800 717 2858 771 δέ
2897 718 2992 770 καὶ
3027 717 3132 786 πρὸ
3176 716 3398 780 τούτων,
3435 718 3626 787 εὐχαῖς

2049 805 2144 858 καὶ
2189 804 2487 876 ἱκετηρίαις
2535 804 2693 856 τοῦτο
2741 799 3111 865 διασκεδάζειν
3157 801 3218 854 τὸ
3255 801 3461 864 σκότος.
3510 803 3627 855 Καὶ

2047 889 2156 959 γὰρ
2179 889 2206 941 6
2235 886 2501 959 μακάριος
2519 886 2698 948 Δαυῖδ,
2727 887 2755 938 6
2779 884 3086 954 θαυμαστὸς
3109 886 3314 946 ἐκεῖνος
3335 884 3427 937 καὶ
3450 883 3626 954 μέγας

2049 971 2208 1042 ἀνὴρ,
2238 970 2446 1033 τούτοις
2477 970 2746 1040 ἐχρήσατο
2771 971 2883 1030 τοῖς
2907 968 3213 1038 φαρμάκοις
3245 967 3498 1037 συνεχῶς,
3529 970 3626 1021 καὶ

2048 1054 2189 1106 οὓτω
2211 1053 2308 1116 τὰς
2332 1052 2530 1114 πολλὰς
2554 1051 2662 1104 τῶν
2687 1051 2916 1120 θλίψεων
2939 1049 3272 1120 ἀπεκρούετο
3295 1049 3502 1114 ὀδύνας,
3525 1051 3628 1104 νῦν

2053 1137 2150 1206 μὲν
2178 1137 2466 1207 εὐχόμενος
2500 1136 2594 1190 καὶ
2630 1135 2834 1203 λέγων·
2875 1137 2944 1188 Al
2977 1135 3212 1202 θλίψεις
3232 1132 3342 1200 τῆς
3376 1133 3628 1203 καρδίας

2044 1239 2163 1290 μου
2185 1221 2676 1286 ἐπληθύνθησαν·
2703 1220 2769 1272 ἐκ
2792 1217 2910 1271 τῶν
2932 1217 3209 1285 ἀναγκῶν
3224 1235 3343 1287 μου
3373 1216 3629 1288 ἐξάγαγέ

2043 1324 2152 1376 με·
2187 1304 2282 1358 νῦν
2307 1305 2363 1358 δὲ
2392 1304 2682 1373 λογισμοὺς
2714 1301 2979 1357 ἀνακινῶν
3008 1301 3279 1364 εὐσεϐεῖςο
3316 1303 3487 1356 ἰνατί
3514 1318 3624 1356 πε-

2042 1391 2304 1459 ρίλυπος
2330 1384 2404 1452 εἲ,
2435 1387 2475 1454 ἡ
2508 1388 2678 1456 ψυχή
2711 1404 2851 1456 μου,
2875 1387 2972 1440 καί
3009 1385 3164 1440 Ζνατί
3199 1385 3629 1454 συνταράττεις

2044 1490 2154 1543 ys;
2182 1475 2476 1526 Ἔλπισον
2508 1470 2605 1522 ἐπὶ
2645 1471 2752 1524 τὸν
2793 1469 2961 1533 Θεὸν,
2989 1469 3076 1522 ὅτι
3112 1467 3630 1537 ἐξομολογήσομαι

2050 1556 2228 1622 αὐτῷ.
2268 1556 2380 1610 Καὶ
2403 1554 2584 1618 πάλιν,
2607 1553 2716 1607 ἀπὸ
2740 1557 2849 1606 τῶν
2872 1551 3144 1622 λογισμῶν
3176 1551 3503 1621 τρεπόμενος
3530 1551 3629 1604 ἐπὶ

2050 1657 2150 1702 τας
2178 1639 2360 1709 εὐχάς·
2389 1640 2554 1703 Ἀνες
2571 1655 2690 1706 μοι,
2725 1637 2910 1705 φησὶν,
2935 1637 3033 1689 ἵνα
3057 1634 3348 1702 aruit-138w
3377 1634 3488 1702 πρὸ
3516 1633 3630 1688 τοῦ

2055 1721 2202 1794 [227]
2231 1739 2308 1792 με
2330 1721 2633 1787 ἀπελθεῖν,
2655 1720 2754 1774 καί
2792 1720 2989 1774 οὐκέτι
3016 1722 3088 1773 οὐ
3112 1717 3198 1788 μὴ
3225 1715 3467 1786 ὐπάρξω
3484 1734 3498 1749 ο
3532 1719 3630 1771 καί

2051 1806 2159 1860 ἀπὸ
2185 1805 2292 1859 τῶν
2323 1806 2497 1876 εὐχῶν
2523 1807 2615 1858 ἐπί
2645 1805 2773 1868 τοὺς
2796 1801 3113 1873 λογισμούς·
3151 1802 3212 1856 Τί
3250 1800 3360 1870 γάρ
3381 1819 3481 1870 μοι
3512 1804 3631 1856 ὐπ-

2051 1889 2217 1959 άρχει
2243 1890 2313 1944 ἐν
2338 1887 2418 1954 τῷ
2452 1888 2706 1958 οὐρανῷ,
2749 1887 2847 1941 καί
2891 1886 3049 1954 παρὰ
3093 1885 3210 1938 σοῦ
3250 1884 3309 1938 τί
3354 1883 3630 1952 ἠθέλησα

2051 1973 2149 2026 ἐπὶ
2179 1971 2290 2042 τῆς
2326 1972 2473 2043 γῆς;
2520 1971 2676 2026 Οῦτω
2718 1971 2814 2025 καὶ
2847 1971 2876 2023 6
2919 1968 3038 2022 ἰὼδ
3083 1968 3219 2039 πρὸς
3260 1967 3357 2037 μὲν
3393 1967 3490 2037 τὴν
3530 1985 3626 2035 γυ-

2052 2059 2212 2109 ναῖκα
2255 2053 2627 2127 παραινοῦσαν
2670 2053 2741 2108 τά
2785 2051 3047 2107 σατανικά
3087 2054 3304 2123 ῥήματα
3348 2049 3628 2120 λογισμοῖς

2052 2138 2370 2210 ἀπεμάχετο
2410 2139 2503 2191 καὶ
2545 2137 2778 2208 ἐπετίμα
2821 2135 3022 2205 λέγων·
3071 2133 3242 2188 Ἰνατί
3278 2131 3478 2202 ὥσπερ
3518 2134 3630 2202 μία

2051 2223 2171 2276 τῶν
2201 2223 2479 2290 ἀφρόνων
2500 2219 2818 2291 γυναικῶν,
2853 2219 3040 2285 οὕτως
3065 2216 3408 2284 sitimque;
3445 2217 3512 2268 Ei
3554 2217 3632 2270 τὰ

2052 2305 2242 2376 ἀγαθὰ
2270 2303 2594 2374 ἐδεξάμεθα
2614 2305 2683 2357 ἐκ
2720 2303 2918 2373 χειρὸς
2946 2301 3189 2369 Κυρίου,
3219 2300 3291 2354 τὰ
3331 2298 3484 2352 κακὰ
3511 2300 3630 2368 οὐκ

2053 2390 2431 2457 ύποίσομεν;
2458 2388 2603 2460 Πρὸς
2633 2387 2691 2440 δέ
2729 2385 2820 2441 τὸν
2851 2386 2982 2441 Θεὸν
3021 2385 3318 2456 ἱκετηρίαις
3342 2383 3628 2455 ἐκέχρητο.

2055 2472 2165 2524 Καὶ
2188 2473 2218 2524 6
2252 2471 2520 2542 μακάριος
2549 2471 2608 2524 δέ
2640 2469 2850 2535 Παῦλος
2876 2470 3202 2540 ἀμφοτέροις
3234 2468 3440 2530 τούτοις
3469 2465 3628 2537 ἐϐοή-

2054 2553 2139 2608 θει
2181 2557 2293 2616 τοῖς
2326 2556 2385 2607 ἐν
2426 2554 2665 2624 θλίψεσιν
2709 2549 2826 2608 οὖσι
2867 2553 2962 2608 καὶ
3009 2553 3350 2625 πειρασμοῖς,
3391 2549 3488 2604 νῦν
3526 2548 3630 2620 μὲν

2054 2637 2246 2705 λέγων·
2265 2640 2334 2691 Εἰ
2360 2637 2428 2690 δὲ
2450 2639 2621 2704 ἐκτός
2652 2638 2793 2692 ἐστε
2819 2637 3111 2702 παιδείας,
3135 2636 3248 2704 ἄρα
3273 2635 3434 2688 νόθοι
3461 2631 3627 2697 ἐστὲ,

2055 2723 2150 2776 καί
2183 2724 2296 2791 οὺχ
2333 2723 2453 2776 υἱοί
2472 2740 2486 2753 ο
2536 2722 2627 2788 τίς
2652 2721 2763 2792 γάρ
2790 2721 2958 2776 ἐστιν
2981 2722 3129 2786 υίὸς,
3165 2719 3237 2773 ὃν
3260 2720 3333 2773 οὐ
3364 2715 3630 2771 παιδεύει

2055 2805 2294 2874 πατήρ;
2332 2804 2426 2858 νῦν
2466 2803 2523 2858 δέ
2563 2805 2870 2876 εὐχόμενος,
2927 2803 3148 2868 Πιστὸς
3193 2802 3318 2872 γὰρ,
3366 2801 3549 2871 φησὶν,
3595 2804 3632 2853 ὀ

2057 2888 2219 2955 Θεὸς,
2249 2887 2316 2955 ὃς
2338 2891 2449 2943 οὐκ
2486 2889 2651 2943 ἐάσει
2682 2887 2836 2958 ὑμᾶς
2854 2887 3246 2958 πειρασθῆναι
3270 2887 3421 2952 ὑπὲρ
3452 2883 3482 2938 6
3525 2883 3634 2937 δύ·-

2057 2977 2270 3027 νασθεσ
2303 2977 2396 3026 καὶ
2428 2973 2608 3037 πάλιν,
2648 2973 2831 3041 Εἴπερ
2873 2971 3106 3025 δίκαιον
3147 2967 3304 3038 παρὰ
3336 2966 3455 3032 Θεῷ
3482 2967 3638 3021 ἀντ-

2053 3055 2384 3110 αποδοῦναι
2412 3055 2536 3120 τοῖς
2571 3057 2882 3112 θλίϐουσιν
2904 3053 3057 3124 ὑμᾶς
3098 3052 3324 3121 θλῖψιν,
3359 3052 3454 3104 καί
3484 3051 3636 3119 ὑμῖν

2053 3138 2176 3202 τοῖς
2213 3139 2580 3208 θλιϐομένοις
2603 3139 2834 3193 ἄνεσιν.
2863 3138 2960 3191 Ἂν
2990 3133 3080 3191 οὖν
3109 3136 3318 3200 τούτοις
3343 3136 3436 3188 καὶ
3462 3134 3632 3197 αὐτὸς

2055 3219 2215 3292 θέλῃς
2245 3221 2477 3292 χρῆσθαι
2506 3224 2619 3286 τοῖς
2651 3222 2856 3287 ὅπλοις,
2895 3221 2987 3276 καὶ
3023 3219 3360 3290 περιφράξῃς
3399 3215 3636 3270 σεαυτὸι

2055 3304 2390 3374 πανταχόθεν
2433 3305 2630 3371 καλῶς,
2676 3307 2789 3369 τοῖς
2821 3303 2919 3375 μὲν
2959 3303 3232 3374 λογισμοῖς
3267 3299 3636 3370 ἀποτειχίζων

2055 3387 2153 3457 τῆς
2180 3387 2415 3460 ἀθυμίας
2439 3388 2535 3460 τὴν
2562 3388 2768 3458 ἔφοδον,
2793 3390 2909 3451 ταῖς
2933 3388 2990 3441 δέ
3015 3387 3197 3456 εὐχαῖς
3229 3385 3321 3438 καὶ
3346 3387 3460 3447 ταῖς
3490 3399 3628 3434 σαυ-

2056 3470 2148 3523 τοῦ
2183 3473 2276 3524 καὶ
2319 3475 2436 3535 ταῖς
2471 3473 2671 3542 ἐτέρων
2714 3470 2868 3524 τοῦτο
2897 3470 3113 3540 ἰσχυρὸν
3142 3470 3203 3520 τὸ
3229 3471 3402 3539 τεῖχος
3430 3466 3626 3527 ποιῶν,

2056 3554 2264 3623 ταχέως
2293 3555 2526 3625 αἰσθήσῃ
2575 3553 2679 3607 τῶν
2717 3553 2940 3624 καρπῶν
2977 3553 3074 3622 τῆς
3107 3551 3369 3614 παιδείας.
3404 3551 3478 3602 Uti
3511 3549 3632 3619 γὰρ

2053 3637 2211 3689 τοῦτο
2238 3637 2394 3706 μόνον
2427 3639 2701 3708 κερδανεῖς
2737 3637 2796 3690 τὸ
2823 3636 2892 3690 τὰ
2918 3637 3155 3706 παρόντα
3184 3634 3440 3702 γενναίως
3472 3636 3628 3699 ἐνεγ-

2055 3722 2192 3782 κεῖν,
2227 3720 2337 3772 ἀλλ⁹
2379 3722 2853 3790 ἐγγυμνασάμενος
2884 3720 3062 3782 αὐτοῖς
3109 3717 3306 3781 καλῶς,
3347 3718 3439 3770 καὶ
3486 3717 3634 3788 πρὸς-

371 3807 480 3846 των
507 3794 731 3859 ἐκεῖνος,
763 3795 986 3865 κόσμιος
1022 3796 1078 3850 δέ
1110 3798 1206 3852 καὶ
1228 3798 1388 3862 αὐτὸς
1417 3801 1510 3854 καὶ
1538 3800 1736 3872 πολλῆς
1765 3801 1949 3872 γέμων
2058 3801 2272 3858 ἅπαντα
2301 3801 2483 3855 λοιπὸν
2511 3802 2782 3867 ἀνάλωτος
2808 3802 2908 3875 ἔσῃ
2935 3801 3002 3857 τὰ
3026 3800 3119 3856 τοῦ
3151 3801 3266 3872 βίου
3293 3800 3524 3872 λυπηρά.

1355 4501 1432 4561 ΙΝ
1491 4501 1653 4564 DUO
1707 4502 2155 4575 SEQUENTIA
2198 4505 2631 4572 OPUSCULA.

435 4815 489 4869 In
516 4815 753 4868 editione
781 4812 987 4867 Morelli
1021 4814 1134 4868 haec
1163 4813 1272 4868 duo
1305 4816 1570 4882 opuscula
1605 4817 1820 4872 inverso
1843 4835 1936 4874 or-

353 4906 483 4961 dine
508 4906 724 4972 iacent;
762 4922 888 4959 nam
922 4905 1067 4974 quod
1093 4907 1158 4958 ad
1190 4906 1430 4974 virgines
1475 4909 1769 4964 canonicas
1797 4911 1929 4964 diri-

353 4998 520 5065 gitur,
578 4997 760 5066 priore
811 4997 1030 5065 ponitur
1069 4997 1208 5063 loco,
1274 4997 1605 5053 reclamante
1649 4999 1774 5054 licet
1815 5001 1935 5071 ipso

349 5089 771 5158 Chrysostomo,
812 5087 905 5156 qui
954 5102 1186 5142 numero
1225 5087 1259 5142 4
1299 5087 1375 5140 ait
1410 5101 1422 5137 :
1455 5085 1527 5139 Et
1563 5087 1682 5156 jam
1720 5091 1932 5160 quidem

350 5181 772 5234 demonstratum
801 5187 899 5244 est,
921 5195 1041 5232 cum
1073 5179 1136 5232 de
1165 5179 1289 5232 viris
1319 5178 1634 5244 diceremus,
1666 5183 1803 5251 quod
1830 5199 1932 5238 non

350 5267 526 5322 solum
555 5269 643 5338 qui
681 5267 1031 5332 maledicunt,
1064 5269 1153 5322 sed
1185 5278 1234 5326 et
1265 5275 1357 5339 qui
1402 5271 1702 5326 occasiones
1744 5285 1930 5329 (emere

349 5359 604 5428 prcbent,
647 5370 755 5414 etc.
789 5360 944 5416 Unde
983 5361 1152 5430 liquet
1209 5378 1518 5420 sermonem
1550 5366 1644 5435 qui
1688 5368 1755 5422 de
1799 5369 1933 5425 viris

351 5449 1050 5523 subintroductas-virgines
1073 5455 1395 5513 habentibus
1419 5459 1630 5530 agebat,
1655 5461 1931 5531 praaivisse

349 5541 400 5596 ci
430 5541 522 5613 qui
545 5541 612 5597 de
638 5544 941 5613 virginibus
965 5547 1411 5605 subintroductos
1434 5552 1582 5624 viros
1605 5553 1930 5610 habentibus

352 5633 597 5692 disserit.
635 5635 819 5703 Quare
846 5638 1034 5696 Savilii
1081 5642 1373 5700 editionem
1406 5647 1575 5703 seculi
1608 5647 1799 5706 ambos
1830 5664 1930 5705 suo

351 5727 530 5801 ordini
559 5731 923 5790 restituimus.

1959 4694 2031 4706 ’σοι

2116 4825 2289 4880 ΙΙοδρε
2303 4823 2751 4895 Chrysostomum
2780 4845 2903 4884 eum
2925 4831 3190 4888 diaconus
3211 4847 3360 4890 esset
3377 4839 3614 4894 edidisse

2041 4927 2272 4973 testatur
2299 4917 2551 4975 Socrates
2576 4921 2668 4975 lib.
2707 4937 2782 4985 vs,
2815 4939 2934 4992 cap.
2959 4925 2994 4979 5
3026 4943 3040 4980 :
3079 4943 3099 4976 ι
3135 4924 3246 4982 Nec
3271 4929 3440 4984 multo
3461 4941 3610 4999 post,

2039 5010 2239 5080 inquit,
2291 5010 2504 5067 diaconi
2559 5012 2881 5083 dignitatem
2926 5032 2957 5071 a
3003 5017 3218 5074 Meletio
3281 5033 3610 5080 consecutus

2036 5103 2208 5159 libros
2229 5101 2308 5157 De
2323 5103 2620 5159 sacerdotio
2643 5107 2880 5176 scripsit,
2903 5109 3143 5179 itemque
3169 5112 3239 5165 ad
3265 5111 3564 5184 Stagirium
3591 5133 3610 5170 :

2037 5195 2104 5249 ad
2134 5196 2246 5252 hare
2273 5195 2350 5250 De
2380 5197 2910 5268 incomprehensibili,
2949 5211 3004 5258 et
3027 5203 3198 5260 libros
3226 5205 3298 5259 De
3335 5207 3612 5262 subintro-

2037 5287 2234 5350 ductis,
2281 5289 2375 5342 καὶ
2401 5289 2528 5353 τοὺς
2571 5291 2711 5358 Περί
2737 5291 2855 5346 τῶν
2881 5295 3320 5352 συνεισάκτων.
3355 5316 3374 5350 ι
3406 5297 3605 5353 Verum

2035 5393 2134 5446 pro
2165 5395 2316 5435 more
2346 5395 2447 5436 suo
2471 5397 2579 5436 non
2609 5394 2863 5440 accurate
2888 5385 3129 5456 loquitur
3149 5403 3273 5442 cum
3297 5388 3428 5443 dicit
3453 5403 3606 5451 eum,

2033 5487 2158 5526 cum
2218 5473 2480 5528 diaconus
2530 5485 2692 5537 esset,
2748 5476 2918 5532 libros
2960 5477 3038 5532 De
3097 5479 3609 5547 incomprehensibili

2032 5563 2300 5619 edidisse:
2335 5575 2543 5620 certum
2563 5568 2766 5638 quippe
2785 5579 2868 5625 est
2890 5570 3067 5638 ipsum
3092 5571 3204 5640 jam
3231 5574 3606 5640 presbyterum

2033 5652 2324 5706 conciones
2362 5652 2438 5706 De
2486 5655 2994 5726 incomprehensibili
3019 5661 3161 5727 apud
3208 5661 3458 5730 populum
3486 5663 3606 5715 An-

2032 5741 2342 5799 tiochenum
2374 5745 2650 5816 habuisse,
2675 5761 2732 5805 ut
2760 5751 2894 5805 infra
2937 5769 3037 5807 suo
3061 5753 3180 5810 loco
3210 5753 3608 5812 declarabitur.
