4036 6416
416 384 522 441 493

420 487 630 552 habeat,
654 487 876 558 teipsum
899 485 1088 542 frustra
1105 486 1412 541 discrucias.
1431 485 1499 541 Et
1518 486 1660 541 unde
1684 485 1733 539 id
1754 496 1984 549 constet,

418 578 664 648 inquies,
717 578 859 648 quod
909 595 1013 632 non
1063 578 1415 632 offensionum
1462 586 1762 632 nostrarum
1802 590 1987 645 poenas

418 669 788 723 exsolvamus?
816 668 869 723 Id
891 669 1102 739 quidem
1131 670 1356 723 maxime
1383 668 1567 738 liquet,
1596 667 1687 722 sed
1717 667 1820 722 hoc
1848 669 1985 721 inte-

418 760 518 814 rim
539 776 644 814 non
661 761 961 815 asserimus.
985 760 1177 814 Verum
1200 761 1287 826 sit,
1310 761 1354 814 si
1380 760 1478 825 vis,
1505 759 1558 813 id
1581 774 1686 813 non
1704 760 1985 823 incertum,

419 853 513 909 sed
538 854 764 907 maxime
803 854 1161 920 manifestum,
1194 862 1249 907 ut
1288 863 1340 907 tu
1362 852 1519 920 dicis,
1549 852 1685 907 hanc
1713 868 1831 907 esse
1858 868 1985 922 pec-

413 952 653 1001 catorum
685 954 889 999 tuorum
919 945 1352 999 retributionem:
1384 960 1529 1009 num,
1559 958 1760 1013 quaeso,
1789 943 1987 997 idcirco

418 1050 612 1090 matres
651 1044 706 1089 et
741 1035 930 1089 doles?
970 1036 1127 1104 Atqui
1164 1035 1391 1105 gaudere
1420 1036 1593 1105 potius
1632 1035 1813 1097 debes,
1845 1035 1984 1105 quod

416 1127 503 1181 hic
552 1136 765 1195 peccata
804 1134 891 1180 tua
934 1126 1025 1180 tibi
1074 1126 1427 1188 remittantur,
1492 1142 1560 1180 ne
1609 1140 1728 1180 cum
1786 1126 1983 1180 mundo

413 1218 705 1273 damneris.
753 1218 851 1285 Qui
881 1218 1023 1273 enim
1060 1218 1225 1281 dolet,
1270 1234 1374 1272 non
1418 1220 1538 1288 quia
1568 1218 1851 1279 cruciatur.
1890 1217 1984 1272 sed

414 1313 536 1381 quia
562 1306 779 1366 all‘endit
806 1311 993 1378 Deum,
1022 1312 1201 1366 dolere
1244 1311 1419 1365 debet.
1466 1312 1684 1365 Peccata
1728 1311 1867 1365 enim
1897 1326 1984 1365 se-

415 1410 601 1471 parant
627 1416 654 1454 a
687 1401 836 1454 nobis
864 1402 1049 1459 Deum.
1081 1402 1511 1470 constituuntque
1532 1402 1685 1455 nobis
1710 1401 1855 1453 illum
1880 1401 1983 1453 ini-

414 1494 605 1546 micum
633 1510 644 1545 :
677 1491 939 1546 cruciatus
960 1507 1088 1546 vero
1126 1492 1278 1545 nobis
1306 1492 1450 1544 illum
1482 1491 1805 1555 reconciliat,
1851 1505 1984 1558 prte-

415 1592 668 1653 paratque
714 1593 771 1638 ut
796 1584 1051 1653 propitius
1079 1598 1141 1637 ac
1166 1584 1490 1653 propinquus
1514 1582 1601 1636 sit.
1631 1581 1781 1647 Quod
1806 1592 1981 1636 autem

409 1674 575 1729 sudor
618 1676 715 1729 iste
754 1686 871 1730 tuus
905 1690 1008 1729 non
1057 1676 1126 1729 sit
1160 1686 1489 1744 peccatorum
1523 1674 1670 1739 ultio,
1713 1675 1805 1729 sed
1832 1690 1983 1729 coro-

413 1780 597 1819 narum
620 1766 793 1836 potius
822 1766 1266 1836 praemiorumque
1295 1760 1547 1830 materia,
1565 1764 1686 1820 hinc
1714 1781 1841 1819 sane
1872 1781 1980 1818 ma-

412 1855 659 1911 nifestum
707 1867 806 1911 est.
856 1858 913 1913 Si
967 1858 1107 1913 enim
1155 1857 1301 1925 prius
1341 1858 1565 1927 turpiter
1609 1872 1671 1912 ac
1714 1856 1983 1911 luxuriose

411 1948 665 2013 vixisses,
719 1960 876 2019 atque
918 1949 987 2003 ita
1028 1959 1078 2004 te
1120 1949 1185 2003 ad
1217 1948 1595 2004 monachorum
1622 1944 1985 2004 conversatio-

412 2055 531 2095 nem
578 2042 910 2105 contulisses,
957 2055 1025 2095 ne
1053 2043 1127 2095 sic
1156 2040 1366 2109 quidem
1404 2040 1517 2095 haec
1551 2041 1781 2110 suspicio
1807 2042 1981 2095 locum

411 2129 699 2186 habuisset.
726 2130 856 2185 Nam
902 2132 946 2185 si
976 2131 1045 2185 ob
1072 2131 1173 2185 hoc
1210 2131 1349 2186 Deus
1396 2144 1582 2200 poenas
1617 2131 1793 2196 infert,
1843 2140 1898 2185 ut
1930 2131 1981 2185 in

410 2222 563 2275 malis
581 2232 979 2291 perseverantes
994 2222 1061 2276 ad
1085 2222 1448 2292 paenitentiam
1472 2229 1743 2293 provocet,
1769 2231 1981 2276 ostensa

410 2313 717 2381 paenitentia
757 2312 1017 2383 superﬂua
1062 2312 1171 2382 jam
1215 2314 1317 2367 erit
1345 2327 1521 2383 pmua.
1570 2312 1797 2367 Tantum
1840 2314 1981 2368 enim

407 2405 557 2459 abest
589 2414 647 2459 ιιι
676 2420 771 2460 nos
806 2405 991 2474 punire
1016 2404 1141 2459 velit
1166 2405 1323 2469 Deus,
1367 2412 1427 2458 ut
1457 2419 1577 2459 cum
1616 2419 1983 2474 scepennmero

407 2497 579 2566 pomis
615 2496 771 2566 digna
802 2495 1057 2550 faciamus
1078 2537 1095 2562 ,
1135 2511 1448 2565 summaque
1475 2496 1821 2549 conversione
1849 2510 1983 2564 Opus

409 2587 714 2650 habeamus,
737 2587 1145 2641 comminatione
1162 2586 1330 2642 solum
1347 2586 1628 2655 verbisque
1654 2585 1976 2640 terribilibus

408 2695 505 2734 nos
543 2681 801 2749 castigare
838 2680 1027 2734 malit:
1067 2680 1224 2749 idque
1264 2679 1417 2734 facile
1443 2679 1701 2749 quispiam
1746 2678 1983 2733 animad—

407 2783 576 2828 vertet
613 2783 666 2828 et
707 2776 757 2827 in
788 2775 1070 2829 Israelitica
1102 2775 1278 2845 plebe,
1312 2790 1365 2831 et
1394 2776 1444 2828 in
1476 2775 1823 2830 Ninivitarum
1851 2775 1982 2829 civi—

409 2874 534 2917 tate.
561 2865 671 2917 Non
706 2866 878 2918 solum
909 2866 1047 2919 enim
1077 2866 1328 2935 supplicia
1360 2882 1463 2919 non
1492 2867 1685 2932 intulit,
1721 2882 1839 2921 cum
1872 2882 1982 2936 poe-

408 2954 678 3008 nitentiam
728 2956 1098 3020 ostenderent,
1156 2957 1250 3011 sed
1304 2967 1359 3009 et
1409 2960 1578 3011 minas
1627 2959 1767 3026 ipsas
1805 2959 1980 3011 statim

414 3047 661 3100 removit.
706 3046 868 3100 Multo
916 3047 1059 3101 enim
1099 3048 1263 3115 magis
1304 3049 1412 3101 vult
1439 3049 1550 3117 ipse
1577 3049 1706 3102 nihil
1746 3063 1843 3101 nos
1874 3049 1979 3116 pati

409 3137 555 3200 mali,
593 3153 749 3207 quam
781 3152 878 3192 nos
920 3139 1041 3207 ipsi,
1090 3138 1371 3209 nullusque
1408 3140 1505 3193 sibi
1552 3140 1622 3194 ita
1655 3152 1893 3209 parceret
1921 3140 1984 3193 li-

408 3230 613 3295 benter,
644 3238 700 3282 ut
726 3230 877 3283 nobis
902 3230 1145 3284 omnibus
1177 3230 1333 3285 Deus.
1382 3230 1579 3286 Deinde
1606 3232 1650 3285 is
1672 3231 1761 3300 qui
1790 3232 1984 3301 smpins

410 3330 688 3391 peccantes
722 3323 900 3376 verbis
928 3332 1130 3377 tantum
1170 3332 1420 3384 exterret,
1459 3338 1555 3376 nec
1595 3325 1763 3392 punit,
1812 3324 1982 3392 posui-

414 3433 689 3493 tentesque
720 3423 817 3477 hac
848 3422 1130 3477 formidine
1158 3421 1364 3485 liberat,
1412 3429 1461 3474 te
1488 3422 1573 3489 qni
1606 3430 1746 3473 tanta
1777 3421 1983 3489 religio-

412 3516 515 3581 nis,
559 3524 699 3569 tanta
730 3514 935 3568 virtutis
961 3522 1015 3568 et
1046 3512 1322 3582 probitatis
1354 3511 1543 3565 indit-ia
1575 3527 1682 3579 pra:
1717 3520 1768 3564 te
1796 3510 1981 3573 tulisti,

412 3624 515 3660 non
559 3608 728 3660 solum
768 3606 850 3659 his
876 3605 1032 3659 minis
1074 3614 1231 3672 atque
1262 3602 1360 3657 hoc
1389 3613 1593 3656 terrore
1620 3617 1736 3654 non
1768 3600 1981 3670 eripuit,

412 3713 590 3750 verum
622 3706 675 3750 et
709 3712 764 3749 re
791 3696 898 3764 ipsa
931 3694 1201 3763 suppliciis
1217 3693 1571 3760 cxposnit?et
1596 3690 1860 3761 quomodo
1884 3690 1983 3742 ali-

413 3789 531 3857 quis
551 3789 649 3841 hoc
673 3786 895 3840 credat?
916 3787 1157 3839 Attamen
1187 3784 1229 3837 si
1260 3783 1403 3853 prior
1428 3782 1514 3835 illa
1542 3792 1624 3835 tua
1653 3781 1985 3834 conversatio

413 3887 656 3945 corrupta
674 3876 857 3929 fuisset
880 3890 941 3928 ac
964 3874 1186 3943 perdita,
1202 3883 1258 3927 ut
1282 3872 1606 3941 dixi,aliquis
1628 3871 1677 3924 id
1697 3871 1984 3937 vasus-pi-

414 3970 521 4023 cari
547 3984 612 4037 po
626 3977 721 4022 sset
740 3986 751 4019 :
771 3982 889 4021 cum
918 3981 1045 4020 vero
1064 3965 1295 4019 deterior
1310 3964 1519 4033 quidem
1539 3962 1623 4017 illa
1647 3961 1804 4016 fuerit
1828 3976 1986 4031 quam

416 4075 646 4130 pnusens
671 4059 757 4121 sit,
797 4064 981 4111 ornata
1010 4064 1184 4111 tamen
1226 4065 1280 4109 et
1321 4056 1431 4124 ipsa
1461 4068 1773 4121 summaque
1816 4051 1986 4105 bone-

417 4161 547 4203 state
580 4150 796 4219 pollens,
832 4147 1069 4217 profecto
1097 4146 1253 4202 nobis
1286 4146 1432 4200 omni
1457 4159 1521 4199 ex
1550 4153 1697 4214 parte
1722 4142 1987 4198 constabit

470 4350 701 4361 ___._.._——

1193 382 1284 440 AD
1325 381 1703 440 STAGIRIUM
1737 382 1780 435 A
1821 378 2128 436 DEMONE
2171 377 2529 433 VEXATUM.
2572 378 2701 433 LIB.
2750 377 2836 431 III.

3560 378 3666 432 ΑΜ

2092 487 2489 542 colluctationes
2548 487 2642 541 has
2693 496 2809 543 tuas
2845 500 3159 541 coronarum
3203 486 3295 542 tibi
3342 487 3665 556 majorisqoe

2092 580 2273 649 gloriae
2289 582 2621 636 occasionem
2638 596 2775 636 esse.
2788 580 3008 650 Oportet
3026 583 3203 652 igitur,
3219 593 3273 636 ut
3289 582 3414 647 dixi,
3435 595 3488 638 et
3504 583 3599 637 has
3612 594 3664 635 et

2094 669 2391 740 hujusmodi
2411 671 2756 741 cogitationes
2776 658 3011 727 movere.
3038 671 3297 726 Convenit
3323 677 3444 727 item
3469 685 3518 727 et
3540 688 3660 727 cum

2103 762 2185 816 his
2211 777 2337 829 una,
2361 762 2468 817 imo
2488 771 2609 817 ante
2638 763 2753 823 has.
2779 764 3267 820 ratiocinationibus
3289 766 3659 835 perpetuisque

2094 853 2481 922 precationibus
2516 854 2612 908 has
2638 853 2881 908 tenebras
2910 854 3185 923 dissipare.
3213 855 3341 909 Nam
3382 865 3435 908 et
3474 855 3661 909 beatus

2095 943 2274 1007 David,
2292 957 2510 1012 magnus
2534 944 2621 997 ille
2642 944 2719 996 vir
2734 954 2891 1013 atque
2913 944 3188 1009 mirabilis,
3209 944 3289 998 his
3306 945 3661 998 medicamen-

2093 1036 2157 1088 tis
2182 1034 2485 1105 frequenter
2512 1048 2637 1088 usus
2656 1044 2757 1098 est,
2787 1036 2969 1103 hisque
2994 1035 3248 1103 plurimos
3274 1034 3483 1089 dolores
3511 1049 3658 1101 pres-

2091 1140 2329 1179 surarum
2369 1126 2590 1179 removit
2633 1140 2695 1180 ac
2728 1127 2951 1194 repulit,
2981 1140 3119 1179 nunc
3146 1124 3356 1194 quidem
3380 1139 3558 1189 orans,
3598 1139 3660 1177 ac

2089 1218 2292 1283 dicens,
2329 1219 2690 1272 Tribulationes
2725 1220 2891 1273 cordis
2920 1220 3014 1272 mei
3053 1220 3395 1288 multiplicata!
3420 1229 3555 1284 sunt,
3597 1218 3661 1271 de

2089 1309 2459 1363 necessitatibus
2485 1309 2604 1362 meis
2638 1325 2753 1362 erue
2778 1326 2856 1362 me
2894 1308 3061 1378 (Psal.
3087 1309 3177 1362 2.5.
3209 1309 3299 1377 i7)
3336 1326 3349 1360 :
3392 1324 3532 1363 nunc
3555 1310 3657 1373 piis

2088 1416 2148 1451 ac
2209 1400 2467 1469 religiosis
2526 1400 3011 1455 ratiocinationibus
3075 1402 3305 1455 admotis
3364 1402 3654 1472 inquiens:

2092 1490 2258 1556 Quare
2296 1491 2451 1544 tristis
2478 1507 2549 1557 es,
2596 1492 2773 1561 anima
2806 1508 2935 1554 mea,
2977 1501 3023 1545 et
3047 1509 3201 1561 quare
3230 1494 3495 1546 conturbas
3534 1492 3661 1545 me?

2088 1581 2253 1647 Spera
2287 1582 2339 1634 in
2363 1580 2489 1647 Deo,
2538 1560 2781 1653 φιοηίαηῖ
2802 1582 2967 1635 adhuc
3001 1560 3272 1649 conﬁtebor
3306 1583 3386 1637 illi
3413 1580 3529 1657 (Ps.
3564 1584 3654 1637 42.

2087 1672 2162 1742 5).
2184 1674 2513 1743 Rursumque
2534 1690 2599 1728 ex
2617 1674 3102 1728 ratiocinationibus
3123 1673 3424 1742 hnjnsmodi
3453 1674 3516 1727 ad
3544 1690 3659 1727 ora-

2086 1766 2259 1818 tiones
2285 1779 2579 1819 conversus
2611 1782 2624 1819 :
2659 1763 2893 1829 Remitte,
2934 1765 3122 1833 inquit,
3150 1766 3293 1827 milii,
3323 1777 3374 1817 ut
3395 1766 3658 1833 refrigeirr

2087 1858 2374 1926 priusquam
2412 1857 2607 1922 abeam,
2652 1867 2700 1910 et
2728 1856 2864 1909 ultra
2889 1857 2995 1921 iam
3020 1872 3119 1909 non
3144 1873 3229 1909 ero
3264 1855 3382 1924 (Ps.
3410 1856 3498 1909 58.
3532 1858 3616 1923 Η)
3641 1875 3656 1918 ;

2085 1959 2242 2015 atque
2272 1947 2338 1999 ab
2367 1947 2694 2001 orationibus
2720 1947 2785 2001 ad
2815 1946 3242 2001 ratiocinationes
3276 1963 3289 1999 :
3335 1945 3469 2010 Quid
3501 1946 3654 2009 enim,

2085 2040 2176 2102 ait,
2199 2038 2320 2090 mihi
2339 2047 2410 2091 est
2438 2039 2491 2090 in
2510 2038 2650 2101 cwlo,
2672 2048 2716 2090 et
2735 2055 2765 2089 α
2786 2046 2831 2090 te
2853 2036 2975 2106 quid
3004 2037 3137 2090 ualui
3156 2053 3306 2104 super
3331 2046 3512 2088 terram
3534 2034 3652 2104 (Ps.

2087 2128 2176 2181 72.
2199 2128 2329 2199 25)?
2360 2129 2431 2182 Ita
2458 2139 2511 2184 et
2536 2128 2636 2183 Job
2661 2128 2809 2182 uxori
2840 2144 2956 2197 qum.
2992 2129 3149 2181 verba
3174 2127 3431 2180 diabolica
3464 2142 3655 2195 sugge-

2084 2219 2253 2283 rebat,
2282 2219 2770 2272 ratiocinationibus
2798 2218 3171 2282 reluctabatur,
3203 2217 3449 2285 illamque
3488 2217 3658 2270 incre-

2080 2326 2215 2378 pans
2276 2308 2492 2365 dicebat
2517 2331 2533 2370 :
2561 2312 2736 2374 Quare
2812 2319 3066 2377 tamquam
3102 2324 3203 2361 una
3245 2309 3512 2360 stultarum
3541 2324 3653 2358 mu-

2084 2398 2261 2451 lierum
2285 2399 2488 2468 loquuta
2506 2399 2594 2452 es?
2614 2398 2671 2452 Si
2688 2398 2818 2452 bona
2837 2398 3145 2465 suscepimus
3170 2398 3233 2450 de
3253 2414 3404 2449 manu
3427 2396 3648 2456 Domini.

2085 2490 2221 2543 mala
2250 2506 2349 2542 non
2399 2490 2750 2543 sustinebimus
2792 2488 2913 2562 (Job
2939 2488 2994 2541 2.
3028 2488 3158 2559 10)?
3199 2488 3281 2542 Ad
3326 2489 3491 2542 Deum
3532 2505 3660 2542 vero

2087 2580 2327 2649 precibus
2358 2580 2620 2635 utebatur.
2651 2584 2725 2633 Ac
2753 2579 2937 2633 beatus
2968 2579 3158 2632 l’aulus
3187 2578 3424 2648 utrisque
3455 2578 3536 2633 his
3569 2596 3656 2631 ar-

2087 2670 2187 2723 mis
2212 2684 2325 2733 eos,
2374 2670 2462 2739 qui
2492 2671 2544 2724 in
2577 2669 2837 2737 pressaris
2873 2684 2936 2722 ac
2963 2668 3345 2721 tentationibus
3375 2678 3543 2732 erant,
3569 2671 3656 2735 jn-

2086 2761 2259 2826 vahat,
2286 2775 2425 2813 nunc
2447 2760 2655 2830 quidem
2678 2760 2888 2814 dicens:
2914 2759 2974 2812 Si
2994 2768 3156 2811 autent
3184 2768 3324 2811 extra
3345 2759 3661 2828 disciplinam

2085 2852 2221 2915 estis,
2259 2868 2379 2921 ergo
2406 2850 2695 2914 adulterini,
2724 2866 2823 2903 non
2843 2850 2938 2917 lilii
2956 2864 2975 2911 ;
3017 2851 3126 2918 quis
3154 2849 3285 2902 enim
3316 2850 3473 2916 ﬁlius,
3517 2866 3662 2918 quem

2086 2961 2184 2996 non
2202 2942 2406 3009 corripit
2425 2939 2736 3011 pater(Heb.
2760 2938 2847 2994 12.
2866 2942 2919 2993 8.
2937 2941 2993 3006 7)
3008 2940 3030 2992 ?
3048 2954 3288 3008 nuncque
3310 2954 3487 3002 etans,
3512 2939 3661 2991 Fide-

2086 3034 2167 3096 lis,
2197 3033 2384 3101 inquit,
2416 3030 2550 3084 Deus
2576 3041 2665 3093 est,
2699 3031 2782 3099 qui
2810 3046 2909 3083 non
2941 3031 3158 3094 patietur
3183 3046 3270 3082 vos
3298 3034 3476 3082 tentari
3507 3046 3660 3099 supra

2084 3125 2138 3177 id
2164 3124 2297 3193 quod
2321 3125 2522 3193 ροιιεδιὲδ
2544 3120 2740 3193 (LCor.
2764 3122 2848 3176 10.
2879 3122 2967 3191 15)
2993 3138 3008 3175 :
3039 3130 3093 3175 et
3114 3136 3341 3184 rursum,
3375 3120 3435 3174 Si
3464 3121 3661 3190 quidem

2079 3216 2271 3284 justum
2299 3215 2436 3283 apud
2466 3213 2624 3265 Deum
2652 3222 2746 3278 est,
2774 3212 3043 3265 retribuere
3067 3212 3437 3264 retributionem
3465 3212 3542 3263 Itis
3576 3214 3662 3279 qui

2086 3321 2171 3359 vos
2194 3307 2451 3367 tribulam,
2481 3315 2526 3357 ει
2542 3304 2675 3356 vobis
2694 3305 2777 3373 qui
2793 3303 3121 3367 lribulamini,
3146 3303 3364 3370 requiem
3386 3302 3459 3371 (2.
3486 3301 3657 3355 Thess.

2088 3401 2139 3453 l.
2169 3402 2219 3453 6.
2255 3398 2330 3465 7).
2361 3398 2415 3450 Si
2450 3396 2609 3465 igitur
2637 3395 2798 3449 armis
2828 3395 2909 3449 his
2938 3395 3049 3463 ipse
3068 3408 3278 3462 quoque
3316 3409 3441 3447 usus
3480 3393 3660 3458 fueris,

2086 3506 2149 3544 ac
2191 3489 2415 3557 teipsum
2447 3486 2679 3557 perfecte
2706 3486 2938 3555 undique
2982 3487 3295 3550 armaveris,
3327 3485 3661 3553 cogitationi-

2087 3585 2185 3638 bus
2227 3582 2472 3636 interoris
2511 3579 2800 3635 retundens
2840 3579 3116 3648 impetum,
3167 3578 3495 3631 orationibus
3536 3594 3665 3631 vero

2088 3686 2196 3731 tam
2242 3676 2366 3741 tuis,
2413 3689 2569 3744 quam
2613 3672 2835 3727 aliorum
2876 3680 2928 3725 te
2967 3671 3126 3725 veluti
3177 3686 3329 3724 muro
3375 3670 3665 3724 fortissimo

2088 3770 2353 3833 muniens,
2385 3766 2631 3823 celeriter
2655 3764 2951 3834 disciplina:
2973 3763 3124 3817 istius
3154 3764 3414 3832 percipies
3438 3761 3661 3816 fructus.

2088 3861 2205 3915 Non
2226 3860 2367 3913 enim
2395 3858 2496 3912 hoc
2520 3857 2694 3912 solum
2726 3855 3038 3920 lucraberis,
3068 3853 3210 3924 quod
3237 3855 3515 3924 praesentia
3560 3853 3664 3906 for.

2092 3952 2212 4005 titer
2232 3949 2392 4015 feras,
2437 3964 2619 4003 verum
2652 3948 2733 4002 his
2756 3946 3226 4001 exercitationibus
3260 3945 3663 3999 robustissimus

2088 4044 2331 4109 effectus,
2360 4042 2517 4097 nullis
2532 4041 2643 4111 jam
2665 4041 2784 4095 vita:
2813 4040 2967 4109 hujus
2990 4039 3233 4094 adversis
3257 4039 3469 4093 casibus
3496 4038 3661 4104 frangi

2088 4139 2174 4193 vel
2193 4137 2347 4206 dejici
2376 4135 2592 4205 poteris.

1868 4502 2247 4565 MONITUM

421 4850 695 4908 Palladius
713 4862 860 4907 vero,
890 4846 1155 4901 sincerior
1182 4860 1360 4899 rerum
1395 4843 1770 4915 Chrysostomi
1796 4858 1992 4913 praeco,

420 4946 474 4998 in
499 4943 727 5011 Dialogo
764 4942 930 4994 hasce
963 4940 1240 4992 orationes
1284 4939 1350 4991 ad
1386 4937 1601 4991 initium
1651 4936 1996 5006 episcopatus

416 5032 538 5101 ejus
567 5028 731 5083 refert
763 5045 776 5082 :
808 5047 827 5079 ι
863 5027 953 5082 Sic
980 5028 1264 5082 ordinatus
1298 5027 1557 5090 Joannes,
1584 5026 1781 5097 inquit,
1812 5042 1994 5081 rerum

419 5136 605 5177 curam
648 5118 979 5190 aggreditur,
1027 5132 1123 5188 per
1160 5118 1538 5173 rationabilem
1593 5118 1828 5173 tistulam
1863 5133 1996 5173 oves

418 5211 646 5283 probare
669 5224 923 5265 exorsus.
948 5208 1093 5263 Raro
1116 5220 1294 5262 autem
1325 5208 1589 5263 adhibens
1616 5208 1778 5263 etiam
1798 5209 1996 5278 pedum

418 5302 831 5373 increpationis,
867 5315 1174 5357 sermonem
1210 5300 1395 5369 dirigit
1440 5300 1728 5355 adversum
1762 5301 1993 5355 ementi-

414 5405 527 5450 tum
560 5394 790 5449 fratrum
821 5409 1181 5463 sorornmque
1211 5392 1544 5458 convictum,
1565 5408 1626 5448 re
1654 5408 1780 5447 vera
1811 5403 1992 5447 autem

413 5495 628 5553 turpem
652 5482 1071 5553 improbumque
1094 5483 1425 5546 convictum,
1452 5482 1519 5537 de
1542 5483 1992 5549 subintroductis,

416 5574 806 5639 συνεισάκτων,
860 5583 923 5630 ιιι
970 5583 1189 5637 vocant,
1248 5588 1412 5644 agens
1470 5574 1893 5645 ostendensque,
1948 5576 1994 5631 si

416 5663 884 5719 malorumrdetur
930 5662 1102 5733 optio,
1145 5663 1401 5720 meliores
1437 5663 1556 5719 istis
1602 5664 1823 5720 lenones
1852 5680 1991 5721 esse.

424 5755 503 5810 Illi
550 5772 787 5825 namque
837 5756 1029 5826 procul
1064 5772 1094 5811 a
1142 5756 1370 5811 medicis
1404 5756 1731 5820 habitantes,
1763 5758 1901 5827 apud
1942 5774 2002 5813 se

426 5847 673 5900 morbum
707 5847 926 5911 habent,
959 5848 1051 5903 sed
1083 5848 1387 5903 volentibus
1419 5848 1504 5903 :hi
1531 5859 1709 5903 autem
1730 5849 1781 5901 in
1808 5850 2001 5903 salutis

2023 4694 2096 4708 ~

2106 4840 2319 4895 olIlcina
2362 4839 2695 4901 habitantes,
2730 4838 2890 4892 etiam
2927 4853 3091 4891 sanos
3126 4837 3411 4907 impellunt
3441 4837 3505 4890 atl
3538 4854 3655 4890 mor

2095 4936 2247 4989 bum.
2272 4933 2399 4987 Inde
2428 4948 2555 5003 pars
2587 4931 2715 4987 cIeri
2756 4930 2981 4983 minime
3026 4930 3301 4999 religiosa,
3337 4944 3457 4998 quas
3488 4932 3686 4983 morbo

2098 5026 2191 5079 illo
2239 5024 2544 5084 tenebatur.
2592 5031 2864 5075 commota
2896 5029 2999 5075 est.
3045 5039 3062 5069 ι
3105 5021 3226 5075 Iliae
3260 5020 3555 5087 Palladius,
3588 5022 3681 5075 cui

2099 5124 2287 5187 utpote
2309 5116 2525 5171 oculato
2562 5114 2682 5168 testi
2718 5114 2873 5167 tidem
2925 5113 3124 5166 habere
3160 5127 3259 5181 par
3295 5123 3395 5165 est.
3430 5112 3689 5166 Socrates

2104 5224 2235 5266 vero
2266 5209 2449 5263 omnia
2505 5208 2746 5262 miscuit.
2783 5206 2931 5261 Licet
2974 5215 3153 5261 autem
3203 5206 3316 5260 hwc
3357 5206 3422 5259 ad
3469 5206 3687 5259 initium

2104 5304 2455 5373 episcopatus
2486 5302 2605 5370 ejus
2643 5300 2923 5355 referenda
2952 5300 3081 5361 sint,
3127 5308 3363 5354 attamen
3408 5298 3594 5352 Savilii
3633 5311 3685 5352 et

2103 5394 2401 5451 Frontonis
2434 5394 2613 5448 ι)υωί
2647 5394 2747 5447 hac
2778 5394 2830 5447 in
2862 5402 3013 5462 parte
3046 5392 3289 5447 ordinem
3320 5392 3472 5460 sequi
3506 5393 3687 5445 visum

2103 5497 2209 5553 est,
2238 5488 2331 5558 qui
2367 5502 2453 5542 res
2486 5500 2677 5542 omnes
2709 5486 2775 5540 ad
2806 5486 3125 5548 monachos,
3162 5493 3392 5549 ascetas,
3426 5485 3684 5554 virgines,

2104 5580 2404 5647 viduasque
2431 5586 2738 5647 spectantes
2772 5578 2937 5632 simul
2968 5584 3287 5646 posuerunt.

2176 5668 2680 5739 Interpretationem
2743 5668 2987 5723 Latinam
3044 5668 3235 5723 incerti
3291 5667 3433 5735 viri,
3492 5668 3681 5722 multis

2104 5762 2157 5815 in
2211 5762 2346 5841 locjs
2395 5763 2736 5819 emendatam
2796 5778 2824 5818 e
2868 5763 3085 5835 regione
3123 5762 3293 5819 (Γιτωεὶ
3341 5772 3523 5817 textus
3581 5779 3679 5833 po—

2105 5868 2335 5908 SUIIIIUS.
