4036 6416
411 403 494 457 ωε

1555 698 1565 723 \

499 404 516 456 ἰ
1100 404 1158 458 S.
1197 403 1486 458 JOANNIS
1535 405 2030 464 CllRYSOSTOMI
2071 406 2398 463 ARCHIEH.
2447 403 3000 462 CONSTAN‘TINOP.

1773 826 2353 926 EJUSDEM'

838 1116 1201 1173 ADVERSUS
1237 1116 1367 1171 EOS
1405 1116 1522 1188 QUl
1568 1115 1746 1177 APUD
1787 1115 1872 1171 SE
1917 1113 2191 1169 l-IABENT
2232 1113 2557 1171 VIRGINES
2589 1110 3241 1171 SUBINTRODUCTAS.

485 1615 534 1669 l.
570 1614 852 1682 Majoribus
892 1614 1087 1667 nostris
1121 1612 1240 1666 dua:
1279 1620 1482 1665 tantum
1521 1609 1733 1663 fuerunt
1768 1621 1943 1662 causa!
1966 1648 1981 1672 ,

417 1715 632 1772 propter
667 1718 797 1772 quas
843 1701 1154 1756 mulieribus
1191 1701 1287 1754 viri
1333 1699 1716 1754 cohabitarent.
1770 1697 1838 1752 Et
1883 1710 1985 1750 una

413 1793 625 1860 quidem
670 1803 819 1848 vetus
860 1802 942 1846 est
978 1807 1041 1845 ac
1072 1791 1216 1862 justa
1245 1791 1542 1859 rationique
1581 1796 1937 1843 consentanea
1968 1803 1982 1838 :

416 1900 607 1954 nempe
633 1883 1045 1948 matrimonium,
1071 1881 1212 1950 quod
1235 1882 1343 1935 Deo
1363 1880 1661 1949 legislatore
1689 1878 1984 1931 institutum

415 1985 533 2030 est:
565 1974 782 2044 Propter
807 1977 902 2027 hoc
941 1975 1110 2038 enim,
1156 1973 1355 2042 inquit,
1401 1972 1639 2039 relinquet
1681 1971 1753 2022 vir
1792 1977 1983 2038 patrem

411 2083 559 2118 suum
580 2075 624 2117 et
651 2076 856 2118 matrem
875 2081 1039 2130 suam,
1067 2074 1111 2116 et
1137 2061 1408 2116 adhterebit
1430 2076 1575 2114 nam:
1595 2077 1718 2122 sum,
1749 2069 1986 2124 eruntque

412 2157 516 2210 duo
544 2159 598 2209 in
633 2173 834 2209 carnem
862 2173 1011 2208 artant
1037 2153 1190 2222 (Gen.
1218 2153 1274 2207 2.
1300 2152 1427 2223 24);
1457 2154 1620 2206 altera
1647 2167 1772 2204 vero
1802 2165 1985 2203 recen-

411 2250 537 2312 tior,
569 2249 744 2316 iniqua
771 2257 821 2301 et
851 2247 951 2314 legi
979 2246 1222 2312 adversa,
1255 2260 1445 2314 nempe
1469 2243 1767 2304 fornicatio,
1799 2257 1918 2312 quae
1953 2256 1982 2293 a

415 2340 660 2408 malignis
684 2339 979 2392 introducta
1009 2347 1089 2390 est
1115 2335 1462 2389 daemonibus.
1484 2334 1655 2402 Atque
1685 2343 1861 2386 nostra
1888 2331 1984 2384 hac

415 2438 572 2483 aetate
612 2429 797 2482 tertius
824 2427 1034 2496 quidam
1064 2439 1234 2480 novus
1261 2433 1315 2480 et
1344 2423 1588 2478 insolitus
1616 2437 1731 2475 mos
1757 2421 1981 2490 prodiit,

410 2519 565 2589 cujus
602 2534 811 2573 causam
851 2518 987 2572 haud
1027 2517 1180 2572 facile
1223 2516 1640 2586 investigaveris.
1670 2515 1802 2568 Sunt
1842 2514 1983 2568 enim

412 2612 687 2677 nonnulli,
728 2612 816 2681 qui
858 2611 1058 2681 puellas
1086 2611 1381 2679 nuptiarum
1428 2610 1730 2680 inexpertas
1767 2608 1982 2661 domum

413 2705 646 2766 ducunt,
688 2715 742 2757 et
773 2718 938 2772 usque
967 2703 1020 2759 in
1064 2712 1354 2757 extremam
1385 2711 1709 2756 senectutem
1756 2699 1984 2753 inclusas

410 2805 596 2850 tenent
620 2811 682 2849 ac
709 2794 906 2859 fovent,
942 2810 1044 2847 non
1074 2792 1519 2862 procreandorum
1549 2792 1831 2845 liberorum
1860 2805 1983 2860 gra-

416 2890 514 2952 tia,
545 2895 736 2957 negant
764 2888 903 2940 enim
935 2902 991 2939 se
1018 2903 1138 2941 cum
1179 2886 1282 2940 illis
1311 2901 1421 2939 rem
1451 2885 1681 2949 habere;
1723 2899 1893 2953 neque
1923 2883 1980 2936 li-

411 2978 605 3032 bidinis
626 2993 784 3032 causa
805 3019 820 3042 ,
850 2979 996 3031 aiunt
1023 2977 1163 3032 enim
1207 2977 1346 3046 quod
1379 2976 1494 3030 illas
1521 2976 1850 3043 incorruptus
1872 2990 1982 3028 ser-

411 3080 534 3124 vent
563 3087 574 3121 :
605 3078 659 3123 et
690 3071 735 3124 si
764 3069 884 3138 quis
911 3070 978 3122 ab
1007 3069 1085 3122 eis
1110 3083 1320 3122 causam
1350 3067 1642 3136 rogaverit,
1674 3066 1854 3120 dicunt
1883 3065 1982 3119 srbi

413 3163 604 3215 multas
643 3176 795 3226 CSSc;
838 3161 931 3216 sed
964 3161 1202 3230 fingunt:
1233 3176 1330 3230 ego
1356 3161 1496 3214 enim
1526 3160 1719 3214 uullatn
1761 3175 1854 3214 eos
1883 3158 1980 3212 ha-

412 3252 543 3306 bere
571 3252 908 3313 crediderim,
937 3269 1055 3322 quae
1083 3253 1164 3307 vel
1192 3254 1410 3308 honesta
1441 3252 1524 3305 vel
1553 3252 1739 3306 idonea
1762 3252 1849 3305 sit.
1885 3251 1982 3305 Ve-

412 3357 531 3394 rutu
573 3341 642 3396 de
679 3341 761 3395 his
804 3342 1036 3397 nondum
1079 3343 1355 3397 dicemus:
1397 3341 1677 3397 afferetnus
1706 3352 1880 3395 autem
1929 3342 1979 3395 in

412 3432 644 3486 medium
675 3449 832 3502 quam
871 3449 966 3485 nos
1009 3433 1338 3502 potissimum
1368 3448 1581 3488 causam
1629 3433 1976 3501 suSpicamur.

411 3527 479 3580 Et
505 3542 746 3595 quaenam
771 3537 852 3580 est
880 3527 1004 3580 illa?
1031 3527 1259 3581 Omnino
1279 3567 1294 3591 ,
1328 3528 1371 3580 si
1399 3541 1428 3579 a
1454 3540 1616 3595 scopo
1639 3525 1976 3585 aberravero,

412 3616 489 3671 fas
521 3618 670 3671 vobis
693 3626 776 3672 est
818 3627 875 3672 u-t
915 3635 997 3672 me
1026 3618 1370 3688 redarguatis.
1406 3619 1470 3672 Et
1505 3633 1744 3686 quamam
1786 3618 1978 3670 causa?

409 3709 529 3778 quis
560 3708 650 3761 ille
691 3708 1010 3776 praetextus?
1037 3707 1255 3762 Videtur
1281 3707 1406 3761 mihi
1450 3709 1683 3762 mulieris
1709 3709 1978 3762 convictus

410 3814 516 3853 non
541 3813 607 3853 ex
637 3798 752 3868 lege
785 3799 1083 3867 nuptiarum
1125 3799 1316 3863 modo,
1349 3798 1440 3852 sed
1473 3799 1630 3852 etiam
1661 3798 1859 3866 absque
1886 3815 1980 3850 nu-

409 3891 534 3960 ptiis
558 3905 621 3944 ac
649 3904 954 3959 congressu,
988 3891 1268 3960 voluptatis
1303 3890 1500 3945 habere
1541 3891 1798 3944 nonnihil.
1828 3891 1977 3956 Quod

409 3983 452 4037 si
481 3997 583 4036 non
611 3993 754 4036 recte
779 3983 979 4046 sentio,
1008 3999 1110 4036 non
1139 3999 1350 4052 pessum
1386 3983 1563 4039 dicere
1588 4003 1602 4040 :
1632 4002 1798 4039 meatu
1833 3986 1979 4039 vobis

410 4074 726 4128 sententiam
773 4089 968 4127 narro:
1003 4076 1134 4128 forte
1178 4085 1356 4129 autem
1406 4091 1508 4128 non
1559 4093 1726 4129 meam
1768 4075 1976 4138 solum,

409 4168 500 4221 sed
530 4176 583 4222 et
629 4169 871 4234 illorum;
918 4186 1037 4223 nam
1070 4181 1121 4223 et
1165 4171 1268 4224 illis
1309 4170 1386 4225 sic
1427 4173 1650 4236 videtur,
1679 4173 1815 4240 quod
1855 4173 1979 4227 hinc

412 4261 598 4327 liquet.
629 4259 850 4315 Tantam
891 4263 1030 4315 enim
1071 4263 1292 4331 gloriam
1323 4273 1378 4318 et
1407 4272 1546 4317 tanta
1577 4265 1823 4318 scandala
1851 4281 1978 4319 neu-

409 4352 606 4421 liquam
636 4352 989 4422 despicerent,
1021 4356 1119 4406 nisi
1147 4355 1331 4424 ingens
1355 4356 1594 4425 qua-dam
1618 4365 1671 4410 et
1694 4355 1978 4411 vehemens

407 4443 744 4498 cohabitandi
765 4444 1010 4514 voluptas
1035 4456 1194 4498 esset.
1217 4446 1366 4512 Quod
1397 4446 1439 4500 si
1473 4445 1610 4501 forte
1634 4455 1980 4502 succenseant

408 4533 620 4602 quidam
641 4574 654 4599 ,
700 4535 838 4602 quod
872 4534 986 4589 inec
1026 4535 1298 4601 dicamus,
1330 4551 1518 4604 preCur
1554 4545 1610 4591 ut
1646 4539 1797 4590 nobis
1825 4540 1977 4593 venia

408 4625 580 4688 detur,
611 4625 853 4693 absitque
881 4624 1207 4694 indignatio:
1242 4643 1411 4695 neque
1439 4628 1578 4680 enim
1609 4629 1779 4682 libens
1802 4644 1864 4682 ac
1896 4642 1976 4684 te-

409 4729 556 4768 mere
584 4714 717 4767 hanc
745 4714 1070 4769 inimicitiam
1093 4717 1436 4786 susciperem.
1468 4718 1579 4771 Non
1600 4733 1715 4771 sum
1746 4729 1847 4772 tam
1881 4722 1976 4774 mi-

406 4819 495 4858 ser
515 4820 576 4858 ac
598 4819 948 4870 mrumnosus,
967 4806 1056 4874 qui
1079 4815 1279 4862 temere
1299 4824 1482 4860 omnes
1499 4808 1765 4864 offendere
1785 4812 1973 4875 velim;

407 4895 502 4948 sed
533 4895 684 4948 valde
725 4894 879 4948 doleo
907 4909 968 4948 ac
995 4897 1221 4959 crucior,
1253 4907 1305 4949 et
1342 4897 1564 4966 gloriam
1605 4899 1696 4952 Dei
1733 4900 1977 4969 blasphe-

408 4990 537 5041 mari
573 4989 800 5049 intuens.
833 4998 882 5042 et
930 4989 1212 5042 multorum
1237 4989 1459 5042 salutem
1494 5001 1706 5058 propter
1731 4993 1976 5061 volupta-

405 5089 508 5131 tetu
558 5078 694 5131 hanc
737 5079 984 5146 paulatim
1033 5081 1227 5148 perire.
1275 5080 1425 5146 Quod
1457 5082 1594 5133 enim
1646 5083 1773 5136 illud
1816 5099 1977 5140 suave

403 5172 491 5232 sit,
525 5178 579 5223 et
607 5172 824 5239 nuptiali
849 5173 1116 5224 consortio
1145 5171 1497 5226 ardentioretn
1529 5175 1697 5242 pariat
1716 5189 1972 5239 amorem,

402 5275 544 5314 nunc
575 5261 707 5313 forte
729 5261 1004 5328 stupebitis
1025 5261 1316 5323 audientes,
1341 5261 1432 5314 sed
1462 5262 1544 5316 ubi
1570 5263 1618 5315 id
1645 5264 1977 5318 demonstra-

401 5366 548 5412 vero,
581 5366 674 5403 vos
703 5353 860 5403 etiam
905 5350 1303 5406 confitebimini.
1335 5353 1540 5406 Etenim
1585 5369 1703 5407 cum
1742 5355 1974 5424 legitima

403 5441 626 5494 muliere
650 5441 898 5510 congredi
927 5457 1046 5496 cum
1076 5457 1179 5497 non
1214 5443 1282 5496 sit
1306 5446 1558 5510 vetitum,
1593 5447 1971 5514 concupisecn-

467 5619 699 5688 [Titulus
714 5623 802 5688 _sie
823 5620 971 5688 habet
991 5621 1040 5688 in
1062 5621 1222 5688 Savil.,
1245 5622 1581 5688 chrysostomi,
1605 5627 1833 5679 adversus
1870 5629 1977 5685 illos

401 5680 485 5744 qui
493 5681 662 5750 habent
683 5681 883 5750 virgatas
897 5680 1276 5750 subintroductas
1289 5680 1500 5747 κίοι-ειη
1514 5680 1737 5750 ejusdem
1747 5694 1810 5740 ad
1816 5680 1975 5746 versus

406 5742 484 5814 eo;
529 5742 611 5804 qui
633 5742 801 5792 habent
843 5743 1240 5814 subintrodnctas.
1289 5742 1976 5814 'tnterpres'vero,_Ejusdem

401 5804 465 5850 ad
464 5817 645 5879 Persas.
661 5817 740 5879 eos
775 5804 858 5866 qui
885 5805 1014 5879 apud
1051 5821 1101 5858 se
1145 5811 1298 5871 fovent
1341 5804 1527 5862 sorores
1568 5804 1812 5878 adoptiva}
1854 5804 1974 5879 quos

403 5865 776 5917 subintroductas
802 5865 978 5917 vocant.

2091 1606 2216 1659 tiam
2247 1605 2424 1672 sedat,
2452 1615 2506 1662 et
2543 1623 2906 1678 sarpenumero
2931 1615 3224 1670 satietatem
3253 1617 3435 1684 affert,
3469 1619 3634 1672 immo

2090 1693 2264 1748 dicum
2292 1696 2626 1765 restinguens
2653 1698 2920 1754 ardorem.
2953 1702 3213 1758 Praeterea
3244 1717 3419 1774 partus
3445 1718 3496 1761 et
3528 1724 3655 1778 par-

2089 1793 2235 1839 tuum
2261 1785 2501 1852 dolores,
2535 1803 2924 1860 puerorumque
2949 1797 3340 1860 procreationes
3365 1812 3426 1850 ac
3459 1799 3657 1852 educa-

2089 1877 2298 1940 tiones,
2345 1893 2547 1932 necnon
2588 1889 2641 1933 et
2683 1880 2984 1952 frequentes
3021 1886 3109 1955 qui
3144 1901 3208 1940 ex
3252 1887 3334 1942 his
3362 1902 3657 1958 sequuntur

2090 1965 2259 2020 morbi
2289 1981 2480 2036 corpus
2510 1968 2767 2039 afﬂigunt,
2808 1972 2990 2027 ﬂorem
3021 1977 3188 2030 aetatis
3213 1979 3498 2033 marcidum
3528 1980 3656 2034 red-

2089 2055 2236 2119 dunt,
2270 2057 2662 2128 invalidumque
2690 2062 2977 2130 voluptatis
3000 2065 3174 2119 calcar
3199 2065 3432 2123 faciunt:
3463 2071 3512 2122 in
3539 2073 3654 2123 vir-

2088 2148 2210 2216 gine
2236 2157 2413 2201 autem
2439 2151 2818 2206 cohabitatrice
2843 2154 2971 2207 nihil
3001 2155 3188 2210 horum
3214 2159 3465 2226 reperies.
3490 2161 3656 2214 Abest

2087 2240 2229 2294 enim
2256 2242 2458 2308 coitus,
2505 2243 2591 2312 qui
2636 2253 2839 2299 natura:
2887 2253 3139 2316 impetum
3181 2249 3440 2319 deprimat
3463 2262 3515 2306 et
3552 2253 3653 2305 ob-

2089 2331 2301 2396 tundat;
2333 2347 2502 2402 neque
2531 2333 2744 2388 dolores
2770 2345 2982 2404 partus,
3016 2353 3186 2407 neque
3219 2355 3494 2407 puerorum
3524 2340 3656 2394 edu-

2086 2424 2324 2478 cationes
2351 2439 2564 2478 carnem
2607 2441 2936 2482 marcescere
2976 2427 3212 2484 faciunt:
3240 2431 3329 2484 sed
3362 2431 3650 2500 juvenilem

2087 2513 2320 2583 vigorem
2351 2513 2441 2566 diu
2466 2524 2745 2570 conservat
2767 2558 2780 2576 ,
2819 2525 3003 2586 utpote
3034 2519 3228 2573 intacta
3259 2535 3496 2574 manens.
3528 2521 3656 2576 Po.~t

2087 2612 2268 2671 partus
2293 2604 2435 2657 enim
2481 2613 2533 2659 et
2561 2605 2904 2661 educationes
2947 2624 3230 2677 puerorum
3278 2626 3496 2679 corpora
3521 2627 3654 2666 uxo-

2086 2707 2202 2745 rum
2231 2693 2520 2747 infirmiora
2549 2695 2713 2760 fiunt;
2752 2697 2854 2751 illze
2893 2708 3068 2752 autem
3097 2717 3260 2769 usque
3289 2703 3340 2754 in
3367 2701 3654 2772 quadrage-

2084 2785 2278 2841 simum
2305 2801 2499 2841 annum
2526 2789 2580 2842 in
2604 2804 2697 2843 sua
2721 2801 3033 2860 permanent
3051 2792 3242 2859 forma,
3275 2804 3464 2848 etcum
3491 2797 3652 2866 virgi-

2087 2887 2240 2930 mbos
2261 2875 2369 2945 jam
2400 2877 2670 2932 elocandis
2709 2890 2934 2934 certant.
2975 2881 3110 2936 Hinc
3136 2893 3217 2937 est
3253 2885 3392 2953 quod
3432 2885 3652 2940 cohabi-

2087 2973 2261 3021 tantes
2281 2967 2476 3037 duplici
2504 2972 2623 3039 igne
2648 2973 3040 3037 accenduntur;
3072 2990 3194 3028 nam
3215 2985 3268 3029 et
3289 2977 3444 3030 ardor
3469 2993 3652 3032 eorum

2086 3074 2191 3114 non
2221 3063 2562 3132 restinguitur
2579 3066 2718 3118 coitu
2744 3067 2822 3121 eis
2843 3069 3142 3137 interdicto,
3179 3081 3232 3126 et
3263 3073 3465 3127 ardoris
3487 3075 3657 3128 {ornes

2086 3162 2265 3206 manet
2307 3155 2651 3225 redd.turque
2680 3158 2920 3213 validior.
2950 3160 3098 3216 Hanc
3137 3178 3235 3232 ego
3275 3163 3428 3234 lmjus
3465 3177 3655 3217 contu-

2085 3242 2254 3296 bernii
2283 3257 2497 3298 causam
2527 3247 2798 3315 suspicor;
2842 3249 2935 3302 sed
2964 3267 3030 3304 ne
3054 3252 3207 3307 valde
3245 3268 3654 3308 succense-amns

2083 3332 2197 3396 eis,
2241 3347 2414 3402 neque
2456 3333 2697 3391 difficiles
2740 3339 2905 3392 simus
2943 3349 2996 3394 et
3039 3341 3344 3412 importuni.
3386 3344 3514 3398 Nam
3561 3349 3654 3415 qui

2084 3441 2282 3495 {egrum
2306 3427 2416 3480 vult
2442 3429 2736 3495 restituere,
2771 3446 2874 3484 non
2903 3431 3004 3486 hoc
3021 3435 3128 3504 agit
3148 3435 3223 3488 ira
3248 3446 3301 3490 et
3323 3437 3653 3502 verberibus,

2085 3515 2176 3569 sed
2207 3517 2361 3570 offert
2404 3518 2684 3587 pharmaca
2711 3535 2831 3574 cum
2864 3537 3050 3590 magna
3078 3539 3203 3578 cura
3243 3534 3297 3580 et
3333 3525 3518 3580 blanda
3561 3529 3655 3579 ad-

2085 3604 2403 3661 hortatione.
2450 3607 2655 3662 Etenim
2701 3611 2744 3664 si
2776 3611 2842 3663 ab
2872 3612 2974 3665 illis
3005 3627 3189 3681 pronas
3223 3625 3470 3684 expetere
3499 3617 3655 3672 nobis

2083 3700 2410 3768 prepositum
2439 3711 2608 3766 esset,
2643 3711 2698 3756 et
2723 3703 2764 3756 si
2785 3703 3022 3771 judicum
3047 3705 3286 3760 ordinem
3320 3717 3653 3772 teneremus,

2085 3790 2344 3860 indignari
2371 3803 2671 3863 eporteret;
2704 3795 2796 3849 sed
2818 3797 2860 3849 si
2890 3798 2979 3851 illo
3007 3798 3225 3854 dimisso
3245 3799 3566 3854 medicorum
3599 3815 3654 3856 et

2084 3898 2276 3938 curare
2303 3886 2589 3939 volentium
2618 3902 2811 3942 munus
2840 3891 3217 3958 suscipiamus,
3249 3893 3466 3957 hortari,
3495 3894 3652 3948 obse-

2083 3989 2249 4038 crare,
2281 3985 2352 4038 et,
2387 3977 2429 4030 si
2452 3992 2583 4045 opus
2604 3978 2690 4044 sit,
2717 3994 2885 4048 genua
2914 3988 3125 4050 tangere
3152 3997 3286 4050 opus
3310 3995 3409 4050 est,
3432 3986 3655 4054 utquod

2081 4065 2343 4134 agendum
2371 4068 2696 4136 suscepimus
2722 4069 3072 4136 perficiamus.
3112 4071 3274 4141 Igitur
3306 4075 3653 4142 quemadmo-

2082 4156 2206 4209 dum
2236 4157 2459 4221 medici,
2490 4159 2574 4226 qui
2605 4174 2774 4228 aegros
2798 4175 2825 4212 a
2857 4161 2976 4214 cibo
3001 4161 3082 4214 vel
3109 4173 3231 4231 potu
3262 4165 3447 4216 nocivo
3469 4180 3655 4219 arcere

2082 4252 2324 4320 cupiunt,
2361 4253 2483 4306 licet
2510 4254 2595 4307 illa
2635 4256 2850 4308 mixtam
2893 4257 3119 4312 habeant
3146 4260 3496 4328 voluptatem,
3526 4274 3654 4318 ante

2082 4341 2258 4394 omnia
2308 4351 2482 4396 tamen
2531 4344 2847 4411 persuadent
2886 4346 3059 4402 inesse
3104 4349 3205 4402 illis
3248 4360 3439 4419 praeter
3487 4368 3651 4406 nocu~

2083 4443 2259 4486 menta
2287 4434 2444 4487 etiam
2486 4435 2706 4489 multum
2739 4439 3104 4503 insuavitatis;
3143 4441 3219 4494 sic
3257 4453 3312 4495 et
3354 4457 3450 4496 nos
3487 4442 3653 4496 facia-

2081 4539 2220 4588 mus,
2242 4528 2705 4581 commonstrando
2729 4529 2829 4582 illis
2849 4531 2989 4597 quod
3011 4531 3327 4586 cohabitatio
3349 4536 3453 4596 illa,
3475 4551 3654 4601 quam-

2080 4615 2160 4666 vis
2183 4615 2357 4668 suavis
2377 4625 2428 4668 et
2444 4616 2674 4684 jucunda
2696 4619 2952 4681 videatur,
2979 4623 3271 4688 perniciosa
3297 4625 3384 4687 sit,
3407 4635 3459 4679 et
3484 4626 3654 4678 nihilo

2081 4705 2269 4758 melior
2293 4721 2450 4773 quam
2493 4709 2777 4763 mortifera:
2805 4713 3062 4778 potiones.
3108 4714 3173 4767 Et
3205 4715 3411 4770 videtur
3438 4718 3649 4785 quidem

2082 4795 2300 4847 multam
2333 4797 2526 4852 habere
2562 4799 2791 4853 hetitiam
2813 4843 2825 4863 ,
2859 4804 2985 4856 latet
3027 4813 3200 4858 tamen
3242 4808 3462 4860 multum
3492 4809 3539 4860 in
3587 4826 3649 4863 ea

2081 4885 2463 4948 amaritudinis,
2487 4904 2642 4954 quatn
2669 4891 2878 4956 animm,
2907 4909 3024 4961 qum
3046 4895 3396 4965 voluptatibus
3418 4899 3651 4953 oblecta-

2081 4982 2186 5037 tur,
2215 4974 2460 5030 infundit.
2483 4977 2611 5031 Nam
2637 4980 2727 5049 qui
2759 4997 3037 5048 persuasus
3065 4984 3306 5048 discedit,
3336 5003 3516 5042 secure
3538 4989 3650 5042 dis~

2081 5065 2239 5120 cedit.
2270 5065 2408 5121 Sane
2436 5069 2523 5136 qui
2565 5081 2706 5124 metu
2747 5081 2802 5125 et
2845 5075 3156 5130 necessitate
3181 5092 3212 5128 a
3240 5077 3427 5131 dilecta
3466 5079 3648 5146 sejun-

2080 5155 2240 5224 gitnr,
2272 5155 2456 5210 fortior
2481 5168 2687 5214 amator
2720 5162 2807 5225 fit,
2837 5172 2887 5215 et
2926 5163 3164 5219 fortassis
3195 5167 3381 5220 iterum
3410 5168 3474 5221 ad
3505 5168 3647 5224 illum

2081 5249 2329 5312 accedet;
2361 5259 2413 5301 at
2452 5251 2494 5302 si
2542 5262 2597 5303 ut
2639 5267 2750 5305 rem
2792 5253 3100 5309 damnosam
3130 5267 3181 5310 et
3218 5272 3448 5311 amaram
3484 5261 3646 5328 fugit,

2081 5340 2481 5409 haudquaquam
2515 5342 2701 5395 iterum
2735 5347 3015 5399 revertitur
3039 5345 3106 5400 ob
3137 5347 3396 5402 calculum
3431 5359 3646 5402 senten-

2081 5430 2165 5481 tia:
2195 5444 2337 5492 sute,
2375 5447 2494 5498 qua:
2531 5435 2715 5500 quavis
2753 5437 3065 5490 necessitate
3094 5439 3371 5492 violentius
3406 5441 3475 5492 illi
3523 5455 3646 5507 per-

2081 5519 2284 5574 Suadet.
2315 5523 2590 5586 Quomodo
2614 5541 2741 5594 ergo
2774 5530 3204 5594 persnadehinms
3231 5532 3352 5595 illis,
3384 5533 3516 5600 quod
3545 5532 3648 5585 hoc

2081 5625 2185 5662 non
2215 5610 2382 5664 solum
2414 5625 2632 5679 noceat,
2675 5617 2766 5670 sed
2809 5627 2864 5670 et
2896 5633 3134 5673 amarum
3161 5622 3264 5673 sit?
3297 5622 3360 5674 Et
3387 5623 3648 5691 qumnodo

2081 5699 2254 5765 aliter,
2301 5716 2457 5769 quam
2501 5718 2565 5758 ex
2615 5705 2726 5774 ipsa
2770 5722 2945 5760 rerum
2991 5711 3216 5762 natura?
3265 5711 3650 5782 luterrogemus

2079 5805 2205 5858 ergo
2237 5806 2330 5845 eos
2352 5834 2366 5857 ,
2397 5794 2440 5846 si
2480 5796 2598 5864 quis
2641 5812 2820 5851 mensa
2851 5811 3152 5868 sumptuosa
3191 5806 3425 5871 apposita
3447 5846 3460 5865 ,
3489 5808 3650 5860 variis

2079 5874 2503 5948 dulcissimisque
2544 5881 2697 5950 plena
2725 5882 2947 5951 eduliis,
2990 5885 3258 5942 denuntiet
3289 5888 3504 5942 summis
3544 5894 3649 5943 mi-
