4036 6416
402 405 510 464 4θὸ

1043 391 1321 451 CONTRA
1361 389 1491 445 EOS
1530 387 1646 455 QUI
1689 374 2318 440 SUBINTRODUCTAS
2358 369 2630 427 IIABENT
2674 360 3017 421 V’IRGINES.

3557 354 3657 410 496

450 573 3661 635 _____________________________________________

1586 794 1738 868 [ηδ]
1792 800 2019 888 ΤΟΥ
2097 795 2472 884 ΑΥΤΟΥ

1123 1107 1295 1162 ΠΡΟΣ
1333 1109 1511 1161 ΤΟΥΣ
1559 1102 1876 1159 ΕΧΟΝΤΑΣ
1920 1094 2332 1154 ΠΑΡΘΕΝΟΥΣ
2371 1089 2897 1147 ΣΥΝΕΙΣΑΚΤΟΥΣ
2923 1101 2970 1141 ⁸.

485 1829 552 1877 α’.
599 1820 721 1876 Ἐπὶ
745 1820 842 1892 μὲν
862 1818 968 1872 τῶν
993 1819 1268 1889 προγόνων
1286 1818 1392 1872 τῶν
1423 1816 1703 1890 ἡμετέρων
1730 1816 1822 1870 δύο
1847 1816 1987 1879 τινὲς

413 1903 553 1980 ἦσαν
601 1907 898 1978 προφάσεις
945 1907 999 1960 αί
1047 1904 1144 1969 τάς
1176 1907 1438 1973 γυναῖκας
1479 1900 1988 1971 συγκατοικίζουσαι

414 1998 527 2057 τοῖς
570 1993 822 2062 ἀνδράσιν
862 1989 958 2061 μία
999 1989 1097 2060 μὲν
1137 1991 1170 2060 ή
1218 1987 1311 2040 τοῦ
1337 1987 1538 2057 γάμου,
1567 1987 1766 2056 ἀρχαία
1797 2002 1855 2037 τε
1895 1984 1988 2036 καὶ

414 2079 594 2134 δικαία
628 2087 721 2129 καὶ
758 2073 996 2142 εὔλογος,
1032 2073 1126 2127 ἆτε
1158 2074 1250 2126 τὸν
1277 2073 1407 2125 Θεὸν
1440 2072 1634 2141 ἔχουσα
1658 2069 1951 2141 νομοθέτην
1971 2084 1985 2098 ⁸

427 2157 576 2213 Ἀντί
595 2157 702 2229 γάρ
728 2159 963 2222 τούτου,
995 2158 1145 2229 φησὶ,
1177 2156 1523 2225 καταλείψει
1554 2153 1862 2221 ἅνθρωπος
1885 2153 1990 2205 τὸν

415 2243 636 2312 πατέρα
665 2242 848 2296 αὑτοῦ
877 2243 975 2296 καὶ
999 2242 1111 2309 τὴν
1135 2241 1379 2310 μητέρα,
1415 2240 1507 2294 καὶ
1537 2238 1990 2308 προσκολληθήο

415 2344 583 2383 σεται
635 2327 785 2395 πρὸς
823 2326 937 2395 τὴν
973 2326 1224 2395 γυναῖκα
1256 2327 1464 2386 αὐτοῦ.
1505 2327 1600 2379 καί
1652 2325 1893 2380 ἔσονται
1937 2327 1989 2377 οι

413 2413 523 2466 δύο
551 2414 638 2478 είς
666 2411 860 2480 σάρκα
883 2410 1059 2480 pla)"
1093 2410 1255 2480 ἑτέρα
1295 2409 1352 2462 δέ
1383 2411 1415 2480 ή
1461 2410 1560 2480 τῆς
1588 2409 1862 2481 πορνείας,
1895 2406 1990 2460 καὶ

413 2495 653 2566 νεωτέρα
681 2493 882 2564 ταύτης
910 2493 1002 2546 καὶ
1030 2492 1210 2556 ἄδικος
1238 2491 1330 2545 καὶ
1353 2493 1688 2562 παράνομος,
1719 2490 1814 2545 an
1839 2488 1990 2562 παρὰ

412 2577 522 2632 τῶν
553 2576 803 2648 πονηρῶν
832 2576 1193 2646 εἰσενεχθεῖσα
1221 2575 1509 2646 δαιμόνων.
1543 2575 1665 2628 Ἐπὶ
1698 2574 1752 2628 δέ
1781 2575 1879 2644 τῆς
1899 2591 1991 2642 γε-

413 2665 541 2725 νεᾶς
562 2663 661 2732 τῆς
684 2661 953 2732 ἡμετέρας
981 2662 1074 2714 καὶ
1091 2659 1272 2730 τρίτος
1294 2661 1556 2730 ἐπενοήθη
1584 2659 1780 2728 τρόπος
1808 2658 1991 2723 καινός

413 2763 498 2808 τις
525 2745 618 2798 καὶ
638 2744 937 2815 παράδοξος
961 2745 1054 2796 καὶ
1089 2745 1288 2815 πολλὴν
1316 2743 1453 2812 ἔχων
1483 2744 1582 2812 τὴν
1617 2744 1846 2812 ἀπορίαν
1877 2746 1991 2806 τοῖς

417 2828 758 2900 βουλομένοις
785 2828 884 2898 τήν
917 2826 1094 2880 αἰτίαν
1123 2828 1322 2898 εὑρεῖν.
1357 2826 1474 2879 Εἰσὶ
1515 2827 1622 2896 γάρ
1648 2844 1791 2890 τινες
1815 2826 1864 2879 οἳ
1891 2827 1991 2894 γά-

421 2929 522 2982 μου
563 2911 655 2964 καὶ
703 2910 984 2972 συνουσίας
1017 2911 1186 2980 χωρὶς
1224 2910 1390 2979 κόρας
1429 2909 1833 2978 ἀπειρογάμους
1864 2908 1991 2977 ἀγό-

421 3011 590 3064 μενοι,
637 2993 946 3057 καθίζουσιν
996 2993 1131 3045 οίκοι
1172 2993 1478 3055 διαπαντὸς,
1516 2993 1604 3044 καὶ
1643 2994 1720 3054 είς
1766 2990 1990 3059 ἔσχατον

416 3080 591 3149 γῆρας
642 3080 849 3140 ἐαυτοῖς
901 3076 1433 3144 συγκατακλείουσιν,
1482 3074 1602 3128 οὔτε
1656 3076 1746 3128 ἐπὶ
1807 3074 1992 3126 παιδο-

415 3162 567 3234 ποιία
593 3163 644 3224 ι),
673 3163 734 3214 οὐ
764 3163 871 3231 γάρ
916 3177 1078 3229 φασιν
1119 3161 1308 3221 αῢταῖς
1349 3159 1714 3226 συγγίνεσθαι,
1767 3157 1888 3209 οὔτε
1934 3155 1994 3221 ἐξ

417 3244 729 3307 ἀκολασίας,
766 3244 984 3311 λέγουσι
1022 3244 1127 3315 γὰρ
1168 3243 1337 3304 αὑτάς
1366 3242 1651 3312 ἀκεραίους
1683 3240 1989 3310 διατηρεῖν*

417 3331 530 3382 ἀλλ’
561 3329 654 3382 ἐάν
702 3346 782 3392 τις
821 3328 1011 3398 ἔρηται
1048 3327 1146 3398 τὴν
1182 3327 1394 3392 αἰτίαν,
1433 3328 1612 3397 έχουσι
1641 3327 1736 3396 μὲν
1771 3325 1990 3389 πολλὰς,

417 3415 512 3468 καὶ
545 3415 995 3485 μεμελετήκασιν,
1023 3410 1240 3480 εὔλογον
1273 3411 1348 3473 δέ,
1377 3411 1452 3474 ὡς
1495 3411 1667 3478 ἔγωγε
1697 3406 1870 3479 οἶμαι,
1901 3412 1992 3464 ού-

411 3498 626 3568 δεμίαν,
653 3499 775 3552 ούδέ
805 3499 1028 3568 σεμνήν.
1065 3495 1223 3548 Ἀλλά
1257 3497 1420 3566 μήπω
1450 3496 1576 3564 περὶ
1602 3494 1825 3557 τούτων,
1858 3494 1993 3564 μηδέ

419 3581 517 3644 τάς
554 3581 774 3635 ἐκείνων
811 3582 949 3644 τέως
993 3581 1238 3650 λέγωμεν
1285 3578 1603 3650 προφάσεις,
1645 3579 1756 3631 ἀλλ’
1796 3578 1862 3648 ἢν
1898 3578 1990 3630 αύ-

417 3663 501 3716 τοὶ
554 3664 786 3734 μάλιστα
830 3663 1204 3731 ύποπτεύομεν
1248 3656 1422 3724 εἶναι,
1456 3660 1657 3731 ταύτην
1699 3663 1778 3724 είς
1833 3661 1994 3730 μέσον

409 3747 732 3818 ἀγάγωμεν.
768 3747 864 3809 Τίς
894 3744 985 3801 οὖν
1029 3749 1173 3800 ἐστιν
1217 3745 1380 3814 αύτη;
1433 3745 1654 3807 Πάντως
1687 3745 1742 3798 δέ
1786 3747 1834 3797 εί
1881 3744 1995 3796 δια-

422 3830 682 3901 μάρτοιμι
720 3830 813 3882 τοῦ
846 3830 1067 3894 σκοποῦ,
1099 3828 1304 3893 ἔξεστιν
1339 3827 1693 3880 ἐπιλαϐέσθαι
1725 3831 1836 3889 τοῖς
1871 3828 1993 3895 βου-

416 3913 662 3983 λομένοις
693 3913 867 3983 ὑμῶν.
900 3914 996 3976 Τίς
1027 3910 1118 3966 οὖν
1145 3916 1290 3965 ἐστιν
1310 3915 1342 3980 ἡ
1378 3912 1678 3982 πρόφασις
1706 3915 1863 3964 Δοκεῖ
1905 3911 1993 3981 μοί

417 4013 537 4048 τινα
581 3996 774 4068 ἡδονὴν
817 3996 959 4064 ἔχειν
1009 3997 1069 4049 τὸ
1121 3998 1385 4048 συνοικεῖν
1432 3995 1692 4062 γυναιξὶν.
1731 3995 1790 4046 ού
1846 3995 1994 4065 νόμῳ

417 4080 594 4149 γάμου
629 4080 807 4149 μόνον,
842 4079 977 4132 ἀλλά
1009 4081 1103 4132 καὶ
1131 4079 1306 4148 γάμου
1350 4079 1442 4130 καὶ
1485 4078 1767 4140 συνουσίας
1805 4078 1990 4148 χωρίς.

413 4162 481 4214 ιΕἱ
511 4163 567 4214 δὲ
595 4164 695 4214 οὐκ
722 4161 896 4230 ὀρθῶς
924 4162 1087 4225 δοκῶ,
1116 4162 1294 4229 λέγειν
1322 4161 1421 4214 ούκ
1456 4160 1592 4231 ἔχω·
1629 4161 1728 4230 τὴν
1761 4161 1869 4229 γὰρ
1898 4163 1996 4229 ἐμ-

419 4244 581 4298 αυτοῦ
606 4246 740 4310 τέως
765 4247 891 4316 ὑμῖν
919 4245 1210 4316 διηγοῦμαι
1247 4245 1469 4315 γνώμην
1489 4260 1501 4272 ·
1533 4246 1671 4315 τάχα
1710 4246 1766 4298 δὲ
1804 4246 1864 4298 ού
1895 4246 1994 4315 τὴν

419 4329 654 4400 ἐμαυτοῦ
692 4329 868 4399 μόνον,
916 4329 1050 4383 ἀλλά
1098 4329 1191 4382 καὶ
1235 4328 1334 4398 τὴν
1393 4327 1572 4380 αὐτῶν
1615 4329 1869 4381 ἐκείνων·
1913 4330 1994 4382 ὅτι

417 4412 528 4484 γὰρ
555 4412 650 4466 καὶ
688 4413 917 4476 ἐκείνοις
943 4411 1086 4465 οὕτω
1128 4412 1291 4475 δοκεῖ,
1319 4411 1475 4480 δῆλον
1520 4411 1744 4464 ἐκεῖθεν.
1781 4413 1856 4464 UO
1887 4411 1995 4483 γὰρ

416 4497 488 4550 ἂν
538 4495 806 4567 τοσαύτης
866 4496 1273 4568 κατεφρόνησαν
1343 4495 1500 4565 δόξης
1571 4497 1664 4547 καὶ
1729 4496 1996 4550 τοσούτων

421 4579 750 4642 σκανδάλων,
786 4582 834 4632 εἰ
876 4581 949 4650 μὴ
988 4580 1192 4650 σφοδρά
1232 4597 1315 4642 τις
1345 4575 1412 4649 ἦν
1449 4580 1542 4631 καὶ
1571 4578 1863 4650 τυραννικὴ
1897 4579 1997 4648 τῆς

419 4665 783 4732 συνοικήσεως
822 4663 1024 4733 ταύτης
1057 4666 1088 4734 ή
1117 4663 1300 4733 ἡδονή.
1337 4663 1401 4715 Et
1441 4661 1496 4714 δέ
1529 4679 1673 4725 τινες
1715 4661 1998 4732 δυσχεραί⁴

421 4763 561 4799 νοιεν
595 4746 764 4799 ταῦτα
802 4746 1064 4814 λεγόντων
1113 4745 1293 4816 ήμῶν,
1351 4747 1760 4816 παραιτήσομαι
1811 4763 1999 4814 συγγι-

421 4827 648 4883 νώσκειν
690 4831 852 4900 ἡμῖν,
901 4829 992 4883 καὶ
1040 4829 1115 4899 μὴ
1165 4829 1523 4896 ἀγανακτεῖν·
1567 4829 1626 4880 ού
1673 4829 1781 4900 γὰρ
1833 4829 1995 4893 ἐκὼν,

419 4912 540 4965 ούδέ
573 4913 757 4974 ἁπλῶς
785 4913 882 4982 τὴν
912 4911 1203 4981 ἀπέχθειαν
1233 4911 1588 4978 ἀναδέξασθαι
1628 4913 1829 4983 ταύτην
1857 4913 1997 4965 εἱλό-

426 5012 552 5065 μην.
600 4996 708 5064 Ούχ
757 4994 927 5058 οῦτως
971 4995 1150 5058 ἅθλιος
1204 4995 1313 5064 ἐγὼ
1365 4995 1458 5048 καὶ
1508 4994 1882 5066 ταλαίπωρος,
1923 4997 1997 5061 ώς

420 5080 542 5149 είκῆ
580 5078 856 5148 βούλεσθαι
891 5077 1246 5150 προσκρούειν
1300 5079 1528 5132 ἅπασιν·
1579 5079 1691 5132 ἀλλ’
1728 5080 1998 5150 ὀδυνῶμαι

423 5161 626 5232 σφόδρα
657 5162 753 5214 καὶ
800 5161 949 5229 ἀλγῶ
985 5163 1078 5214 καὶ
1114 5161 1212 5232 τὴν
1263 5161 1356 5213 τοῦ
1409 5161 1542 5214 Θεοῦ
1588 5162 1745 5228 δόξαν
1787 5163 2022 5233 ὑϐριζοο-

424 5246 594 5317 μένην
635 5244 796 5316 ὁρῶν,
844 5245 938 5297 καὶ
982 5246 1080 5315 τήν
1134 5245 1238 5297 τῶν
1285 5245 1494 5298 πολλῶν
1541 5247 1811 5316 σωτηρίαν
1858 5246 1998 5300 κατὰ

423 5329 616 5398 μικρὸν
666 5328 1034 5397 ύπορῤέουσαν
1086 5327 1172 5380 διά
1221 5330 1317 5399 τὴν
1363 5329 1554 5400 ἡδονὴν
1600 5330 1822 5400 ταύτην.
1877 5332 1998 5383 ’Ὁτι

418 5413 528 5481 γὰρ
562 5411 658 5480 ήδυ
688 5411 844 5463 τοῦτο
874 5412 967 5462 καὶ⁵
1005 5411 1095 5463 τοῦ
1126 5411 1274 5481 νόμῳ
1302 5413 1480 5481 γάμου
1514 5416 1779 5466 συνοικεῖν
1806 5413 1999 5484 δριμύ-

418 5511 576 5564 τερον
611 5494 722 5564 ἔχει
759 5493 850 5545 τὸν
891 5493 1087 5564 ἔρωτα,
1118 5493 1212 5547 νῦν
1246 5495 1342 5563 μέν
1382 5497 1511 5558 ἴσως
1556 5497 1650 5549 καὶ
1683 5497 1997 5567 θορυϐεῖσθε

421 5577 729 5640 ἀκούοντες,
763 5575 902 5646 μετὰ
932 5576 988 5628 δὲ
1022 5576 1118 5647 τήν
1149 5577 1419 5641 ἀπόδειξιν
1449 5578 1544 5631 καὶ
1581 5579 1734 5632 αὐτοὶ
1773 5597 1998 5649 συνομο-

419 5659 698 5732 λογήσετε.
742 5661 864 5713 Ἐπὶ
896 5662 992 5731 μὲν
1030 5661 1138 5731 γάρ
1171 5661 1270 5731 τῆς
1302 5661 1526 5732 ἐννόμου
1555 5663 1810 5731 γυναικὸς
1843 5665 1874 5735 ἡ
1907 5664 1998 5735 μί-

481 5788 509 5818 ⁸
531 5788 749 5864 Τίιιιιιιελ
765 5791 837 5862 gic
886 5789 1036 5838 habet
1075 5791 1123 5862 in
1149 5788 1337 5864 Szn'il.._:
1363 5791 1724 5864 vag'og'tégoul
1755 5791 1867 5864 πρδς
1889 5793 1998 5864 τούς

423 5851 612 5922 ἔχοντας
632 5852 882 5922 παρθένους
903 5852 1252 5910 συνεισάκτους,
1279 5849 1449 5899 More].
1463 5849 1502 5894 Τ
1508 5851 1561 5899 οῦ
1584 5849 1728 5899 αὐτοῦ
1756 5849 1870 5915 πρὸς
1887 5855 1995 5909 τοὺς

421 5914 754 5973 συνεισάκτους
775 5914 984 5973 ἔχοντας.

483 5972 511 6012 b
537 5972 618 6021 Sic
640 5971 1020 6036 Sava'Iprlime.
1050 5974 1277 6024 Ediderat
1313 5973 1478 6024 Montl‘.
1501 5973 1814 6030 παιδοποιίας.
1853 5975 1988 6027 Εοιτ.

2088 1814 2169 1882 ξις
2199 1811 2474 1876 ἀκώλυτος
2499 1807 2651 1876 οὖσα,
2681 1813 2771 1865 τόν
2814 1830 2872 1866 τε
2906 1811 3068 1866 πόθον
3101 1815 3544 1887 παρεμυθήσατο,
3567 1818 3660 1875 καὶ

2087 1899 2166 1958 εἰς
2198 1897 2357 1967 κόρον
2388 1895 2644 1958 πολλάκις
2685 1895 2776 1948 τὸν
2811 1895 2975 1966 ἄνδρα
3017 1897 3213 1966 ἤγαγε,
3261 1899 3356 1954 καὶ
3395 1901 3493 1970 τὴν
3531 1918 3658 1970 σφο-

2087 1978 2218 2047 δρὰν
2244 1979 2537 2032 κατέλυσεν
2567 1977 2881 2047 ἐπιθυμίαν.
2910 1979 3018 2032 Καὶ
3050 1982 3217 2051 χωρὶς
3248 1981 3304 2034 δέ
3341 1982 3544 2036 τούτων
3569 1984 3665 2038 καὶ

2087 2063 2271 2126 ὠδῖνες
2296 2063 2390 2116 καὶ
2422 2063 2568 2116 τόκοι
2612 2062 2706 2115 καὶ
2755 2061 3080 2115 παιδοποιίαι
3127 2065 3222 2116 καὶ
3265 2065 3662 2137 παιδοτροφίαι,

2087 2147 2182 2199 καλ⁴
2205 2146 2272 2198 τά
2301 2149 2362 2199 ἐκ
2393 2145 2597 2199 τούτων
2627 2145 2866 2216 ἑπόμενα
2895 2146 3090 2216 συνεχῆ
3118 2149 3417 2219 νοσήματα,
3449 2151 3664 2222 πολιορ-

2089 2229 2290 2282 κοῦντα
2321 2225 2466 2299 [229]
2495 2229 2554 2282 τὸ
2590 2227 2746 2298 σῶμα
2779 2230 2874 2284 καὶ
2917 2231 3246 2301 μαραίνοντα
3287 2231 3349 2284 τὸ
3376 2231 3534 2296 ἀνθος
3567 2233 3666 2302 τῆς

2090 2311 2256 2380 ῶρας,
2281 2310 2662 2382 ἀσθενέστερον
2683 2312 2744 2364 τὸ
2768 2313 2988 2382 κέντρον
3013 2312 3305 2382 ἐργάζεται
3324 2315 3422 2384 τῆς
3448 2315 3663 2384 ήδονῆς.

2103 2396 2223 2448 Ἐπὶ
2246 2395 2302 2448 δέ
2331 2395 2430 2464 τῆς
2457 2394 2722 2465 παρθένου
2750 2395 2900 2448 οὐδὲν
2925 2395 3127 2448 τούτων
3156 2396 3235 2449 ἔνι
3252 2412 3265 2426 ο
3289 2395 3412 2448 οὔτε
3440 2397 3547 2468 γὰρ
3580 2399 3667 2468 μί-

2092 2478 2173 2544 ξις
2203 2480 2318 2532 ἐστὶ⁹
2362 2479 2452 2531 τὸν
2493 2475 2706 2550 οἶστρον
2739 2479 2838 2549 τῆς
2881 2478 3094 2548 φύσεως
3139 2479 3408 2550 δυναμένη
3440 2480 3668 2550 χαλάσαι

2090 2562 2185 2614 καί⁵
2227 2564 2597 2629 κατενεγκεῖν,
2632 2560 2753 2613 οὕτε
2788 2561 2972 2624 ὠδῖνες
3014 2563 3107 2615 καὶ
3156 2563 3532 2633 παιδοτροφίαι
3574 2564 3668 2636 τὴν

2093 2646 2271 2716 σάρκα
2325 2645 2712 2714 μαραίνουσιν,
2766 2644 2880 2697 ἀλλ’
2926 2645 3154 2698 ἐπιπολὺ
3202 2645 3519 2711 διασώζουσι
3573 2648 3670 2718 τὴν

2091 2728 2294 2800 ἀκμὴν,
2311 2727 2406 2781 ἆτε
2436 2727 2702 2797 ἀνέπαφοι
2730 2727 2983 2796 μένουσαι
2995 2727 3101 2781 τῶν
3124 2728 3388 2783 ἐντεῦθεν.
3411 2731 3530 2784 Τῶν
3570 2732 3669 2802 μὲν

2091 2811 2199 2881 γάρ
2235 2812 2593 2882 γαμουμένων
2640 2813 2776 2882 μεσά
2807 2813 2932 2874 τοὺς
2963 2812 3157 2875 τόκους
3198 2815 3292 2866 καὶ
3339 2815 3434 2877 τάς
3484 2817 3670 2870 παιδο-

2090 2895 2316 2964 τροτίας
2346 2893 2706 2964 ἀσθενέστερα
2734 2894 2803 2946 τὰ
2843 2893 3067 2963 σώματα
3103 2894 3340 2962 γίνεται,
3393 2898 3448 2949 αἱ
3481 2897 3536 2950 δέ
3579 2900 3672 2951 καὶ

2093 2979 2170 3040 εἰς
2201 2977 2634 3048 τεσσαρακοστὸν
2679 2976 2794 3040 ἔτος
2849 2977 3122 3047 μένουσιν,
3162 2978 3533 3050 ἁμιλλώμεναι
3565 2981 3672 3034 τῶν

2095 3059 2375 3131 παρθένων
2417 3063 2535 3122 ταῖς
2572 3058 3070 3129 θαλαμευομέναις’
3106 3060 3226 3113 ὃθεν
3262 3061 3424 3116 διπλᾶ
3467 3064 3532 3117 τά
3574 3065 3674 3132 τῆς

2096 3143 2392 3212 ἐπιθυμίας
2415 3142 2682 3212 ἐγείρεται
2725 3145 2836 3204 τοῖς
2883 3142 3219 3196 συνοικοῦσιν
3259 3147 3466 3209 αὑταῖς,
3497 3147 3575 3218 τῷ
3611 3165 3673 3200 τε

2100 3226 2173 3297 μὴ
2202 3226 2597 3296 συγχωρεῖσθαι
2629 3228 2695 3296 τῇ
2731 3225 2873 3295 μίξει
2902 3226 2992 3278 τὸν
3025 3227 3187 3280 πόθον
3213 3230 3670 3298 παραμυθεῖσθαι,

2096 3313 2188 3365 καὶ
2220 3310 2298 3381 τῷ
2326 3311 2506 3381 μένειν
2541 3309 2766 3362 ἐπιπολὺ
2800 3310 2890 3362 τοῦ
2923 3310 3089 3363 πόθου
3122 3311 3219 3382 τὴν
3253 3313 3504 3366 ὑπόθεσιν
3535 3317 3676 3384 ίσχυ-

2098 3397 2344 3466 ροτέραν.
2376 3393 2591 3463 Ταύτην
2630 3395 2917 3446 ὑποπτεύω
2959 3395 3224 3464 πρόφασιν
3250 3392 3387 3450 εἷναι
3424 3397 3533 3464 ἐγὼ
3576 3399 3674 3468 τῆς

2095 3479 2424 3549 όμοσκηνίας
2449 3477 2668 3546 ταύτης.
2701 3477 2858 3531 Ἀλλὰ
2893 3477 2965 3548 μὴ
2992 3479 3386 3550 ἀγανακτῶμεν
3415 3481 3548 3550 πρὸς
3576 3483 3675 3535 αύ-

2095 3563 2242 3625 τοὺς,
2283 3561 2415 3631 μηδὲ
2439 3559 2876 3630 δυσχεραίνωμεν
2897 3578 2911 3591 ·
2943 3561 3115 3624 οὐδεὶς
3153 3563 3259 3632 γάρ
3284 3564 3375 3617 τὸν
3401 3565 3677 3634 κάμνοντα

2095 3644 2396 3712 ἀναστῆσαι
2448 3642 2766 3711 βουλόμενος
2821 3643 2933 3712 μετ’
2982 3643 3149 3713 ὀργῆς
3193 3647 3286 3698 καὶ
3338 3646 3676 3717 ἐπιπλήξεως

2093 3726 2248 3779 τοῦτο
2288 3730 2454 3786 ποιεῖ,
2486 3726 2620 3780 ἀλλα
2653 3727 2788 3796 μετά
2821 3726 3114 3797 θεραπείας
3146 3729 3238 3782 καὶ
3282 3731 3676 3800 παρακλήσεως

2096 3810 2361 3880 προσάγει
2412 3811 2479 3862 τὰ
2538 3811 2821 3880 φάρμακα.
2887 3811 2995 3862 Καὶ
3045 3811 3152 3880 γὰρ
3207 3814 3254 3864 εί
3307 3812 3407 3881 μὲν
3453 3813 3673 3866 κολάσαι

2097 3891 2405 3964 προύκειτο,
2439 3894 2532 3945 καὶ
2567 3894 2665 3962 τὴν
2711 3892 2818 3945 τῶν
2860 3893 3185 3955 δικαζόντων
3231 3895 3445 3964 εἴχομεν
3501 3896 3672 3959 τάξιν,

2097 3975 2263 4046 ἐχρῆν
2289 3976 2382 4028 καὶ
2406 3977 2730 4043 ἀγανακτεῖν
2747 3993 2760 4006 °
2786 3977 2833 4028 εί
2867 3975 2923 4028 δέ
2950 3975 3164 4044 ἐκείνην
3191 3976 3416 4044 ἀφέντες
3441 3977 3539 4048 τὴν
3567 3978 3674 4031 τῶν

2100 4059 2297 4128 ἰατρῶν
2345 4060 2438 4110 καὶ
2487 4058 2821 4129 θεραπεῦσαι
2881 4057 3216 4127 βουλομένων
3265 4059 3672 4129 μεταλαμϐάνο-

2099 4157 2218 4210 μεν,
2260 4142 2594 4212 παρακαλεῖν
2640 4143 2743 4211 χρὴ
2791 4142 2885 4194 καὶ
2935 4140 3183 4202 δέεσθαι,
3233 4142 3326 4194 καὶ
3376 4142 3572 4206 αὐτῶν,
3623 4145 3672 4194 εί

2095 4223 2222 4283 δέοι,
2258 4223 2364 4275 τῶν
2391 4225 2629 4290 γονάτων
2660 4225 2946 4283 ἅπτεσθαι.
2979 4224 3118 4277 ὥστε
3152 4223 3400 4293 γενέσθαι
3423 4226 3483 4277 τὸ
3511 4243 3674 4278 σπου-

2096 4305 2408 4376 δαζόμενον.
2452 4306 2717 4377 Καθάπερ
2748 4303 2841 4359 οὖν
2881 4309 2929 4359 οἱ
2969 4308 3142 4378 ἰατροὶ
3184 4307 3292 4359 τῶν
3330 4309 3672 4378 βλαπτόντων

2101 4389 2220 4458 μὲν,
2250 4389 2439 4458 ἡδονὴν
2463 4389 2519 4441 δὲ
2563 4392 2792 4460 ἐχόντων
2841 4390 3161 4458 ἀπάγοντες,
3191 4391 3301 4443 εἴτε
3332 4393 3533 4458 σιτίων,
3563 4395 3673 4469 εἴτε

2098 4474 2277 4525 ποτῶν
2301 4513 2316 4538 ,
2370 4473 2527 4526 τοῦτο
2555 4475 2658 4546 πρὸ
2693 4474 2799 4528 τῶν
2831 4474 3003 4528 ἄλλων
3043 4474 3285 4527 πείθουσι
3331 4477 3455 4540 τοὺς
3488 4477 3671 4550 ἀρῤώ-

2101 4572 2276 4619 στους,
2303 4557 2384 4608 ὅτι
2416 4556 2474 4608 τὸ
2506 4558 2741 4610 τοιοῦτον
2778 4557 2914 4627 μετά
2951 4557 3048 4626 τῆς
3089 4556 3290 4627 βλάϐης
3335 4558 3532 4628 πολλὴν
3563 4560 3674 4630 ἔχει

2100 4639 2192 4691 καὶ
2218 4639 2316 4706 τὴν
2341 4639 2561 4708 ἀηδίαν·
2595 4639 2735 4692 οὕτω
2765 4641 2856 4693 καὶ
2889 4642 3047 4710 ἡμεῖς
3080 4639 3340 4710 ποιῶμεν,
3371 4639 3674 4707 δεικνύντες

2101 4723 2304 4786 αὐτοῖς,
2331 4722 2412 4774 ὅτι
2447 4723 2479 4791 ἡ
2515 4722 2702 4792 ἡδίστη
2735 4723 2801 4775 αὖ
2815 4741 2871 4793 τη
2906 4724 3214 4792 συνοίκησις
3241 4723 3405 4776 πολὺν
3439 4725 3550 4794 ἔχει
3581 4727 3672 4779 τὸν

2099 4804 2354 4874 ὄλεθρον,
2401 4806 2492 4857 καὶ
2540 4806 2648 4857 τῶν
2695 4806 3033 4877 δηλητηρίων
3075 4807 3223 4859 ούδέν
3263 4807 3482 4878 ἄμεινον
3536 4826 3674 4880 φαρ-

2104 4889 2289 4958 μάκων
2313 4889 2761 4943 κατεσκεύασται.
2784 4893 2891 4943 Καὶ
2914 4891 3058 4943 δοκεῖ
3079 4891 3176 4960 μὲν
3198 4892 3532 4962 εὐφροσύνην
3551 4894 3675 4947 τινὰ

2101 4969 2265 5040 ἔχειν,
2297 4971 2498 5041 πολλὴν
2544 4973 2599 5024 δὲ
2652 4974 3208 5044 ἐναποκεκρυμμένην
3250 4974 3553 5045 δριμύτητα
3581 4979 3674 5031 καὶ

2104 5055 2328 5124 πικρίαν
2381 5055 2636 5125 καταχέει
2690 5058 2788 5126 τῆς
2831 5057 3098 5128 ἡδομένης
3147 5057 3355 5127 ψυχῆς
3409 5061 3530 5113 ἐπεὶ
3583 5064 3674 5115 καὶ

2100 5139 2237 5209 αύτη
2266 5139 2298 5208 ή
2331 5138 2472 5208 μετά
2509 5140 2730 5204 πειθοῦς
2777 5140 3122 5211 ἀναχώρησις
3166 5142 3430 5214 ἀσφαλής.
3474 5145 3532 5198 '0
3575 5147 3674 5214 μὲν

2101 5221 2210 5291 γάρ
2241 5220 2392 5290 φόϐῳ
2424 5221 2523 5290 τῆς
2545 5223 2875 5293 φιλουμένης
2897 5224 3349 5295 διαζευγνύμενος
3376 5229 3468 5280 καὶ
3503 5230 3672 5297 ἀνάγ-

2101 5319 2192 5374 κῃ.
2241 5303 2588 5374 σφοδρότερός
2638 5323 2697 5359 τε
2727 5308 2960 5376 ἐραστὴς
2992 5307 3219 5376 γίνεται,
3266 5310 3361 5361 καὶ
3405 5309 3532 5374 ἴσως
3581 5313 3675 5364 καὶ

2100 5386 2358 5456 ἐπανήξει
2392 5388 2550 5440 πάλιν
2571 5406 2584 5418 ·
2625 5391 2653 5442 ὁ
2678 5390 2732 5442 δὲ
2761 5389 2855 5442 τοῦ
2885 5391 3205 5461 πράγματος
3233 5393 3552 5460 καταγνοὺς.
3583 5397 3674 5448 καὶ

2099 5467 2243 5522 οὕτω
2276 5469 2460 5538 φυγὼν
2495 5473 2570 5535 ὡς
2600 5474 2892 5536 ἐπιϐλαϐἐς
2939 5477 3034 5528 καὶ
3067 5475 3285 5546 πικρὸν,
3316 5476 3424 5529 οὐδ’
3454 5477 3519 5531 ἂν
3550 5479 3674 5532 ἐπι-

2101 5552 2380 5624 στρέψειεν
2413 5551 2585 5621 αὖθις,
2618 5557 2717 5627 τὴν
2749 5560 2812 5612 ἐκ
2849 5560 3192 5629 τῆςς-οίκείας
3229 5559 3452 5631 γνώμης
3495 5562 3675 5631 ψῆφον

2099 5637 2281 5706 πάσης
2315 5637 2561 5709 ἀνάγκης
2596 5641 2734 5710 ἔχων
2768 5644 3143 5714 ἰσχυροτέραν.
3182 5644 3304 5706 Πῶς
3333 5641 3425 5697 οὖν
3479 5647 3675 5710 αὐτοὺς

2097 5719 2379 5790 πείσομεν,
2433 5723 2516 5775 ὅτι
2560 5725 2619 5776 ού
2669 5725 2933 5796 βλαϐερὸν
2965 5725 3123 5778 τοΰτο
3178 5727 3355 5796 μόνον,
3406 5728 3539 5782 ἀλλὰ
3581 5731 3676 5784 καὶ

2096 5804 2322 5870 πικρόνς
2349 5804 2470 5868 Πῶς
2497 5805 2552 5858 δὲ
2592 5806 2766 5870 ἄλλως
2805 5809 2837 5878 ἢ
2868 5807 2926 5871 ἐξ
2956 5809 3126 5878 αὐτῆς
3150 5811 3247 5881 τῆς
3273 5812 3380 5863 τῶν
3416 5815 3678 5882 πραγμάο

2092 5885 2478 5968 τωνπρύσεωςς
2524 5889 2808 5960 Ἐρώμεθα
2837 5887 2929 5944 οῦν
2962 5892 3178 5955 αὐτοὺς,
3211 5895 3262 5947 εί
3297 5912 3380 5958 τις
3409 5896 3674 5966 πολυτελῆ

2090 5967 2372 6040 τράπεζαν
2425 5973 2710 6042 παραθεὶς,
2749 5973 2960 6028 πολλῶν
2991 5976 3083 6030 καὶ
3130 5976 3361 6046 ἡδίστων
3398 5980 3673 6049 γέμουσαν
