4036 6416
451 355 550 412 497

445 470 779 542 ἐδεσμάτων,
799 467 1141 540 ἀπηγόρευσε
1163 479 1186 506 ι
1209 465 1347 538 μετά
1381 465 1616 538 σφοδρᾶς
1642 463 1741 532 τῆς
1769 459 2020 530 ἀπειλῆς,

453 555 528 627 μὴ
566 552 836 609 ἅπτεσθαί
881 568 1028 616 τινος
1076 550 1187 604 τῶν
1238 549 1638 622 προκειμένων,
1685 542 1795 618 ἆρα
1837 545 1902 598 ἄν
1936 559 2023 607 τις

449 641 624 694 είλετο
683 637 909 713 τοιαύτη
959 637 1384 708 παρακαθῆσθαι
1412 632 1699 708 τραπέζῃ,
1731 630 1827 686 καὶ
1868 628 2023 684 κολά-

448 723 563 789 ζειν
605 722 828 783 ἐαυτόν;
861 722 977 776 Ούκ
1014 721 1190 790 ἔγωγε
1235 715 1422 792 οἶμαιο
1460 719 1584 774 οὔτε
1617 719 1726 790 7&9
1752 713 2023 784 τοσαύτην

445 807 556 860 ἀπὸ
594 806 696 876 τῆς
747 806 924 876 ὅψεως
960 805 1270 878 ἐκαρποῦτο
1312 805 1411 876 τήν
1460 805 1673 876 ήδονην,
1731 803 1863 872 ὅσην
1915 797 2023 854 ἀπὸ

445 891 550 960 τῆς
592 890 880 955 κωλύσεως
925 890 1164 962 ὑπέμενε
1206 891 1306 962 τὴν
1354 890 1612 960 ἀθυμίαν.
1655 887 1720 940 Τί
1754 886 1832 950 δὲ,
1864 885 1912 938 εί
1940 883 2016 937 διο

445 975 618 1045 ψῶντι
661 976 756 1030 καὶ
787 975 1064 1047 καιομένῳ
1103 977 1288 1047 πηγήν
1322 993 1406 1039 τις
1447 970 1718 1038 ἐπιδείξας
1774 969 2022 1041 καθαράν

446 1061 540 1114 καὶ
585 1059 804 1129 διαυγῆ,
836 1060 909 1132 μή
944 1060 1103 1130 μόνον
1144 1060 1316 1129 αὐτῆς
1350 1059 1424 1131 μή
1457 1055 1844 1127 ἀπογεύεσθαι,
1887 1055 2023 1110 ἀλλά

449 1143 588 1213 μηδέ
631 1143 825 1214 ἄκροις
869 1143 1044 1211 θιγεῖν
1086 1147 1201 1208 τοῖς
1236 1142 1518 1206 δακτύλοις
1556 1141 1877 1213 ἐπέτρεπεν,
1912 1134 2022 1212 ἄρα

445 1227 514 1281 ἀν
541 1226 746 1296 ταύτης
786 1228 1002 1296 ἐγένετό
1026 1246 1080 1282 τι
1105 1227 1432 1300 πικρότερον
1457 1227 1557 1296 τῆς
1584 1225 1858 1288 κολάσεως
1881 1243 1896 1289 ;

521 1309 586 1381 β’.
617 1310 750 1364 Οὐδὲ
771 1311 1004 1366 ἐνταῦθα
1020 1309 1172 1382 οἶμαί
1195 1329 1318 1366 τινα
1341 1312 1610 1382 ἀντερεῖν.
1629 1307 1894 1362 Τοσοῦτον
1913 1306 2022 1377 γάρ

448 1394 565 1447 ἐστι
595 1392 753 1446 τοῦτο
803 1392 867 1446 τὸ
921 1394 1112 1456 κακὸν,
1148 1394 1230 1448 ὅτι
1251 1394 1343 1447 καὶ
1375 1393 1483 1447 τῶν
1534 1392 1733 1456 ἔξωθεν
1764 1391 1813 1443 οί
1848 1388 2024 1443 ταῦτα

443 1476 866 1532 διασκέπτεσθαι
921 1478 1152 1548 μάλιστα
1193 1479 1343 1542 ὀντες
1402 1478 1584 1540 δεινοὶ,
1624 1476 1818 1547 ἡδονῆς
1861 1474 2024 1544 φύσιν

449 1560 600 1634 [250]
621 1561 764 1628 λέγω
783 1562 877 1614 καὶ
901 1561 1096 1631 λύπης,
1130 1561 1454 1632 θελήσαντες
1482 1560 1705 1631 ποιῆσαι
1731 1557 2025 1627 κολαζομέ-

447 1664 574 1710 νους
605 1645 758 1714 τινάς
800 1645 1066 1719 σφοδρῶς,
1105 1647 1207 1699 οὐκ
1253 1645 1428 1708 ἄλλως
1464 1645 1748 1714 ἐποίησαν,
1779 1643 1816 1713 ἢ
1847 1641 2023 1712 τούτῳ

445 1729 527 1802 τῷ
555 1730 764 1802 τρόπῳ⁹
807 1729 1111 1792 πλάσαντες
1149 1729 1258 1801 γάρ
1300 1745 1420 1781 τινα
1472 1727 1659 1797 μῦθον,
1704 1725 1926 1794 ἄγουσιν
1967 1725 2024 1776 ἐν

445 1813 526 1884 τῷ
562 1812 715 1884 μύθῳ
750 1813 895 1876 τινὰ,
926 1812 984 1866 ὃν
1035 1812 1145 1865 ἔδει
1188 1811 1373 1866 δοῦναι
1418 1810 1576 1880 δίκην
1629 1809 1886 1880 ἐσχάτην,
1929 1808 2026 1862 καὶ

445 1897 634 1968 ἕτερον
665 1895 764 1967 μὲν
803 1895 979 1956 οὐδὲν,
1013 1895 1337 1948 πανδαισίαν
1379 1893 1436 1948 δὲ
1481 1891 1820 1963 παραθέντες
1853 1890 2022 1959 αὐτῷ,

447 1981 540 2035 καὶ
576 1979 890 2052 παραρρέον
921 1978 1192 2046 δείξαντες
1238 1977 1403 2048 ὕδωρ,
1453 1977 1666 2039 οὐδενὸς
1719 1974 2025 2029 ἀπολαῦσαι

446 2063 654 2118 τούτων
683 2063 1042 2134 συνεχώρουν,
1082 2061 1198 2116 ἀλλ’
1224 2061 1358 2131 ὁμοῦ
1387 2079 1447 2114 τε
1470 2061 1703 2127 ἐξέτεινε
1736 2060 1836 2129 τὴν
1870 2061 2028 2128 χεῖρα

445 2147 656 2210 ἐκεῖνος
683 2147 778 2199 καὶ
804 2145 875 2199 τά
903 2145 1157 2216 ὁρώμενα
1183 2145 1400 2200 ἅπαντα
1431 2145 1724 2214 ἀφίπτατο,
1751 2144 1846 2197 καὶ
1869 2140 2027 2196 τοῦτο

443 2231 658 2300 ἐγίνετο
695 2231 1004 2294 διαπαντός.
1031 2231 1141 2284 Καὶ
1165 2222 1320 2293 οὗτος
1346 2230 1447 2297 τῆς
1473 2229 1746 2292 κολάσεως
1773 2230 1801 2282 ὀ
1827 2227 2028 2296 τρόπος

446 2310 516 2386 ῆν
533 2315 681 2369 κατὰ
709 2314 800 2368 τὸν
832 2313 997 2384 μῦθον
1029 2313 1120 2367 τὸν
1143 2313 1362 2380 ἔξωθεν.
1391 2313 1500 2367 Καὶ
1533 2311 1840 2380 φιλοσόφων
1865 2309 1922 2363 δέ
1945 2325 2027 2372 τις

447 2399 576 2453 ίδών
607 2415 728 2451 τινα
755 2397 866 2450 τῶν
915 2397 1067 2466 αὑτῷ
1110 2397 1379 2450 συνόντων
1429 2394 1878 2466 καταφιλήσαντα
1907 2391 2026 2444 νέον

449 2481 744 2554 εὔμορφον,
777 2480 1086 2551 ἐθαύμασεν
1120 2479 1313 2542 εἰπὼν,
1360 2481 1444 2533 ὅτι
1495 2480 1590 2532 καὶ
1618 2481 1696 2542 είς
1732 2478 1844 2550 πῦρ
1873 2471 2027 2540 οὗτος

452 2565 650 2637 ῥαδίως
687 2563 755 2618 ἂν
800 2563 1182 2634 κυϐιστήσειεν
1203 2565 1232 2616 ὀ
1254 2561 1458 2632 ταύτην
1505 2562 1783 2632 τολμήσας
1819 2561 1908 2614 διά
1931 2559 2026 2612 τοῦ

449 2647 752 2720 φιλήματος
787 2646 991 2716 ἀνάψαι
1031 2650 1088 2700 ἐν
1129 2647 1308 2718 ἑαυτῷ
1334 2646 1583 2717 κάμινον.
1625 2643 1766 2713 Ἐγὼ
1790 2643 1846 2696 δὲ
1870 2643 2028 2697 τοῦτο

451 2733 553 2805 μὲν
581 2733 681 2786 οὐκ
717 2733 784 2787 ἂν
827 2734 1057 2803 εἴποιμι,
1088 2732 1172 2785 ὅτι
1208 2731 1309 2794 τὰς
1337 2729 1691 2793 συνοικούσας
1719 2728 1964 2800 φιλοῦσιν
1995 2727 2026 2798 ἢ

445 2816 798 2886 ἑπαφῶνταιο
846 2819 895 2870 εί
942 2816 1001 2870 δέ
1045 2833 1191 2880 τινες
1235 2815 1408 2869 ταῦτα
1450 2817 1829 2886 κατηγοροῖεν,
1857 2812 2028 2877 δεῖξαι

449 2900 778 2972 πειράσομαι
808 2899 913 2964 ὅτι,
949 2899 1053 2954 κάν
1079 2899 1240 2971 μέχρι
1273 2898 1462 2952 τούτου
1487 2899 1739 2967 προΐωσι,
1773 2898 2030 2968 πικροτέ-

453 3000 553 3055 ραν
574 2982 736 3038 πάλιν
763 2983 882 3036 καθ’
916 2983 1128 3037 ἑαυτῶν
1155 2982 1256 3053 τῆς
1277 2983 1550 3054 προτέρας
1568 2981 1907 3035 ἐπισπῶνται
1930 2979 2029 3049 τὴν

453 3067 704 3139 βάσανον.
729 3068 792 3120 Ei
825 3067 934 3138 7&9
966 3066 1090 3136 ὄψις
1127 3067 1261 3138 μόνη
1296 3066 1565 3138 τοσαύτην
1600 3066 1870 3136 ἐντίθησιν
1908 3065 2030 3118 ὀδύ-

449 3169 572 3222 νην,
601 3152 732 3205 ὄταν
766 3151 859 3204 καὶ
893 3151 1005 3222 ἀφή
1029 3153 1228 3221 προσῇ,
1256 3149 1359 3220 τῆς
1385 3149 1562 3219 ὅψεως
1584 3150 1720 3202 πολὺ
1748 3149 2030 3220 παχυτέρα

449 3234 772 3298 ἀπόλαυσις,
803 3233 1025 3304 μείζονα
1049 3233 1194 3304 αίρει
1223 3232 1322 3303 τὴν
1355 3233 1550 3302 φλόγα,
1583 3234 1680 3287 καὶ
1697 3233 2030 3304 δριμυτέραν

451 3316 743 3390 ἐργάζεται
781 3318 881 3389 τήν
921 3317 1212 3387 ἀλγηδόνα,
1254 3317 1349 3370 καὶ
1385 3317 1766 3389 χαλεπώτερον
1800 3320 1944 3370 ποιεῖ
1970 3317 2031 3370 τὸ

451 3401 666 3473 θηρίον.
689 3401 854 3454 Ὅσον
879 3400 1068 3472 γὰρᾶν
1102 3398 1354 3470 αύξωμεν
1383 3401 1451 3454 τά
1475 3402 1574 3471 τῆς
1599 3400 1915 3472 ἐπιθυμίας,
1937 3400 2032 3454 καὶ

455 3483 806 3554 ἰσχυροτέραν
852 3484 990 3553 αὐτῇ
1020 3483 1349 3554 παρέχωμεν
1390 3484 1488 3554 τὴν
1518 3483 1745 3554 τροφὴν,
1775 3484 2031 3537 τοσοῦτον

451 3567 548 3622 καὶ⁸
562 3565 630 3619 τά
648 3566 746 3636 τῆς
765 3565 956 3638 ὀδύνης
973 3568 1103 3638 ήμῖν
1123 3566 1468 3620 ἐπιτείνεται.
1497 3567 1609 3621 Καὶ
1636 3567 1886 3640 καθάπερ
1906 3569 1935 3620 ό
1965 3569 2030 3639 τῇ

451 3647 700 3720 τραπέζῃ
755 3649 848 3703 καὶ
893 3652 958 3720 τῇ
1011 3653 1159 3722 πηγῇ
1205 3651 1669 3722 παρακαθήμενος
1715 3653 1812 3722 ούχ
1861 3651 2033 3716 οὕτως

453 3731 596 3804 ὀρῶν
634 3732 919 3797 όδυνᾶται,
974 3734 1050 3796 ῶς
1096 3735 1225 3787 ὃταν
1269 3735 1361 3787 καὶ
1401 3737 1466 3806 τῇ
1500 3735 1643 3806 χειρὶ
1685 3735 1855 3804 θιγεῖν
1910 3737 2033 3789 ἐπι-

451 3815 684 3885 τραπεὶς
720 3815 1127 3884 ἀπογεύσασθαι
1171 3816 1386 3887 κωλυθῇ
1428 3817 1618 3870 πάλιν·
1649 3817 1790 3871 οῦτω
1832 3819 1897 3890 δὴ
1937 3820 2033 3872 καὶ

451 3900 498 3952 oi
525 3899 634 3954 τῶν
652 3898 994 3972 παρθενικῶν
1023 3902 1294 3971 σωμάτων
1312 3900 1520 3970 ψαῦσαι
1542 3903 1958 3974 ἑπιτρεπόμενοι
1981 3901 2031 3966 ι’,

451 3981 830 4054 χαλεπώτερον
842 3983 942 4052 τῆς
958 3982 1084 4046 θέας
1100 3984 1208 4036 ἀπὸ
1219 3984 1318 4052 τῆς
1333 3983 1477 4054 ἁφῆς
1489 3984 1828 4050 κολάζονται,
1847 4003 2035 4057 πικρο-

451 4067 617 4138 τέραν
643 4065 990 4137 ἐφελκόμενοι
1005 4069 1104 4138 τὴν
1128 4069 1192 4120 ἐκ
1207 4067 1307 4137 τῆς
1329 4069 1666 4138 ἀποτυχίαςο
1687 4068 1902 4139 ὀδύνην.
1925 4069 2034 4122 Καὶ

452 4153 506 4205 τί
528 4153 609 4205 δεῖ
623 4148 793 4202 ταῦτα
817 4151 924 4204 ἀπὸ
939 4150 1047 4204 τῶν
1064 4150 1262 4217 ἔξωθεν
1284 4153 1628 4222 πραγμάτων
1642 4153 1950 4222 φιλοσοφεῖν
1965 4169 1980 4215 ;
2000 4155 2033 4224 ή

455 4237 565 4304 7&9
591 4233 685 4288 τοῦ
712 4233 848 4288 Θεοῦ
877 4235 1058 4305 ψῆφος
1087 4237 1120 4305 ή
1151 4235 1358 4290 τούτων
1387 4237 1644 4290 ἁπάντων
1688 4238 2031 4308 ἰσχυροτέρα,

455 4318 598 4386 αῦτη
621 4319 860 4372 δείκνυσι
889 4319 1049 4373 τοῦτο
1076 4319 1314 4374 τοιοῦτον
1351 4321 1430 4374 όν.
1465 4320 1570 4373 Τὸν
1597 4321 1707 4391 7&9
1745 4321 1915 4392 Ἀδάμ
1941 4340 2036 4376 κο·

455 4402 619 4457 λάσαι
670 4402 1007 4474 βουλόμενος,
1041 4404 1102 4456 ού
1155 4405 1342 4476 πόρρω
1385 4403 1480 4456 τοῦ
1534 4404 1865 4474 παραδείσου
1904 4423 2036 4459 κατ-

455 4485 676 4557 ῴκισεν,
703 4486 818 4539 ἀλλ’
850 4485 1014 4538 αὑτοῦ
1055 4487 1280 4558 πλησίον
1323 4486 1553 4552 ἐκείνου,
1580 4487 1646 4540 ἵν’
1672 4488 1770 4560 ἔχῃ
1816 4488 2039 4560 διηνεκῆ

459 4569 699 4632 κόλασιν,
723 4569 822 4640 τὴν
863 4569 994 4623 θέαν
1025 4569 1120 4623 τοῦ
1166 4570 1503 4641 ποθουμένου
1545 4571 1766 4641 χωρίου,
1818 4571 2038 4643 θεωρῶν

463 4653 562 4723 μὲν
594 4651 727 4706 αὑτὸ
764 4653 1076 4717 διαπαντὸς,
1137 4653 1443 4708 ἀπολαῦσαι
1495 4653 1554 4706 δὲ
1598 4654 1700 4707 οὐκ
1751 4655 2040 4725 ἐπιτρεπό-

463 4752 642 4804 μενος.
677 4734 815 4788 Ἀλλ’
843 4734 974 4799 ἴσως
1002 4735 1147 4789 εἴποι
1186 4754 1270 4800 τις
1307 4737 1403 4791 ἀν’
1435 4738 1547 4790 Καὶ
1575 4737 1711 4800 πῶς,
1753 4739 1801 4791 εί
1843 4737 2038 4809 πικρὸν

459 4817 619 4871 τοῦτο
650 4819 822 4882 οὕτως
871 4820 988 4872 ἐστὶ
1036 4822 1102 4891 τῇ
1150 4818 1329 4888 φύσει,
1357 4819 1496 4890 μετά
1539 4820 1808 4891 τοσαύτης
1836 4822 1966 4874 αὐτὸ
1988 4822 2039 4874 οἱ

463 4902 648 4957 πολλοὶ
682 4900 936 4956 διώκουσι
991 4902 1090 4972 τῆς
1131 4902 1394 4974 σπουδῆς;
1439 4903 1582 4971 Ἐγὼ
1619 4904 1676 4957 δέ
1705 4905 1841 4976 πρὸς
1881 4905 2040 4958 τοῦτο

461 4988 638 5040 ἐκεῖνο
681 4985 747 5040 ἂν
794 4985 1025 5056 εἴποιμι,
1053 4986 1135 5039 ὅτι
1174 4986 1306 5038 αὐτὸ
1340 4987 1438 5056 μὲν
1469 4983 1561 5041 οῦν
1593 4987 1751 5041 τοῦτο
1787 4989 2042 5058 μέγιστον

459 5070 757 5142 τεκμήριον
782 5070 882 5141 τῆς
907 5068 1146 5141 ἐσχάτης
1165 5070 1343 5126 αὐτῶν
1363 5072 1674 5143 ἀρρωστίας
1701 5073 1838 5126 ἐστί.
1867 5073 2039 5127 Τοῦτο

459 5154 570 5224 γάρ
603 5153 711 5206 τῶν
765 5151 1064 5208 νοσούντων
1091 5153 1153 5207 τδ
1193 5153 1334 5219 έθος,
1369 5154 1584 5226 ψυχράν
1611 5173 1736 5210 τινα
1786 5157 1882 5210 καὶ
1929 5156 2040 5210 ὀλι-

459 5236 738 5306 γοχρόνιον
762 5236 956 5306 ήδονὴν
981 5236 1342 5309 καρποῦσθαι,
1365 5239 1460 5293 καὶ
1484 5239 1702 5310 μακράν
1718 5241 1928 5304 ἑαυτοῖς
1957 5241 2044 5292 ἐν·

463 5321 654 5374 τεῦθεν
700 5321 1132 5385 κατασκευάζειν
1186 5321 1426 5376 κόλασιν.
1465 5322 1636 5376 Τοῦτο
1667 5324 1776 5395 γὰρ
1806 5324 1902 5377 καὶ
1951 5325 2044 5378 ἐπὶ

460 5401 570 5456 τῶν
603 5401 977 5474 πυρεττόντων
1009 5403 1108 5457 ἴδοι
1135 5422 1220 5468 τις
1247 5404 1334 5469 ἂν,
1371 5407 1421 5460 οἳ
1455 5407 1531 5476 μῆ
1572 5405 1884 5478 βουλόμενοι
1910 5423 2047 5477 καρ-

459 5485 692 5559 τερῆσαι
724 5486 941 5558 μικρὸν,
983 5488 1052 5541 δι’
1096 5488 1462 5560 ὀλιγοχρόνιόν
1512 5506 1638 5544 τινα
1687 5490 2047 5560 ψυχαγωγίαν

527 5723 555 5791 ξ
578 5722 729 5791 ξᾳνὶι.
754 5723 1037 5791 ἀπηγόρευε,
1059 5725 1232 5776 Morel.
1259 5727 1573 5791 ἀπηγόρευσε.

527 5783 555 5823 δ
582 5783 664 5854 Sjc
689 5783 972 5854 ροειυιέιιίςι
1012 5783 1174 5854 Sensu‘
1203 5783 1477 5854 θοι-ι’ρζίυἰη
1521 5794 1626 5852 est;
1665 5790 1868 5854 legebat
1912 5793 2048 5842 enim

467 5843 631 5915 qugf.
657 5843 916 5915 pégpergm
939 5849 1325 5915 ἀποτρεπόμενοι.
1353 5851 1486 5902 Εοιτ.

529 5909 553 5939 ⁸
580 5907 696 5956 lloi'.
721 5907 929 5970 ἀτυχίας.

1160 355 1216 410 S.
1255 351 1536 411 JOANNIS
1567 347 2055 407 CHRYSOSTUMI
2095 346 2408 404 ABCIIIEP.
2446 343 2987 404 CONSTANTINOP.

2105 435 2220 512 ’καὶ
2241 457 2423 512 ποτῶν
2447 460 2541 512 καὶ
2571 459 2757 512 σιτίων
2797 457 3192 527 κεκωλυμένων
3217 456 3531 526 ἁπτόμενοι,
3588 475 3702 528 μα-

3589 341 3705 403 498

2122 544 2258 614 κράν
2322 560 2446 596 τινα
2498 543 2596 597 καὶ
2651 541 3047 613 χαλεπωτάτην
3107 541 3319 603 ἑαυτοῖς
3375 539 3704 609 ἐργάζονται

2121 625 2296 680 νόσον.
2323 627 2416 680 Δεῖ
2433 626 2491 681 δὲ
2507 627 2637 690 τοὺς
2666 623 3010 694 ὑγιαίνοντας
3041 622 3143 676 οὐκ
3181 622 3292 677 ἀπὸ
3335 621 3447 676 τῶν
3479 622 3704 677 νοσούν-

2119 726 2230 762 των
2276 709 2576 781 λαμϐάνειν
2608 708 2708 772 τὰς
2759 707 2890 779 περὶ
2940 705 3051 760 τῶν
3080 705 3422 778 πραγμάτων
3453 705 3701 774 ψήφους·

2121 794 2265 858 ἐπεὶ,
2291 795 2340 847 εί
2369 793 2578 856 τούτοις
2604 790 2846 862 ἑψόμεθα
2865 828 2883 855 ,
2913 789 3008 844 καὶ
3045 789 3150 842 ὑπὸ
3181 789 3281 858 τῆς
3319 788 3570 859 ίατρικῆς
3605 789 3707 848 καὶ

2122 876 2229 930 ὑπὸ
2289 877 2388 948 τῆς
2438 875 2800 946 φιλοσοφίαςά
2845 870 3326 941 καταγνωσόμεθα.
3379 871 3514 926 Οὐδὲ
3569 871 3704 942 7&9,

2121 959 2243 1013 οὐδὲ
2266 960 2359 1013 ἐπὶ
2391 959 2662 1032 πυρετῶν,
2691 958 2814 1012 ούδέ
2841 959 2935 1011 ἐπὶ
2962 953 3238 1024 γυναικῶν
3269 953 3430 1007 τοῦτο
3457 954 3708 1024 πάσχου-

2082 1055 2088 1059 ‘
2124 1060 2178 1096 σι
2212 1045 2391 1114 μόνον,
2435 1045 2572 1099 ἀλλά
2607 1043 2704 1099 καὶ
2745 1041 2839 1097 ἐπὶ
2886 1039 3188 1112 χρημάτων
3215 1039 3312 1092 καὶ
3352 1037 3578 1091 ἐπὶτῶν
3603 1037 3700 1091 ἀλ-

2122 1126 2230 1181 λων
2267 1128 2524 1184 ἀπάντων
2552 1129 2603 1182 οί
2642 1128 2712 1181 τά
2749 1125 2975 1180 τοιαῦτα
3007 1124 3308 1187 νοσοῦντες.
3348 1123 3458 1176 Καὶ
3499 1120 3609 1194 7&9
3656 1121 3709 1174 οι

2121 1213 2251 1282 περὶ
2292 1213 2362 1266 τά
2411 1214 2675 1284 χρήματα
2706 1210 3030 1282 μεμηνότες,
3081 1207 3233 1280 [231]
3279 1206 3497 1272 εἰδότες,
3533 1207 3618 1259 ὅτι
3651 1205 3708 1260 οι

2121 1293 2190 1347 τὰ
2215 1295 2390 1367 μικρὰ
2419 1296 2596 1350 ταῦτα
2637 1294 2874 1349 ἐνταῦθα
2923 1292 3217 1362 προέμενοι
3267 1292 3377 1354 τοῖς
3429 1289 3708 1359 δεομένοις

2127 1379 2296 1449 μυρία
2351 1383 2469 1434 ἐκεῖ
2493 1381 2756 1452 λήψονται
2798 1377 2999 1448 ἀγαθά,
3032 1376 3352 1446 κατέχουσιν
3390 1375 3537 1444 ὅμως
3563 1375 3711 1426 αὐτὰ

2125 1465 2219 1517 καὶ
2251 1465 2664 1536 κατορύττουσι,
2706 1465 2798 1518 καὶ
2847 1463 3068 1516 πάντων
3116 1462 3371 1514 ἐκπεσεῖν
3420 1460 3708 1530 αἱροῦνται

2125 1548 2230 1601 τῶν
2258 1550 2481 1618 ἀγαθῶν
2513 1550 2713 1622 μᾶλλον
2735 1548 2823 1603 διά
2847 1549 2948 1618 τὴν
2971 1545 3184 1618 ψυχράν
3213 1544 3416 1614 ταύτην
3448 1545 3540 1597 καὶ
3566 1543 3709 1614 βρα-

2125 1634 2279 1703 χεῖαν
2308 1635 2526 1705 ήδονήν,
2560 1634 2716 1706 ἢτῆς
2752 1633 2971 1688 αἰωνίου
3001 1631 3274 1695 κολάσεως
3303 1629 3707 1698 ἀπαλλαγῆναι,

2125 1717 2221 1769 καὶ
2250 1717 2348 1788 τὴν
2373 1719 2641 1772 ἀθάνατον
2675 1716 3069 1788 καρπώσασθαι
3096 1715 3260 1787 ζωήν,
3285 1715 3372 1768 διά
3395 1716 3493 1784 τῆς
3530 1730 3710 1784 προσ-

2125 1801 2315 1873 καίρου
2368 1803 2573 1858 τούτων
2633 1801 2953 1872 ὑπεροψίας.
2999 1801 3167 1855 Τοῦτο
3198 1801 3265 1872 δὴ
3289 1802 3384 1855 καὶ
3415 1794 3560 1854 οὗτοι
3593 1800 3711 1853 πά-

2127 1903 2334 1956 σχουσι,
2369 1889 2470 1958 τῆς
2507 1890 2707 1960 μικρᾶς
2745 1886 2947 1956 ταύτης
2989 1885 3304 1957 ἐπιθυμίας,
3334 1886 3432 1956 τῆς
3457 1885 3545 1938 διά
3592 1885 3710 1938 τῶν

2123 1969 2438 2041 ὀφθαλμῶν,
2468 1972 2568 2025 οὐκ
2597 1972 2916 2042 ἀνεχόμενοι
2962 1968 3154 2039 μικρὸν
3194 1970 3418 2033 ἑαυτοὺς
3457 1970 3710 2040 ἀποστῆ-

2133 2071 2245 2120 σαι,
2295 2057 2570 2127 ἀφόρητον
2607 2058 2819 2119 ἑαυτοῖς
2856 2045 3144 2122 συνάγουσι
3173 2053 3314 2126 πῦρ·
3345 2055 3441 2107 καὶ
3485 2055 3710 2126 ὅσῳπερ

2127 2139 2194 2193 ἂν
2245 2140 2539 2211 νομίζωσιν
2579 2139 2820 2210 ἥδεσθαι,
2855 2139 3094 2210 τοσούτῳ
3151 2138 3351 2209 μᾶλλον
3398 2140 3710 2208 ἐμπλέκον-

2125 2241 2214 2276 ται
2238 2223 2314 2294 τῷ
2334 2224 2511 2295 κακῷ,
2548 2223 2640 2278 τοῦ
2662 2224 2905 2278 διαϐόλου
2948 2223 3111 2278 τοῦτο
3135 2225 3536 2294 τεχνασαμένου
3567 2225 3710 2296 πρὸς

2125 2309 2226 2381 τὴν
2255 2310 2579 2382 παραμονήν
2609 2311 2712 2380 τῆς
2745 2309 2941 2380 φλογὸς
2982 2309 3078 2363 καὶ
3119 2309 3376 2374 ἐπίδοσιν,
3400 2309 3523 2362 ὅθεν
3549 2313 3711 2364 καιό-

2130 2409 2280 2463 μενοι
2307 2394 2402 2447 καὶ
2429 2395 2649 2465 ῆδονται
2681 2397 2774 2449 καὶ
2798 2393 3078 2462 ἀλγοῦσιν,
3120 2395 3320 2448 ἄτοπόν
3347 2412 3468 2448 τινα
3507 2399 3710 2467 κρᾶσιν

2127 2476 2186 2529 ἐν
2215 2479 2334 2542 ταῖς
2363 2479 2568 2532 ἑαυτῶν
2600 2477 3065 2547 καταφυτεύοντες
3094 2477 3312 2547 ψυχαῖς.

2197 2567 2267 2631 γ’.
2302 2563 2364 2616 EE
2380 2562 2438 2616 δέ
2467 2561 2722 2634 τιςήμῶν
2739 2561 3008 2634 ἀκρασίαν
3030 2561 3427 2629 καταγινώσκει
3443 2561 3550 2614 ἀπὸ
3574 2561 3710 2616 τού-

2126 2661 2236 2697 των
2280 2645 2390 2699 τῶν
2425 2647 2688 2717 ῥημάτων
2718 2647 2878 2717 (τοὺς
2923 2644 3033 2716 γάρ
3065 2646 3345 2713 γενναίους
3375 2646 3573 2718 ἄνδρας
3610 2649 3713 2701 καὶ

2126 2729 2343 2798 γυναιᾷ
2371 2731 2752 2795 συνοικοῦντας
2784 2731 2952 2802 μηδὲν
2997 2731 3226 2801 πάσχειν
3274 2731 3490 2800 δεινὸν),
3524 2751 3713 2801 μακα-

2130 2815 2266 2885 ρίζω
2291 2815 2387 2884 μὲν
2405 2817 2531 2879 τοὺς
2555 2817 2848 2883 τοιούτους,
2870 2817 2964 2870 καὶ
3002 2817 3291 2888 βουλοίμην
3324 2816 3390 2870 ἀν
3421 2817 3516 2869 καὶ
3544 2818 3716 2880 αὐτὸς

2127 2897 2400 2969 τοσαύτην
2434 2899 2619 2953 λαϐεῖν
2656 2901 2837 2972 ίσχύνο
2866 2902 2958 2954 καὶ
2989 2901 3120 2964 ίσως
3157 2901 3256 2971 μὲν
3289 2901 3380 2954 καὶ
3409 2900 3568 2962 αὐτὸς
3596 2905 3718 2953 πεί-

2129 2980 2294 3051 θομαι
2338 2983 2420 3035 ὃτι
2465 2984 2687 3038 δυνατὸν
2716 2981 2853 3039 εἷναι
2881 2985 3156 3049 τοιούτους
3199 2985 3372 3049 τινάς,
3400 2985 3716 3054 ἐϐουλόμην

2128 3064 2188 3118 δὲ
2215 3067 2310 3119 καὶ
2337 3067 2462 3130 τοὺς
2491 3067 2856 3136 ἐγκαλοῦντας
2885 3070 3016 3139 ἡμῖν
3042 3068 3329 3139 δυνηθῆναι
3361 3071 3546 3121 πεῖσαι
3582 3068 3717 3120 τοῦ·

2129 3167 2211 3216 το,
2265 3151 2350 3204 ὅτι
2399 3152 2516 3217 νέος
2572 3153 2815 3223 σφριγῶν
2871 3153 2948 3224 τῷ
3001 3151 3232 3224 σώματι,
3269 3153 3406 3222 κόρῃ
3445 3154 3718 3205 συνοικῶν

2131 3235 2390 3307 παρθένῳ
2453 3237 2548 3290 καὶ
2618 3235 3029 3308 συγκαθήμενος
3105 3237 3196 3290 καὶ
3251 3236 3580 3289 συνδειπνῶν
3621 3238 3720 3288 καὶ

2133 3321 2608 3393 συνδιαλεγόμενος
2657 3323 2726 3376 δι’
2757 3323 2972 3392 ήμέρας
3019 3321 3149 3390 (τῶν
3188 3320 3298 3392 γὰρ
3345 3319 3521 3374 ἀλλων
3559 3320 3719 3373 οὐδὲν

2133 3405 2485 3476 προστίθημι,
2507 3406 2632 3471 τοὺς
2662 3406 2925 3477 ἀκαίρους
2950 3404 3189 3474 γέλωτας
3209 3403 3420 3467 καὶτὰς
3434 3403 3592 3473 διαχύ
3601 3421 3721 3465 σεις

2135 3490 2230 3542 καὶ
2266 3489 2334 3542 τά
2371 3488 2592 3560 μαλακά
2619 3491 2861 3560 ῥήματα,
2902 3489 2999 3542 καὶ
3023 3488 3091 3542 τά
3116 3488 3271 3553 ἀλλα,
3303 3488 3340 3541 ἆ.
3367 3487 3502 3559 μηδὲ
3531 3487 3722 3555 λέγειν

2136 3571 2264 3637 ἴσως
2319 3573 2545 3644 καλόν)·
2598 3575 2818 3628 ἀλλ’ὅτι
2850 3575 2950 3646 τὴν
2983 3574 3153 3646 αὑτήν
3183 3573 3321 3645 ἔχων
3371 3573 3569 3638 οἰκίαν,
3622 3575 3722 3628 καὶ

2132 3657 2412 3728 τραπέζης
2458 3658 2554 3711 καὶ
2603 3658 2776 3727 λόγων
2833 3660 3125 3722 κοινωνῶν,
3152 3659 3248 3712 καὶ
3305 3659 3442 3729 μετά
3489 3660 3720 3730 παρῤη-

2137 3742 2261 3804 σίας
2287 3741 2489 3813 πολλῆς
2521 3742 2617 3796 καὶ
2648 3743 3080 3814 μεταλαμϐάνων
3109 3743 3319 3796 πολλῶν
3356 3745 3449 3798 καὶ
3495 3746 3723 3814 μεταδι-

2133 3824 2276 3889 δοὺς,
2313 3825 2487 3878 οὐδενὶ
2511 3825 2621 3878 τῶν
2662 3827 3017 3898 ἀνθρωπίνων
3046 3826 3348 3891 ἁλίσκεται,
3371 3825 3506 3879 ἀλλά
3544 3828 3723 3879 καθα-

2137 3911 2229 3982 ρὸς
2265 3910 2560 3981 ἐπιθυμίας
2587 3929 2648 3964 τε
2705 3912 2856 3982 μένει
2905 3913 3148 3983 πονηρᾶς
3175 3913 3271 3965 καὶ
3296 3911 3493 3983 ήδονῆς
3512 3927 3527 3942 ο
3561 3911 3725 3964 ἐϐου-

2133 3994 2307 4066 λόμην
2363 3995 2538 4049 ταῦτα
2593 3995 2852 4050 δύνασθαι
2897 3995 3107 4050 πείθειν
3171 3997 3296 4059 τοὺς
3346 3994 3723 4064 ἐγκαλοῦντας

2136 4078 2288 4147 ήμῖν,
2329 4076 2445 4130 ἀλλ’
2477 4077 2578 4130 ούκ
2612 4076 2859 4131 ἐθέλουσι
2889 4077 3193 4138 πείθεσθαι,
3231 4077 3366 4131 ἀλλά
3421 4079 3518 4132 καὶ
3559 4077 3724 4147 ήμῶν

2135 4160 2245 4214 τῶν
2313 4162 2488 4216 ταῦτα
2537 4163 2990 4233 ἀπολογουμένων
3047 4163 3389 4217 καταϐοῶσιν
3430 4163 3509 4226 ὡς
3559 4165 3727 4216 ἀναι-

2139 4247 2404 4316 σχύντων,
2443 4247 2537 4300 καὶ
2572 4248 2643 4301 τά
2684 4247 2824 4300 αύτά
2861 4245 3159 4300 νοσούντων
3211 4248 3414 4310 αὐτοῖς,
3463 4247 3560 4300 καὶ
3623 4247 3727 4314 τὴν
3763 4249 3784 4262 ⁹

2137 4333 2349 4384 οίκείαν
2385 4332 2846 4403 περιστελλόντων
2879 4332 3097 4385 κακίαν.
3148 4333 3256 4384 Καὶ
3286 4331 3338 4383 τί
3374 4329 3547 4384 ταῦτα
3579 4332 3729 4400 πρὸς

2139 4419 2319 4488 ήμάςς
2356 4419 2548 4488 φησίν·
2597 4418 2718 4471 οὐδὲ
2763 4417 2871 4489 γάρ
2925 4417 3024 4486 τῆς
3080 4417 3283 4488 ἐτέρων
3332 4415 3518 4479 ἀνοίας
3555 4417 3728 4484 ἡμεῖς

2145 4502 2459 4566 ὑπεύθυνοι,
2501 4502 2622 4555 οὐδὲ
2655 4503 2708 4554 εί
2727 4519 2810 4564 τις
2840 4501 3050 4572 ἀλόγως
3076 4500 3503 4565 σκανδαλίζοιτο,
3533 4499 3729 4553 δοῦναι

2141 4584 2298 4654 δίκην
2335 4583 2485 4650 ἄξιος
2516 4585 2628 4652 ἐγὼ
2658 4585 2745 4638 διὰ
2789 4585 2888 4656 τὴν
2925 4585 3110 4638 ἀνοιαν
3141 4601 3240 4655 την
3283 4583 3514 4638 ἐκείνου.
3557 4584 3730 4637 Ἀλλά

2146 4669 2360 4735 Παῦλος
2385 4671 2486 4724 οὐκ
2511 4666 2632 4723 εἷπε
2662 4670 2842 4732 τοῦτο,
2875 4668 3011 4722 ἀλλά
3058 4669 3160 4722 κᾶν
3211 4669 3410 4732 ἀδίκως
3441 4669 3732 4722 σκανδαλί-

2143 4753 2306 4823 ζηταί
2331 4771 2438 4820 τις,
2472 4754 2574 4808 κάν
2599 4754 2667 4808 δι’
2695 4753 2998 4816 ἀσθένειαν,
3031 4752 3244 4824 βοηθεῖν
3270 4753 3544 4807 ἐκέλευσε.

2215 4837 2349 4891 Τότε
2380 4837 2489 4909 7&9
2519 4838 2679 4909 μόνον
2707 4837 3163 4907 ἀπαλλαττόμεθα
3193 4838 3294 4908 τῆς
3321 4837 3415 4890 ἐπὶ
3432 4841 3546 4901 τοῖς
3565 4855 3735 4894 σκανο

2139 4921 2510 4993 δαλιζομένοις
2558 4923 2828 4994 τιμωρίας
2872 4923 3162 4995 κειμένης,
3195 4923 3323 4976 ὅταν
3347 4924 3409 4975 ἐκ
3436 4922 3532 4976 τοῦ
3566 4942 3734 4978 σκαν»

2143 5006 2305 5060 δάλου
2339 5005 2528 5078 κέρδος
2549 5005 2736 5077 ἐτερον
2765 5000 3014 5077 τίκτηται
3039 5008 3138 5076 τῆς
3159 5005 3269 5059 ἀπὸ
3298 5005 3392 5059 τοῦ
3423 5006 3730 5061 σκανδάλου

2145 5089 2346 5161 βλάϐης
2369 5091 2554 5160 μεῖζον
2571 5107 2583 5121 ο
2615 5091 2690 5154 ὡς
2717 5091 2782 5144 ἂν
2805 5091 2964 5144 τοῦτο
2995 5092 3068 5163 μὴ
3088 5088 3143 5164 ᾖ,
3165 5091 3278 5145 ἀλλ’
3303 5093 3361 5145 ’ἐν
3393 5092 3549 5163 μόνον
3579 5110 3731 5165 συμ-

2144 5172 2305 5245 ϐαίνῃ
2335 5173 2396 5226 τὸ
2432 5173 2879 5238 σκανδαλίξεσθαι
2911 5175 3151 5245 ἐτέρους,
3181 5176 3248 5230 ἄν
3280 5193 3341 5229 τε
3379 5176 3619 5244 εὐλόγως
3665 5179 3734 5232 ἀν

2142 5271 2202 5307 τε
2221 5254 2434 5323 ἀλόγως
2465 5256 2942 5322 σκανδαλίζωνται,
2959 5258 3026 5311 ἀν
3049 5275 3108 5311 τε
3125 5259 3198 5323 ὡς
3212 5258 3476 5324 ἀσθενεῖς,
3502 5261 3564 5313 τὸ
3584 5257 3736 5330 αἷμα

2144 5338 2323 5392 αὐτῶν
2335 5339 2428 5391 ἐπὶ
2443 5340 2540 5410 τήν
2550 5340 2791 5412 κεφαλὴν
2802 5341 2899 5412 τὴν
2911 5342 3076 5412 ήμετέ
3083 5359 3204 5413 ραν,
3218 5345 3312 5396 καὶ
3328 5345 3392 5396 ἐκ
3406 5343 3515 5396 τῶν
3527 5344 3740 5416 χειρῶν

2143 5421 2252 5474 τῶν
2296 5423 2585 5495 ἡμετέρων
2612 5426 2641 5477 ὀ
2670 5426 2803 5489 Θεὸς
2835 5426 2935 5490 τάς
2985 5426 3242 5490 τοιαύτας
3283 5427 3579 5498 ἐκζητήσει
3627 5430 3740 5498 qm-

2145 5504 2266 5574 χάς.
2313 5505 2414 5559 Διά
2451 5523 2534 5560 τοι
2579 5506 2758 5572 τοῦτο,
2794 5509 2880 5561 ἵνα
2913 5508 2987 5578 μὴ
3023 5509 3297 5580 πανταχοῦ
3329 5511 3469 5581 μήτε
3503 5512 3743 5580 φροντί-

2146 5586 2349 5657 ζωμεν,
2400 5589 2538 5658 μήτε
2583 5591 3010 5662 καταφρονῶμεν
3043 5592 3152 5646 τῶν
3203 5593 3743 5664 σκανδαλιζομένων,

2145 5670 2307 5754 ὅρους
2345 5672 2496 5736 τινάς
2541 5677 2668 5746 ήμῖν
2697 5676 2792 5728 καὶ
2821 5679 3050 5743 κανόνας
3091 5679 3253 5750 ἔθηκε
3301 5680 3492 5734 τούτου
3527 5683 3556 5734 ὁ
3598 5682 3750 5754 Χρι-

2151 5753 2295 5818 στὸς,
2329 5755 2422 5807 καὶ
2461 5755 2618 5810 τοῦτο
2662 5761 2883 5813 κάκεῖνο
2922 5763 3158 5835 ποιήσας
3203 5764 3340 5836 μετὰ
3387 5765 3481 5820 τοῦ
3533 5767 3750 5838 καιροῦ

2213 5931 2240 5970 ά
2263 5932 2345 5982 Sa\
2360 5935 2411 5983 il.
2437 5938 2516 5986 καὶ
2535 5939 2745 6004 ἰατρικῆς
2767 5943 2846 5992 καὶ
2871 5945 2964 6010 φιλ.
