4036 6416
343 280 449 338 ιω

340 396 458 461 nis,
491 410 557 451 ne
596 394 722 467 quid
760 397 1148 467 propositorum
1189 401 1558 471 contingatur:
1587 418 1711 456 num
1750 403 1909 459 vellet

339 488 530 557 aliquis
557 489 623 542 ad
646 488 803 543 talem
832 506 1067 545 mensam
1098 491 1374 547 considere
1395 534 1411 559 ,
1450 501 1503 546 et
1524 494 1755 564 seipsum
1782 509 1907 548 cru-

338 580 518 633 ciare?
547 580 659 650 Ego
692 582 872 650 utique
911 597 1013 635 non
1045 582 1261 651 opinor;
1293 598 1463 652 neque
1500 585 1640 638 enim
1673 595 1814 639 tanta
1841 600 1905 639 ex

334 680 552 740 aspectu
582 672 846 739 voluptate
884 672 1146 727 frueretur
1167 684 1416 742 quantam
1444 675 1705 728 tristitiam
1734 690 1799 730 ex
1821 676 1905 728 iu-

336 764 556 817 terdieto
581 765 903 833 conciperet.
949 764 1085 831 Quid
1123 777 1330 831 autem,
1377 766 1420 820 si
1450 766 1569 836 quis
1608 767 1804 821 sitienti
1851 778 1904 821 et

333 854 522 909 adusto
548 871 655 924 pra:
676 856 760 910 siti
784 856 977 910 fontem
999 856 1271 926 limpidum
1293 867 1347 913 et
1368 875 1551 926 purum
1574 859 1904 913 demonstra—

332 955 443 1001 tum
481 963 583 1001 non
612 947 782 1002 solum
812 962 915 1003 non
942 947 1221 1018 degustare
1242 990 1255 1015 ,
1285 949 1378 1004 sed
1406 965 1472 1005 ne
1507 951 1756 1005 extremis
1779 950 1900 1021 qui-

329 1040 449 1094 dem
476 1038 653 1110 digitis
687 1040 993 1110 contingere
1032 1042 1387 1110 permitteret,
1418 1057 1484 1095 an
1519 1041 1644 1111 quid
1671 1057 1736 1097 eo
1771 1057 1894 1096 cru-

327 1131 466 1185 ciatu
495 1130 777 1187 acerbius?

398 1224 452 1278 2.
480 1221 836 1278 Tuntalus.—
861 1224 1043 1295 Neque
1085 1225 1205 1291 hic,
1249 1226 1465 1295 Opinor,
1513 1225 1639 1280 mihi
1681 1234 1895 1281 contra-

326 1312 521 1367 dixerit
548 1313 702 1367 ullus.
743 1314 967 1368 Tanlmu
994 1315 1133 1369 enim
1166 1316 1266 1369 hoc
1290 1316 1485 1369 tualum
1512 1324 1595 1371 est
1614 1358 1628 1381 ,
1661 1326 1715 1370 ut
1736 1318 1891 1371 etiam

329 1403 561 1471 profani,
593 1405 680 1474 qui
708 1406 988 1473 plurimum
1027 1407 1203 1461 valent
1232 1409 1282 1461 in
1322 1417 1518 1461 natura:
1548 1408 1815 1477 voluptate
1842 1420 1894 1462 et

328 1496 535 1551 tristitia
565 1498 935 1566 expendenda,
965 1501 1202 1555 volentes
1241 1500 1491 1569 efﬁngere
1523 1502 1776 1571 quosdam
1802 1503 1891 1572 qui

325 1587 477 1643 valde
501 1590 817 1656 cruciantur,
847 1592 1000 1645 talem
1024 1592 1304 1662 quamdam
1330 1592 1554 1647 fabulam
1582 1594 1633 1648 in
1660 1595 1888 1649 medium

328 1678 613 1745 proferant.
644 1680 993 1736 lntroducitur
1014 1683 1064 1736 in
1090 1684 1258 1738 fabula
1278 1684 1488 1753 quidam
1507 1693 1747 1740 extremo
1767 1702 1891 1754 sup-

326 1768 819 1836 plieioafliciendus,
834 1773 917 1825 cui
934 1774 1227 1827 ostenditur
1239 1775 1473 1828 omnium
1489 1774 1725 1830 ciborum
1738 1777 1888 1844 capia

322 1867 377 1911 et
398 1858 755 1926 praeterfluens
772 1875 925 1928 aqua,
953 1878 1049 1916 nec
1070 1864 1379 1917 conceditur
1394 1872 1450 1916 ut
1472 1863 1648 1931 aliquo
1666 1864 1885 1919 istorum

321 1949 524 2002 fruatur
548 1967 560 2001 :
593 1959 643 2003 et
668 1966 786 2004 cum
813 1952 1047 2008 extendit
1075 1954 1163 2009 ille
1187 1970 1429 2019 manum,
1458 1956 1634 2009 omnia
1662 1970 1782 2026 quae
1811 1958 1886 2010 vi-

320 2040 511 2093 dentur
536 2055 562 2091 a
595 2051 731 2095 tactu
762 2042 985 2113 fugiunt,
1016 2046 1175 2115 fitque
1204 2046 1303 2101 hoc
1327 2062 1557 2118 semper.
1584 2048 1649 2103 Et
1676 2050 1787 2104 haec
1805 2058 1887 2104 est

317 2129 656 2209 prolattormu
684 2134 752 2189 de
781 2134 872 2191 illo
914 2136 1151 2205 supplicii
1182 2153 1376 2207 genere
1415 2138 1606 2193 fabula.
1638 2139 1882 2194 Philoso-

316 2229 537 2299 phorum
563 2245 688 2284 vero
709 2229 919 2301 quidam
951 2226 1288 2298 (Xenophon,
1314 2220 1614 2299 Ᾰπομνημον.
1646 2234 1696 2286 1.
1725 2234 1777 2288 '5.
1802 2231 1880 2303 9),

312 2334 431 2373 cum
479 2319 693 2375 videset
739 2320 1002 2375 sodalium
1050 2319 1328 2387 quemdam
1372 2324 1607 2375 osculum
1651 2322 1883 2378 formoso

316 2424 482 2477 puero
509 2410 665 2473 dare,
707 2407 1124 2465 admirabundus
1153 2408 1318 2462 dixit:
1348 2409 1442 2463 Hie
1469 2411 1658 2480 opinor
1700 2413 1884 2481 praeci-

314 2502 473 2568 pitem
503 2498 652 2555 facile
692 2515 750 2553 se
780 2500 831 2554 in
875 2500 1047 2569 ignem
1080 2499 1317 2568 injiceret
1337 2543 1351 2566 ,
1382 2501 1471 2571 qui
1510 2512 1710 2556 tantum
1740 2503 1791 2557 in
1822 2518 1881 2559 se

314 2597 581 2646 lornacem
606 2592 786 2645 osculo
814 2600 894 2645 est
918 2606 1078 2646 ausus
1105 2590 1415 2646 accendere.
1441 2592 1550 2661 Ego
1570 2603 1744 2647 autem
1773 2610 1879 2649 non

312 2683 449 2738 idem
506 2683 763 2749 dixerim,
830 2683 969 2753 quod
1030 2698 1223 2752 nempe
1292 2684 1695 2740 contubernales
1756 2700 1880 2741 suas

310 2775 612 2828 osculentur
638 2784 691 2829 et
718 2782 1064 2829 contreelent.
1094 2775 1165 2829 At
1192 2774 1235 2827 si
1264 2774 1352 2845 qui
1384 2784 1508 2829 sunt
1533 2776 1621 2845 qui
1652 2776 1767 2830 haec
1791 2791 1881 2831 ca-

312 2864 649 2928 lunmieutur,
676 2865 1041 2919 demonstrare
1071 2864 1284 2919 teutabo
1312 2865 1449 2934 quod
1471 2907 1485 2930 ,
1515 2866 1559 2920 si
1594 2867 1684 2921 illo
1714 2882 1878 2938 usque

313 2957 636 3023 perveniant,
665 2955 849 3009 durius
878 2956 976 3009 sibi
1004 2972 1160 3026 quam
1185 2956 1329 3025 prius
1352 2957 1665 3027 supplicium
1692 2973 1876 3013 accer-

311 3057 449 3104 saut.
482 3048 610 3101 Nam
640 3048 685 3101 si
722 3057 967 3116 aspectus
1006 3048 1151 3101 solus
1192 3055 1391 3101 tantum
1423 3047 1578 3102 infert
1600 3048 1837 3104 dolorem
1858 3091 1874 3117 ,

310 3140 520 3207 quando
547 3147 821 3193 contactus
841 3139 1064 3204 accedit,
1098 3151 1154 3193 ut
1177 3148 1260 3193 est
1285 3140 1524 3208 voluptas
1548 3141 1711 3195 multo
1733 3156 1878 3197 cras-

311 3234 420 3282 sior
448 3240 923 3303 quam/aspectus,
966 3230 1035 3284 ita
1079 3229 1335 3299 majorem
1377 3234 1533 3286 struit
1573 3231 1873 3300 flammam,

310 3321 636 3375 accrbiorem
664 3321 825 3375 efficit
848 3321 1116 3385 dolorem,
1148 3329 1203 3377 et
1226 3320 1591 3375 vehementius
1614 3322 1779 3377 feram
1808 3323 1875 3378 il-

313 3412 413 3466 lam
443 3422 739 3481 exasperat.
781 3413 987 3480 Quanto
1026 3412 1169 3466 enim
1211 3413 1379 3481 magis
1422 3415 1876 3483 eoneupiseentias

309 3519 577 3575 augemus,
607 3512 661 3557 et
682 3504 902 3573 plurima
928 3503 1007 3558 eis
1026 3501 1259 3558 fomenta
1285 3504 1700 3572 suppeditamus,
1731 3515 1875 3559 tanto

310 3607 363 3649 et
390 3595 601 3649 dolores
626 3594 790 3647 nostri
834 3594 999 3663 magis
1034 3592 1395 3649 intenduntur.
1425 3594 1487 3647 Et
1526 3596 1873 3664 quemadmoo

309 3688 432 3739 dum
461 3687 548 3755 qui
577 3700 771 3739 mensa:
799 3693 852 3738 et
876 3684 1005 3739 fonti
1043 3683 1259 3750 assidet,
1289 3699 1393 3738 non
1422 3687 1499 3739 sic
1528 3686 1750 3740 videndo
1778 3688 1873 3740 do-

309 3778 412 3840 let,
440 3787 498 3830 ut
525 3777 608 3831 cui
652 3776 963 3845 permissum
994 3786 1077 3831 est
1107 3792 1263 3830 tuanu
1288 3776 1576 3845 attingere,
1607 3787 1659 3831 et
1698 3786 1871 3833 tamen

311 3883 376 3920 ne
394 3867 633 3937 degustet
651 3866 983 3936 prohibetur:
1007 3868 1084 3921 sic
1105 3868 1282 3937 utique
1302 3869 1389 3937 qui
1412 3868 1475 3919 ad
1497 3869 1868 3922 contrectanda

310 3959 567 4027 virginum
610 3974 833 4026 corpora
874 3959 1246 4025 admittuntur,
1286 3960 1579 4028 graviorem
1626 3960 1873 4017 hauriunt

308 4050 594 4103 cruciatqu
624 4065 688 4105 ex
716 4060 856 4105 tactu
885 4066 1040 4119 quam
1082 4066 1147 4105 ex
1188 4062 1403 4122 aspectu
1423 4092 1438 4117 ,
1475 4052 1600 4106 dum
1629 4052 1871 4108 acerbius

308 4142 385 4195 rei
429 4152 583 4196 taeta:
630 4142 924 4211 privatione
971 4152 1296 4211 torquentur.
1346 4142 1413 4195 Et
1449 4144 1571 4212 quid
1614 4158 1747 4212 opus
1789 4153 1873 4199 est

262 4225 275 4239 ’
309 4234 666 4304 philosOphari
704 4250 767 4289 ex
797 4235 956 4288 rebus
992 4236 1263 4289 externis?
1294 4235 1383 4289 Dei
1413 4238 1552 4289 enim
1578 4237 1866 4302 sententia,

310 4325 392 4378 his
418 4326 663 4378 omnibus
697 4326 981 4394 potentior,
1025 4325 1135 4394 ipsa
1165 4326 1317 4379 nobis
1352 4325 1581 4379 ostendit
1617 4340 1729 4380 rem
1769 4326 1868 4381 ista

308 4431 427 4470 sese
450 4415 664 4471 habere.
692 4415 822 4471 Nam
860 4431 980 4469 cum
1008 4416 1168 4470 vellet
1196 4417 1381 4485 punire
1406 4415 1572 4469 Adam
1604 4415 1757 4486 (Gen.
1785 4414 1866 4487 ὃ),

310 4522 413 4560 non
443 4507 621 4576 procul
644 4522 679 4570 a,
701 4507 943 4576 paradiso
963 4508 1133 4577 ipsum
1162 4506 1397 4561 habitare
1420 4506 1564 4573 fecit,
1590 4506 1683 4561 sed
1704 4520 1869 4575 prope

311 4596 630 4665 paradisum,
658 4607 714 4651 ut
733 4599 1032 4652 continuam
1056 4611 1261 4667 ptenam
1285 4596 1503 4652 haberet
1521 4613 1550 4651 e
1570 4599 1871 4666 spectaculo

306 4689 404 4744 loci
431 4704 583 4757 quem
610 4688 975 4754 desiderabat,
1004 4697 1058 4744 et
1086 4703 1182 4751 eo,
1223 4689 1461 4758 quamvis
1485 4703 1694 4757 semper
1718 4688 1865 4741 illum

305 4790 428 4833 :mte
455 4794 513 4833 se
541 4780 773 4843 videret,
820 4778 919 4833 frui
968 4795 1071 4833 non
1117 4780 1526 4848 permitteretur.
1568 4778 1686 4834 Jam
1731 4779 1867 4835 forte

304 4868 495 4937 aliquis
519 4868 729 4934 dixerit,
758 4868 823 4923 Et
849 4868 1133 4937 quomodo,
1167 4870 1209 4923 si
1241 4869 1340 4922 hoc
1368 4879 1552 4924 natura
1580 4878 1686 4923 tam
1715 4884 1865 4922 ama-

304 4974 455 5021 rum,
500 4959 735 5028 plerique
777 4969 921 5013 tanto
962 4960 1135 5012 studio
1164 4960 1469 5013 sectantur?
1502 4958 1583 5013 Ad
1629 4959 1727 5013 hoc
1765 4974 1867 5029 ego

302 5049 557 5114 dixerim,
602 5050 739 5104 istud
783 5051 951 5119 ipsum
997 5061 1250 5104 extrema:
1289 5050 1496 5104 illorum
1540 5050 1863 5120 aegritudinis

303 5145 587 5197 maximum
613 5158 731 5197 esse
756 5154 1139 5212 argumentum.
1168 5142 1301 5197 Nam
1330 5143 1413 5196 hic
1449 5156 1564 5197 mos
1588 5151 1670 5198 est
1696 5157 1865 5212 aegro-

303 5234 519 5288 tantium
540 5273 559 5299 ,
590 5242 647 5287 ut
674 5244 913 5304 quaerant
957 5233 1199 5304 frigidam
1230 5234 1507 5305 quamdam
1528 5284 1543 5302 ,
1584 5234 1864 5304 brevisque

304 5326 555 5394 temporis
578 5325 920 5396 voluptatem,
945 5327 1084 5380 unde
1104 5327 1440 5395 prolixiorem
1462 5326 1560 5381 sibi
1582 5326 1863 5382 conciliant

304 5432 532 5487 pmnam.
562 5414 675 5473 Hoc
698 5428 752 5473 et
781 5420 831 5473 in
864 5419 1281 5475 febricitantibus
1307 5421 1483 5475 videre
1509 5421 1625 5490 quis
1651 5431 1858 5492 potest,

304 5511 390 5579 qui
408 5525 524 5563 cum
541 5510 810 5583 paulisper
824 5512 1088 5567 abstinere
1110 5512 1294 5566 nolunt
1307 5528 1335 5565 a
1354 5512 1733 5568 refocillatione
1750 5529 1861 5567 mo-

305 5612 578 5657 tueutanea
608 5605 887 5658 vetitorum
927 5603 1007 5658 vel
1036 5604 1422 5658 esculentorum
1448 5603 1529 5657 vel
1553 5603 1859 5675 poculenta-

301 5709 437 5761 rutn,
467 5695 681 5766 longum
703 5698 982 5767 quemdam
1014 5707 1066 5751 et
1092 5696 1455 5752 difficillimum
1482 5697 1733 5754 invehunt
1753 5699 1853 5755 sibi

586 5793 858 5858 Panos.
903 5799 1011 5862 Gtt.
1059 5800 1311 5863 XLVII.

1010 282 1281 342 CONTRA
1322 286 1450 344 EOS
1486 287 1601 357 QUI
1642 286 1839 346 SUBIN
1855 289 2259 351 TRODUCTAS
2297 295 2571 354 HABENT
2609 300 2933 363 VIRGINES

3483 322 3585 379 698

2022 405 2287 463 morbum.
2317 409 2536 479 Oportet
2575 425 2751 470 autem
2782 428 2839 473 ut
2878 419 2913 474 ii
2940 421 3027 491 qui
3055 421 3190 479 bene
3218 428 3426 498 valent,
3480 452 3581 492 ann

2015 511 2197 552 eorum
2227 500 2315 570 qui
2361 504 2495 556 male
2534 504 2732 562 habent
2773 513 3086 569 sententiam
3114 529 3419 588 sequantur.
3445 524 3578 582 Nam

2015 588 2059 642 si
2088 589 2206 646 illos
2230 593 2519 661 sequimur,
2565 607 2618 651 et
2640 612 2668 650 a
2701 600 2903 657 medica
2942 614 3055 659 arte
3092 617 3145 661 et
3181 624 3210 663 a
3242 610 3571 686 philosophia

2012 680 2502 738 condemnabimur.
2527 684 2711 756 Neque
2728 690 2870 745 enim
2891 698 3267 763 aegrotantibus
3286 701 3387 757 hoc
3404 680 3574 760 solum

2014 767 2064 821 in
2096 769 2227 825 febri
2252 773 2544 844 contingit,
2585 778 2670 832 vel
2697 778 2749 832 in
2778 782 3056 838 mulierum
3082 800 3284 855 amore,
3312 791 3407 847 sed
3436 801 3491 847 et
3521 797 3573 851 in

2009 860 2206 951 divitiis
2232 872 2287 917 et
2326 863 2377 918 in
2416 867 2661 923 omnibus
2683 870 2822 925 aliis.
2856 873 3062 929 Etenim
3100 878 3187 947 qui
3229 879 3281 932 in
3325 886 3573 951 pecunias

2010 950 2304 1042 insaniunt,
2349 955 2470 1011 licet
2499 959 2667 1015 sciant
2693 963 2833 1032 quod
2863 965 2897 1019 ii
2939 967 3026 1037 qui
3056 982 3213 1039 parva
3243 950 3356 1027 haec
3382 974 3571 1042 indigis

2008 1039 2395 1110 impertiuntur,
2430 1046 2629 1104 infinita
2656 1052 2766 1107 illic
2794 1054 2929 1113 bona
2961 1057 3192 1128 capiant,
3231 1062 3466 1121 detinent
3492 1039 3571 1120 ta-

2005 1146 2124 1184 men
2151 1147 2213 1187 ea
2238 1144 2292 1189 et
2312 1135 2620 1205 defodiunt,
2648 1151 2706 1196 et
2729 1142 2882 1199 bonis
2910 1149 3155 1205 omnibus
3176 1154 3422 1212 excidere
3449 1173 3567 1213 ma-

2005 1222 2152 1285 lunt,
2203 1224 2272 1278 ob
2321 1224 2558 1293 frigidam
2607 1231 2930 1306 brevemque
2976 1239 3112 1296 hanc
3153 1245 3563 1317 voluptatulatn,

2001 1328 2157 1382 quam
2201 1326 2395 1372 :eterna
2440 1335 2592 1388 paena
2638 1323 2884 1393 liberari,
2932 1341 2986 1384 et
3026 1332 3373 1393 immortalem
3399 1342 3561 1398 vitam

1999 1404 2219 1472 adipisci
2250 1407 2367 1461 illas
2394 1410 2458 1462 ad
2505 1411 2661 1467 breve
2701 1423 2908 1486 tempus
2932 1420 3288 1491 despiciendo.
3320 1429 3433 1486 Hoc
3459 1435 3563 1487 uti-

1997 1509 2101 1561 que
2126 1505 2179 1549 et
2222 1499 2323 1551 illis
2346 1502 2632 1571 contingit,
2664 1505 2787 1561 dum
2815 1524 2845 1563 a
2873 1525 3034 1579 parva
3073 1517 3345 1574 oculorum
3368 1535 3562 1579 concu-

1996 1587 2250 1655 piscentia
2280 1591 2483 1660 seipsos
2509 1595 2888 1669 aliquantisper
2911 1606 3182 1661 continere
3210 1609 3452 1668 nolentes
3481 1614 3562 1668 iu-

1997 1676 2319 1733 tolerabilem
2347 1681 2444 1736 sibi
2471 1682 2642 1752 ignem
2662 1688 2911 1758 colligunt
2935 1708 2952 1746 :
2978 1703 3032 1748 et
3056 1706 3254 1766 quanto
3278 1701 3478 1758 scilicet
3501 1719 3560 1760 se

1995 1767 2159 1837 magis
2181 1769 2434 1826 obiectari
2456 1785 2659 1844 putant,
2691 1787 2837 1834 tanto
2856 1783 3022 1853 magis
3045 1786 3185 1841 malo
3203 1788 3556 1859 implicantur,

1992 1857 2203 1914 diabolo
2231 1864 2340 1917 suis
2366 1866 2567 1923 artibus
2596 1868 2696 1924 hoc
2732 1885 2951 1931 curante
2977 1876 3043 1931 ad
3082 1857 3461 1939 incrementum
3503 1857 3559 1941 et

1993 1956 2438 2021 perseverantiam
2468 1960 2728 2029 incendii,
2774 1973 2832 2018 ut
2873 1966 3124 2024 ardentes
3145 1981 3199 2026 et
3230 1971 3558 2031 delectentur

1991 2052 2045 2097 et
2070 2043 2311 2113 doleant,
2356 2049 2641 2105 absurdum
2684 2055 2949 2124 quoddam
2988 2066 3455 2131 temperamentum
3501 2067 3554 2123 in

1990 2135 2265 2191 animabus
2289 2139 2398 2193 suis
2422 2140 2733 2199 efficientes.

2058 2227 2109 2281 3.
2156 2226 2272 2282 Jam
2309 2245 2437 2284 vero
2483 2233 2527 2286 si
2573 2235 2692 2304 quis
2734 2251 2833 2292 nos
2876 2238 3294 2312 intemperantia:
3333 2246 3403 2301 ob
3441 2246 3555 2305 haec

1992 2317 2152 2371 verba
2177 2320 2494 2376 condemnet
2520 2322 2787 2395 (strenuos
2809 2329 2949 2383 enim
2980 2331 3121 2387 viros
3150 2343 3203 2389 et
3224 2350 3343 2391 cum
3367 2340 3550 2394 mulie-

1987 2408 2134 2463 ribus
2156 2410 2471 2476 habitautes,
2492 2415 2622 2469 nihil
2637 2431 2799 2487 grave
2819 2418 2967 2491 pati),
2994 2422 3174 2479 beatos
3191 2426 3402 2496 quidem
3428 2428 3552 2484 dico

1985 2500 2074 2570 qui
2105 2502 2232 2556 tales
2257 2504 2379 2566 sint.
2398 2513 2452 2559 et
2472 2506 2661 2562 vellem
2682 2512 2839 2564 etiam
2866 2512 2976 2582 ipse
3001 2513 3101 2569 hoc
3121 2517 3311 2574 robore
3329 2520 3549 2577 donari:

1984 2601 2038 2645 et
2065 2592 2178 2660 ipse
2202 2595 2411 2664 quidem
2442 2596 2579 2653 forte
2607 2598 2842 2657 adducor
2874 2612 2930 2657 ut
2952 2605 3162 2661 credam
3190 2624 3345 2677 posse
3370 2610 3551 2683 hujus-

1986 2684 2127 2738 modi
2156 2687 2295 2740 viros
2320 2688 2537 2756 reperiri
2563 2708 2576 2742 :
2601 2691 2789 2746 vellem
2818 2701 2992 2749 tamen
3021 2712 3111 2752 eos
3133 2701 3221 2770 qui
3252 2716 3348 2757 nos
3372 2718 3549 2775 repre-

1984 2771 2255 2841 hendunt,
2297 2792 2452 2846 posse
2494 2778 2594 2833 hoc
2633 2782 2783 2836 nobis
2814 2787 3160 2856 persuadere,
3198 2793 3335 2862 quod
3364 2771 3548 2851 adole-

1983 2878 2136 2920 sceus
2159 2867 2362 2923 fervens
2382 2884 2621 2940 corpore,
2649 2875 2941 2945 puellaeque
2967 2878 3151 2949 virgini
3167 2883 3470 2939 eohabitans
3490 2896 3548 2943 et

1982 2954 2048 3009 ad
2079 2955 2239 3011 latera
2268 2959 2383 3028 ejus
2409 2961 2667 3028 assidens,
2699 2972 2753 3019 et
2775 2966 2930 3021 simul
2957 2984 3193 3031 etenans.
3211 2980 3266 3026 et
3290 2990 3385 3042 per
3405 2974 3545 3031 diem

1983 3055 2146 3103 totum
2165 3050 2527 3120 confabulans,
2558 3066 2611 3110 ut
2642 3058 2773 3111 nihil
2801 3060 2938 3113 aliud
2968 3076 3249 3131 apponam,
3282 3066 3544 3138 intempe-

1981 3143 2145 3197 stivos
2182 3144 2319 3199 risus
2342 3155 2396 3200 et
2418 3147 2612 3203 effusos
2640 3152 2925 3207 cachinnos
2947 3165 3000 3208 et
3026 3156 3203 3211 mollia
3231 3158 3391 3213 verba
3411 3198 3427 3225 ,
3457 3170 3542 3214 at-

1980 3248 2081 3301 que
2106 3234 2204 3288 alia
2233 3251 2351 3305 qua:
2375 3238 2516 3292 dictu
2539 3239 2812 3295 inhonesta
2838 3260 2852 3305 ;
2877 3245 2966 3298 sed
3000 3245 3049 3299 in
3072 3246 3277 3314 eadem,
3307 3248 3542 3319 inquam,

1982 3324 2223 3382 habitans
2257 3329 2416 3384 domo
2443 3331 2717 3403 eidemque
2756 3338 3149 3394 eommunieaus
3191 3354 3388 3396 mensae
3408 3380 3426 3407 ,
3452 3342 3543 3398 ubi

1981 3417 2141 3470 multa
2170 3428 2253 3473 eat
2281 3418 2495 3473 libertas
2518 3423 2798 3477 verborum
2822 3464 2837 3488 ,
2869 3435 2922 3479 et
2958 3427 3097 3481 ultro
3135 3427 3370 3498 citroque
3407 3432 3544 3486 acci-

1979 3509 2194 3576 piuntur
2223 3511 2385 3565 multa
2411 3512 2734 3584 danturque,
2763 3516 2902 3570 nulla
2940 3516 3282 3574 humanarum
3303 3520 3544 3577 aﬂ'ectio-

1980 3614 2104 3652 num
2132 3603 2403 3669 capiatur,
2432 3603 2523 3656 sed
2555 3619 2714 3672 purus
2743 3620 2772 3658 a
2803 3606 2939 3660 mala
2968 3607 3238 3678 voluptate
3263 3618 3318 3664 et
3341 3624 3532 3666 concu-

1978 3691 2230 3763 piscentia
2258 3704 2598 3761 permaneat:
2631 3696 2820 3750 vellem
2852 3697 2966 3751 haec
2998 3699 3067 3753 ab
3096 3699 3176 3754 Itis
3207 3700 3295 3770 qui
3325 3715 3423 3756 nos
3447 3716 3538 3757 ar-

1975 3794 2142 3853 guunt
2162 3799 2249 3839 me
2272 3785 2449 3840 doceri
2479 3801 2656 3857 posse,
2685 3788 2778 3843 sed
2808 3805 2979 3859 neque
3008 3791 3104 3860 ipsi
3130 3793 3311 3847 volunt
3333 3793 3533 3857 doceri,

1976 3881 2030 3927 et
2057 3874 2208 3928 nobis
2249 3874 2362 3930 haec
2396 3877 2460 3931 ad
2490 3878 2848 3934 defensionem
2884 3880 3223 3937 aﬁ'erentibus
3250 3884 3540 3939 reclamant

1975 3965 2123 4033 quasi
2150 3967 2558 4035 impudentibus,
2582 3970 2769 4024 eodem
2793 3986 2899 4041 quo
2924 3972 3019 4041 ipsi
3044 3973 3229 4027 morbo
3253 3976 3533 4044 correptis,

1976 4057 2345 4127 propriamque
2364 4059 2655 4127 tegentibus
2666 4060 2933 4115 malitiam.
2953 4065 3020 4117 Et
3037 4063 3160 4132 quid
3185 4062 3299 4119 haec
3320 4065 3385 4119 ad
3415 4082 3533 4129 nos,

1974 4146 2183 4215 inquit?
2209 4146 2390 4216 Neque
2415 4164 2513 4203 nos
2536 4165 2720 4205 sumus
2744 4153 2955 4206 obnoxii
2984 4154 3298 4222 insipientia:
3322 4155 3531 4217 alienae,

1975 4249 2147 4305 neque
2168 4275 2183 4300 ,
2225 4237 2270 4291 si
2310 4237 2427 4306 quis
2446 4240 2605 4293 stulte
2638 4241 3034 4306 seandalizetur,
3076 4243 3262 4313 dignus
3288 4260 3388 4314 ego
3414 4262 3530 4299 sum

1972 4327 2063 4396 qui
2092 4342 2273 4396 pinnas
2295 4329 2413 4383 dem
2448 4330 2517 4385 ob
2555 4330 2698 4386 illius
2727 4332 3095 4401 insipientiam.
3135 4336 3239 4390 Sed
3288 4338 3390 4392 hoc
3426 4354 3530 4392 non

1973 4418 2103 4471 dixit
2129 4418 2347 4485 Paulus,
2378 4420 2471 4474 sed
2507 4420 2662 4491 jussit
2685 4431 2777 4488 ut,
2826 4424 2869 4477 si
2908 4424 3099 4493 injuste
3140 4426 3524 4482 scandalizetur

1972 4510 2181 4579 aliquis,
2207 4511 2321 4581 ejus
2346 4512 2627 4567 inﬁrmitati
2647 4515 2970 4569 consulatur.

2044 4601 2300 4666 Quantum
2332 4604 2539 4673 quisque
2565 4620 2735 4659 cavere
2775 4606 2951 4660 debeat
2987 4623 3048 4661 ne
3081 4608 3195 4663 aliis
3225 4606 3527 4675 alendion

1969 4694 2051 4747 sit.
2072 4721 2145 4733 -—
2166 4694 2313 4748 Tunc
2338 4694 2478 4748 enim
2512 4695 2680 4750 solum
2716 4697 3000 4751 liberamur
3021 4712 3049 4751 a
3086 4714 3258 4765 pmna,
3287 4716 3404 4770 qua:
3432 4718 3527 4769 po-

1970 4785 2068 4839 sita
2092 4793 2173 4840 est
2196 4785 2246 4838 in
2268 4801 2360 4839 eos
2381 4786 2469 4857 qui
2496 4787 2796 4842 scandalum
2818 4788 2945 4842 dant
2963 4790 3097 4850 aliis,
3119 4790 3163 4843 si
3183 4805 3245 4844 ex
3276 4791 3525 4847 seandalo

1969 4875 2109 4928 aliud
2142 4876 2405 4945 quoddam
2447 4877 2648 4932 lucrum
2684 4889 2926 4933 nascatur
2958 4879 3126 4948 majus
3151 4881 3344 4935 damno
3384 4883 3521 4952 quod

1968 4982 2030 5021 ex
2061 4969 2308 5022 seandalo
2333 4968 2411 5021 fit.
2438 4969 2690 5040 Adeoque
2716 4970 2760 5023 si
2791 4972 2890 5025 hoc
2914 4987 3017 5024 non
3038 4970 3215 5037 fuerit,
3239 4983 3292 5027 et
3317 4973 3417 5027 hoc
3445 4990 3525 5028 so-

1973 5060 2083 5113 lum
2110 5058 2417 5125 obvenerit,
2449 5069 2504 5114 ut
2530 5061 2947 5116 scandalizentur
2971 5060 3058 5115 alii
3082 5100 3098 5125 ,
3137 5065 3248 5117 sive
3272 5064 3341 5118 ob
3363 5064 3524 5118 ratio-

1969 5169 2087 5207 nem
2122 5153 2377 5222 aliquam,
2405 5153 2517 5209 sive
2543 5154 2612 5208 ob
2646 5154 2840 5207 nullam
2865 5195 2880 5217 ,
2919 5155 3029 5209 sive
3056 5164 3111 5210 ut
3139 5156 3327 5210 infirmi
3356 5156 3524 5219 offen-

1966 5244 2174 5307 dantur,
2216 5245 2427 5315 sanguis
2453 5246 2658 5299 illorum
2688 5260 2845 5315 super
2869 5256 3023 5316 caput
3065 5257 3299 5303 nostrum
3318 5288 3335 5314 ,
3365 5258 3421 5305 et
3452 5265 3519 5305 ex

1966 5339 2207 5392 manibus
2234 5338 2428 5392 nostris
2461 5339 2596 5392 Deus
2631 5340 2834 5393 animas
2860 5340 2988 5394 tales
3018 5342 3267 5411 requiret.
3305 5342 3367 5396 Et
3393 5358 3518 5411 pro-

1966 5440 2083 5498 pter
2114 5430 2230 5491 hoc.
2259 5445 2324 5483 ne
2351 5445 2444 5498 per
2464 5429 2638 5484 omnia
2659 5432 3042 5499 negligeremus
3070 5432 3152 5485 vel
3172 5432 3519 5501 abjieeremus

1962 5536 2055 5576 eos
2082 5521 2271 5589 quibus
2297 5520 2611 5576 offendiculo
2651 5537 2832 5577 sumus
2855 5564 2869 5586 ,
2902 5524 3156 5579 terminos
3183 5524 3437 5596 quosdam
3466 5533 3520 5579 et

1963 5613 2175 5682 regulas
2193 5612 2350 5667 nobis
2376 5611 2615 5667 Christus
2639 5614 2992 5683 prmscripsit:
3025 5630 3145 5668 nam
3172 5624 3228 5670 et
3254 5614 3353 5671 huc
3376 5625 3428 5669 et
3457 5612 3518 5669 il-

1968 5702 2053 5758 lud
2084 5701 2224 5770 fecit,
2254 5713 2406 5772 prout
2434 5713 2640 5777 tempus
2665 5706 2978 5776 postulabat.
3010 5707 3291 5765 Enimvero
3307 5724 3424 5765 cum
3450 5708 3516 5766 de

3067 5805 3147 5865 29
