4036 6416
474 294 580 352 ὐθθ

477 421 659 468 natura
687 407 922 464 ciborum
945 401 1244 458 dissereret.
1266 403 1320 451 et
1344 389 1644 449 ostenderet
1661 401 1778 442 eam
1800 397 1918 439 esse
1947 395 2041 450 pu-

477 519 612 569 ram,
629 509 680 556 et
695 515 724 552 a
739 495 954 554 Judaica
969 489 1334 548 observatione
1347 485 1616 547 liberaret,
1633 479 1786 534 Petro
1802 475 2043 544 ingresso

476 607 527 650 οι
541 563 768 655 dicente,
783 584 1266 647 Scandalizatisunt,
1281 577 1436 636 dixit:
1452 573 1717 642 Sineipsos
1733 567 1938 642 (Matth.
1952 563 2040 620 ιε.

477 689 568 742 ﬂ.
598 685 666 739 14
685 685 726 754 ).
758 683 826 736 Et
864 693 968 734 non
1004 676 1176 731 solum
1200 669 1472 741 despexit,
1495 665 1630 736 .quin
1656 673 1710 719 et
1735 656 1999 716 accusavit
2027 672 2041 708 :

487 779 666 832 Omnis
685 751 822 829 enim
842 769 1091 842 plantatio
1113 807 1129 831 ,
1158 781 1308 836 quam
1333 777 1434 816 non
1461 755 1703 830 plantavit
1726 751 1882 807 Pater
1907 763 2043 803 meus

476 869 718 931 catam,
762 839 1092 918 eradicabitur
1120 856 1226 927 (Ib.
1256 869 1304 906 υ.
1331 851 1444 920 l3).
1489 847 1564 904 tu
1603 846 1770 915 legem
1808 841 1875 896 de
1913 839 2044 894 cibis

485 961 688 1015 irritam
705 927 860 1012 fecit.
891 952 990 1009 Ubi
1013 958 1190 1004 autem
1217 943 1306 1015 qui
1332 941 1580 1014 petebant
1606 933 1910 992 didrachma
1935 971 1950 993 ,
1977 927 2044 982 ad

481 1052 700 1110 Petrum
729 1045 1042 1102 accedentes
1064 1041 1332 1098 dixerunt,
1365 1032 1607 1103 Magister
1634 1038 1750 1082 tuus
1775 1041 1875 1078 non
1901 1021 2044 1076 solvit

480 1139 790 1194 didrarhma
810 1136 827 1204 (
848 1134 1039 1188 Matth.
1063 1131 1150 1185 l7.
1170 1128 1298 1197 25),
1321 1135 1454 1178 tunc
1480 1137 1587 1176 non
1607 1118 1747 1173 idem
1767 1112 1877 1182 egit
1899 1110 2044 1167 sicut

484 1242 662 1292 antea,
681 1231 774 1285 sed
791 1228 1053 1282 rationem
1067 1223 1257 1278 habuit
1280 1215 1546 1278 scandali,
1566 1219 1621 1268 et
1646 1210 1754 1265 ait:
1780 1205 1847 1261 Ut
1869 1212 2047 1259 autem

481 1338 583 1377 non
606 1319 998 1375 scandalieemus
1025 1315 1160 1381 ipsos
1177 1351 1192 1375 ,
1224 1307 1362 1362 mitte
1388 1305 1592 1357 hamum
1608 1301 1662 1354 in
1689 1314 1828 1352 mare
1845 1338 1861 1362 ,
1892 1303 1938 1349 et
1965 1294 2045 1364 pi-

477 1429 610 1469 scem
631 1411 716 1482 qui
741 1409 954 1479 primum
981 1417 1206 1474 egressus
1229 1398 1378 1470 fuerit
1399 1395 1536 1460 tolle,
1557 1393 1868 1460 inveniesque
1887 1389 1937 1440 in
1961 1401 2046 1440 ore

485 1507 594 1575 eius
637 1476 867 1557 staterem
893 1513 912 1553 :
941 1497 1070 1550 hunc
1096 1499 1352 1563 acceptum
1387 1487 1454 1540 da
1489 1500 1581 1556 pro
1620 1498 1700 1536 me
1739 1489 1787 1535 et
1832 1487 1879 1533 te
1917 1476 2043 1550 (Ib.

489 1568 615 1651 5.27
641 1595 683 1664 ).
705 1591 866 1647 Vides
893 1588 1049 1644 modo
1067 1592 1360 1644 curantem,
1390 1577 1549 1632 modo
1573 1570 1704 1630 nihil
1730 1577 2000 1626 curantem
2023 1568 2045 1622 2

447 1703 458 1752 ι
481 1685 613 1742 Nam
639 1659 740 1740 hoc
757 1683 876 1738 loco
902 1677 1035 1734 nihil
1056 1674 1208 1730 valde
1242 1668 1506 1727 referebat
1530 1665 1752 1736 gloriam
1779 1659 2044 1732 Unigeniti

482 1958 624 2030 quod
651 1959 762 2028 ipse
780 1963 922 2014 esset
943 1948 1216 2008 Christus?
1241 1946 1310 2002 Et
1335 1951 1608 2016 propterea
1631 1937 1757 1993 nihil
1777 1933 1953 1990 damni
1979 1946 2046 1987 ex

483 2025 550 2106 eo
589 2025 727 2120 quod
770 2037 1354 2117 dependitdidrachma
1390 2051 1403 2090 :
1435 2035 1478 2090 si
1514 2042 1690 2088 autem
1721 2043 1824 2082 non
1851 2025 2045 2080 solvis-

485 2151 587 2206 set,
613 2153 796 2209 magna
823 2135 943 2191 inde
965 2142 1085 2189 nata
1111 2131 1332 2186 fuissent
1353 2126 1489 2181 mala
1514 2137 1664 2178 :nam
1685 2127 1743 2174 nt
1768 2129 2045 2190 tyrannum

485 2243 538 2288 et
566 2207 916 2286 obluctantem
945 2233 999 2281 et
1021 2221 1246 2280 civitatis
1273 2219 1533 2274 universae
1561 2210 1827 2268 inimicum
1851 2249 1866 2272 ,
1894 2217 1947 2261 et
1994 2207 2045 2260 in

487 2331 722 2379 extrema
745 2318 973 2390 pericula
995 2314 1332 2385 injicientem,
1356 2309 1532 2378 utique
1554 2303 1780 2358 aversati
1803 2301 2042 2354 fuissent.

488 2389 773 2483 Propterea
803 2409 943 2478 ipsos
969 2405 1060 2475 qui
1089 2401 1333 2458 volebant
1361 2400 1530 2468 ipsum
1559 2408 1764 2464 rapere,
1793 2400 1846 2444 et
1873 2389 2046 2443 facere

491 2477 689 2572 regem,
716 2477 921 2569 longius
946 2496 1095 2566 fugit,
1125 2505 1346 2560 eamque
1371 2485 1670 2558 opinionem
1700 2497 1728 2535 a
1759 2479 1936 2534 multis
1957 2477 2046 2546 qui

487 2595 626 2649 circa
650 2593 821 2663 ipsum
850 2597 1001 2645 erant
1028 2583 1235 2655 repulit.
1263 2580 1431 2638 Priori
1455 2587 1630 2632 autem
1661 2574 1777 2628 loco
1805 2583 2049 2625 necessa-

492 2689 628 2742 rium
652 2693 767 2740 erat
794 2683 846 2737 id
875 2679 1014 2751 quod
1039 2677 1290 2748 agebatur
1318 2690 1331 2726 :
1364 2671 1484 2726 ideo
1521 2667 1718 2722 utiliter
1749 2678 1810 2718 ac
1841 2671 2047 2729 tempe-

487 2777 622 2833 stive
641 2787 693 2832 et
713 2786 768 2830 ut
790 2775 842 2828 in
867 2769 1068 2827 meliori
1089 2781 1248 2837 opere
1261 2759 1577 2830 contempsit
1603 2754 1923 2812 scandalum.
1955 2752 2049 2806 Et-

490 2875 629 2930 enim
642 2869 793 2925 valde
819 2863 1040 2934 tempori
1053 2858 1371 2932 congruebat
1398 2855 1464 2910 ad
1493 2866 1790 2923 supremam
1820 2847 2050 2917 philoso-

489 2966 665 3037 phiam
692 2970 1002 3017 ascensuros
1030 2970 1135 3008 non
1163 2949 1444 3021 prohibere
1467 2953 1524 3001 ut
1545 2943 1739 3000 Judaeis
1763 2955 1877 2995 mos
1899 2951 2050 3008 gere-

489 3033 666 3120 retur;
687 3052 779 3107 sed
804 3050 953 3106 abire
972 3052 1193 3101 vocante
1215 3051 1454 3111 tempore
1477 3036 1542 3090 ad
1561 3033 1721 3089 animi
1745 3033 2046 3101 puritatem,

491 3165 659 3220 neque
686 3143 937 3202 retardari
965 3136 1224 3210 corporali
1248 3130 1631 3192 observatione,
1662 3125 1756 3180 sed
1785 3140 1814 3178 a
1843 3122 1931 3176 vili
1963 3121 2048 3175 illa

489 3211 614 3298 cura
652 3237 831 3295 eximi.
871 3234 960 3290 Sic
998 3241 1053 3288 et
1088 3228 1279 3285 Paulus
1317 3222 1475 3278 modo
1504 3215 1819 3288 contempsit
1841 3229 1932 3269 eos
1960 3211 2050 3282 qui

490 3330 992 3392 scandalizabantur,
1007 3320 1163 3378 modo
1182 3334 1285 3374 non
1305 3311 1637 3383 contempsit,
1653 3307 1948 3378 Magistrum
1967 3319 2052 3360 se-

491 3441 678 3500 quens,
707 3433 762 3479 et
785 3421 918 3477 dixit
945 3436 958 3472 :
993 3417 1092 3470 Per
1118 3412 1284 3469 omnia
1313 3409 1540 3464 omnibus
1566 3407 1756 3474 placeo,
1789 3417 1888 3454 non
1912 3415 2050 3469 qua,»

490 3491 608 3573 rens
631 3491 764 3586 quod
790 3511 911 3566 mihi
934 3506 1056 3562 utile
1080 3514 1173 3566 est,
1196 3503 1283 3558 sed
1312 3499 1445 3571 quod
1475 3495 1664 3560 multis,
1693 3503 1747 3547 ut
1773 3491 1898 3546 salvi
1924 3491 2051 3558 ﬁant

494 3610 584 3680 (1.
617 3579 731 3661 Cior.
760 3603 844 3658 10.
875 3599 1007 3671 55).
1049 3597 1105 3652 Si
1132 3603 1305 3650 autem
1341 3589 1533 3646 Paulus
1569 3599 1716 3641 suam
1759 3579 2047 3637 contemnit

492 3675 792 3761 utilitatem,
820 3703 878 3747 ut
906 3689 1132 3746 inveniat
1157 3683 1297 3756 quod
1325 3680 1500 3736 multis
1525 3675 1710 3748 prosit,
1735 3680 1930 3744 quanta
1950 3683 2052 3722 nos

491 3787 634 3858 digni
658 3757 856 3842 erimus
883 3794 1038 3851 poem
1064 3817 1079 3842 ,
1118 3775 1164 3830 si
1205 3786 1374 3841 neque
1402 3767 1667 3839 proprium
1699 3762 1926 3833 fugimus
1952 3757 2050 3814 da-

495 3855 696 3941 mnum,
714 3884 772 3931 nt
791 3871 1123 3929 inveniamus
1142 3864 1282 3937 quod
1301 3862 1428 3918 utile
1450 3861 1519 3915 sit
1538 3858 1676 3922 aliis,
1699 3855 1792 3910 sed
1815 3865 1912 3908 nos
1930 3865 2053 3920 quo-

493 3987 596 4044 que
613 3984 732 4026 cum
756 3965 874 4023 aliis
888 3962 1118 4020 suaviter
1135 3957 1423 4030 perdimus,
1445 3966 1564 4006 cum
1591 3962 1864 4019 possemus
1882 3952 1935 3998 et
1955 3956 2052 3998 nos

495 4037 637 4137 ipsos
664 4072 718 4117 et
737 4060 870 4116 alios
893 4067 1105 4112 servare
1123 4052 1147 4105 Ἰ
1165 4051 1453 4119 Propterea
1471 4060 1590 4100 cum
1613 4041 1755 4096 videt
1779 4038 1948 4108 majus
1971 4037 2052 4091 lu-

494 4127 643 4210 crum
668 4163 824 4222 quam
852 4147 1105 4202 damnum
1127 4177 1144 4210 ,
1172 4137 1456 4196 contemnit
1487 4148 1581 4190 eos
1615 4132 1706 4202 qui
1747 4127 2050 4186 scandalum

497 4218 806 4318 patiuntur:
837 4238 929 4294 ubi
967 4245 1142 4290 autem
1188 4233 1392 4287 lucrum
1431 4225 1572 4281 videt
1612 4222 1850 4284 nullum,
1881 4218 2052 4274 solum

497 4312 677 4394 autem
713 4331 1016 4389 scandalum
1060 4325 1182 4382 inde
1223 4322 1435 4378 evenire
1457 4360 1483 4386 ,.
1511 4315 1687 4371 omnia
1714 4322 1768 4368 et
1806 4312 1976 4366 facere
2001 4315 2055 4362 et

501 4428 605 4497 pati
625 4433 836 4495 paratus
856 4429 938 4477 est
966 4432 1032 4472 ne
1051 4413 1276 4471 eveniat.
1303 4411 1366 4465 Et
1388 4424 1490 4464 non
1511 4406 1742 4474 diSputat
1762 4401 1882 4456 talia
1909 4413 2056 4453 more

499 4526 721 4575 nostro:
753 4527 859 4567 non
896 4510 1032 4565 enim
1075 4505 1236 4568 dicit,
1263 4501 1435 4568 Quare
1476 4505 1600 4553 sunt
1638 4491 1868 4548 infirmi?
1893 4503 2068 4560 quare

501 4610 616 4664 sine
642 4618 799 4662 causa
827 4603 904 4658 sic
929 4597 1102 4654 affecti
1130 4593 1295 4650 sunt?
1321 4590 1415 4647 sed
1440 4604 1502 4644 ea
1529 4587 1595 4642 de
1618 4599 1777 4642 causa
1805 4581 1932 4651 ipsis
1960 4595 2057 4650 po-

501 4699 762 4754 tissimum
787 4693 973 4764 parcit,
996 4689 1118 4760 quia
1142 4687 1211 4741 ob
1237 4683 1456 4740 rationis
1486 4677 1754 4750 penuriam
1781 4676 1850 4729 ita
1877 4687 1936 4728 se
1962 4671 2064 4725 hau

502 4792 644 4856 bent,
674 4798 728 4846 et
755 4788 826 4842 ita
853 4782 1043 4840 inﬁrmi
1071 4787 1216 4835 sunt.

576 4885 631 4939 4.
678 4882 771 4935 Dic
801 4881 943 4934 enim
982 4872 1114 4929 mihi
1148 4868 1355 4940 qualem
1401 4864 1489 4920 ille
1533 4858 1896 4917 rationabilem
1919 4869 2060 4925 prm-

506 4981 707 5030 textum
734 4970 909 5024 dicere
929 4971 1134 5036 potest,
1158 4960 1249 5030 qni
1269 4955 1649 5014 scandalizatur
1674 4951 1727 5004 in
1755 4946 2064 5004 eomedente

505 5078 719 5121 carnem
756 5069 810 5115 et
842 5057 1053 5116 bibente
1089 5050 1311 5108 vinum?
1350 5050 1485 5102 hanc
1509 5046 1702 5116 quippe
1729 5043 1898 5111 legem
1927 5040 2064 5094 Deus

509 5157 634 5212 olim
664 5151 855 5223 posuit.
881 5147 1255 5202 Verumtamen
1284 5140 1336 5194 in
1365 5138 1446 5192 his
1477 5137 1523 5191 si
1559 5132 1939 5190 scandalizetur
1965 5128 2066 5183 ali-

509 5247 648 5316 quis,
667 5220 868 5299 Paulus
889 5237 1134 5293 abstinet.
1163 5232 1284 5287 Non
1307 5231 1446 5285 enim
1468 5241 1668 5282 carnem
1690 5224 1964 5287 comedam,
1989 5220 2070 5274 in-

1165 270 1223 330 S.
1255 268 1538 330 JOANNIS
1564 258 2042 324 CHRYSOSTOMI
2084 258 2402 315 ARCIIIEP.
2432 254 2960 314 CONSTANTINOP.

3603 246 3714 303 5N

2149 384 2326 428 tamen
2363 373 2556 442 justius
2592 370 3014 438 dixisset.quam
3055 378 3173 419 nos.
3215 361 3357 418 Nam
3383 362 3471 431 qui
3514 359 3567 414 in
3611 359 3717 414 illis

2147 465 2550 530 scandalizatur,
2575 463 2873 518 insensatus
2891 463 2978 510 est
2990 457 3045 511 et
3065 455 3216 509 valde
3232 451 3512 522 insipiens;
3531 463 3716 504 verum

2148 558 2200 612 in
2234 557 2314 610 his
2343 556 2456 625 ipse
2483 554 2677 608 multas
2699 553 2868 621 justas
2909 548 3168 618 etdignas
3191 559 3378 602 causas
3419 556 3550 613 quas
3574 541 3718 596 dicat

2146 649 2325 706 habet.
2343 650 2714 704 Verumtamen
2731 643 2954 713 justiora
2973 640 3131 695 etiam
3147 651 3304 708 quam
3329 650 3427 690 nos
3447 634 3719 689 habuisset

2149 740 2360 800 l'aulus,
2383 736 2644 806 siquidem
2672 734 2951 789 voluisset:
2973 739 3026 783 at
3042 744 3146 784 non
3163 727 3312 791 dixit,
3344 724 3434 779 sed
3461 723 3526 777 ad
3553 737 3720 776 unum

2147 833 2316 885 solum
2361 828 2620 900 spectavit
2650 867 2665 891 ,
2711 838 2902 892 nempe
2941 821 3163 875 salutem
3207 816 3452 886 proximi.
3495 814 3561 868 Et
3596 811 3725 867 vide

2146 937 2301 992 quam
2331 919 2623 975 eminenter
2651 935 2664 972 :
2696 931 2798 970 non
2823 914 2962 969 enim
2989 910 3123 966 dixit
3147 907 3345 971 semel,
3367 915 3458 958 aut
3485 904 3600 970 bis,
3629 911 3726 955 aut

2147 1022 2293 1067 tanto
2320 1022 2578 1080 tempore,
2609 1007 2724 1071 sed,
2755 1005 2819 1058 In
2848 1014 3108 1065 internum,
3133 1000 3226 1064 ait,
3257 1013 3356 1051 non
3375 979 3656 1055 comedam,
3677 992 3726 1045 si

2147 1100 2534 1156 scandalizetur
2561 1097 2716 1150 alius.
2749 1095 2814 1149 Et
2835 1101 2896 1148 ut
2919 1108 2986 1146 ne
3013 1100 3164 1161 putes
3193 1088 3245 1142 in
3282 1087 3363 1140 his
3389 1098 3513 1139 eum
3543 1082 3725 1136 subsi-

2147 1201 2287 1248 stere
2308 1233 2322 1256 ,
2353 1201 2409 1246 et
2434 1189 2574 1244 aliud
2617 1186 2865 1258 quiddam
2895 1183 3077 1253 adjicit
3113 1181 3215 1234 hoc
3256 1180 3446 1247 majus.
3479 1167 3548 1230 Ut
3573 1174 3723 1228 enim

2148 1285 2314 1348 dixit,
2345 1282 2542 1336 Bonum
2576 1289 2649 1335 est
2685 1295 2785 1333 non
2812 1275 3065 1331 comedere
3087 1288 3320 1335 carnem,
3351 1278 3398 1324 et
3435 1283 3532 1321 non
3555 1265 3730 1320 bibere

2147 1377 2317 1429 uinum
2347 1372 2536 1444 (Rom.
2567 1371 2653 1424 14.
2697 1367 2761 1422 21
2791 1366 2848 1436 ),
2877 1363 3149 1434 conjunxit
3175 1370 3229 1416 et
3254 1359 3380 1414 illud
3405 1375 3419 1412 :
3450 1355 3630 1426 Neque
3654 1355 3728 1408 il-

2149 1468 2238 1522 lud
2255 1506 2271 1532 ,
2308 1481 2397 1536 per
2431 1463 2564 1536 quod
2591 1464 2751 1533 frater
2775 1468 2888 1513 tuus
2922 1455 3194 1526 impingit,
3223 1451 3299 1505 uel
3322 1449 3724 1512 scandalizatur,

2147 1557 2226 1612 uel
2245 1557 2548 1622 inﬁrmatur.
2574 1553 2641 1606 Et
2657 1549 3017 1605 animadverte
3039 1559 3228 1600 rursus
3247 1541 3554 1611 sapientiam
3580 1554 3730 1608 pra:-

2155 1647 2405 1718 ceptoris.
2438 1637 2640 1699 Relicto
2673 1642 2815 1697 enim
2853 1639 3065 1694 infirmo
3100 1634 3290 1689 fortem
3337 1629 3552 1700 corrigit
3593 1638 3729 1682 ante

2149 1739 2296 1794 illum
2331 1755 2344 1791 :
2375 1752 2494 1790 nam
2524 1734 2677 1788 fortis
2701 1741 2888 1787 auctor
2910 1737 3027 1791 est,
3063 1725 3202 1798 quod
3234 1724 3322 1778 ille
3349 1720 3588 1776 infirmus
3613 1719 3686 1772 sit
3707 1759 3725 1781 ,

2155 1847 2221 1886 eo
2249 1827 2389 1898 quod
2427 1825 2593 1896 possit
2619 1823 2976 1878 infirmitatem
2997 1818 3260 1886 corrigere
3278 1855 3296 1883 ,
3327 1824 3380 1868 et
3405 1827 3509 1868 non
3536 1811 3725 1866 faciat.

2154 1917 2351 1989 Ecquid
2382 1917 2500 1972 dico
2529 1916 2594 1969 de
2624 1913 2848 1968 infirmis
2873 1907 3167 1965 fratribus?
3197 1904 3404 1961 Etenim
3443 1901 3641 1958 ludatis
3671 1912 3728 1956 et

2147 2011 2395 2080 gentibus
2424 2009 2574 2078 jubet
2605 2005 2845 2060 eamdem
2874 2017 3054 2056 curam
3086 1998 3316 2069 impendi
3349 2015 3364 2054 :
3399 1996 3521 2052 Sine
3550 1993 3728 2061 ofen-

2149 2101 2342 2168 diculo,
2370 2101 2463 2166 ait,
2483 2107 2636 2152 estote
2655 2107 2700 2150 et
2717 2095 2912 2149 Judaris
2939 2102 2983 2147 et
3002 2091 3225 2162 gentibus
3250 2099 3296 2142 et
3321 2086 3559 2142 Ecclesite
3583 2083 3688 2138 Dei
3707 2085 3727 2116 ⁸

2151 2197 2224 2266 (1.
2254 2195 2370 2249 Cor.
2394 2193 2476 2248 l0.
2500 2191 2614 2262 52).
2638 2190 2816 2258 Itaque
2840 2195 3036 2258 quanto
3063 2193 3113 2238 te
3133 2183 3403 2239 fortiorem
3422 2195 3541 2235 esse
3561 2177 3724 2241 dicis,

2149 2290 2383 2358 nihilque
2420 2303 2448 2341 a
2486 2283 2878 2341 cohabitatione
2916 2277 3218 2333 nocnmenti
3262 2275 3503 2344 accipere
3525 2313 3542 2335 ,
3570 2280 3730 2326 tanto

2149 2381 2316 2450 magis
2339 2379 2564 2447 teipsum
2591 2374 2885 2430 debitorem
2911 2369 3208 2433 constituis,
3235 2375 3294 2422 ut
3325 2365 3585 2420 vinculum
3619 2361 3728 2416 hoc

2149 2487 2383 2542 rumpas.
2406 2469 2538 2524 Nam
2563 2475 2759 2538 quanto
2783 2463 2972 2519 fortior
2993 2475 3113 2518 eras
3132 2502 3146 2526 ,
3178 2467 3327 2514 tanto
3351 2456 3554 2528 aequius
3579 2454 3688 2510 fuit
3708 2495 3726 2517 ,

2148 2572 2207 2618 ut
2231 2561 2570 2616 infirmiorem
2599 2566 2854 2626 gestares.
2887 2553 3048 2624 Igitur
3072 2551 3118 2607 si
3141 2550 3378 2604 infirmus
3395 2563 3473 2615 es,
3502 2556 3730 2617 propter

2152 2665 2206 2710 te
2233 2655 2403 2722 ipsum
2432 2650 2664 2714 desiste;
2694 2647 2774 2702 sin
2811 2644 3106 2707 robustior,
3137 2649 3354 2712 propter
3379 2638 3597 2694 alterius
3637 2638 3728 2690 in-

2151 2746 2472 2800 firmitatem.
2501 2740 2616 2796 Non
2645 2739 2786 2794 enim
2811 2736 2911 2792 sibi
2936 2735 3032 2805 ipsi
3059 2733 3368 2798 dumtaxat,
3397 2729 3492 2785 sed
3518 2739 3574 2783 et
3601 2728 3730 2782 aliis

2151 2837 2340 2892 fortem
2383 2849 2502 2889 esse
2539 2837 2750 2902 oportet
2776 2844 2898 2884 eum
2924 2827 3014 2898 qui
3059 2825 3210 2880 fortis
3243 2833 3344 2878 est.
3379 2821 3532 2890 Quod
3575 2821 3622 2876 si
3674 2831 3733 2875 te

2149 2929 2341 2983 fortem
2372 2941 2493 2981 esse
2520 2924 2690 2989 dicis,
2732 2929 2788 2977 et
2823 2919 3183 2975 infirmitatem
3217 2916 3357 2970 illius
3381 2912 3688 2969 contemnis
3712 2953 3729 2975 ,

2149 3020 2363 3091 duplam
2388 3019 2537 3073 dabis
2561 3031 2772 3087 pinnam
2793 3056 2808 3078 ,
2833 3023 2941 3068 tmn
2967 3010 3108 3082 quod
3139 3024 3242 3064 non
3270 3007 3572 3079 pepercisti,
3609 3016 3731 3060 tum

2149 3111 2289 3182 quod
2324 3109 2484 3164 multa
2522 3107 2613 3162 tibi
2654 3107 2735 3160 vis
2764 3112 2879 3160 erat
2910 3111 2966 3156 ut
2997 3101 3070 3155 illi
3102 3113 3321 3170 parcere
3349 3111 3554 3167 posses.
3585 3095 3733 3150 Nam

2151 3201 2512 3272 unusquisque
2532 3206 2770 3254 nostrum
2789 3194 2996 3250 debitor
3014 3202 3096 3248 est
3116 3190 3300 3246 salutis
3319 3189 3566 3259 proximi.
3583 3188 3734 3243 Pro-

2151 3291 2488 3364 ptereajussi
2512 3303 2728 3354 sumus,
2760 3299 3008 3355 nonquze
3035 3291 3214 3337 nostra
3252 3288 3376 3335 sunt
3403 3321 3419 3345 ,
3463 3278 3561 3333 sed
3600 3295 3734 3349 qua:

2152 3383 2373 3455 proximi
2411 3380 2744 3453 spectare(l.
2763 3377 2881 3433 Cor.
2900 3371 2995 3442 l0,
3021 3374 3094 3431 24
3115 3372 3154 3445 ).
3184 3371 3358 3428 Pretio
3381 3370 3526 3426 enim
3553 3372 3732 3440 empti

2153 3488 2344 3530 sumus
2362 3473 2436 3544 (l.
2459 3471 2583 3526 Cor.
2603 3471 2658 3535 6,
2677 3471 2793 3541 20),
2811 3468 2971 3536 etqui
2992 3482 3091 3520 nos
3115 3463 3358 3528 redemit,
3381 3462 3482 3514 hoc
3511 3472 3732 3528 praece-

2153 3565 2232 3637 pit
2264 3565 2320 3619 in
2353 3578 2693 3618 communem
2724 3561 3027 3615 animarum
3069 3563 3383 3611 nostrarum
3416 3552 3742 3607 utilitatem.

2149 3633 2263 3713 Non
2301 3653 2444 3712 enim
2469 3654 2570 3708 hoc
2608 3649 2780 3705 solum
2821 3655 3059 3700 nostrum
3099 3649 3184 3699 est
3209 3639 3412 3695 lucrum
3444 3667 3461 3703 ,
3509 3633 3737 3704 quando

2149 3751 2361 3825 propria
2401 3757 2673 3803 servamus
2712 3738 2952 3796 membra
2977 3768 2994 3803 ,
3038 3736 3134 3791 sed
3171 3741 3226 3788 et
3255 3728 3465 3799 quando
3501 3726 3647 3779 alios
3678 3727 3736 3777 in

2153 3842 2337 3913 majori
2379 3839 2660 3895 securitate
2699 3830 3083 3887 constituimus.
3131 3821 3381 3891 Quamvis
3412 3818 3554 3873 enim
3603 3818 3739 3869 mil—

2153 3935 2250 3989 lies
2293 3925 2678 4001 philosopheris
2706 3965 2722 3989 ,
2772 3915 3102 3988 redargueris
3140 3923 3318 3967 tamen
3373 3924 3467 3980 per
3519 3921 3691 3977 opera
3717 3944 3734 3968 ,

2152 3995 2402 4079 damnum
2445 3995 2513 4072 ex
2554 4015 2654 4070 hac
2691 4008 3078 4067 cohabitatione
3117 4013 3427 4070 accepturus
3468 4012 3574 4051 non
3605 3995 3738 4048 vul-

2152 4128 2298 4184 gare.
2338 4107 2559 4178 Quando
2588 4105 2727 4160 enim
2758 4111 2810 4157 te
2835 4099 2988 4154 video
3023 4097 3094 4150 ita
3131 4093 3286 4149 avelli
3315 4105 3419 4145 non
3445 4103 3604 4158 posse
3627 4128 3646 4149 ,
3678 4095 3739 4140 et

2156 4203 2319 4260 millia
2347 4214 2530 4256 eorum
2553 4194 2845 4266 despicere,
2886 4205 3003 4261 qua:
3029 4185 3279 4242 damnum
3323 4181 3575 4239 inferunt,
3622 4190 3735 4230 nec

2156 4292 2395 4352 converti
2421 4300 2472 4347 te
2501 4299 2605 4344 tam
2635 4285 2813 4340 multis
2836 4274 3366 4351 reprehendentibus,
3393 4269 3484 4325 sed
3517 4278 3572 4322 et
3595 4268 3727 4334 glo-

2156 4389 2288 4442 riam
2312 4394 2452 4438 tuam
2478 4378 2808 4439 conculcare,
2835 4370 3190 4438 Ecclesiazque
3210 4376 3450 4434 magnam
3471 4358 3737 4413 invidiam

2157 4476 2426 4538 conflare,
2464 4479 2622 4540 atque
2662 4464 2952 4520 infidelium
2999 4474 3092 4514 ora
3140 4455 3348 4527 aperire
3372 4494 3386 4517 ,
3430 4463 3738 4519 omnesque

2159 4569 2296 4626 mala
2323 4565 2574 4636 opinione
2598 4559 2854 4620 imbuere,
2876 4561 2931 4609 et
2949 4554 3090 4605 tanta
3119 4546 3330 4617 quidem
3355 4558 3422 4598 ex
3447 4540 3736 4596 cohabita-

2160 4662 2305 4717 tione
2333 4657 2476 4713 nasci
2505 4654 2641 4709 mala
2661 4692 2676 4717 ,
2704 4649 2905 4705 nullum
2946 4653 3123 4699 autem
3165 4637 3442 4710 provenire
3480 4635 3690 4689 bonum
3718 4648 3736 4694 ;

2161 4769 2228 4808 ex
2253 4747 2588 4821 separatione
2612 4756 2737 4798 vero
2765 4739 2954 4794 horum
2980 4725 3216 4790 omnium
3257 4727 3515 4783 malorum
3545 4723 3738 4778 subla-

2163 4845 2396 4903 tionem,
2425 4836 2707 4892 multorum
2750 4838 2926 4884 autem
2963 4826 3186 4881 aliorum
3220 4821 3475 4876 bonorum
3511 4829 3741 4885 posses-

2165 4935 2368 4991 sionem
2412 4925 2633 4997 adipisci
2670 4924 2864 4987 licere,
2897 4915 3090 4973 deinde
3130 4927 3250 4968 cum
3298 4908 3504 4964 resilire
3550 4905 3699 4960 nolis
3723 4944 3741 4966 .

2165 5023 2432 5098 quomodo
2457 4996 2771 5090 persuadere
2811 5019 2996 5082 potero
3023 5006 3141 5061 aliis
3167 5001 3308 5074 quod
3337 4996 3634 5054 affectionis
3665 4997 3745 5049 sis

2167 5130 2378 5186 expers,
2408 5122 2462 5167 et
2501 5125 2532 5164 a
2569 5101 2994 5174 concupiscentia
3036 5096 3174 5152 mala
3221 5090 3425 5164 purus?
3465 5087 3577 5143 IIIIo
3607 5102 3748 5141 vero

2169 5179 2329 5274 super
2355 5203 2436 5256 his
2462 5198 2592 5254 nihil
2617 5192 2917 5254 contendo;
2945 5187 3038 5243 sed
3065 5195 3181 5274 esto
3201 5180 3340 5254 quod
3364 5181 3438 5234 sis
3459 5179 3623 5233 etiam
3652 5192 3750 5229 co-

2171 5268 2455 5352 habitando
2476 5303 2638 5360 purus
2661 5328 2676 5348 ,
2707 5281 2945 5353 quamvis
2981 5293 3046 5332 ne
3071 5269 3172 5331 Job
3197 5271 3408 5344 quidem
3435 5268 3524 5323 ille
3550 5268 3753 5324 beatus

509 5312 623 5407 quit
645 5376 660 5400 ,
687 5347 839 5403 neque.
876 5331 1041 5383 uinum
1067 5325 1230 5380 bibam
1253 5364 1267 5386 ,
1306 5331 1359 5374 ut
1397 5335 1457 5372 ne
1493 5315 1824 5371 scandalizent
1866 5312 2070 5380 fratrem

513 5403 603 5500 (il.
626 5426 742 5482 Cor.
768 5425 822 5478 8.
844 5422 958 5492 l3).
985 5419 1092 5474 Nec
1114 5416 1246 5473 dixit
1262 5430 1323 5469 ea
1352 5427 1467 5482 qua:
1495 5425 1591 5464 nos
1611 5408 1866 5463 dicimus:
1890 5403 2069 5472 Subji-

513 5517 804 5575 ciendusne
844 5527 942 5582 ego
979 5512 1164 5567 aliena:
1206 5502 1560 5576 insipientiast?
1598 5516 1720 5555 num
1754 5498 1877 5568 quia
1913 5494 2072 5550 alicui

517 5606 820 5677 sitnpliciori
860 5601 1064 5656 videtur
1095 5612 1220 5653 esse
1253 5594 1559 5651 scandalum
1585 5631 1600 5654 ,
1641 5603 1740 5658 ego
1769 5588 1957 5657 dignus
1982 5584 2073 5652 qui

517 5675 827 5770 supplicium
865 5694 1047 5748 luam?
1071 5688 1320 5760 Quamvis
1349 5687 1519 5749 etiam
1552 5684 1595 5736 si
1633 5679 1883 5745 dixisset,
1903 5675 2075 5730 multo

2173 5399 2334 5440 ausus
2358 5381 2454 5436 fuit
2479 5358 2674 5433 tantam
2701 5376 2946 5429 virtutem
2975 5376 3029 5422 et
3061 5365 3369 5436 sapientiam
3409 5358 3511 5414 sibi
3541 5358 3756 5411 adscri-

2175 5478 2336 5538 bere;
2381 5470 2473 5526 sed
2515 5469 2602 5540 qui
2650 5479 2863 5521 omnem
2905 5455 3303 5516 transcenderat
3344 5451 3596 5506 virtutem
3630 5489 3644 5506 .
3681 5461 3756 5502 ex

2245 5681 2261 5712 ⁸
2297 5684 2347 5726 tn
2366 5671 2525 5734 savil.,
2547 5668 2736 5720 Christi.
