4036 6416
313 340 417 399 699

959 334 1235 397 CONTRA
1276 338 1407 395 EOS
1444 338 1562 407 QUI
1603 335 2227 396 SUBINTBODUCTAS
2266 339 2539 395 HABENT
2577 338 2918 396 VIRGINES.

3453 335 3557 391 500

313 456 405 511 τοῦ
470 457 860 530 προσήκοντος.
922 459 1051 511 Ὅτε
1111 459 1212 530 μὲν
1263 460 1372 532 γὰρ
1438 460 1564 530 περί
1630 460 1733 528 τῆς
1778 460 1887 513 τῶν
1992 459 2260 531 ἀδελφόν
2278 480 2392 531 μου
2414 459 2948 517 σκανδαλίσω.Καὶ
2968 458 3066 511 ούκ
3085 453 3202 511 εἷπε
3224 454 3393 510 ταῦτα
3417 456 3559 529 ἅπερ

315 543 626 629 ἐδεσμάτων
654 544 925 611 διελέγετο
954 544 1192 629 φύσεως.
1228 546 1323 598 καὶ
1374 545 1585 598 ἐδείκνυ
1643 544 1890 616 καθαρὰν
1992 557 2173 628 ἡμεῖς,
2206 558 2307 622 δτι1
2352 557 2491 626 Ἐγὼ
2522 556 2698 629 μέλλω
2729 556 2827 626 τῆς
2876 554 3078 627 ἑτέρων
3126 552 3346 621 ἀλογίας
3390 551 3561 604 ὑπεύ-

317 629 484 699 αὐτὴν
516 624 701 692 οὖσαν,
737 630 828 682 καὶ
858 628 957 698 τῆς
995 628 1291 697 Ἰουδαϊκῆς
1307 629 1615 698 ἀπήλλαττε
1642 645 1894 700 παρατη-

1996 640 2152 704 θυνος
2176 638 2325 713 [253]
2357 636 2529 707 εἶναι;
2562 641 2676 704 καὶ,
2724 636 2851 693 Ἐάν
2885 655 2988 692 τινι
3020 636 3145 711 δόξῃ
3170 634 3561 705 σκανδαλισθῆ-

320 718 551 783 ρήσεως,
589 710 921 775 εἰσελθόντος
962 712 1055 766 τοῦ
1107 712 1312 783 Πέτρου
1353 713 1447 765 καὶ
1488 712 1728 775 εἰπόντθῖ
1754 747 1769 775 .-
1812 713 1894 764 δτι
1992 743 2082 777 ναι
2127 710 2329 789 ἁπλῶς,
2363 724 2473 793 ἐγὼ
2521 724 2714 794 ἔσομαι
2745 722 2895 789 ἄξιος
2933 716 3089 791 δίκην
3114 710 3332 784 δοῦναι;
3367 716 3561 771 Καίτοι

332 798 966 863 Ἐσκανδαλίσθησαν,
997 798 1173 864 Ἄφες
1210 795 1451 860 αὐτοὺς.
1508 807 1668 865 φησι·
1716 795 1809 848 καί⁵
1833 794 1893 846 οὐ

324 880 481 948 μόνον
514 881 917 952 κατεφρόνησεν
952 876 1152 942 αὐτῶν,
1201 878 1335 932 ἀλλά
1366 880 1458 933 καὶ
1486 878 1638 950 [2-32]
1666 878 1898 948 κατηγό-

327 981 488 1035 ρησεν
542 964 733 1027 εἰπὼν,
769 964 944 1018 Πᾶσα
982 964 1090 1033 γάρ
1124 964 1356 1032 φυτεία,
1404 962 1482 1028 ἣν
1510 964 1621 1015 οὐκ
1656 963 1899 1030 ἐφύτευ-

322 1066 434 1101 σεν
452 1052 484 1102 d
508 1051 708 1117 Πατήρ
731 1067 851 1116 μου
878 1052 909 1101 ό
930 1044 1227 1115 οὐράνιος,
1253 1044 1703 1116 ἐκριζωθήσεται
1722 1063 1735 1075 °
1756 1046 1898 1099 οὕτω

322 1132 413 1184 τὸν
458 1133 620 1201 νόμον
650 1132 904 1203 ἠκύρωσε
939 1129 1031 1184 τὸν
1072 1132 1200 1203 περὶ
1232 1130 1555 1202 βρωμάτων.
1596 1129 1814 1201 Ἐπειδὴ
1844 1130 1899 1182 δέ

323 1219 372 1269 οἰ
398 1217 466 1271 τά
492 1217 761 1288 δίδραχμα
782 1216 1160 1279 ἀπαιτοῦντες,
1193 1217 1270 1287 τῷ
1301 1218 1490 1287 Πέτρῳ
1511 1215 1900 1285 προσελθόντες

324 1301 531 1368 ἔλεγον,
582 1302 635 1352 '0
683 1300 1052 1364 διδάσκαλός
1103 1316 1219 1353 σου
1271 1302 1341 1352 οὐ
1385 1298 1548 1353 τελεῖ
1587 1298 1659 1351 τὰ
1707 1297 1903 1365 δίδρα-

327 1401 470 1453 χμα,
497 1385 680 1438 οὐκέτι
737 1381 796 1438 τὸ
832 1385 963 1438 αὐτὸ
1012 1382 1331 1454 πεποίηκεν,
1369 1384 1502 1455 ὅπερ
1536 1383 1622 1435 ἐπ’
1656 1382 1899 1445 ἐκείνων,

327 1467 463 1520 ἀλλά
511 1466 787 1539 φροντίζει
825 1467 918 1521 τοῦ
955 1467 1251 1520 σκανδάλου
1299 1466 1393 1519 καί
1428 1482 1621 1537 φησιν·
1668 1468 1792 1519 Ἵνα
1835 1464 1904 1518 δὲ

323 1550 409 1621 μὴ
463 1550 965 1618 σκανδαλίσωμεν
1017 1550 1257 1615 αὐτοὺς.
1316 1550 1627 1617 πορευθεὶς
1668 1552 1754 1615 εἰς
1790 1548 1906 1616 τὴν

328 1635 652 1692 θάλασσαν
672 1634 831 1700 ,ϐάλε
884 1634 1227 1703 ἄγκιστρον.
1258 1634 1355 1687 καί
1384 1645 1409 1673 ι
1447 1633 1554 1687 τὸν
1603 1632 1907 1688 ἀναϐάντα

330 1720 567 1787 πρῶτον
607 1719 779 1789 ἰχθὺν
807 1712 975 1785 ἄρον,
1006 1719 1101 1771 καί
1138 1718 1415 1784 εὑρήσεις
1444 1716 1513 1768 ἐν
1549 1716 1630 1781 τῷ
1659 1717 1907 1785 στόματι

331 1803 517 1856 αὑτοῦ
561 1800 857 1869 στατῆρω
894 1800 1112 1855 τοῦτον
1126 1800 1327 1855 λαϐὼν
1345 1799 1451 1866 δὸς
1475 1800 1608 1853 ἀντὶ
1638 1800 1785 1869 ἐμοῦ
1806 1799 1905 1852 καί

332 1886 467 1940 σοῦ.
511 1886 670 1956 Ὀρᾷς
713 1885 807 1937 καὶ
860 1884 1211 1956 φροντίζοντα
1248 1884 1341 1935 καὶ
1397 1883 1471 1952 μὴ
1522 1882 1903 1953 φροντίζοντας

345 1968 611 2022 Ἐνταῦθα
643 1970 739 2038 μὲν
770 1970 877 2039 γὰρ
915 1970 1015 2023 οὐκ
1040 1964 1108 2038 ἦν
1141 1968 1466 2035 κατεπεῖγον
1497 1965 1909 2037 ἐκκαλυφθῆναι

332 2053 428 2107 τοῦ
451 2054 787 2122 Μονογενοῦς
808 2056 905 2126 τὴν
918 2053 1075 2120 δόξαν
1093 2070 1106 2083 ο
1130 2052 1246 2108 πῶς
1269 2053 1400 2119 γάρ,
1428 2050 1562 2103 ὅπου
1589 2048 1684 2103 καὶ
1707 2052 1904 2121 ἐπετή-

334 2135 487 2191 δευεν
531 2136 697 2208 αὐτὴν
750 2136 1081 2202 συσκιάζειν,
1108 2137 1203 2189 καὶ
1228 2134 1442 2189 ἐκέλευε
1471 2134 1685 2197 πολλοῖς
1717 2137 1793 2207 μὴ
1825 2135 1912 2188 λέ-

338 2238 478 2290 γειν,
508 2222 589 2274 ὅτι
626 2216 788 2285 αὐτὸς
834 2222 919 2292 είη
974 2224 1003 2275 ὀ
1044 2221 1312 2292 Χριστός;
1345 2218 1455 2273 Kal
1504 2220 1591 2274 διά
1620 2219 1773 2274 τοῦτο
1806 2220 1912 2273 ἀπὸ

342 2305 439 2375 μὲν
471 2304 564 2358 τοῦ
600 2304 909 2357 καταθεῖναι
943 2304 1010 2357 τὰ
1067 2298 1382 2375 δίδραχμαδ
1414 2303 1565 2357 οὐδὲν
1594 2299 1661 2375 ἦν
1694 2303 1909 2374 βλάϐος,

340 2386 449 2440 ἀπὸ
480 2387 534 2439 δὲ
562 2387 655 2440 τοῦ
681 2386 755 2458 μὴ
777 2384 1087 2441 καταθεῖναι
1119 2388 1332 2458 μεγάλα
1360 2386 1602 2439 ἐτίκτετο
1633 2388 1806 2441 κακά’
1839 2388 1915 2452 ὡς

340 2471 450 2541 γάρ
478 2470 759 2541 τύραννον,
793 2471 888 2524 καὶ
919 2471 1265 2543 ἀνταίροντα,
1291 2471 1384 2524 καὶ
1413 2470 1513 2539 τῆς
1538 2470 1744 2534 πόλεως
1770 2471 1912 2524 ἀπά-

343 2570 443 2624 σης
467 2555 679 2624 ἐχθρὸν,
710 2555 803 2608 καὶ
826 2556 904 2618 εἰς
948 2557 1072 2617 τοὺς
1094 2555 1354 2625 ἐσχάτους
1378 2554 1713 2624 ἐμϐάλλοντα
1740 2556 1918 2609 κινδύ-

338 2653 483 2700 νους,
530 2638 701 2701 οὕτως
743 2639 809 2692 ἂν
843 2639 1294 2710 ἀπεστράφησαν.
1354 2638 1454 2690 Διά
1496 2638 1559 2709 δὴ
1614 2639 1773 2692 τοῦτο
1823 2639 1917 2692 καὶ

344 2720 696 2791 βουλομένους
727 2723 923 2785 αὐτοὺς
962 2724 1208 2793 ἁρπάσαι
1251 2739 1311 2774 τε
1360 2721 1523 2773 αὐτὸν
1560 2722 1653 2774 καὶ
1693 2721 1918 2791 βασιλέα

342 2805 565 2875 ποιῆσαι
598 2804 843 2874 ἀπέφυγε
879 2805 1183 2877 πόρρωθεν,
1219 2806 1284 2857 ἐκ
1323 2803 1519 2857 πολλοῦ
1560 2802 1657 2856 τοῦ
1697 2804 1913 2874 περιόν-

341 2904 433 2951 τος
472 2887 675 2958 ταύτην
721 2889 1161 2959 ἀποκρουόμενος
1216 2889 1317 2957 τὴν
1362 2886 1653 2956 ὑπόληψιν.
1687 2886 1921 2940 Ἐκεῖδέ

345 2971 637 3039 ἀναγκαῖον
688 2971 750 3024 τὸ
806 2971 1238 3042 κατορθούμενον
1269 2966 1365 3041 ἦν*
1401 2971 1483 3024 διὸ
1519 2970 1809 3041 χρησίμως
1861 2987 1921 3024 τε

351 3058 444 3109 καὶ
494 3058 764 3128 εὐκαίρως
802 3058 897 3111 καὶ
939 3059 1031 3111 ἐπὶ
1088 3056 1469 3128 κατορθώματι
1521 3056 1728 3126 μείζονι
1800 3069 1924 3111 κατ-

350 3141 618 3213 εφρόνησε
660 3138 754 3195 τοῦ
803 3141 1118 3198 σκανδάλου.
1151 3141 1260 3194 Kal
1287 3141 1396 3211 γὰρ
1429 3136 1681 3210 εὔκαιρον
1714 3135 1782 3210 ἦν
1813 3138 1923 3192 λοι-

351 3226 451 3277 πὸν
479 3227 605 3289 τοὺς
638 3225 928 3296 μέλλοντας
969 3226 1063 3278 ἐπὶ
1102 3226 1200 3297 τὴν
1248 3224 1559 3296 ἀκροτάτην
1614 3223 1925 3277 ἀναϐαίνειν

351 3306 693 3378 φιλοσοφίαν,
716 3308 790 3379 μὴ
820 3307 1050 3362 κωλύειν
1091 3309 1180 3363 διὰ
1210 3309 1310 3379 τὴν
1351 3309 1431 3372 εἰς
1463 3309 1590 3372 τοὺς
1630 3308 1923 3373 Ἰουδαίους

349 3388 537 3459 φειδὼ,
577 3386 691 3445 ἀλλ’
720 3387 939 3460 ἀφιέναι
988 3392 1175 3446 λοιπὸν
1237 3390 1330 3445 τοῦ
1390 3393 1583 3465 καιροῦ
1637 3391 1924 3457 καλοῦντος

349 3476 443 3529 ἐπὶ
474 3477 574 3549 τὴν
620 3472 721 3548 τῆς
776 3476 955 3548 ψυχῆς
995 3476 1366 3549 καθαρότητα,
1413 3475 1508 3532 καὶ
1551 3477 1625 3549 μὴ
1678 3478 1926 3551 κατέχειν

349 3560 407 3612 ἐν
432 3561 497 3630 τῇ
535 3563 820 3632 σωματικῇ
854 3564 1258 3633 παρατηρήσει,
1291 3561 1428 3615 ἀλλά
1478 3565 1783 3633 συγχωρεῖν
1827 3562 1927 3632 τῆς

348 3643 772 3715 ταπεινότητοςε
824 3644 1257 3699 ἀπαλλάττεσθαι
1317 3646 1549 3717 ἐκείνης.
1617 3646 1771 3700 Οὕτω
1832 3649 1928 3702 καὶ

350 3724 562 3809 Παῦλος
598 3729 691 3779 καὶ
738 3730 1069 3799 καταφρονεῖ
1128 3728 1237 3781 τῶν
1281 3730 1799 3800 σκανδαλιζομένων,
1832 3732 1929 3785 καὶ

350 3809 413 3863 ού
445 3816 797 3883 καταφρονεῖ,
850 3814 1157 3867 ἀκολουθῶν
1178 3813 1259 3884 τῷ
1286 3815 1608 3885 διδασκάλῳ,
1645 3815 1741 3869 καί
1771 3832 1925 3887 φησι’

352 3894 557 3949 Πάντα
603 3895 794 3950 πᾶσιν
846 3897 1110 3965 ἀρέσκω,
1175 3897 1262 3967 μὴ
1311 3896 1498 3965 ζητῶν
1547 3898 1614 3951 τὸ
1665 3899 1928 3967 ἐμαυτοῦ

354 3981 684 4048 συμφέρον,
724 3981 887 4035 ἀλλὰ
932 3982 999 4035 τὸ
1034 3980 1154 4034 τῶν
1180 3980 1448 4044 πολλῶν,
1490 3982 1593 4035 ἵνα
1628 3982 1926 4037 σωθῶσιν.

356 4064 419 4117 Εἰ
446 4063 502 4117 δὲ
528 4063 735 4127 Παῦλος
756 4064 817 4117 τὸ
843 4065 1039 4118 οἰκεῖον
1066 4068 1280 4137 παρορᾷ
1299 4066 1597 4137 συμφέρον,
1624 4067 1711 4122 ἴνα
1736 4068 1797 4121 τὸ
1820 4069 1928 4122 τῶν

354 4148 529 4202 ἄλλων
576 4147 731 4219 εὕρῃ,
760 4148 934 4219 πόσης
967 4149 1066 4203 οὐκ
1099 4148 1166 4202 ἂν
1206 4150 1396 4219 είημεν
1438 4149 1578 4214 ἄξιοι
1631 4150 1927 4216 κολάσεως,

359 4230 494 4300 μηδὲ
522 4231 728 4294 οἰκείας
754 4231 1055 4302 ἀποστῆναι
1086 4231 1289 4302 βλάϐης
1316 4233 1631 4304 ἀνεχόμενοι
1663 4234 1803 4305 ὑπὲρ
1832 4235 1929 4288 τοῦ

354 4314 415 4365 τὸ
432 4314 517 4365 ἑτέ
524 4330 633 4385 ρων
650 4315 926 4384 συμφέρον
939 4316 1139 4386 εὑρεῖν,
1158 4315 1271 4369 ἀλλ’
1290 4316 1461 4387 ἡδέως
1479 4317 1599 4388 μεθ’
1612 4320 1819 4371 ἑαυτῶν
1836 4320 1932 4373 καὶ⁹

356 4397 575 4468 ἐτέρους
606 4398 1094 4469 προσαπολλύντες,
1122 4400 1294 4471 παρὸν
1324 4402 1417 4455 καὶ
1440 4403 1667 4467 ἑαυτοὺς
1691 4405 1785 4456 καὶ
1816 4404 1934 4457 ἐτέο

360 4497 487 4552 ρους
515 4480 813 4548 διασῶσαις
849 4483 947 4535 Διὰ
976 4482 1039 4554 δὴ
1080 4483 1258 4549 τοῦτο,
1286 4485 1414 4537 ὅταν
1447 4484 1545 4555 μὲν
1588 4484 1670 4556 ἴδῃ
1706 4486 1839 4538 πολὺ
1871 4487 1933 4540 τὸ

357 4565 565 4637 κέρδος,
595 4565 807 4636 καὶτῆς
842 4566 936 4619 τοῦ
972 4566 1266 4620 σκανδάλου
1299 4567 1502 4638 βλάϐης
1534 4568 1738 4638 μεῖζον,
1763 4586 1935 4622 καταο

357 4652 544 4720 φρονεῖ
569 4648 678 4700 τῶν
724 4650 1230 4721 σκανδαλιζομένων
1251 4663 1267 4679 ⁸
1290 4651 1421 4704 ὅταν
1454 4650 1512 4704 δὲ
1548 4651 1739 4722 κέρδος
1829 4670 1932 4725 μηδ

356 4730 465 4792 δέν,
522 4726 683 4780 τοῦτο
742 4727 799 4781 δὲ
862 4730 1023 4799 μόνον
1076 4731 1138 4783 τὸ
1194 4729 1639 4795 σκανδαλίζεσθαι
1683 4732 1930 4804 ἐκϐῆναι,

356 4816 535 4869 πάντα
577 4813 672 4866 καὶ
726 4816 899 4867 ποιεῖν
943 4816 1038 4868 καὶ
1095 4816 1327 4887 πάσχειν
1372 4817 1628 4887 αἱρεῖται,
1659 4815 1800 4870 ὥστε
1858 4817 1933 4888 μὴ

355 4897 515 4952 τοῦτο
539 4895 811 4965 γενέσθαι.
836 4898 946 4951 Kal
957 4899 1017 4951 οὐ
1036 4898 1316 4968 φιλοσοφεῖ
1336 4898 1578 4962 τοιαῦτα,
1594 4893 1684 4952 οἷα
1705 4901 1866 4970 ἡμεῖς
1880 4899 1931 4964 ἀ,

356 4980 478 5034 οὐδὲ
514 4979 680 5048 λέγει,
708 4980 808 5033 Διά
857 4980 910 5033 τί
944 4982 1052 5053 γάρ
1090 4983 1226 5035 εἰσιν
1266 4981 1543 5046 ἀσθενεῖς;
1601 4981 1692 5035 διὰ
1736 4984 1789 5035 τί
1825 4984 1935 5053 γὰρ

357 5062 568 5132 ἀλόγως
622 5061 794 5115 ταῦτα
842 5064 1174 5134 πάσχουσιν;
1238 5064 1373 5117 ἀλλά
1419 5063 1486 5116 δι’
1528 5065 1660 5118 αὐτὸ
1715 5065 1815 5137 μὲν
1842 5062 1935 5120 οῦν

356 5147 514 5200 τοῦτο
547 5145 779 5217 μάλιστα
803 5146 982 5200 αὐτῶν
1018 5149 1279 5217 φείδεται,
1304 5147 1490 5219 ἐπειδὴ
1529 5148 1741 5218 ἀλόγως
1771 5148 1929 5203 τοῦτο

358 5230 681 5301 πάσχουσιν,
711 5229 900 5301 ἐπειδὴ
923 5231 1172 5295 ἀσθενεῖς
1209 5232 1367 5284 εἰσιν.

427 5314 490 5369 δ’.
522 5312 658 5367 Εἰπὲ
685 5314 794 5385 γάρ
826 5331 948 5385 μοι,
982 5314 1141 5368 ποίαν
1170 5314 1283 5385 ἔχει
1318 5314 1592 5385 πρόφασιν
1616 5313 1834 5385 εὔλογον
1863 5318 1939 5370 εἰ-

358 5401 483 5453 πεῖν
529 5399 559 5451 6
598 5395 1084 5467 σκανδαλιζόμενος
1127 5399 1221 5451 ἐπὶ
1249 5396 1327 5468 τῷ
1365 5397 1598 5450 ἐσθίοντι
1628 5397 1795 5470 κρέας
1844 5401 1939 5453 καὶ

359 5477 500 5534 οἶνον
529 5480 774 5545 πίνοντι;
809 5479 996 5533 τοῦτον
1024 5479 1133 5553 γὰρ
1171 5480 1200 5532 6
1239 5479 1372 5542 Θεὸς
1406 5479 1496 5533 τὸν
1524 5479 1689 5549 νόμον
1734 5480 1939 5534 ἀνωθεν

360 5563 596 5628 ἐξέθετο.
644 5562 783 5615 Ἀλλ’
815 5563 965 5633 ὅμως
1010 5564 1115 5619 κᾶν
1148 5565 1241 5617 ἐπὶ
1271 5563 1482 5626 τούτοις
1520 5563 1939 5636 σκανδαλίζηταί

360 5664 464 5711 τις,
502 5648 597 5701 καὶ
646 5646 851 5700 τούτων
889 5649 919 5700 ό
968 5648 1180 5710 Παῦλος
1230 5646 1514 5718 ἀπέχεται.
1554 5649 1637 5701 Οὐ
1698 5648 1809 5720 γὰρ
1850 5647 1937 5717 μὴ

364 5732 530 5799 φάτω
566 5728 766 5799 κρέας,
817 5730 974 5801 φησὶ,
1032 5731 1175 5786 οὐδὲ
1202 5732 1317 5786 πίω
1359 5726 1547 5795 οἶνον,
1589 5732 1690 5786 ἵνα
1715 5733 1802 5801 μὴ
1835 5731 1942 5785 τὸν

422 5847 449 5911 f
650 5844 838 5911 αύτούς,
859 5846 973 5911 βάλε
997 5847 1249 5911 ἄγκιστρον
1270 5847 1333 5903 εἰς
1352 5847 1437 5905 τὴν
1457 5846 1715 5911 θάλασσαν,
1745 5848 1842 5896 καί.

421 5906 451 5946 b
471 5906 620 5971 §avil.
643 5908 731 5971 τῂν
750 5906 981 5971 δραχμήν.

423 5972 446 5998 ⁸
466 5966 578 6017 Su.
602 5966 933 6026 καθαρότητος.

428 6029 453 6069 ἀ
471 6028 618 6079 Savil.
640 6028 786 6091 ὑμεῖς.

1997 806 2092 861 καὶ
2143 809 2191 860 εἰ
2234 804 2374 872 εἷπε,
2415 807 2590 877 πολλῷ
2635 804 2968 877 δικαιότερον
3000 805 3065 858 ἂν
3108 802 3265 875 ἡμῶν
3307 797 3447 854 εἷπε.
3501 799 3562 853 '0

2001 891 2100 961 μὲν
2156 889 2265 961 γὰρ
2322 892 2409 945 ἐπ’
2464 890 2695 953 ἐκείνοις
2752 887 3234 957 σκανδαλιζόμενος
3284 884 3564 951 ἀλόγιστος

2001 973 2205 1044 σφόδρα
2252 974 2346 1027 καὶ
2391 974 2650 1045 ἀνόητος·
2685 973 2713 1024 6
2754 972 2810 1025 δὲ
2849 970 2942 1023 ἐπὶ
2986 969 3217 1033 τούτοις,
3249 967 3447 1031 πολλάς
3498 966 3565 1019 ἂν

2002 1056 2157 1126 σχοίη
2190 1056 2403 1119 δικαίας
2440 1058 2535 1111 καὶ
2559 1056 2811 1124 εὐλόγους
2834 1054 3011 1117 αἰτίας
3038 1054 3213 1106 εἰπεῖν
3232 1068 3244 1085 ·
3283 1052 3398 1106 ἀλλ’
3418 1052 3567 1121 ὅμως

2002 1143 2094 1195 καὶ
2129 1142 2436 1214 δικαιότερα
2460 1142 2526 1196 ἂν
2559 1142 2713 1213 ἡμῶν
2749 1140 2917 1195 εἰπὼν
2941 1142 2969 1194 6
3003 1138 3230 1204 Παῦλος,
3265 1138 3365 1192 οὐκ
3392 1133 3566 1199 εἶπεν,

2002 1225 2116 1279 ἀλλ’
2178 1227 2257 1289 εἰς
2302 1223 2359 1278 ἒν
2397 1226 2557 1297 μόνον
2614 1221 2742 1287 εἶδε,
2774 1224 2867 1277 τοῦ
2896 1223 3120 1292 πλησίον
3147 1222 3244 1293 τὴν
3273 1220 3565 1291 σωτηρίαν.

2004 1308 2112 1361 Kal
2139 1309 2236 1361 θέα
2260 1308 2355 1379 τὴν
2381 1308 2686 1380 ὑπερϐολήν
2705 1324 2720 1338 ·
2754 1307 2815 1359 ού
2850 1306 2957 1378 γάρ
2988 1302 3138 1358 εἶπεν
3172 1304 3315 1369 ἀπαξ
3341 1303 3375 1375 ἢ
3407 1302 3508 1367 δὶς,
3532 1299 3571 1372 ἦ

2002 1392 2158 1444 τόσον
2183 1391 2276 1446 καὶ
2299 1392 2452 1445 τόσον
2476 1393 2691 1463 χρόνον*
2721 1389 2857 1455 ἀλλ’,
2887 1392 2989 1455 Εἰς
3014 1389 3121 1442 τὸν
3150 1385 3352 1452 αἰῶνα,
3384 1386 3568 1455 φησὶν.

2005 1476 2076 1528 οὺ
2091 1474 2178 1544 μὴ
2218 1471 2404 1545 φάγω,
2437 1477 2486 1527 εἰ
2537 1473 2941 1537 σκανδαλίζοιτο
2992 1472 3195 1542 ἕτερος.
3231 1471 3342 1525 Kal
3375 1470 3464 1522 ἵνα
3494 1469 3573 1539 μὴ

2006 1556 2231 1628 νομίσῃς
2262 1558 2420 1629 μέχρι
2460 1557 2663 1611 τούτων
2715 1556 2875 1611 αὑτὸν
2906 1554 3147 1622 ἐστάναι,
3181 1554 3275 1608 καὶ
3300 1551 3486 1625 ἕτερόν
3518 1567 3573 1603 τι

2011 1643 2320 1714 προσέθηκε
2346 1641 2532 1697 τούτου
2564 1642 2723 1695 πλέον
2743 1658 2756 1672 ·
2794 1640 2961 1694 εἰπὼν
2990 1639 3118 1712 γὰρ,
3161 1640 3362 1693 Καλὸν
3385 1633 3452 1689 τό
3483 1633 3572 1704 μὴ

2007 1725 2219 1795 φαγεῖν
2242 1726 2440 1794 κρέας,
2467 1725 2626 1795 μηδὲ
2665 1724 2823 1778 πιεῖν
2857 1720 3044 1787 οἶνον,
3087 1722 3291 1793 συνῆψε
3331 1722 3572 1779 κάκεῖνο.

2008 1804 2174 1877 Μηδὲ
2196 1810 2266 1862 ἐν
2298 1803 2346 1877 ᾧ
2366 1813 2398 1864 ὀ
2431 1808 2694 1879 ἀδελφός
2728 1825 2844 1863 σου
2885 1808 3271 1877 προσκόπτει,
3316 1804 3357 1874 ἢ
3385 1817 3576 1857 σκαν-

2008 1887 2321 1955 δαλίζεται,
2357 1893 2396 1960 ἢ
2450 1890 2709 1947 ἀσθενεῖ.
2741 1893 2850 1946 Kal
2893 1891 3053 1945 πάλιν
3098 1890 3290 1943 σκόπει
3346 1904 3435 1957 μοι
3478 1885 3579 1956 τὴν

2011 1976 2201 2045 σοφίαν
2228 1975 2323 2029 τοῦ
2370 1975 2689 2029 διδασκάλου
2714 1992 2727 2005 °
2762 1976 2852 2029 τὸν
2898 1976 2996 2045 μὲν
3026 1971 3354 2027 ἀσθενοῦντα
3394 1970 3577 2038 ἀφεὶς,

2010 2060 2101 2113 τὸν
2133 2060 2346 2132 ἰσχυρὸν
2377 2060 2579 2129 διορθοῖ
2627 2059 2735 2131 πρὸ
2776 2058 3017 2113 ἐκείνου·
3060 2049 3213 2120 οὗτος
3256 2054 3364 2125 γὰρ
3409 2053 3580 2115 αἴτιος

2010 2142 2103 2196 τοῦ
2135 2143 2380 2209 ἀσθενεῖν
2408 2145 2635 2206 ἐκεῖνον,
2664 2146 2692 2197 6
2715 2143 2905 2214 κύριος
2930 2141 3003 2194 ὣν
3037 2138 3325 2212 διορθῶσαι
3355 2136 3455 2207 τὴν
3483 2136 3583 2206 ap-

2015 2228 2269 2299 ρωστίαν,
2305 2228 2398 2280 καὶ
2452 2226 2525 2298 μὴ
2572 2226 2730 2279 τοῦτο
2766 2225 2955 2279 ποιῶν.
3010 2222 3120 2277 Kal
3164 2221 3217 2274 τί
3267 2221 3409 2290 λέγω
3452 2219 3585 2290 περὶ

2012 2308 2121 2361 τῶν
2157 2309 2397 2363 ἀσθενῶν
2445 2309 2726 2379 ἀδελφῶν;
2768 2309 2879 2362 Kal
2903 2307 3011 2377 γὰρ
3048 2305 3143 2360 καὶ
3182 2304 3452 2366 Ἰουδαίοις
3491 2302 3585 2354 καὶ

2016 2387 2243 2465 Ἕλλησι
2306 2392 2517 2446 κελεύει
2572 2393 2775 2462 ταύτην
2831 2390 3090 2461 παρέχειν
3156 2389 3257 2460 τὴν
3307 2385 3583 2457 πρόνοιαν.

2029 2473 2418 2544 Ὰπρόσκοποι
2475 2474 2605 2549 γὰρ,
2642 2475 2795 2544 φησὶ,
2838 2475 3078 2543 γίνεσθε
3130 2470 3229 2526 καί
3284 2468 3588 2534 Ἰουδαίοις

2018 2562 2114 2614 καὶ
2143 2561 2403 2629 Ἕλλησι
2431 2560 2528 2614 καὶ
2558 2559 2634 2628 τῇ
2673 2560 3001 2625 Ἐκκλησία
3030 2553 3136 2611 τοῦ
3162 2554 3309 2610 Θεοῦ
3341 2567 3387 2607 υ.
3422 2554 3587 2606 Ὥστε

2017 2645 2126 2715 ὅσῳ
2165 2644 2229 2698 ἂν
2268 2644 2610 2715 ἰσχυρότερον
2643 2638 2780 2696 εἶναι
2824 2641 2988 2712 λέγῃς
3033 2638 3243 2703 σαυτὸν,
3283 2633 3389 2690 καῖ’
3423 2636 3589 2708 μηδὲν

2018 2722 2126 2781 ἀπὸ
2164 2726 2264 2797 τῆς
2311 2726 2642 2798 όμοσκηνίας
2691 2726 3019 2797 βλάπτεσθαι
3073 2720 3305 2793 ταύτης,
3349 2720 3589 2788 τοσούτῳ

2025 2810 2223 2882 μᾶλλον
2268 2810 2568 2864 ὑπεύθυνον
2611 2809 2806 2863 σαυτὸν
2859 2807 3121 2880 namq;
3152 2807 3249 2860 τοῦ
3294 2805 3590 2859 διασπάσαι

2020 2897 2110 2949 τὸν
2146 2894 2364 2966 δεσμόν.
2396 2896 2547 2963 Ὀσῳ
2584 2894 2693 2963 γὰρ
2726 2893 2793 2946 ἂν
2837 2888 2903 2964 ᾗς
2954 2890 3320 2963 ἰσχυρότερος,
3350 2886 3590 2957 τοσούτῳ

2020 2978 2352 3049 δικαιότερος
2386 2978 2452 3031 ἀν
2482 2978 2599 3047 εῐης
2642 2977 2733 3030 τὸν
2763 2975 3149 3045 ἀσθενέστερον
3196 2969 3587 3026 διαϐαστάσαι·

2023 3060 2089 3115 ἂν
2119 3061 2218 3132 μὲν
2248 3057 2342 3115 οὖν
2366 3060 2597 3131 ἀσθενὴς
2624 3055 2709 3131 ᾗς,
2739 3059 2827 3113 διὰ
2858 3058 3053 3112 σαυτὸν
3083 3055 3351 3128 ἀπόστηθι
3372 3072 3384 3083 ·
3414 3052 3507 3108 ἐὰν
3534 3052 3592 3107 δὲ

2027 3144 2400 3216 ἰσχυρότερος,
2450 3141 2539 3196 διά
2588 3142 2678 3195 τὸν
2730 3140 3076 3195 ἀσθενοῦντα.
3130 3140 3205 3193 Οὐ
3253 3138 3364 3210 γὰρ
3414 3133 3593 3206 ἐαυτῷ

2027 3229 2206 3299 μόνον,
2274 3226 2411 3280 ἀλλά
2472 3227 2565 3280 καί
2613 3225 2819 3297 ἑτέροις
2872 3223 3088 3295 ἰσχυρὸν
3139 3218 3278 3295 εἰναι
3335 3222 3441 3293 χρὴ
3499 3218 3593 3272 τὸν

2029 3312 2298 3384 ἰσχύοντα.
2332 3310 2484 3364 Εἰδέ
2530 3309 2702 3379 λέγων
2754 3304 2980 3379 ἰσχύειν,
3027 3307 3125 3378 τὴν
3162 3304 3446 3360 ἀσθένειαν
3493 3303 3594 3375 τὴν

2027 3397 2234 3451 ἐκείνου
2288 3395 2566 3466 περιορᾷς,
2618 3392 2813 3463 διπλῆν
2844 3390 3033 3456 δώσεις
3066 3390 3243 3462 δίκην,
3284 3389 3366 3443 ὅτι
3397 3403 3461 3441 τε
3494 3387 3596 3440 οὐκ

2027 3481 2249 3551 ἐφείσω,
2274 3480 2367 3533 καὶ
2401 3480 2483 3532 ὅτι
2512 3477 2711 3548 πολλὴν
2742 3477 2879 3548 έχων
2911 3475 3000 3530 τοῦ
3030 3474 3318 3545 φείσασθαι
3343 3470 3592 3543 δύναμιν.

2038 3564 2365 3627 Ὑπεύθυνος
2387 3562 2495 3635 γὰρ
2514 3562 2742 3622 ἕκαστος
2762 3561 2918 3632 ἡμῶν
2938 3559 3036 3632 τῆς
3051 3558 3146 3613 τοῦ
3172 3555 3395 3628 πλησίον
3421 3572 3597 3626 σωτη-

2031 3648 2153 3720 ρίας
2194 3649 2330 3702 ἐστί.
2361 3646 2459 3699 Διά
2488 3644 2643 3699 τοῦτο
2681 3644 2803 3717 ούχί
2843 3644 2912 3698 τά
2944 3643 3151 3699 ἑαυτῶν
3188 3641 3429 3701 σκοπεῖν,
3460 3637 3600 3693 ἀλλά

2028 3733 2098 3787 τὰ
2127 3730 2223 3786 τοῦ
2257 3730 2483 3802 πλησίον
2504 3730 2922 3802 ὲκελεύσθημεν.
2950 3730 3125 3800 Τιμῆς
3145 3727 3254 3799 γὰρ
3287 3722 3598 3796 ἠγοράσθη-

2033 3833 2131 3887 μεν
2152 3832 2164 3845 ·
2199 3817 2227 3869 6
2254 3814 2312 3868 δὲ
2341 3814 2617 3887 ἀγοράσας
2660 3814 2806 3884 ἡμᾶς
2832 3812 2991 3866 τοῦτο
3036 3808 3366 3883 προσέταξεν
3407 3807 3499 3862 ἐπὶ
3528 3807 3596 3877 τῇ

2030 3902 2183 3970 κοινῇ
2231 3898 2449 3951 πάντων
2502 3898 2659 3968 ήμῶν
2718 3895 3043 3967 λυσιτελείᾳ.
3098 3893 3234 3949 Οὐδὲ
3287 3892 3396 3963 γὰρ
3440 3889 3601 3944 τοῦτο

2034 3984 2193 4055 μόνον
2220 3982 2508 4051 συμϐαίνει
2560 3981 2621 4034 τὸ
2669 3979 2879 4051 κέρδος,
2915 3980 2998 4032 ὅτι
3044 3978 3114 4031 τὰ
3143 3978 3315 4030 οἰκεῖα
3356 3973 3603 4046 σώζομεν

2034 4068 2194 4140 μέλη,
2225 4066 2340 4119 ἀλλ’
2373 4065 2455 4119 ὅτι
2485 4065 2580 4118 καὶ
2624 4061 2843 4135 ἐτέρους
2880 4062 2900 4101 ί
2932 4063 2992 4116 ἐν
3036 4059 3303 4131 ἀσφαλείᾳ
3331 4056 3603 4111 καθιστῶ-

2035 4170 2133 4224 μεν
2170 4148 2395 4221 μείζονι.
2448 4148 2567 4202 Κᾶν
2609 4148 2718 4218 γὰρ
2755 4145 3015 4219 μυριάκις
3051 4145 3367 4214 φιλοσοφῇς,
3396 4142 3465 4195 δι’
3501 4142 3600 4194 αὑ-

2030 4223 2139 4288 τῶν
2167 4232 2362 4304 ἐλέγχῃ
2396 4231 2503 4285 τῶν
2539 4229 2901 4301 πραγμάτων,
2928 4227 2989 4281 οὐ
3029 4228 3130 4299 τὴν
3157 4225 3426 4296 τυχοῦσαν
3449 4223 3603 4295 δεχό-

2035 4333 2195 4388 μενος
2247 4314 2450 4386 βλάϐην
2498 4314 2605 4367 ἀπὸ
2634 4314 2733 4383 τῆς
2772 4313 3130 4381 συνοικήσεως
3169 4307 3390 4379 ταύτης.
3436 4308 3605 4361 Ὅταν

2032 4400 2142 4472 γάρ
2190 4400 2285 4452 ἴδω
2341 4415 2399 4451 σε
2448 4396 2913 4457 δυσαποσπάστως
2962 4393 3187 4464 ἔχοντα,
3238 4392 3332 4445 καὶ
3394 4390 3603 4463 μυρίων

2036 4480 2418 4553 βλαπτομένων
2443 4478 2903 4550 καταφρονοῦντα,
2934 4477 3027 4530 καὶ
3061 4475 3270 4529 πολλῶν
3313 4473 3605 4543 ἐγκαλούν-

2031 4583 2139 4619 των
2180 4564 2301 4617 οὒδὲ
2343 4563 2826 4633 ἐπιστρεφόμενον,
2860 4560 2996 4614 ἀλλά
3024 4562 3118 4614 καὶ
3159 4560 3258 4631 τὴν
3288 4558 3446 4625 δόξαν
3478 4573 3606 4610 σαυ-

2034 4647 2127 4701 τοῦ
2175 4645 2615 4709 καταπατοῦντα,
2659 4644 2752 4698 καὶ
2790 4644 2866 4715 τῷ
2914 4642 3080 4714 κοινῷ
3123 4643 3225 4713 τῆς
3278 4640 3603 4711 Ἑκκλησίας

2036 4730 2494 4802 προστριϐόμενον
2526 4729 2857 4800 κατηγορίαν
2886 4727 3105 4798 πολλὴν,
3134 4728 3226 4780 καὶ
3252 4726 3320 4781 τὰ
3349 4726 3453 4779 τῶν
3479 4724 3605 4778 ἀπί-

2038 4833 2178 4869 στων
2210 4814 2497 4882 ἀνοίγοντα
2544 4813 2808 4885 στόματα,
2843 4813 2935 4866 καὶ
2969 4812 3174 4875 πάντας
3205 4812 3414 4883 πονηρᾷ
3446 4827 3603 4881 περι-

2036 4900 2297 4955 ϐάλλοντα
2326 4898 2474 4972 δόξῃ,
2509 4899 2602 4953 καὶ
2646 4897 2880 4951 τοσαῦτα
2932 4897 3029 4967 μὲν
3060 4895 3168 4949 ἀπὸ
3194 4895 3287 4948 τοῦ
3338 4895 3603 4949 συνοικεῖν

2036 4984 2201 5051 κακὰ,
2230 4982 2432 5051 ἀγαθὸν
2458 4982 2516 5034 δὲ
2544 4981 2710 5052 μηδὲν
2740 4982 2867 5051 ὑμῖν
2892 4979 3262 5051 ἐγγινόμενον,
3297 4978 3405 5033 ἀπὸ
3428 4978 3486 5033 δὲ
3508 4978 3602 5033 τοῦ

2036 5066 2337 5141 χωρισμοῦ,
2367 5067 2571 5119 τούτων
2618 5065 2716 5136 μὲν
2749 5066 3003 5119 ἁπάντων
3038 5064 3138 5132 τὴν
3173 5063 3455 5135 ἀναίρεσιν
3495 5064 3605 5118 τῶν

2037 5153 2241 5219 κακῶν,
2274 5152 2485 5206 πολλῶν
2514 5150 2570 5203 δὲ
2617 5149 2821 5222 ἐτέρων
2862 5149 3055 5219 κτῆσιν
3084 5147 3322 5216 ἀγαθῶν,
3352 5143 3470 5201 εἶτα
3506 5149 3606 5202 οὑκ

2038 5237 2363 5307 ἀνεχόμενον
2392 5232 2758 5305 ἀποπηδῆσαι,
2789 5232 2904 5297 πῶς
2935 5232 3235 5303 δυνήσομαι
3269 5234 3451 5285 πεῖσαι
3480 5232 3607 5294 τοὺς

2038 5318 2424 5388 ἐγκαλοῦντας,
2466 5318 2548 5370 ὅτι
2583 5317 2763 5387 πάσης
2812 5315 3118 5387 ἀπήλλαξαι
3154 5314 3527 5386 προσπαθείας
3558 5316 3606 5376 ⁸,

2039 5403 2132 5455 καὶ
2155 5401 2446 5471 ἐπιθυμίας
2481 5395 2532 5452 εἷ
2553 5401 2798 5471 πονηρᾶς
2828 5398 3098 5470 καθαρός;
3132 5397 3351 5453 Μᾶλλον
3370 5398 3427 5452 δὲ
3456 5397 3608 5450 οὐδὲν

2041 5485 2180 5557 ὑπὲρ
2228 5483 2433 5538 τούτων
2483 5482 2802 5552 φιλονεικῶ·
2846 5481 2998 5554 [254]
3045 5481 3162 5537 ἀλλ’
3193 5482 3333 5537 ἔστω
3375 5498 3434 5537 σε
3469 5476 3608 5535 εἶναι

2041 5570 2135 5622 καὶ
2161 5567 2509 5622 συνοικοῦντα
2538 5566 2803 5637 καθαρόν·
2841 5566 3017 5621 καίτοι
3038 5583 3102 5635 γε
3126 5568 3155 5620 6
3186 5567 3456 5638 μακάριος
3489 5561 3608 5618 Ἰὼϐ

2040 5654 2141 5706 οὐκ
2169 5652 2434 5722 ἐτόλμησε
2462 5650 2730 5722 τοσαύτην
2775 5650 2951 5719 ἐαυτῷ
2994 5650 3341 5723 μαρτυρῆσαι
3373 5649 3604 5717 δύναμιν

2044 5736 2136 5789 καὶ
2164 5734 2501 5805 φιλοσοφίαν,
2528 5732 2643 5786 ἀλλ’
2672 5735 2702 5787 6
2748 5735 2927 5788 πᾶσαν
2967 5732 3208 5787 ἐπελθὼν
3251 5731 3472 5805 ἀρετὴν,
3512 5730 3609 5784 καὶ

2113 5885 2135 5947 ξ
2162 5880 2310 5947 §avi_l.
2346 5880 2431 5932 τοῦ
2450 5879 2677 5947 Χριστοῦ.

2114 5943 2131 5982 ί
2158 5943 2307 5993 SaVil.
2326 5943 2533 6000 ἑαυτούς.

2113 6008 2138 6048 ⁸
2161 6005 2305 6057 Savll.
2331 6004 2631 6070 συμπαθείας.
