4036 6416
458 319 550 374 SOI

460 435 677 489 πάντων
706 431 1082 505 ὑπερενεχθεὶς
1103 429 1213 483 τῶν
1251 425 1345 480 τοῦ
1375 423 1619 480 διαϐόλου
1648 421 1899 484 δικτύων,
1921 419 2021 505 καὶ

457 517 673 588 πρῶτος
694 518 787 570 καὶ
810 503 970 587 μόνος
989 511 1254 580 τοσαύτην
1281 506 1683 576 ἐπιδειξάμενος
1698 523 1772 588 κα
1779 503 2024 588 ρτερίαν,

458 587 554 654 καὶ
582 601 761 654 πάντα
787 598 1002 670 σίδηρον
1030 595 1124 648 καὶ
1149 593 1428 662 ἀδάμαντα
1455 592 1521 660 τῇ
1551 589 1651 658 τῆς
1679 587 1858 658 ψυχῆς
1886 601 2026 670 παρ-

459 681 631 736 ελθὼν
666 669 977 753 ἐγκρατείᾳ,
1023 680 1116 733 καὶ
1168 675 1479 743 κατακόψας
1510 672 1604 725 τοῦ
1655 672 1900 725 διαϐόλου
1929 669 2026 753 την

463 767 637 838 ἰσχὺν,
666 752 836 830 οὕτως
863 763 1114 820 ἐδεδοίκει
1145 761 1244 831 τὴν
1277 757 1529 828 τοιαύτην
1558 755 1756 824 πάλην,
1789 755 1881 808 καὶ
1909 752 2026 805 ἐνό-

461 849 619 918 μιζεν
662 849 918 902 ἀδύνατον
954 844 1090 900 εἶναι
1137 841 1485 897 συνοικοῦντα
1538 838 1790 909 παρθένῳ
1847 837 2027 906 μένειν

460 932 616 1004 ἀσινῆ
661 933 754 986 καὶ
785 930 1040 1002 καθαρὸν,
1072 926 1147 992 ὡς
1195 926 1269 998 μὴ
1321 925 1477 996 μόνον
1515 923 1616 993 τῆς
1666 921 2030 1004 συνοικήσξῳς

459 1001 664 1086 ταύτης
692 1015 900 1086 πόρρω,
923 1001 1017 1066 καὶ
1052 1009 1269 1082 μακράν
1290 1007 1480 1061 ἑαυτὸν
1514 1005 1874 1074 καταστῆσαι,
1895 1001 2030 1056 ἀλλὰ

461 1098 555 1152 καὶ
590 1098 689 1168 τῆς
720 1097 892 1167 ὅψεως
924 1095 1023 1165 τῆς
1053 1092 1238 1155 ἁπλῶς
1269 1091 1363 1143 καὶ
1410 1088 1517 1142 ἀπὸ
1563 1086 1849 1156 συντυχίας
1883 1101 2030 1152 γινο-

464 1180 656 1252 μένης,
690 1180 787 1233 καὶ
816 1179 977 1250 νόμον
1007 1176 1166 1247 ἔθηκε
1197 1177 1306 1238 τοῖς
1349 1172 1646 1242 ὀφθαλμοῖς
1668 1172 1783 1233 τοῖς
1812 1168 2029 1252 ἐαυτοῦ,

465 1251 599 1337 μηδέ
625 1263 810 1327 ἁπλῶς
847 1264 928 1324 εἰς
969 1259 1235 1333 παρθένον
1283 1258 1428 1310 ἰδεῖν.
1463 1255 1616 1327 ᾝδει
1663 1251 2029 1337 σαφῶςγγὰρ,

460 1336 598 1420 ᾔδει,
630 1347 800 1402 ὅτιού
850 1346 1008 1418 μόνον
1057 1344 1148 1397 τὸν
1198 1338 1567 1404 συνοικοῦντα,
1616 1337 1752 1391 ἀλλὰ
1797 1336 1893 1390 καὶ
1922 1336 2032 1420 ,τὸν

463 1419 729 1504 βλέποντα
758 1429 1067 1501 περιέργως
1111 1428 1190 1490 εἰς
1222 1424 1344 1494 ὄψιν
1373 1421 1706 1493 παρθενικὴν
1752 1419 2028 1504 δύσκολον,

460 1501 604 1586 τάχα
633 1515 690 1568 δὲ
723 1513 817 1568 καὶ¹
849 1513 1124 1575 ἀδύνατον,
1175 1510 1274 1580 τὴν
1320 1506 1527 1559 ἐκεῖθεν
1573 1504 1856 1574 διαφυγεῖν
1908 1501 2034 1572 βλά-

463 1598 565 1672 ϐην
597 1612 620 1640 ιι
653 1615 666 1630 ο
695 1598 776 1652 διὸ
806 1596 988 1664 ἐλεγεο
1021 1595 1128 1649 Καὶ
1159 1596 1231 1647 οὐ
1253 1590 1506 1659 συνήσω
1538 1589 1637 1642 ἐπὶ
1671 1586 1956 1656 παρθένῳ.

531 1773 595 1831 ε’.
623 1774 764 1830 Εἰδέ
793 1772 987 1848 μικρός
1015 1788 1096 1824 σοι
1125 1769 1260 1842 πρὸς
1289 1767 1520 1840 ἅμιλλαν
1551 1768 1579 1820 ὁ
1615 1763 1756 1828 Ἰὼϐ,
1774 1763 2036 1848 καίτοιγε

463 1857 582 1912 οὐδὲ
616 1858 712 1929 τῆς
749 1845 981 1927 κοπρίας
1009 1855 1174 1924 ἐσμὲν
1199 1853 1336 1917 ἄξιοι
1365 1852 1463 1922 τῆς
1493 1848 1725 1909 ἐκείνου,
1754 1846 1892 1929 πλήν
1922 1845 2037 1899 ἀλλ’

465 1943 515 1995 εί
542 1926 759 1994 ἔλαττόν
807 1926 900 1992 σου
948 1937 1188 2009 νομίζεις
1229 1936 1327 2005 τῆς
1379 1931 1780 2006 μεγαλοψυχίας
1812 1926 2038 1984 εἶναιτὸ

465 2025 790 2095 ὑπόδειγμα,
835 2021 1086 2091 ἐννόησον
1127 2020 1218 2072 τὸν
1270 2015 1785 2088 μεγαλοφωνότατον
1818 2013 2038 2084 κήρυκα

465 2107 566 2179 τῆς
590 2106 847 2178 ἀληθείας
884 2103 1116 2167 Παῦλον,
1145 2102 1205 2166 ὃς
1241 2101 1462 2157 ἅπασαν
1498 2095 1801 2171 περιελθὼν
1833 2098 1933 2179 τὴν
1959 2097 2038 2148 ol-

466 2177 757 2262 κουμένην,
791 2189 885 2242 καὶ
912 2187 1161 2260 δυνηθεὶς
1193 2187 1364 2239 εἰπεῖν
1395 2186 1578 2238 ἐκεῖνα
1609 2184 1676 2236 τὰ
1712 2177 1912 2252 πολλῆς
1944 2179 2040 2249 γέ-

469 2292 638 2349 μοντα
669 2273 859 2343 σοφίας
888 2273 1126 2346 ῥήματα,
1157 2272 1238 2325 ὅτι
1270 2269 1452 2322 οὐκέτι
1479 2268 1640 2331 αὐτὸς
1667 2267 1750 2337 εἴη
1775 2265 1904 2331 ζῶν,
1925 2264 2040 2318 ἀλλ’

465 2348 500 2431 ἢ
527 2357 760 2431 Χριστὸς
784 2359 842 2413 ἐν
857 2355 1024 2427 αὐτῷ,
1041 2355 1135 2409 καὶ
1158 2355 1238 2408 δτι
1267 2353 1603 2425 ἐσταύρωται
1620 2351 1698 2421 τῷ
1719 2351 1929 2421 κόσμῳ,
1947 2348 2042 2402 καὶ

465 2445 496 2498 ὁ
523 2442 722 2515 κόσμος
743 2439 1019 2511 αὐτῷ,καὶ
1051 2439 1133 2493 ὅτι
1164 2437 1285 2492 καθ’
1303 2438 1516 2510 ήμέραν
1551 2436 1884 2506 ἀποθνήσκει
1903 2433 2044 2504 μετά

467 2525 566 2597 τὴν
601 2523 869 2594 τοσαύτην
900 2523 995 2576 τοῦ
1036 2520 1343 2592 πνεύματος
1369 2521 1524 2592 χάριν
1550 2519 1642 2572 καὶ
1654 2517 1751 2589 τὴν
1777 2515 2044 2586 τοσαύτην

468 2608 577 2661 τῶν
613 2605 789 2662 ἄθλων
831 2604 1108 2670 ἐπίδειξιν,
1153 2603 1292 2674 μετὰ
1307 2602 1432 2665 τοὺς
1461 2601 1702 2671 ἀφάτους
1743 2597 2039 2661 κινδύνους,

474 2689 611 2763 μετά
638 2688 736 2761 τὴν
772 2687 1154 2760 ἠκριϐωμένην
1181 2685 1518 2756 φιλοσοφίαν,
1539 2685 1752 2747 δεικνὺς
1781 2685 1910 2754 ἡμῖν
1953 2683 2046 2735 καί

475 2771 818 2847 παραδηλῶν,
849 2773 930 2826 ὅτι
955 2773 1059 2835 ἕως
1102 2771 1168 2825 ἂν
1213 2769 1535 2840 ἐμπνέωμεν
1583 2768 1677 2820 καὶ
1719 2767 1819 2838 τὴν
1870 2766 2047 2837 σάρκα

468 2849 619 2929 ὦμεν
639 2855 1008 2927 περικείμενοι
1049 2852 1269 2924 ταύτην,
1306 2850 1697 2922 παλαισμάτων
1731 2851 1860 2920 ἡμῖν
1889 2849 2047 2920 χρεία

472 2941 567 2996 καὶ
582 2939 781 3004 πόνων,
795 2939 889 2993 καὶ
905 2939 1003 2992 οὐκ
1035 2937 1179 2990 ἐστιν
1196 2935 1562 3008 ἀπραγμόνως
1583 2933 1922 3005 κατορθῶσαι
1945 2949 2048 2985 σω·-

473 3023 746 3098 φροσύνην
775 3023 926 3083 ποτὲ.
957 3020 1096 3075 άλλά
1140 3018 1349 3073 πολλῶν
1392 3017 1630 3090 ἱδρώτων
1672 3020 1802 3088 ἡμῖν
1845 3016 2048 3070 δεῖκαὶ

473 3107 732 3179 καμάτων
794 3105 930 3176 πρὸς
977 3104 1126 3156 τουτὶ
1167 3103 1228 3155 τὸ
1272 3100 1552 3173 τρόπαιον,
1597 3099 1772 3162 οὓτως
1829 3099 2046 3168 ἔλεγεν·

486 3189 826 3251 ’Υπωπιάζω
843 3205 962 3259 μου
991 3188 1055 3242 τό
1085 3186 1276 3256 σῶμα,
1303 3185 1401 3240 καί
1435 3183 1812 3254 δουλαγωγῶ,
1837 3181 2052 3252 μήπως

474 3275 687 3340 ἄλλοις
707 3271 971 3341 κηρύξας
991 3269 1171 3336 αὐτὸς
1186 3269 1468 3340 ἀδόκιμος
1481 3267 1757 3338 γένωμαι.
1779 3266 1967 3321 Ταῦτα
1991 3267 2050 3321 δὲ

474 3359 651 3428 ἔλεγε,
668 3355 844 3429 δηλῶν
863 3355 962 3426 τὴν
998 3355 1362 3408 ἐπανάστασιν
1381 3353 1480 3423 τῆς
1507 3351 1708 3425 σαρκὸς
1727 3351 1818 3406 καὶ
1830 3351 1930 3423 τὴν
1945 3351 2054 3405 ἀπὸ

473 3443 573 3514 τῆς
594 3439 888 3510 ἐπιθυμίας
901 3437 1118 3501 λύτταν,
1131 3435 1330 3491 καὶτὸν
1348 3434 1570 3506 διηνεκῆ
1587 3434 1714 3488 πόλε
1725 3451 1843 3505 μον,
1857 3435 1950 3488 καὶ
1963 3435 2054 3488 τὸν

474 3523 765 3596 ἐναγώνιον
779 3520 940 3577 αὐτοῦ
967 3521 1097 3593 βίον.
1110 3519 1372 3574 Διάτοῦτο
1392 3518 1486 3572 καὶ
1507 3519 1535 3571 ό
1551 3516 1778 3588 Χριστὸς
1801 3515 1895 3570 τοῦ
1911 3516 2055 3589 πρά-

476 3623 511 3675 γ
517 3623 681 3676 ματος
690 3605 856 3660 αὐτοῦ
865 3604 1038 3677 δηλῶν
1045 3603 1143 3674 τῆν
1153 3602 1433 3657 δυσκολίαν
1444 3600 1560 3655 οὐδέ
1571 3599 1861 3671 ἐμϐλέπειν
1870 3599 2056 3663 ἀπλῶς

475 3691 624 3764 ἠφίει
670 3692 751 3755 εἰς
776 3691 875 3756 τὰς
909 3689 1018 3744 τῶν
1044 3687 1317 3758 γυναικῶν
1341 3685 1511 3757 ὅψεις,
1544 3684 1681 3740 ἀλλά
1713 3685 1805 3738 καὶ
1846 3688 1914 3756 τῇ
1948 3685 2055 3738 τῶν

479 3776 684 3852 μοιχῶν
705 3776 922 3830 κολάσει
954 3775 1078 3838 τοὺς
1103 3774 1275 3837 οὕτως
1295 3771 1536 3845 ὁρῶντας
1565 3769 1812 3833 κολάζειν
1832 3769 2058 3840 ἠπείλη-

479 3880 561 3929 σε.
581 3861 802 3915 Είπόντι
824 3860 881 3914 δὲ
913 3861 1006 3913 καὶ
1025 3857 1102 3930 τῷ
1122 3858 1332 3930 Πέτρῳ,
1356 3858 1536 3911 ὅτιθύ
1557 3853 1847 3925 συμφέρει
1871 3853 2057 3924 γιαμῆ-

477 3961 606 4009 σαι,
650 3945 751 3997 οὐκ
784 3941 1140 4014 ἐνομοθέτησε
1183 3941 1257 4013 μὴ
1302 3943 1520 4011 γαμεῖν,
1559 3939 1695 3994 ἀλλά
1733 3938 2056 4010 παραδηλῶν

477 4025 573 4082 τοῦ
623 4028 944 4100 πράγματος
991 4025 1082 4079 τὸν
1124 4025 1286 4094 ὄγκον
1334 4023 1516 4093 ἔλεγεν
1537 4040 1551 4054 ·
1615 4024 1676 4077 '0
1720 4022 2054 4093 δυνάμενος

480 4111 713 4184 χωρεῖν,
738 4111 1010 4180 χωρείτω.
1059 4109 1352 4180 ’Δκούομεν
1383 4108 1441 4161 δὲ
1482 4107 1577 4161 καὶ
1608 4107 1700 4160 ἐπὶ
1733 4109 1830 4178 τῆς
1865 4109 2056 4176 γενεᾶς

481 4194 904 4266 τῆςήμετέρας,
935 4194 1015 4246 ὅτι
1047 4192 1230 4245 πολλοὶ
1260 4191 1352 4245 καὶ
1393 4190 1595 4261 σιδήρῳ
1630 4191 1772 4244 ἅπαν
1805 4190 1866 4243 τὸ
1898 4190 2057 4260 σῶμα

483 4278 904 4349 καταδήσαντες,
936 4277 1031 4332 καὶ
1057 4277 1246 4347 σάκκῳ
1262 4275 1663 4346 περιϐαλόντες,
1686 4276 1780 4328 καὶ
1802 4273 1938 4345 πρὸς
1960 4274 2057 4338 τὰς

485 4360 630 4433 ὀρῶν
671 4361 1073 4433 ἀναδραμόντες
1105 4358 1368 4432 κορυφάς,
1413 4360 1508 4412 καὶ
1535 4359 1760 4430 νηστείᾳ
1789 4357 2058 4422 συζῶντες

484 4447 725 4517 διηνεκεῖ
763 4447 858 4500 καὶ
895 4445 1182 4516 παννυχίσι
1221 4446 1315 4499 καὶ
1358 4444 1702 4517 ἀγρυπνίαις,
1744 4443 1837 4496 καὶ
1880 4444 2058 4497 πᾶσαν

488 4529 922 4601 ἐπιδεικνύμενοι
951 4529 1389 4602 σκληραγωγίαν,
1423 4530 1517 4583 καὶ
1545 4528 1789 4598 γυναιξὶν
1818 4529 2059 4592 ἀπάσαις

487 4618 970 4693 ἀπαγορεύσαντες
1016 4618 1318 4672 ἐπιϐαίνειν
1363 4617 1456 4670 τοῦ
1499 4616 1769 4687 δωματίου
1818 4618 1910 4670 καὶ
1959 4616 2060 4686 τῆς

491 4700 732 4772 καλύϐης
756 4701 856 4774 τῆς
878 4701 1109 4766 ἑαυτῶν,
1147 4701 1240 4756 καὶ
1267 4699 1343 4772 τῷ
1372 4700 1559 4771 τρόπῳ
1585 4701 1758 4770 τούτῳ
1783 4699 2059 4768 παιδαγω-

492 4787 713 4856 γοῦντες
755 4788 1004 4852 ἑαυτοὺς,
1044 4788 1197 4858 μόλις
1245 4786 1615 4857 περιγίνονται
1644 4784 1743 4853 τῆς
1776 4783 1919 4838 κατά
1964 4784 2062 4855 τὴν

491 4872 787 4943 ἐπιθυμίαν
823 4872 1035 4943 μανίας.
1071 4873 1144 4925 Σὺ
1169 4871 1225 4924 δέ
1253 4869 1453 4938 λέγεις,
1486 4869 1568 4923 ὅτι
1591 4867 1691 4923 κᾶν
1717 4867 2062 4923 συνοικοῦντα

495 4957 613 5030 ῖδῃς
641 4956 913 5028 παρθένῳ,
938 4957 1032 5010 καὶ
1056 4953 1497 5027 προσδεδεμένον,
1523 4953 1618 5006 καὶ
1635 4953 1944 5024 τρυφῶντα,
1971 4956 2066 5008 καὶ

475 5042 592 5113 τὴν
620 5040 798 5112 ψυχὴν
835 5040 1156 5112 προϊέμενον
1194 5037 1412 5111 μᾶλλον,
1446 5037 1479 5108 ἢ
1527 5037 1626 5107 τὴν
1668 5035 1936 5101 σύνοικον,
1971 5037 2067 5089 καὶ

415 5175 419 5178 .
454 5148 458 5151 ·
496 5124 652 5200 [2'55]
687 5125 866 5178 πάντα
899 5125 993 5178 καὶ
1023 5123 1215 5178 παθεῖν
1262 5124 1355 5177 καὶ
1383 5120 1607 5190 ποιῆσαι
1651 5118 1997 5192 αἱρούμενον,
2029 5121 2064 5189 ἦ

497 5208 832 5281 χωρισθῆναι
863 5207 961 5278 τῆς
984 5206 1345 5278 ποθουμένης,
1380 5205 1456 5277 μὴ
1484 5203 1780 5276 πιστεύσῃς
1816 5221 1866 5256 τι
1897 5221 2067 5276 πονη-

501 5292 616 5365 ρδν.
650 5293 784 5362 μηδέ
807 5291 1104 5362 ἐπιθυμίας
1142 5285 1284 5345 εἶναι
1312 5289 1538 5362 νομίσῃς
1562 5289 1624 5341 τὸ
1655 5288 1904 5360 πρᾶγμα,
1933 5286 2068 5342 ἀλλὰ

498 5373 806 5438 εὐλαϐείας.

576 5455 715 5510 Ἀλλ’
767 5455 828 5509 οὐ
869 5456 998 5528 περ)⁵
1059 5456 1170 5511 τῶν
1231 5453 1458 5525 σώματα
1501 5455 1730 5524 ἐχόντων
1754 5493 1770 5517 ,
1829 5446 1875 5506 ὦ
1936 5452 2069 5507 θαυ-

503 5539 690 5613 μάσιε,
746 5538 884 5594 ἀλλά
943 5540 1070 5613 περὶ
1123 5540 1232 5594 τῶν
1287 5538 1454 5602 λίθοις
1501 5536 1888 5591 συνοικούντων
1928 5535 2072 5589 οὕτω

501 5623 807 5678 διακεῖσθαι
853 5625 980 5695 χρή.
1012 5623 1120 5676 Καὶ
1157 5624 1222 5676 σὺ
1259 5623 1359 5692 μὲν
1404 5621 1534 5684 ἴσως
1574 5622 1821 5683 ἀπιστεῖς
1857 5619 1947 5674 διά
1972 5618 2072 5689 τήν

504 5706 704 5778 πολλὴν
749 5706 1135 5777 σωφροσύνην·
1189 5704 1300 5775 ἐγὼ
1345 5705 1401 5759 δὲ
1449 5706 1654 5776 ήκουσα
1701 5703 2074 5777 διηγουμένων

570 5885 599 5920 ³
617 5885 766 5938 Sull.
787 5888 948 5946 λαϐήν.

1109 312 1167 368 S.
1206 307 1488 366 JOANNIS
1520 301 2018 363 CHRYSOSTOMI
2051 297 2368 356 ARCHIEP.
2412 290 2957 354 CONSTANTINOP.

3583 278 3696 336 509

2132 414 2317 475 τινῶν,
2372 415 2452 468 ὅτι
2493 411 2677 466 πολλοὶ
2724 408 2820 462 καὶ
2863 405 3005 476 πρὸς,
3045 400 3335 471 ἀγάλματα
3375 398 3471 452 καὶ
3513 397 3697 461 λίθους

2124 499 2325 552 ἔπαθόν
2362 515 2435 551 τι.
2470 497 2534 549 Et
2563 495 2623 549 δὲ
2655 493 2785 547 ἔνθα
2825 487 3129 562 σκληρότης
3162 484 3258 539 καὶ
3287 483 3574 537 ἀντιτυπία
3599 483 3700 536 καὶ

2125 583 2160 652 ἡ
2205 581 2492 644 διάπλασις
2544 578 2679 649 μόνη
2706 575 2956 630 τοσοῦτον
2987 573 3227 643 ἴσχυσεν,
3272 570 3398 622 ’όταν
3431 566 3569 652 μετά
3593 566 3699 652 τῆς

2125 645 2464 728 διαπλάσεως
2502 661 2593 716 καὶ
2632 645 2790 732 σῶμα
2831 657 3038 714 ἀπαλδν
3084 651 3442 722 ὑποκείμενον
3574 650 3700 702 τίνα

2125 750 2225 802 οὐκ
2254 747 2544 820 ἐργάζεται
2591 746 2824 816 μανίαν;
2872 741 2986 803 πῶς
3017 739 3076 792 δὲ
3103 738 3164 791 οὐ
3207 735 3447 799 δόξουσιν
3474 733 3702 794 εἰκότως

2125 815 2303 901 λέγειν
2333 815 2555 902 μᾶλλον
2595 815 2646 882 οῖ
2687 823 3140 897 κατηγοροῦντες,
3171 819 3205 891 ἢ
3236 819 3394 902 ὑμεῖς
3420 817 3470 902 οῖ
3497 815 3700 902 ἀπολο-

2126 898 2418 986 γούμενος
2475 914 2540 966 Τί
2578 913 2686 984 γάρ
2716 911 2880 973 εἰκὸς,
2914 905 3034 960 εἰπέ
3073 921 3181 975 μοι,
3215 900 3498 986 ἐπιθυμεῖν
3529 898 3704 968 ἄνδρα

2127 984 2404 1068 γυναικὸς,
2436 997 2468 1069 ἢ
2505 996 2578 1068 μὴ
2613 994 2929 1064 ἐπιθυμεῖν;
2963 989 3187 1048 Πάντως
3217 984 3557 1069 ἂνῌεῖποιμεν
3585 985 3709 1035 ἐπι-
3757 1037 3762 1042 ,

2129 1065 2340 1152 θυμεῖν.
2375 1065 2542 1134 Πάλιν
2568 1065 2687 1132 ’τῶν
2725 1075 2931 1148 μυρίων
2960 1070 3215 1124 ὼθουσῶν
3376 1067 3705 1152 προφάσεων

2129 1147 2366 1232 εὐλόγων
2401 1164 2500 1216 οὐκ
2544 1147 2867 1231 ἀνεχόμενον
2916 1153 3168 1220 ἐξελθεῖν,
3206 1150 3317 1204 ἀλλ’
3371 1147 3706 1232 είσωθοῦντα

2131 1228 2322 1301 ἐαυτδν
2387 1247 2474 1300 ἐπ’
2517 1228 2721 1298 οὐδενὶ-
2755 1244 2853 1313 μέν
2891 1236 3308 1308 κατορθώματι,
3373 1231 3583 1301 μυρίοις
3643 1228 3705 1282 δὲ

2129 1331 2357 1384 ὀνείδεσι
2428 1329 2522 1383 καὶ
2581 1325 2804 1398 βλάϐαις
2854 1322 3069 1378 οἰκείων
3127 1333 3187 1369 τε
3246 1316 3338 1368 καὶ
3384 1313 3704 1398 ἀλλοτρίων.

2130 1416 2183 1469 τί
2230 1413 2407 1477 εἰκός;
2475 1411 2534 1476 ἐξ
2577 1396 2784 1478 ἀγαθῆς
2822 1405 2976 1459 τοῦτο
3017 1400 3388 1473 προαιρέσεως
3447 1396 3703 1466 πάσχειν,

2132 1499 2166 1568 ἢ
2225 1500 2290 1550 ἐκ
2349 1496 2622 1566 πονηρᾶςς
2683 1491 2835 1560 Τάχα
2893 1487 2958 1542 ἂν
3013 1488 3076 1538 ὲκ
3128 1482 3369 1552 πονηρᾶς
3425 1480 3564 1532 εἴποι
3617 1495 3708 1541 τις

2138 1560 2356 1652 μᾶλλον.
2388 1560 2533 1648 Πλῆν
2565 1573 2701 1629 ἀλλά
2732 1572 2895 1644 μηδὲν
2937 1569 3078 1652 ὑπὲρ
3099 1565 3301 1652 τούτων
3335 1560 3705 1652 ἀκλριϐρλογρ-

2137 1644 2296 1735 μεθα,
2322 1662 2456 1716 ἀλλά
2487 1644 2691 1714 κείσθω
2721 1659 2855 1727 μήτε
2900 1652 3044 1735 κατά
3068 1650 3224 1735 λόγον
3258 1644 3708 1735 σκανδαλίζεσθαι

2133 1727 2258 1809 τοὺς
2293 1741 2831 1812 σκανδαλιζομένους,
2865 1738 3004 1808 μήτε
3031 1733 3273 1794 δικαίως,
3304 1729 3414 1782 ἀλλ’
3457 1729 3585 1812 εἰκῆ
3605 1727 3711 1804 καὶ

2138 1829 2314 1900 μάτην
2332 1845 2345 1859 ·
2370 1828 2512 1889 τίνος
2538 1811 2723 1877 ἕνεκεν
2751 1821 3039 1880 συνοικεῖς,
3058 1815 3178 1869 εἰπέ
3197 1815 3390 1900 μοι,⁸τῇ
3417 1811 3707 1882 παρθένῳ;

2135 1893 2211 1968 δι’
2237 1893 2386 1965 οὐδὲν
2414 1909 2523 1980 γὰρ
2550 1913 2583 1979 ἡ
2613 1906 2920 1974 συνοίκησις
2949 1900 3088 1970 αῦτη
3114 1896 3545 1980 νενομοθέτηται,
3571 1894 3604 1966 ἢ
3636 1893 3707 1947 δι’

2137 1997 2313 2070 ἔρωτα
2344 1978 2437 2047 καῖ
2465 1978 2630 2046 πόθον
2649 2008 2662 2020 ⁸
2698 1989 2817 2043 ἐπεὶ
2840 1981 3293 2070 περίελεᾼτοῦτον,
3319 1979 3413 2032 καὶ
3436 1978 3711 2070 ἀντήρη-τρι

2137 2059 2179 2151 η’
2202 2079 2295 2132 τοῦ
2329 2076 2652 2148 πράγματος
2679 2072 2857 2144 χρεία.
2891 2069 2985 2130 Τίς
3013 2065 3121 2138 γὰρ
3151 2064 3217 2117 ἂν
3249 2061 3588 2151 ἕλοιτο-ἀνήρ
3616 2059 3712 2151 ξὺν

2135 2141 2339 2233 ταύτης
2375 2141 2564 2231 ’χωρὶς
2610 2141 2727 2227 τῆς
2764 2153 3008 2221 ἀνάγκης
3055 2146 3370 2233 γυναικείας
3421 2141 3711 2233 ἀνέχεσθαι

2136 2225 2348 2317 τρυφῆς
2378 2225 2708 2313 καῖ’ῦϐρεως
2751 2238 2844 2290 καὶ
2878 2235 2986 2288 τῶν
3032 2231 3205 2285 ἄλλων
3242 2229 3351 2282 τῶν
3389 2225 3483 2279 τοῦ
3511 2227 3712 2294 γένους

2139 2309 2534 2399 ἐλαττωμάτων
2567 2309 2810 2386 ἐκείνου;
2852 2318 2950 2372 Διὰ
2981 2315 3138 2370 τοῦτο
3171 2314 3324 2399 καὶᾼό
3510 2309 3572 2373 ἐξ

2139 2414 2238 2482 χῆς
2269 2389 2368 2481 τὴν
2402 2410 2634 2476 γυναῖκα
2678 2403 2849 2476 ταύτῃ
2890 2399 3204 2454 καθώπλισε
3242 2393 3505 2482 τῇμίσχύῖ,
3551 2389 3715 2455 εἰδὼς

2139 2477 2224 2549 δτι
2271 2477 2475 2563 σφόδρα
2533 2486 3002 2556 εὐκαταφρόνητος
3043 2481 3213 2545 ἔσται,
3268 2478 3342 2549 μὴ
3365 2477 3569 2563 ταύτην
3609 2477 3716 2526 ἐπ-

2141 2560 2386 2648 αγομένη
2407 2560 2531 2643 -τὴν
2579 2569 2772 2642 ἀρχὴν,
2806 2568 2899 2621 καὶ
2929 2568 3011 2619 ὅτι
3059 2563 3231 2648 οὐδεξις
3267 2563 3333 2614 ἂν
3361 2560 3536 2613 ’ἐλοιτο
3568 2560 3712 2628 αὐτῇ

2144 2643 2460 2728 συνοικῆσαι
2489 2651 2810 2723 καθαρεύων
2835 2648 3145 2719 ἐπιθυμίας.
3174 2647 3239 2699 Εἰ
3263 2645 3372 2715 γάρ
3409 2643 3718 2697 atat-.0615.

2141 2760 2243 2815 της
2292 2724 2648 2810 ἐπικειμένης
2702 2735 2945 2804 ἀνάγκης
2987 2730 3083 2784 νῦν
3110 2731 3224 2815 *καὶ
3277 2727 3471 2815 πρλλῆς
3520 2724 3720 2815 ἐτέρας

2144 2807 2330 2899 χρείας
2361 2807 2492 2895 (καῖ
2523 2807 2632 2890 γάρ
2682 2819 2778 2872 καὶ
2821 2812 3213 2876 παιδοποιοῦσι,
3247 2811 3340 2864 καὶ
3382 2807 3719 2877 οἰκουροῦσι,

2145 2890 2239 2965 Ξὲὶιι
2263 2890 2427 2980 ἐτερα
2451 2905 2586 2960 ἄλλα
2607 2899 2974 2956 διακονοῦνται
3006 2897 3176 2980 πολλά
3208 2890 3680 2980 πλείονα-τούτων)
3703 2907 3718 2919 ο

2146 2993 2282 3047 εἰδὲ
2323 2975 2548 3044 τοιαῦτα
2579 2987 2673 3042 νῦν
2712 2985 2807 3038 καὶ
2858 2981 3096 3036 τοσαῦτα
3144 2975 3549 3048 λειτουργοῦσαι
3599 2977 3726 3036 τοῖς

2147 3076 2403 3145 ἀνδράσιν
2457 3069 2920 3140 εὐκαταφρόνητοι
2985 3063 3245 3124 πολλάκις
3300 3060 3567 3145 ἐγένοντο,
3622 3059 3730 3110 καὶ

2146 3143 2260 3230 τῆς
2291 3157 2468 3220 οἰκίας
2519 3151 2907 3224 ἐξεϐλήθησαν,
2939 3148 3057 3211 πῶς
3100 3146 3165 3200 ἂν
3191 3143 3502 3230 ’ἐπιθυμίας
3545 3144 3729 3213 χωρὶς

2146 3226 2286 3314 ἦσαν
2315 3243 2444 3314 ἡμῖν
2473 3237 2740 3300 ποθειναὶ,
2774 3234 2869 3287 καὶ
2895 3231 3069 3286 ταῦτα
3099 3227 3368 3290 τοσούτοις
3396 3227 3544 3297 ήμᾶς
3581 3226 3731 3278 ὀνεί-

2149 3309 2264 3380 δεσι
2293 3309 2753 3397 περιϐάλλουσαι;
2785 3319 2854 3370 Ἢ
2882 3315 3064 3385 λέγετε
3090 3313 3275 3397 τοίνυν
3293 3311 3391 3397 τῆν
3413 3310 3592 3363 αἰτίαν
3622 3309 3731 3378 τῆς

2152 3393 2536 3480 συνοικήσεως,
2570 3404 2603 3475 ἢ
2638 3400 2892 3472 οὐδεμίαν
2913 3395 3452 3480 ὑποπτεύειν-ἑτέραν
3479 3393 3730 3480 ἀνάγκη,

2152 3493 2268 3548 ἀλλ’
2298 3491 2333 3564 ἢ
2360 3475 2608 3560 πονηρὰν
2656 3483 2949 3555 ἐπιθυμίαν
2982 3481 3077 3534 καὶ
3115 3478 3304 3551 ήδονὴν
3340 3475 3729 3529 ἐπονείδιστον.

2224 3616 2298 3676 ς’.
2322 3609 2387 3663 Τί
2405 3602 2517 3672 οὗν,
2537 3605 2602 3660 ἂν
2622 3599 2956 3674 δυνηθῶμεν,
2979 3599 3163 3670 φησιν,
3189 3597 3366 3652 αἰτίαν
3387 3594 3605 3664 εὔλογον
3632 3594 3734 3646 καὶ

2153 3693 2367 3748 δικαίαν
2419 3692 2614 3753 εἰπεῖν,
2665 3686 2763 3758 ἔσῃ
2801 3684 2979 3755 μάτην
3009 3681 3181 3736 ταῦτα
3222 3681 3349 3752 περὶ
3380 3677 3537 3749 ήμῶν
3569 3680 3734 3748 εἰρη-

2153 3777 2298 3844 κώς;
2328 3775 2579 3830 Μάλιστα
2610 3769 2729 3841 μέν,
2765 3767 3018 3838 οὐδεμίαν
3046 3767 3217 3838 ἐρεῖτε
3243 3763 3493 3833 τοιαύτην
3515 3779 3529 3792 ·
3583 3762 3735 3831 πλὴν

2153 3861 2290 3915 ἀλλὰ
2313 3859 2408 3913 καὶ
2428 3856 2600 3918 οὓτως
2621 3852 2922 3922 ἐϐουλόμην
2949 3849 3161 3920 μαθεῖν,
3194 3849 3246 3902 εί
3268 3864 3389 3900 τινα
3414 3846 3574 3898 σκιάν
3593 3845 3736 3913 γοῦν

2155 3946 2306 4016 ἔχετε
2353 3941 2578 4010 εὐλόγου
2628 3935 2953 4009 προφάσεως
2995 3934 3187 4016 εἰπεῖν.
3239 3929 3736 4016 ’άπροστάτευτος

2155 4011 2341 4099 φησιν,
2376 4024 2522 4078 ἐστὶν
2561 4023 2594 4094 ή
2623 4018 2913 4091 παρθένος,
2951 4016 3051 4069 οὐκ
3075 4013 3491 4099 ἀνδρα-ἔχουσα,
3513 4011 3584 4099 *οὐ
3625 4027 3738 4080 κη-

2153 4094 2367 4181 δεστήν,
2413 4106 2670 4168 πολλάκις
2701 4103 2759 4156 δέ
2802 4099 2924 4155 οὐδέ
2953 4099 3187 4170 πατέρα,
3217 4097 3318 4149 οὐκ
3345 4094 3594 4181 ἀδελφὸν,
3634 4094 3742 4148 καὶ

2153 4179 2321 4248 δεῖται
2347 4192 2440 4246 τοῦ
2462 4193 2619 4262 χεῖρα
2644 4185 2943 4257 ὀρέξοντος,
2977 4183 3070 4236 καὶ
3090 4181 3187 4251 τὴν
3208 4179 3441 4253 ἐρημίαν
3468 4195 3740 4250 παραμυ-

2156 4272 2591 4348 θησομένου,καλ⁴
2637 4267 2914 4338 πανταχοῦ
2946 4264 3385 4348 προϐεϐλημένου
3421 4263 3516 4316 καὶ
3551 4279 3742 4316 κατα-

2157 4345 2444 4431 στήσοντας
2471 4354 2640 4427 αὐτὴν
2655 4355 2710 4406 ἐν
2740 4349 3009 4420 ἀσφαλείᾳ
3033 4346 3198 4418 πολλῇ
3238 4347 3331 4400 καὶ
3359 4345 3559 4416 λιμένι.
3589 4346 3746 4416 Ποία.

2156 4444 2447 4515 ἀσφαλείᾳ,
2492 4444 2588 4496 καὶ
2620 4440 2755 4510 ποίῳ
2789 4437 3002 4508 λιμένι;
3046 4434 3150 4488 Τὸν
3183 4434 3289 4506 γὰρ
3320 4432 3581 4505 πρόϐολον
3630 4435 3748 4486 οὐκ

2159 4532 2413 4604 εἴργοντα
2443 4530 2554 4602 ὁρῶ
2581 4529 2648 4582 τά
2683 4525 2923 4596 κύματα,
2951 4521 3067 4576 ἁλλ’
3095 4519 3468 4604 ἐπεγείροντα,
3499 4519 3597 4604 καί
3641 4519 3750 4572 τὸν

2158 4601 2352 4685 λιμένα
2381 4601 2483 4666 οὐκ
2513 4609 2908 4667 ἀναστέλλοντα
2927 4606 3019 4659 τὸν
3051 4605 3322 4685 χειμῶνα,
3346 4601 3480 4655 ἀλλά
3510 4601 3606 4654 καὶ
3633 4602 3752 4667 τὰς

2161 4682 2310 4771 [236]
2340 4698 2438 4751 οὐκ
2458 4695 2624 4758 οὔσας
2650 4693 2902 4748 τίκτοντα
2933 4689 3244 4761 τρικυμίας.
3265 4682 3393 4740 Εἶτα
3410 4686 3510 4771 οὐκ
3543 4686 3752 4756 αἰσχύ-

2160 4770 2338 4848 νεσθε,
2369 4781 2468 4834 οὐκ
2490 4775 2900 4848 ἐγκαλύπτεσθε
2926 4773 3150 4828 τοιαῦτα
3182 4770 3604 4840 ἀπολογούμενοι
3630 4788 3649 4835 ;
3682 4771 3758 4828 Et

2162 4866 2270 4937 γάρ
2304 4865 2540 4936 μηδεμία
2576 4864 2641 4914 ἐκ
2676 4860 2876 4929 ταύτης
2901 4859 3000 4929 τῆς
3031 4856 3303 4919 διακονίας
3339 4855 3578 4908 ἐτίκτετο
3596 4870 3758 4908 κατ-

2165 4950 2380 5021 ηγορία,
2415 4947 2548 5018 μηδέ
2599 4944 2771 5016 βλάϐη
2789 4984 2805 5009 ,
2835 4941 2970 5013 μηδὲ
2998 4938 3309 5004 σκάνδαλον,
3340 4937 3475 4991 ἀλλὰ
3499 4939 3618 5007 μετ’
3648 4939 3760 5021 εὖ-

2167 5034 2374 5107 φημίας
2406 5017 2532 5104 ἐξῆν
2577 5029 2734 5084 τοῦτο
2787 5027 2918 5081 αὐτὸ
2942 5027 3136 5090 ποιεῖν,
3187 5023 3331 5084 τίνος
3370 5023 3471 5076 οὐκ
3516 5021 3581 5074 ἂν
3643 5017 3764 5092 ἦτε

2167 5106 2516 5190 ἐλεεινότεροι
2553 5116 2646 5170 τὸν
2677 5112 2908 5167 πλοῦτον
2937 5110 3108 5179 αὐτῆς
3151 5106 3426 5173 αὔξοντες,
3464 5107 3559 5159 καὶ
3600 5107 3765 5177 πρὸς

2169 5200 2600 5276 φιλοχρηματίαν
2642 5195 3030 5267 γυμνάζοντες,
3066 5192 3157 5246 καὶ
3190 5193 3278 5276 εἰς
3309 5190 3611 5276 πράγματα
3641 5193 3768 5260 ἐμ-

2169 5271 2474 5350 ϐάλλοντες,
2499 5284 2594 5339 καὶ⁵
2617 5281 2754 5354 πρὸς
2781 5276 3050 5350 κοσμικὰς
3082 5271 3547 5344 παιδοτριϐοῦντες
3577 5289 3770 5342 φρον-

2167 5373 2339 5436 τίδας,
2363 5369 2662 5439 οἰκονόμων
2691 5364 2846 5431 τάξιν
2874 5363 2966 5416 καὶ
3003 5359 3313 5430 ἐπιτρόπων
3345 5357 3437 5410 καὶ
3463 5357 3773 5426 ἀγοραίων

2168 5456 2330 5512 τινῶν
2375 5449 2881 5522 άνταλλαττόμενοι;
2918 5445 3133 5516 Σφόδρα
3175 5457 3273 5512 γε·
3325 5443 3387 5496 οὐ
3437 5441 3548 5513 γάρ
3575 5441 3775 5512 δυνή-

2171 5539 2332 5592 σεσθε
2353 5554 2420 5590 πε
2429 5537 2481 5609 ρὶ
2501 5538 2640 5604 ἀκτη
2650 5531 2885 5604 μοσύνης
2903 5526 3271 5599 διαλεχθῆναι,
3298 5525 3392 5580 καὶ
3415 5526 3600 5577 πεῖσαι
3632 5525 3774 5579 τῶν

2169 5623 2340 5677 ὅντων
2376 5620 2759 5690 καταφρονεῖν,
2791 5615 2841 5668 οἰ
2871 5613 3048 5668 πάντα
3094 5611 3371 5674 ποιοῦντες
3403 5610 3552 5671 ὅπως
3590 5611 3782 5678 μένοι

2173 5708 2269 5759 καὶ
2298 5703 2512 5769 αὔξοιτο
2535 5703 2604 5758 τὰ
2639 5700 2792 5762 ὄντα,
2816 5697 2910 5752 καὶ
2947 5695 3106 5766 πόροι
3143 5693 3328 5766 πόροις
3357 5691 3783 5759 ἐπιγίγνοιντο,

2181 5789 2413 5860 κάπηλοι
2463 5803 2607 5850 τινες
2657 5785 2752 5839 καὶ
2798 5778 3204 5851 παλιγκάπηλοι
3248 5778 3317 5832 δι’
3364 5775 3580 5860 ἐκείνας
3603 5779 3790 5845 τενό-

2185 5859 2354 5943 μενοι,
2397 5869 2657 5943 ἄχρηστοί
2699 5884 2784 5938 γε.
2815 5866 2888 5920 Οὐ
2923 5863 3032 5936 γὰρ
3065 5864 3306 5932 γενναῖαι
3351 5859 3507 5931 ὑμῶν
3563 5861 3623 5916 αἱ
3673 5864 3783 5915 ἐλ-
