4036 6416
300 461 395 516 501

301 571 549 628 omnibus
576 569 768 624 diaboli
800 566 997 621 retibus
1021 573 1288 618 extractus
1313 581 1326 615 :
1357 563 1445 631 qui
1472 564 1676 632 primus
1703 571 1757 614 et
1781 574 1870 612 so-

305 667 387 720 Ius
413 671 612 717 tantam
656 658 1015 715 fortitudinem
1042 653 1427 710 demonstravit
1448 693 1465 721 ,
1496 661 1552 707 et
1572 666 1730 706 omne
1759 649 1869 705 fer-

304 771 424 811 rum
475 764 529 809 et
572 753 906 806 adamantem
951 763 1045 802 sua
1092 746 1415 802 continentia
1466 751 1871 814 praetergressus

303 842 644 900 subnervavit
666 841 860 895 diaboli
890 847 1223 908 potestatem,
1248 836 1325 889 sic
1352 834 1549 889 veritus
1576 842 1689 887 erat
1713 831 1869 886 talem

305 950 529 1007 pugnam
555 975 569 998 ,
617 941 671 988 et
712 932 783 987 ita
813 931 1013 1001 putavit
1052 926 1377 997 impossibile
1415 938 1534 980 esse
1570 923 1874 979 cohabitare

304 1026 491 1098 virgini
517 1027 632 1081 sine
678 1024 872 1078 damno
897 1030 951 1076 et
974 1035 1186 1091 purum,
1227 1026 1287 1073 ut
1326 1033 1430 1073 non
1459 1017 1628 1071 solum
1656 1029 1685 1067 a
1708 1012 1873 1068 coha-

304 1119 560 1174 bitatione
609 1115 698 1170 tali
746 1112 933 1183 procul
978 1120 1033 1166 et
1078 1110 1234 1181 longe
1272 1109 1537 1177 seipsum,
1584 1108 1676 1160 sed
1717 1114 1769 1158 et
1807 1102 1875 1156 ab

304 1218 524 1278 aspectu
565 1221 781 1276 prorsus
823 1213 877 1259 et
905 1204 1172 1259 consortio
1214 1200 1567 1261 subduxerit,
1598 1198 1875 1266 legemque

307 1299 546 1370 posuerit
569 1297 737 1351 oculis
772 1297 883 1350 suis
922 1296 1141 1350 omnino
1163 1294 1214 1348 in
1238 1293 1493 1362 virginem
1515 1306 1583 1345 ne
1610 1290 1877 1357 respicere

307 1390 541 1461 quidem.
572 1388 783 1444 Sciebat
809 1387 950 1441 enim
980 1396 1035 1440 et
1058 1384 1220 1454 probe
1250 1391 1470 1437 noverat
1493 1380 1634 1451 quod
1665 1396 1769 1433 non
1791 1393 1878 1432 so-

307 1480 418 1537 lum
441 1478 830 1534 cohabitantem
855 1517 870 1540 ,
909 1474 1001 1530 sed
1027 1483 1082 1529 et
1109 1474 1449 1544 aspicientem
1484 1471 1694 1525 curiose
1720 1469 1771 1522 in
1800 1467 1879 1520 fa-

308 1571 447 1627 ciem
472 1570 689 1640 virginis
713 1567 925 1623 difficile
949 1607 964 1633 ,
1006 1566 1143 1621 forte
1166 1575 1341 1619 autem
1370 1574 1424 1619 et
1460 1561 1785 1632 impossibile
1811 1561 1879 1615 sit

310 1662 541 1733 effugere
559 1660 809 1716 damnum
830 1700 845 1725 ,
877 1657 1015 1728 quod
1047 1656 1167 1712 inde
1195 1656 1381 1710 oritur.
1411 1655 1634 1723 Propter
1656 1651 1795 1722 quod
1824 1660 1878 1705 et

310 1755 537 1815 dicebat,
576 1750 656 1805 Ne
673 1752 880 1822 cogitem
907 1750 1106 1819 quidem
1131 1748 1192 1801 de
1217 1748 1407 1818 virgine
1436 1744 1556 1817 (Job
1577 1746 1664 1800 51.
1686 1745 1710 1799 l
1737 1745 1778 1815 ).

381 1844 434 1899 5.
450 1846 513 1897 At
532 1843 575 1896 si
590 1840 995 1912 parvusvidetur
1012 1840 1100 1894 tibi
1123 1839 1188 1893 ad
1211 1849 1477 1892 certamen
1500 1836 1620 1901 Job,
1641 1837 1880 1906 quamvis

312 1949 500 1988 revera
524 1946 694 2002 neque
718 1943 955 1985 stercore
976 1929 1115 1983 illius
1134 1929 1299 1985 simus
1315 1927 1456 1999 digni
1478 1944 1491 1992 ;
1514 1935 1878 1982 verumtamen

313 2021 436 2076 licet
455 2023 628 2075 minus
646 2030 731 2075 tua
756 2019 1183 2090 magnanimitate
1210 2033 1329 2073 esse
1356 2026 1507 2088 putes
1537 2017 1843 2087 exemplum
1862 2057 1877 2080 ,

311 2100 489 2166 cogita
510 2098 918 2151 vocalissimunt
944 2112 1245 2166 praeconem
1269 2100 1515 2153 veritatis
1536 2096 1761 2151 Paulum
1785 2100 1877 2168 qui

311 2192 485 2238 totum
506 2185 692 2238 orbem
714 2185 936 2245 circuit.
956 2193 1009 2240 et
1030 2186 1211 2240 dicere
1235 2187 1409 2256 potuit
1430 2187 1591 2241 verba
1610 2189 1696 2240 illa
1714 2188 1881 2243 multa

313 2271 579 2337 sapientia
609 2272 830 2337 referta,
860 2272 1004 2341 quod
1030 2273 1268 2341 nonjam
1302 2274 1415 2343 ipse
1447 2274 1518 2328 sit
1546 2276 1754 2341 vivens,
1787 2277 1880 2331 sed

312 2358 564 2413 Christus
588 2358 641 2411 in
659 2358 779 2428 ipso
800 2357 1013 2428 (Galat.
1035 2359 1091 2413 2.
1112 2360 1228 2431 20),
1247 2369 1300 2416 et
1321 2362 1465 2431 quod
1496 2363 1794 2417 crucifixus
1811 2364 1884 2419 sit

311 2446 517 2499 mundo
548 2452 603 2499 et
624 2444 863 2501 mundus
890 2447 994 2501 sibi
1028 2445 1131 2517 (Ib.
1159 2450 1212 2505 6.
1256 2449 1366 2518 14),
1395 2456 1449 2502 et
1475 2448 1619 2518 quod
1647 2449 1888 2517 quotidie

313 2534 580 2588 moriatur
603 2535 679 2603 (l.
705 2534 830 2589 Cor.
860 2536 946 2590 15.
976 2537 1035 2589 5t
1061 2537 1080 2606 )
1107 2553 1120 2588 :
1154 2546 1275 2606 post
1292 2544 1499 2590 tantam
1519 2538 1745 2607 spiritus
1763 2554 1887 2609 gra-

312 2621 444 2673 tiam
465 2630 519 2675 et
548 2630 693 2675 tanta
716 2624 1076 2677 certaminum
1102 2625 1423 2694 specimina,
1455 2633 1577 2694 post
1599 2627 1889 2681 inenarra-

311 2710 439 2765 bilia
459 2713 721 2782 pericula,
742 2726 865 2784 post
881 2723 990 2768 tam
1008 2716 1219 2770 eximiae
1238 2716 1532 2785 diligentiae
1544 2725 1597 2771 et
1612 2719 1889 2787 sapientiae

313 2799 581 2863 studium,
600 2801 841 2855 declarat
856 2802 1013 2857 nobis
1030 2811 1511 2865 etcommoustrat,
1533 2804 1700 2872 quod,
1718 2804 1891 2859 donec

312 2887 705 2954 spiraveritnus
720 2897 774 2943 et
802 2890 904 2943 hac
925 2905 1093 2943 carne
1115 2890 1379 2945 fuerimus
1401 2892 1748 2955 circumdati.
1771 2910 1891 2950 cer-

311 2974 610 3030 taminibus
629 2975 787 3028 nobis
804 2991 941 3045 Opus
959 2985 1043 3031 est
1064 2987 1117 3031 et
1134 2978 1414 3034 laboribus
1434 2995 1609 3049 neque
1624 2983 1735 3035 otio
1754 2989 1890 3036 tem-

310 3063 557 3127 perantia
586 3070 828 3130 paratur.
852 3063 944 3117 sed
978 3065 1165 3119 multis
1196 3065 1486 3120 sudoribus
1521 3075 1574 3121 et
1614 3068 1890 3123 laboribus

310 3159 450 3213 opus
472 3155 557 3200 est
576 3147 641 3200 ad
668 3148 769 3202 hoc
795 3156 1058 3217 tr0pa3um
1082 3151 1406 3218 parandum,
1429 3151 1510 3205 sic
1529 3153 1717 3207 dicens
1743 3173 1755 3207 :
1792 3154 1892 3207 Ca-

308 3233 446 3301 stigo
481 3250 669 3302 corpus
695 3252 899 3302 meum,
931 3246 980 3290 et
1009 3237 1063 3289 in
1087 3240 1389 3291 servitutem
1424 3238 1605 3308 redigo
1628 3280 1641 3303 ,
1670 3257 1732 3294 ne
1762 3242 1886 3293 dum

310 3320 433 3374 aliis
460 3320 811 3389 prtedicavero
833 3324 940 3390 ipse
969 3322 1229 3390 reprobus
1254 3325 1379 3393 ﬁunt
1410 3326 1483 3395 (Ι.
1516 3323 1642 3380 Cor.
1674 3326 1728 3388 9,
1770 3326 1884 3397 27).

310 3406 436 3461 Haec
463 3418 643 3463 autem
680 3410 898 3464 dicebat
923 3411 1213 3466 declarans
1243 3413 1565 3468 seditionem
1592 3416 1800 3477 carnis.
1834 3425 1887 3470 et

312 3498 773 3566 concupiscentiae
794 3499 1018 3562 rabiem,
1046 3501 1405 3570 praeliumque
1433 3504 1781 3565 continuum,
1825 3519 1887 3556 ac

315 3585 482 3639 vitam
552 3601 770 3657 semper
814 3588 866 3640 in
913 3604 1087 3657 agone
1136 3591 1513 3645 constitutam.
1565 3590 1629 3643 Et
1684 3592 1888 3645 idcirco

313 3669 478 3723 etiam
514 3670 770 3728 Christus
807 3673 1178 3728 difﬁcultatem
1232 3678 1307 3731 rei
1342 3677 1630 3731 declarans
1654 3716 1669 3741 ,
1712 3694 1888 3748 neque

312 3759 399 3813 vel
438 3758 586 3815 licite
624 3762 867 3831 aspicere
910 3765 1177 3831 permittit
1226 3763 1514 3819 mulierum
1550 3764 1755 3829 facies,
1794 3768 1889 3820 sed

313 3852 368 3898 et
415 3848 790 3902 adulterorum
846 3863 1006 3917 paena
1055 3850 1362 3919 puniendos
1402 3852 1480 3906 sic
1534 3853 1890 3921 respicientes

315 3934 703 3990 interminatus
746 3946 848 3991 est.
909 3936 971 3990 Et
1021 3954 1143 3991 cum
1187 3938 1416 3993 dixisset
1480 3937 1708 4005 Petrus,
1767 3939 1890 3994 Non

308 4014 506 4083 expedit
531 4032 736 4069 uxorem
760 4016 941 4071 ducere
967 4016 1175 4089 (Matth.
1206 4018 1294 4073 l9.
1324 4019 1435 4087 10),
1469 4036 1574 4073 non
1598 4021 1780 4083 statuit
1805 4020 1879 4075 lc-

304 4118 426 4174 gem
453 4121 520 4159 ne
544 4106 803 4161 ducantur
824 4125 1035 4175 uxores,
1061 4109 1152 4163 sed
1175 4111 1484 4178 gravitatem
1506 4112 1581 4165 rei
1603 4111 1879 4166 declarans

305 4194 515 4250 dicebat
542 4213 555 4249 :
591 4196 691 4261 Qui
718 4209 877 4264 potest
913 4216 1092 4267 capere
1128 4202 1294 4268 capiat
1318 4201 1440 4270 (Ib.
1474 4219 1519 4255 υ.
1550 4203 1616 4256 η
1644 4204 1683 4273 ).
1716 4204 1879 4258 Audi-

306 4301 425 4341 mus
450 4297 625 4342 autem
653 4298 705 4343 et
732 4288 834 4343 hoc
858 4300 1041 4344 nostro
1064 4292 1279 4358 saeculo,
1305 4294 1443 4362 quod
1473 4296 1709 4361 nonnulli
1740 4295 1880 4349 ferro

306 4386 474 4432 totum
500 4394 696 4449 corpus
722 4380 962 4451 ligantes,
994 4391 1047 4435 et
1075 4398 1229 4437 sacco
1254 4386 1561 4451 vestientes,
1586 4396 1639 4441 et
1664 4388 1728 4439 ad
1758 4403 1878 4442 ver-

305 4472 438 4526 tices
476 4475 733 4527 montium
778 4483 1057 4529 currentes
1077 4518 1090 4543 ,
1123 4486 1179 4531 et
1209 4477 1259 4530 in
1289 4478 1553 4532 continuis
1574 4480 1789 4550 jejuniis
1819 4496 1882 4536 ac

305 4564 595 4633 pervigiliis
618 4566 857 4620 viventes
880 4608 896 4634 ,
926 4582 1244 4638 omnemque
1288 4569 1582 4638 disciplima
1621 4573 1879 4626 severita-

306 4664 414 4710 tem
449 4656 827 4723 ostendentes,
858 4658 1105 4712 omnibus
1142 4659 1449 4714 mulieribus
1492 4662 1786 4730 ingressum
1827 4663 1876 4714 in

304 4746 679 4801 domunculam
706 4758 758 4802 et
784 4749 1049 4819 tugurium
1067 4764 1219 4803 suum
1244 4751 1579 4817 interdicere,
1603 4761 1759 4821 atque
1780 4752 1881 4807 hac

304 4840 508 4892 ratione
525 4838 728 4908 scipsos
756 4842 1093 4907 eastigantes,
1126 4858 1265 4911 mgre
1296 4852 1467 4897 tamen
1497 4845 1881 4912 concupiscen-

303 4929 389 4981 lial‘.
413 4929 639 4984 furorem
662 4934 1036 5001 comprimere.
1060 4936 1128 4987 At
1149 4945 1201 4987 tu
1223 4936 1353 4990 dicis
1372 4936 1535 5005 quod,
1559 4936 1675 4991 licet
1702 4938 1879 4991 videas

302 5020 655 5075 euhabitatem
684 5024 905 5093 virgini,
936 5034 988 5078 et
1016 5025 1316 5095 alligatum,
1348 5036 1402 5081 et
1427 5027 1762 5082 deliciantem
1783 5069 1798 5093 ,
1828 5037 1882 5082 et

304 5112 536 5165 animam
564 5114 735 5182 potius
765 5116 1093 5171 amittentem
1118 5133 1274 5187 quam
1305 5118 1759 5185 cohabitatricem,
1789 5137 1875 5188 pa-

304 5214 583 5272 ratumque
599 5205 773 5259 omnia
796 5215 851 5260 et
874 5206 1045 5263 facere
1065 5216 1117 5261 et
1144 5208 1248 5275 pati
1274 5211 1446 5279 potius
1467 5226 1623 5279 quam
1645 5215 1877 5279 separari

304 5308 331 5345 a
363 5292 578 5356 dilecta,
607 5311 674 5349 ne
703 5297 991 5365 suspiceris
1020 5297 1215 5366 aliquid
1244 5298 1368 5352 mali
1389 5340 1403 5363 ,
1445 5315 1512 5354 ne
1554 5309 1707 5369 putes
1748 5317 1879 5355 con-

304 5387 643 5453 cupiscentite
674 5389 961 5457 negotium,
994 5389 1088 5443 sed
1118 5390 1324 5458 pientis
1350 5392 1545 5459 potius.

376 5478 457 5533 Ea:
482 5481 732 5532 consortio
773 5480 1020 5550 virginum
1057 5483 1280 5534 nascitur
1322 5484 1598 5535 necessario
1637 5486 1878 5553 concupi-

304 5576 512 5625 scentia.
537 5603 608 5612 —
636 5574 955 5627 Admiranda
980 5574 1075 5636 vir,
1109 5574 1152 5626 is
1176 5575 1397 5628 affectus
1423 5585 1503 5629 est
1536 5576 1600 5628 iis
1627 5576 1715 5644 qui
1745 5576 1878 5645 lapi-

303 5663 455 5716 dibus
485 5664 811 5731 coltabitant,
852 5682 952 5718 non
983 5665 1303 5718 hominibus.
1330 5667 1394 5720 Et
1425 5676 1477 5719 tu
1509 5667 1718 5736 quidem
1748 5669 1880 5722 forte

306 5772 410 5809 non
440 5757 613 5810 credis
641 5756 711 5810 ob
734 5772 974 5827 magnam
995 5766 1132 5810 tttatn
1151 5758 1526 5812 continentiam
1547 5775 1560 5819 ;
1585 5774 1681 5829 ego
1702 5769 1877 5812 autem

304 5848 479 5902 audivi
510 5848 763 5918 quosdam
795 5849 1031 5903 dicentes
1058 5848 1195 5919 quod
1227 5852 1383 5904 etiant
1412 5850 1558 5903 multi
1590 5866 1712 5918 erga
1746 5851 1879 5920 lapi-

964 450 1232 507 CONTBA
1272 448 1399 504 EOS
1433 447 1547 514 QUI
1586 441 2191 502 SUBINTRODUCTAS
2228 442 2498 499 "ABENT
2536 440 2872 497 VIRGINES.

3437 442 3543 498 50!

1978 556 2074 611 des
2117 565 2172 611 et
2211 564 2411 611 statuas
2451 556 2689 612 nonnihil
2714 556 2885 613 affecti
2911 557 3036 612 sint.
3065 555 3218 625 Quod
3256 555 3303 611 si
3342 564 3544 612 tantum

1976 649 2141 702 valuit
2165 648 2441 702 artificium
2480 648 2673 713 solum,
2705 648 2793 704 ubi
2832 663 3019 719 aspera
3060 657 3115 703 et
3150 647 3279 703 dura
3317 648 3541 719 effigies,

1979 750 2226 809 quantam
2255 741 2559 810 operabitur
2586 740 2843 795 insaniam
2874 740 2925 795 in
2946 739 3121 811 efﬁgie
3151 739 3367 810 pulchra
3398 749 3548 795 tene-

1980 849 2095 887 rum
2121 833 2350 902 corpus?
2373 832 2647 899 Quomodo
2667 848 2773 888 non
2794 832 3078 889 credentur
3097 834 3262 903 magis
3288 833 3548 888 verisimi-

1980 926 2048 979 lia
2078 926 2257 980 dicere
2284 925 2374 995 qui
2400 941 2493 981 vos
2518 937 2785 990 accusant,
2812 941 2970 995 quam
2999 940 3093 979 vos
3117 927 3204 995 qui
3231 924 3548 981 defenditis?

1980 1016 2116 1084 Quid
2136 1017 2274 1071 enim
2297 1017 2598 1081 verisimile,
2621 1017 2706 1072 dic
2732 1016 2893 1071 mihi?
2916 1031 2982 1071 an
3006 1016 3145 1087 quod
3172 1015 3255 1073 vir
3274 1018 3547 1072 mulierem

1981 1108 2339 1177 concupiscat,
2365 1123 2430 1161 an
2460 1107 2598 1177 quod
2628 1123 2732 1162 non
2757 1107 3127 1178 concupiscat?
3152 1106 3380 1170 Omnino
3396 1108 3548 1163 dixe-

1981 1200 2147 1253 rimus
2172 1198 2311 1268 qnod
2339 1201 2695 1268 concupiscat.
2724 1199 2949 1253 Rursum
2976 1212 3096 1253 cum
3118 1199 3405 1255 innumera:
3425 1187 3586 1263 catt-'1

1982 1305 2054 1344 sae
2080 1292 2351 1360 impellant
2379 1300 2435 1346 ut
2458 1292 2774 1362 egrediatur,
2804 1306 2903 1346 nec
2928 1291 3105 1362 egredi
3133 1293 3287 1356 velit,
3327 1292 3419 1347 sed
3462 1307 3550 1347 se-

1983 1383 2155 1451 ipsum
2184 1384 2402 1453 injiciat,
2420 1385 2567 1439 nullo
2584 1399 2759 1453 operte
2786 1384 2972 1454 pretio,
2994 1386 3172 1440 multis
3196 1400 3321 1440 vero
3345 1385 3552 1455 probris

1984 1488 2046 1527 ac
2088 1474 2416 1528 nocumentis
2463 1475 2821 1542 sequentibus,
2854 1485 2963 1528 tum
2995 1474 3139 1541 suis,
3187 1484 3295 1530 tum
3340 1476 3549 1543 alienis,

1984 1565 2108 1634 quid
2139 1565 2261 1619 hinc
2284 1566 2568 1635 conjicias?
2592 1566 2671 1620 Ex
2693 1566 2902 1621 bonone
2929 1567 3029 1621 hoc
3049 1576 3232 1636 agatur
3259 1568 3548 1637 proposito,

1984 1672 2051 1711 an
2079 1673 2145 1712 ex
2175 1658 2348 1712 malo?
2376 1658 2575 1727 Opinor
2597 1658 2714 1727 quis
2738 1658 2890 1713 facile
2908 1658 3101 1712 dixerit
3128 1657 3268 1727 quod
3297 1673 3359 1712 ex
3385 1658 3544 1713 malo.

1985 1749 2359 1804 Verumtamen
2386 1765 2489 1804 non
2519 1749 2585 1804 de
2628 1750 2692 1805 iis
2724 1749 2852 1819 ipsis
2876 1749 3154 1820 diligenter
3176 1749 3546 1815 scrutabimur,

1987 1840 2080 1895 sed
2122 1849 2346 1910 ponatur
2370 1840 2510 1910 quod
2533 1841 2567 1894 ii
2598 1841 2685 1911 qui
2713 1839 3133 1895 scandalizantur
3151 1854 3257 1894 non
3285 1839 3553 1895 scandali-

1986 1941 2174 1986 zantur
2196 1931 2357 2001 juste,
2386 1931 2479 1986 sed
2509 1941 2707 1986 temere
2726 1940 2779 1985 et
2803 1932 2917 1986 sine
2939 1946 3096 1986 causa
3116 1949 3128 1983 :
3147 1930 3232 1985 dic
3252 1930 3380 1985 mihi
3401 1931 3554 2001 cujus

1983 2023 2149 2092 gratia
2168 2022 2357 2092 virgini
2376 2020 2682 2077 cohabitas?
2707 2020 2857 2076 Nulla
2884 2021 3025 2076 enim
3045 2020 3148 2075 alia
3173 2020 3238 2076 de
3261 2035 3416 2075 causa
3439 2030 3550 2075 sta-

1988 2124 2099 2168 tuta
2124 2123 2207 2169 est
2232 2113 2551 2169 cohabitatio
2575 2112 2706 2177 lucc,
2730 2128 2886 2182 quam
2909 2120 3123 2182 propter
3144 2112 3481 2167 dilectionem
3499 2122 3553 2167 et

1985 2220 2257 2260 amorem:
2286 2221 2405 2260 nam
2422 2205 2569 2260 aufer
2586 2204 2701 2268 hoc,
2723 2213 2777 2258 et
2797 2203 3064 2257 auferetur
3088 2203 3163 2257 rei
3193 2203 3405 2257 utilitas.
3425 2203 3553 2271 Quis

1985 2298 2127 2351 enim
2156 2297 2236 2350 vir
2260 2305 2365 2361 est,
2395 2295 2484 2365 qui
2507 2296 2664 2350 vellet
2692 2294 2808 2349 sine
2831 2294 2929 2350 hac
2952 2293 3265 2348 necessitate
3292 2292 3433 2348 ferre
3456 2292 3553 2348 de-

1986 2388 2132 2443 licias
2158 2397 2212 2443 et
2238 2388 2455 2457 injurias
2492 2387 2775 2443 muliebres
2803 2397 2855 2442 et
2882 2388 2983 2443 alia
3014 2386 3166 2457 hujus
3211 2402 3370 2443 sexus
3390 2388 3555 2442 vitia?

1987 2481 2274 2550 Propterea
2302 2488 2357 2535 et
2379 2480 2447 2534 ab
2471 2480 2621 2534 initio
2650 2481 2786 2534 Deus
2811 2480 3085 2534 mulierem
3115 2480 3217 2534 hoc
3244 2480 3435 2534 robore
3468 2496 3549 2533 ar-

1987 2571 2169 2637 mavit,
2196 2569 2359 2640 probe
2379 2570 2551 2624 sciens
2566 2570 2703 2639 quod
2729 2570 2881 2625 valde
2903 2569 3238 2640 despicabilis
3264 2579 3426 2634 esset,
3455 2568 3555 2624 nisi

1988 2664 2090 2717 hoc
2117 2676 2283 2732 genus
2310 2660 2515 2730 imperii
2545 2659 2836 2725 induceret,
2877 2669 2931 2715 et
2956 2659 3100 2728 quod
3125 2659 3296 2713 nullus
3325 2658 3373 2713 ei
3400 2658 3558 2714 coha-

1988 2754 2243 2807 bitaturus
2282 2762 2443 2817 esset,
2487 2753 2573 2822 qui
2612 2768 2642 2806 a
2685 2752 3059 2821 cupiditatibus
3105 2760 3246 2806 esset
3286 2751 3555 2805 immunis.

1984 2844 2114 2899 Nam
2134 2844 2178 2899 si
2197 2858 2357 2906 nunc,
2375 2858 2494 2898 cum
2516 2852 2621 2897 tam
2640 2845 2949 2898 necessaria:
2970 2844 3190 2898 etutiles
3209 2853 3351 2907 sunt,
3366 2845 3559 2913 quippe

1985 2950 2105 3003 qua:
2143 2943 2194 2989 et
2231 2949 2424 3003 pueros
2467 2942 2762 3002 procreant,
2810 2943 2862 2988 et
2893 2934 3107 2989 domum
3137 2934 3461 2996 custodiunt.
3499 2946 3553 2990 et

1983 3027 2085 3081 alia
2113 3026 2275 3080 multa
2307 3025 2390 3079 his
2419 3026 2565 3095 plura
2594 3026 2965 3080 administrant
3005 3044 3018 3082 :
3047 3028 3089 3081 si
3116 3027 3404 3081 etiamnum
3434 3042 3556 3082 cum

1986 3119 2053 3172 ita
2078 3118 2207 3171 viris
2234 3117 2553 3182 ministrant,
2573 3132 2713 3186 saepe
2741 3127 2913 3170 tamen
2939 3125 3254 3186 contemptae
3280 3126 3422 3183 sunt,
3440 3128 3498 3171 ut
3527 3134 3558 3173 e

1987 3212 2145 3263 domo
2167 3209 2462 3279 ejiciantur,
2492 3208 2757 3277 quomodo
2781 3209 2980 3277 absque
3008 3209 3429 3277 concupiscentia
3456 3224 3555 3263 no-

1987 3301 2068 3356 bis
2094 3315 2213 3356 csse
2243 3310 2460 3370 possunt
2484 3300 2710 3363 dilectae,
2739 3300 3028 3369 praesertim
3066 3316 3184 3370 quae
3226 3316 3323 3356 nos
3348 3309 3428 3355 tot
3460 3317 3559 3370 op-

1985 3393 2213 3462 probriis
2233 3392 2488 3447 onerant?
2514 3392 2611 3447 Vel
2650 3408 2776 3462 ergo
2798 3408 3010 3448 causam
3037 3394 3441 3450 cohabitationis
3477 3395 3558 3449 di-

1988 3484 2109 3549 cite,
2144 3484 2225 3539 vel
2243 3484 2443 3538 nullam
2473 3484 2627 3537 aliaat
2655 3484 2907 3553 suspicari
2928 3499 3169 3553 necesse,
3189 3501 3343 3555 quam
3368 3486 3557 3541 malam

1986 3575 2472 3645 concupiscentiam
2497 3583 2549 3630 et
2581 3575 2980 3644 ignominiosam
3008 3576 3351 3646 voluptatem.

2056 3667 2110 3721 6.
2150 3666 2284 3732 Quid
2308 3666 2483 3737 igitur,
2512 3668 2554 3720 si
2588 3666 2898 3735 poterimus,
2927 3667 3018 3729 ait,
3050 3683 3262 3722 causam
3281 3670 3475 3734 justam
3504 3679 3559 3723 et

1988 3757 2351 3811 rationabilem
2380 3756 2576 3823 dicere,
2606 3773 2729 3810 num
2758 3757 2948 3811 frustra
2980 3757 3093 3813 lnec
3134 3758 3365 3813 dixeris?
3391 3759 3556 3813 Maxi-

1989 3862 2073 3902 me
2119 3846 2329 3917 quidem
2379 3846 2573 3901 nullam
2605 3846 2759 3901 talem
2798 3847 3005 3914 dicetis,
3061 3857 3418 3903 verumtamen
3461 3848 3560 3903 hac

1986 3942 2145 3991 etiam
2174 3939 2379 3993 ratione
2404 3938 2593 3993 vellem
2620 3938 2844 4005 discere,
2868 3955 2933 3994 an
2955 3941 3039 3996 vel
3064 3941 3304 3995 umbram
3331 3942 3559 4011 aliquam

1982 4032 2107 4100 justi
2137 4040 2422 4101 praetextus
2450 4031 2628 4085 dicere
2667 4032 2900 4100 possitis.
2945 4032 3231 4087 Defensore
3269 4043 3434 4098 caret,
3465 4033 3558 4099 ait,

1989 4123 2155 4191 virgo,
2181 4137 2353 4191 neque
2376 4122 2547 4176 virum
2575 4121 2754 4188 habet,
2786 4139 2959 4190 neque
2987 4132 3237 4187 tutorem,
3264 4138 3405 4194 saepe
3432 4125 3556 4178 item

1989 4228 2157 4282 neque
2188 4223 2411 4282 patrem,
2431 4229 2527 4267 nec
2554 4212 2798 4278 fratrem;
2824 4214 3023 4282 indiget
3041 4214 3236 4282 aliquo,
3259 4215 3346 4282 qui
3373 4214 3422 4268 ei
3444 4229 3559 4268 ma-

1989 4320 2112 4357 num
2144 4304 2396 4372 prarbcat,
2443 4314 2497 4358 ct
2537 4304 2785 4358 solitaria:
2814 4319 3099 4359 maerorem
3138 4288 3462 4370 consoletur,
3505 4314 3561 4359 et

1990 4395 2181 4463 ubique
2210 4408 2268 4447 se
2295 4408 2391 4462 pro
2414 4410 2475 4447 ea
2504 4404 2736 4463 opponat
2762 4395 3096 4458 adversariis,
3128 4404 3182 4448 et
3209 4394 3377 4464 ipsam
3400 4396 3452 4449 in
3477 4412 3564 4450 se-

1987 4485 2212 4539 curitate
2239 4494 2292 4539 et
2318 4494 2471 4554 portu
2499 4485 2802 4539 constituat.
2832 4487 2999 4551 Quam
3036 4495 3091 4539 tu
3136 4485 3262 4540 mihi
3305 4490 3560 4540 securita-

1989 4585 2115 4639 tem,
2142 4591 2343 4645 qumso,
2375 4592 2529 4643 quem
2558 4587 2766 4644 portum
2797 4576 3017 4631 narras?
3048 4576 3237 4631 Portus
3262 4578 3403 4632 enim
3437 4594 3560 4646 pro-

1991 4669 2336 4738 pugnaculum
2367 4668 2520 4723 video
2547 4683 2649 4721 non
2681 4684 2868 4723 arcens
2905 4669 3116 4732 fluctus,
3163 4669 3254 4725 sed
3301 4671 3559 4734 excizans,

1987 4768 2039 4812 et
2063 4766 2270 4827 portum
2293 4774 2396 4812 non
2416 4759 2853 4826 comprituentem
2876 4768 3235 4827 tempestates,
3260 4759 3350 4813 sed
3373 4776 3560 4829 graves

1988 4868 2104 4923 qua:
2132 4869 2235 4906 non
2263 4852 2485 4906 aderant
2511 4862 2811 4905 moventem
2836 4851 3112 4920 procellas.
3144 4851 3257 4905 Non
3286 4853 3563 4906 confundi-

1989 4945 2135 5008 inini,
2169 4959 2271 4998 non
2299 4944 2475 4997 vultus
2503 4952 2707 4998 vestros
2735 4943 3000 5013 obtegitis,
3042 4943 3167 4997 dum
3208 4943 3344 4998 hanc
3372 4944 3560 4999 defen-

1987 5037 2189 5089 sionem
2221 5034 2454 5088 affertis?
2480 5034 2609 5088 Nam
2640 5034 2684 5088 si
2723 5051 2787 5088 ex
2831 5033 2932 5089 hoc
2960 5034 3253 5088 ministerio
3281 5051 3450 5104 neque
3474 5052 3567 5089 ar.

1986 5127 2208 5187 cusatio,
2234 5141 2401 5195 neque
2417 5125 2690 5189 damnum,
2717 5141 2886 5194 neque
2907 5125 3210 5180 scandalum
3234 5136 3561 5194 nasceretur,

1988 5217 2080 5272 sed
2111 5216 2247 5271 fama
2278 5217 2454 5271 adhuc
2482 5217 2627 5270 salva
2682 5217 2861 5270 liceret
2892 5217 3028 5270 istud
3060 5217 3229 5284 ipsum
3274 5220 3466 5283 facere,
3497 5235 3562 5273 an
3592 5260 3597 5287 ᾗ

1991 5324 2095 5362 non
2124 5308 2408 5361 admodum
2454 5308 2632 5361 miseri
2664 5308 2873 5372 essetis,
2906 5308 3016 5376 qui,
3061 5308 3185 5361 dum
3213 5308 3424 5362 divitias
3449 5310 3565 5378 ejus

1987 5399 2191 5468 augetis
2217 5406 2270 5452 et
2298 5397 2362 5451 ad
2390 5397 2728 5466 pecuniarum
2767 5411 3000 5451 amorem
3031 5397 3172 5451 illam
3200 5398 3481 5464 exercetis,
3512 5399 3562 5451 in

1990 5488 2197 5557 negotia
2248 5487 2508 5557 conjicitis
2536 5497 2590 5541 et
2617 5486 2683 5540 ad
2730 5486 3027 5541 mundanas
3076 5502 3232 5541 curas
3280 5487 3558 5541 instituitis

1990 5592 2411 5641 meonomorum,
2439 5585 2742 5631 curaturum
2772 5587 2826 5631 et
2867 5576 3159 5631 forensium
3186 5576 3357 5631 officia
3383 5575 3561 5632 adire-

1992 5670 2093 5722 tis?
2122 5668 2235 5722 Non
2274 5669 2513 5736 poteritis
2543 5668 2705 5721 multa
2735 5667 2802 5721 de
2845 5676 3155 5737 paupertate
3184 5666 3467 5729 disserere,
3500 5681 3563 5721 ac

1990 5759 2307 5827 persuadere
2337 5770 2394 5812 ut
2423 5758 2696 5813 facultates
2717 5768 3141 5820 contemnantur,
3165 5758 3254 5827 qui
3281 5757 3454 5811 omnia
3478 5756 3561 5810 fa-

1989 5851 2128 5914 citis,
2163 5859 2218 5904 ut
2263 5849 2539 5903 facultates
2580 5861 2824 5903 maneant
2862 5857 2915 5903 et
2939 5858 3252 5919 augeantur,
3286 5858 3341 5903 ut
3378 5848 3569 5917 opibus
