4036 6416
451 406 556 462 503

450 538 580 592 opes
603 529 929 588 accrescant,
957 521 1221 576 institores
1255 520 1466 590 quidam
1493 529 1547 574 et
1571 519 1760 574 iterum
1799 516 2009 572 instito-

451 627 540 666 res
563 619 777 682 propter
799 610 915 665 illas
940 610 1082 675 facti,
1110 612 1315 665 tametsi
1342 610 1574 664 inutiles.
1601 607 1717 663 Non
1759 607 1900 662 enim
1926 607 2009 660 in-

449 717 620 771 genua
645 715 766 772 spes
785 711 981 756 vestra.
997 699 1128 756 Nam
1147 715 1267 756 cum
1286 701 1415 770 jussi
1440 699 1642 756 fueritis
1663 707 1872 769 portare
1890 714 2011 754 cru-

451 809 567 848 cem
591 801 646 848 et
673 792 823 864 sequi
847 792 1135 858 Christum,
1165 793 1366 862 abjecta
1410 807 1589 858 cruce,
1630 791 1778 862 quasi
1804 789 2010 844 eﬂ'emi-

451 891 560 944 nati
605 889 799 945 milites
847 897 998 944 scuto
1045 890 1301 958 projecto,
1345 887 1412 941 ad
1455 887 1630 940 colum
1667 895 1720 940 et
1746 883 2010 938 calathum

448 981 754 1045 considetis,
784 995 880 1050 per
918 981 1072 1034 aliam
1099 979 1385 1048 turpiorem
1415 977 1720 1033 methodum
1749 985 1929 1046 aperta
1958 975 2010 1028 in

447 1079 762 1141 praesentem
806 1073 966 1126 vitam
991 1070 1172 1140 janua.
1203 1069 1317 1124 Non
1338 1071 1476 1124 enim
1509 1077 1614 1122 tam
1644 1077 1793 1135 turpe
1812 1073 1895 1130 est
1917 1079 2010 1120 eos

446 1162 538 1233 qui
566 1162 616 1216 in
643 1162 979 1217 matrimonio
1003 1170 1126 1216 sunt
1152 1159 1267 1215 ha-c
1293 1158 1686 1224 administrare,
1717 1171 1873 1226 quam
1913 1169 2012 1210 vos

446 1253 536 1323 qui
560 1252 818 1308 simulatis
843 1267 938 1308 vos
967 1253 1218 1308 resiliisse
1241 1266 1270 1305 a
1301 1251 1636 1321 prmsentium
1667 1263 1844 1312 rerum
1869 1248 2012 1321 curis

445 1345 546 1400 sub
569 1343 787 1400 alterius
806 1358 1035 1413 persona
1055 1344 1247 1398 iterum
1266 1340 1477 1397 easdem
1498 1340 1692 1394 subire.
1724 1339 2010 1408 Propterea

444 1435 756 1492 helluonum
780 1445 837 1491 et
859 1435 1186 1492 adulatorum
1211 1445 1268 1490 et
1295 1433 1642 1504 parasitorum
1683 1439 1738 1486 et
1779 1429 2013 1485 mulieri-

445 1528 545 1582 bus
585 1528 924 1584 servientium
954 1527 1145 1598 ubique
1186 1527 1378 1583 famam
1412 1525 1744 1596 suscipimus,
1769 1521 2010 1592 quando-

445 1619 657 1689 quidem
679 1620 937 1690 abjectam
957 1634 1166 1675 omnem
1186 1619 1591 1690 generositatem
1613 1617 1764 1672 nobis
1779 1630 2010 1686 superne

443 1711 620 1772 datam
650 1725 769 1766 cum
810 1710 1099 1766 servilitate
1144 1718 1199 1765 et
1243 1710 1442 1764 vilitate
1470 1716 1679 1764 terrena
1709 1715 2008 1761 commuta-

444 1821 584 1861 mtts.
615 1806 684 1861 Et
702 1805 976 1861 viduarum
1002 1804 1212 1876 quidem
1241 1803 1551 1874 dispensare
1573 1817 1703 1872 opes
1727 1801 2011 1856 noluerunt

443 1898 684 1968 generosi
710 1898 835 1952 olim
865 1898 942 1952 illi
967 1897 1088 1962 viri,
1119 1912 1239 1952 cum
1278 1904 1423 1952 tanta
1471 1895 1595 1951 inde
1633 1894 1864 1958 oriretur
1893 1893 2008 1947 bla-

442 1989 682 2060 sphemia
708 1989 847 2061 quod
873 1991 1049 2045 nullus
1067 1997 1212 2046 esset
1233 1990 1322 2060 qui
1349 1988 1760 2053 administraret,
1782 1985 1877 2040 sed
1896 1985 2012 2047 exi-

442 2081 719 2136 stimantes
754 2061 856 2135 hoc
884 2080 1102 2136 inferius
1129 2093 1248 2135 esse
1268 2093 1363 2151 sua
1391 2076 1745 2148 philosophia,
1772 2075 1890 2130 aliis
1915 2074 2009 2130 de-

442 2170 777 2225 mandarunt.
803 2169 912 2226 Nos
934 2179 1108 2225 autem
1134 2185 1240 2223 non
1267 2168 1630 2225 erubescimus
1652 2166 1861 2220 divitias
1881 2166 2010 2219 alie-

442 2275 539 2316 nas
557 2276 751 2332 augere
775 2275 896 2316 cum
913 2261 1107 2315 damno
1132 2259 1536 2329 possidentium,
1564 2257 1730 2314 nihilo
1755 2256 2006 2310 meliores

441 2349 698 2406 eunuchis
725 2350 778 2404 in
818 2349 921 2406 hoc
959 2349 1248 2420 occupatis,
1276 2348 1468 2418 quibus
1506 2346 1810 2400 mandatum
1840 2352 2010 2399 estut

441 2441 676 2510 quotidie
695 2441 1004 2511 sanguinem
1029 2449 1084 2495 et
1104 2440 1333 2514 animam
1357 2438 1408 2492 in
1437 2437 1682 2492 manibus
1703 2437 1933 2490 feramus
1955 2437 2005 2488 in

441 2536 608 2588 vicem
630 2549 916 2588 armorum.
947 2533 1081 2599 Quid
1108 2530 1297 2601 igitur?
1317 2530 1652 2601 oportebitue
1681 2529 1859 2582 omnia
1888 2542 2007 2596 quze

440 2623 630 2694 virgini
673 2623 947 2692 rapiuntur
973 2630 1332 2682 contemnere.
1377 2619 1502 2674 dum
1547 2619 1801 2673 tolluntur
1824 2628 1877 2672 et
1904 2618 2008 2672 cir-

439 2715 803 2770 cumferuntur
829 2730 858 2768 a
885 2713 1144 2784 cognatis,
1186 2727 1217 2767 a
1261 2710 1627 2775 familiaribus,
1659 2718 1713 2765 et
1741 2709 1928 2764 alienis
1957 2717 2010 2762 et

441 2806 783 2862 domesticis?
809 2804 1047 2875 profecto
1085 2803 1358 2874 pulchram
1399 2801 1682 2857 reddemus
1708 2801 1896 2870 virgini
1924 2815 2008 2854 re-

441 2897 800 2958 tributionem,
830 2895 972 2966 quod
1001 2909 1170 2962 neque
1203 2893 1462 2964 nupserit,
1490 2907 1660 2962 neque
1687 2898 2003 2960 przesentem

441 2987 692 3042 mundum
721 2985 983 3052 dilexerit,
1013 2985 1107 3041 sed
1138 3000 1235 3055 pro
1256 2984 1502 3049 omnibus
1539 2982 1804 3039 Christum
1827 2982 2008 3050 elege-

439 3081 528 3145 rit,
551 3081 784 3135 sinentes
810 3078 950 3132 illam
975 3077 1267 3147 expositam
1290 3075 1375 3141 iis,
1405 3076 1493 3145 qui
1523 3090 1640 3129 eam
1671 3072 2008 3128 facultatibus

439 3173 551 3227 suis
575 3173 802 3240 privant.
826 3169 894 3224 Et
912 3177 1109 3240 quanto
1135 3168 1301 3223 satius
1339 3166 1439 3236 ipsi
1461 3174 1574 3232 erat
1601 3164 1820 3227 nubere,
1849 3173 1902 3218 et
1927 3163 2005 3216 uti

438 3260 823 3325 contubernali,
871 3259 956 3315 cui
1000 3259 1328 3313 incumberet
1365 3256 1552 3318 harum
1580 3269 1754 3324 rerum
1785 3253 2011 3327 admini-

437 3355 831 3423 stratio,quam
880 3351 925 3405 si
978 3351 1194 3419 innupta
1242 3363 1461 3417 manens
1504 3345 1710 3402 fmdera
1737 3361 1859 3401 cum
1901 3346 2010 3399 Deo

437 3448 563 3501 inita
591 3443 886 3506 conculcet,
915 3449 968 3495 et
996 3440 1242 3510 injuriam
1268 3438 1426 3493 faciat
1453 3437 1531 3492 rei
1555 3445 1660 3490 tam
1687 3435 1928 3494 honesta:
1947 3450 2011 3503 ac

435 3537 757 3602 reverendae,
788 3543 842 3592 et
867 3532 1004 3590 alios
1028 3545 1236 3601 quoque
1263 3529 1327 3584 ad
1355 3527 1621 3598 naufragia
1646 3543 1862 3595 suorum
1893 3542 2006 3601 ma-_-

436 3629 606 3683 lorum
638 3627 845 3682 trahat?
871 3626 986 3694 Quo
1013 3633 1167 3695 pacto
1205 3627 1382 3680 autem
1416 3619 1551 3672 hanc
1579 3618 1825 3672 omnibus
1851 3616 2009 3671 Chri-

436 3729 574 3774 stum
601 3719 895 3790 praetulisse
921 3717 1086 3780 dices,
1112 3731 1231 3770 cum
1260 3714 1504 3770 Christus
1524 3709 1718 3780 clamet
1745 3722 1809 3766 ac
1829 3706 2006 3768 dicat:

437 3810 560 3866 Non
585 3811 788 3880 potestis
813 3807 996 3862 seruire
1027 3808 1130 3862 Deo
1150 3816 1197 3861 et
1220 3821 1520 3872 mammam;
1553 3804 1765 3876 (Matth.
1793 3803 1846 3858 6.
1876 3800 2010 3874 24)?

435 3905 552 3973 Quo
577 3912 729 3974 pacto
768 3903 893 3956 item
937 3899 1189 3955 mundum
1215 3893 1284 3954 et
1326 3897 1608 3968 praesentia
1651 3896 1774 3960 odio
1813 3895 2012 3951 habere

435 3996 657 4068 poteris,
685 3994 773 4066 qui
801 3991 1258 4062 concupiscentias
1286 3989 1446 4059 hujus
1473 3988 1655 4043 mundi
1685 4003 1792 4042 non
1829 4002 2011 4059 asper-

437 4086 639 4142 uandas
663 4084 886 4141 suades?
914 4083 1194 4152 Quomodo
1215 4091 1390 4136 autem
1417 4095 1536 4136 eam
1563 4094 1683 4148 qua:
1714 4079 1882 4132 virum
1912 4077 2013 4132 ha-

435 4179 527 4234 bet
546 4176 747 4232 hortari
772 4184 942 4246 potes,
967 4181 1027 4228 ut
1050 4179 1358 4228 contemnat
1383 4185 1534 4240 opes,
1562 4185 1683 4225 cum
1727 4178 1782 4223 tu
1823 4168 2009 4238 virgini

437 4261 648 4324 divitias
672 4264 988 4334 conquiras?
1014 4264 1078 4318 Et
1095 4263 1230 4316 hanc
1253 4262 1420 4332 ipsam
1443 4259 1710 4331 quomodo
1737 4260 2012 4329 permittes

436 4360 651 4416 assidue
692 4369 748 4415 et
785 4365 1090 4413 constanter
1131 4353 1336 4411 haerere
1367 4355 1606 4418 Domino,
1635 4369 1754 4408 cum
1797 4367 2011 4408 omnem

438 4455 602 4506 vitam
625 4460 680 4506 et
714 4465 874 4505 omne
902 4448 1134 4504 studium
1182 4448 1236 4501 in
1283 4446 1398 4517 ejus
1439 4447 1667 4515 negotiis
1702 4443 2012 4513 expendas?

439 4541 716 4613 Quomodo
755 4541 950 4612 poterit
987 4541 1135 4610 virgo
1176 4539 1560 4610 philosophari,
1610 4555 1729 4593 cum
1760 4547 1812 4593 te
1840 4538 2010 4592 virum

439 4634 618 4689 videat
643 4633 858 4703 indigne
883 4631 1024 4687 ferre
1049 4633 1095 4687 si
1119 4631 1235 4701 ejus
1256 4632 1490 4700 pecunia:
1512 4629 1862 4700 diripiantur?
1881 4645 2014 4698 quo-

441 4725 602 4781 modo
633 4725 824 4795 poterit
847 4723 1100 4778 damnum
1117 4724 1444 4793 contemptui
1463 4720 1676 4784 habere,
1700 4736 1820 4775 cum
1853 4729 1902 4774 te
1931 4720 2012 4773 vi-

441 4819 567 4872 deat
592 4816 768 4871 omnia
801 4815 1082 4870 facientem
1121 4823 1177 4870 et
1209 4813 1493 4882 patientem
1519 4821 1577 4866 ut
1599 4812 1742 4867 illius
1767 4826 1898 4879 opes
1922 4827 2012 4866 ac-

443 4906 716 4963 cumules?
741 4905 855 4961 Non
883 4906 961 4961 sic
1002 4921 1102 4960 nos
1139 4905 1278 4959 Deus
1305 4919 1336 4958 a
1364 4905 1587 4974 negotiis
1631 4903 1846 4958 liberari
1876 4903 2009 4970 vult,

445 4999 540 5054 sed
569 5006 914 5052 contemnere
953 4995 1249 5058 facultates,
1274 5005 1328 5050 et
1351 4994 1597 5050 omnibus
1622 5010 1740 5064 qua:
1767 4994 1833 5048 ad
1877 4993 2016 5050 hanc

444 5092 607 5145 vitam
635 5090 901 5158 pertinent
921 5087 1245 5144 renuntiare.
1273 5089 1344 5140 At
1369 5102 1472 5140 non
1501 5086 1674 5140 sinitis
1693 5100 1809 5149 vos,
1841 5100 2016 5154 neque

445 5182 736 5240 conceditis
779 5181 948 5250 legem
991 5178 1083 5234 Dei
1123 5179 1322 5233 valere.
1360 5176 1495 5244 Quid
1536 5193 1684 5246 ergo,
1716 5179 1759 5230 si
1789 5176 2012 5230 aliorum

445 5291 580 5346 opus
607 5274 799 5329 habeat
814 5273 1122 5343 patrocinio,
1144 5271 1332 5341 inquit,
1355 5279 1410 5324 et
1432 5270 1592 5323 multa
1622 5269 1755 5324 ferat
1777 5269 2016 5339 indigna?

447 5384 514 5422 an
545 5382 648 5421 non
675 5365 887 5435 indigna
907 5373 1031 5418 sunt
1055 5363 1168 5418 lucc
1187 5362 1420 5432 virgine?
1447 5361 1556 5415 lmo
1584 5360 1714 5416 nihil
1741 5371 1847 5415 tam
1874 5361 2013 5415 indi-

445 5474 608 5530 gnum
637 5458 855 5528 virgine,
883 5465 943 5511 ut
970 5455 1128 5510 ditari
1169 5464 1224 5510 et
1260 5454 1591 5524 negotiorum
1637 5453 1790 5508 turba
1837 5453 2013 5508 obrui.

447 5549 585 5619 Quid
605 5558 803 5614 autem,
832 5548 875 5601 si
903 5556 958 5602 et
981 5547 1081 5600 alia
1106 5560 1226 5599 cum
1254 5544 1337 5598 his
1358 5544 1558 5612 jubeat,
1581 5543 1751 5614 qualia
1778 5551 1902 5597 sunt
1920 5543 2018 5598 [ω-

449 5639 626 5696 nerari
650 5653 860 5701 aurum,
893 5637 1082 5692 deinde
1113 5635 1264 5690 nobis
1291 5633 1492 5688 vocatis
1513 5633 1580 5687 ad
1617 5633 1934 5688 commercia
1961 5633 2016 5688 id

450 5747 554 5786 non
582 5730 926 5800 persuaserit,
947 5738 1003 5783 et
1024 5742 1144 5782 cum
1173 5741 1277 5780 non
1308 5726 1650 5798 persuaserit,
1679 5727 1812 5781 alios
1837 5725 2012 5791 adeat,

448 5838 615 5897 eosne
635 5823 686 5878 in
720 5836 879 5879 causa
903 5821 1139 5880 erimus?
1162 5819 1298 5889 Quid
1331 5830 1528 5888 autem,
1559 5821 1602 5876 si
1633 5821 2015 5891 negotiationes

1182 403 1238 459 S.
1279 401 1555 460 .IOANNIS
1591 397 2068 459 CllliYSOSTOMl
2103 396 2420 456 ARCﬂlEP.
2454 400 2988 468 COHSTANTINOP.

3579 414 3688 473 50!

2119 517 2320 584 aliquas
2345 517 2475 578 alias
2503 520 2784 577 illiberales
2809 533 2864 577 et
2891 525 3111 589 serviles
3136 526 3375 592 instruat,
3404 529 3596 587 deinde
3617 537 3687 597 si,

2114 619 2234 674 eum
2264 622 2362 661 nos
2397 612 2671 678 cooperari
2702 614 3044 677 uoluerimus,
3075 615 3191 668 aliis
3217 618 3525 686 quibusdam
3552 637 3688 690 Opus

2118 697 2330 764 habeat,
2362 700 2574 770 diguine
2601 703 2802 758 erimus
2830 706 2918 773 qui
2944 706 3358 778 redarguamur?
3383 711 3536 766 Nullo
3558 731 3685 768 mo-

2118 790 2207 856 do,
2241 792 2367 860 quin
2401 795 2573 860 potius
2599 794 2742 866 digni
2770 799 2861 866 qui
2906 798 3182 854 laudemur
3207 819 3220 854 :
3243 818 3363 856 nam
3389 815 3568 859 contra
3599 807 3684 859 vi-

2119 883 2326 950 tuperio
2345 885 2486 952 digni
2509 901 2768 952 essemus,
2786 889 2830 942 si
2854 900 3064 945 mutuas
3080 891 3186 946 illis
3203 907 3390 961 operas
3410 895 3683 952 daremus.

2117 971 2208 1026 Vis
2233 989 2338 1028 non
2361 974 2560 1031 auferri
2585 994 2755 1048 neque
2779 980 2934 1050 diripi
2961 997 3090 1051 opes
3115 983 3293 1039 illius?
3316 986 3538 1042 admone
3561 1005 3684 1044 eam

2115 1072 2172 1116 ut
2195 1064 2442 1133 deponat,
2473 1069 2560 1122 ubi
2587 1085 2757 1140 neque
2777 1072 2888 1125 viro
2911 1088 3043 1142 opus
3069 1075 3260 1131 habeat
3277 1077 3342 1131 ad
3363 1080 3679 1145 custodiam,

2113 1163 2169 1207 ct
2201 1166 2451 1224 perpetuo
2493 1159 2710 1229 integra:
2741 1173 3014 1228 maneant;
3059 1166 3103 1218 si
3132 1175 3310 1235 autem
3340 1169 3560 1226 voluerit
3588 1187 3687 1226 neb

2113 1245 2250 1312 gotia
2281 1247 2491 1314 habere,
2514 1265 2678 1319 quare
2699 1252 2830 1308 ludit
2849 1255 2900 1308 in
2923 1271 3025 1311 non
3055 1258 3303 1314 ludicris?
3322 1260 3451 1316 Nam
3472 1264 3517 1317 si
3532 1264 3685 1332 virgo

2114 1334 2229 1390 hzec
2255 1347 2399 1406 agat,
2440 1339 2574 1395 ludit
2613 1343 2792 1398 ludum
2820 1360 2925 1400 non
2946 1346 3260 1416 jucundum,
3303 1353 3395 1406 sed
3444 1354 3686 1409 mortife-

2114 1441 2254 1480 rum.
2300 1429 2522 1496 Quando
2566 1433 2706 1486 enim
2749 1434 3031 1491 obnoxiam
3080 1439 3160 1492 his
3205 1442 3575 1498 certaminibus
3623 1459 3686 1498 se

2112 1521 2402 1585 constituit,
2433 1533 2486 1576 et
2514 1525 2691 1579 omnia
2721 1526 2931 1596 indigna
2974 1543 3068 1583 sua
3107 1531 3482 1599 pollicitatione
3524 1534 3674 1597 facit,

2113 1609 2283 1678 major
2312 1626 2480 1690 paena,
2517 1617 2727 1683 gravior
2753 1626 2832 1671 est
2853 1628 3030 1686 parata
3055 1621 3305 1674 vindicta.
3331 1621 3464 1677 Num
3486 1624 3682 1678 audisti

2111 1705 2320 1772 qualem
2366 1707 2462 1776 ipsi
2506 1709 2674 1778 legem
2718 1712 2892 1780 posuit
2934 1711 3148 1780 Paulus,
3181 1715 3288 1768 imo
3323 1714 3564 1772 Christus
3586 1720 3681 1785 qui

2112 1808 2208 1861 per
2235 1794 2380 1850 illum
2406 1796 2653 1864 loquutus
2682 1809 2784 1864 est,
2810 1801 2949 1869 quod
2978 1802 3144 1856 divisa
3171 1815 3252 1858 est
3278 1805 3466 1858 mulier
3489 1817 3542 1858 et
3567 1808 3683 1858 vir~

2111 1883 2212 1952 go?
2238 1883 2306 1937 Et
2333 1902 2444 1956 qum
2467 1888 2678 1956 innupta
2701 1899 2776 1946 est
2798 1893 2982 1962 cogitat
3005 1909 3119 1963 qua:
3141 1904 3258 1947 sunt
3288 1894 3509 1959 Domini,
3539 1907 3590 1949 ut
3617 1897 3683 1950 sit

2111 1985 2286 2026 saucia
2315 1986 2358 2028 et
2384 1992 2593 2046 corpore
2611 1989 2657 2037 et
2675 1981 2857 2048 spiritu
2889 1983 2934 2054 (l
2948 2021 2962 2034 .
2983 1982 3101 2037 Cor.
3125 1985 3176 2044 7,
3195 1985 3318 2056 54)?
3336 1986 3442 2041 Sed
3463 2003 3555 2041 vos
3572 2004 3680 2042 non

2112 2063 2307 2128 sinitis,
2337 2075 2391 2119 et
2418 2067 2592 2121 omnia
2617 2085 2800 2124 earum
2827 2071 3088 2128 desideria
3113 2076 3472 2130 auscultantes
3510 2081 3680 2146 magis

2110 2167 2269 2220 quam
2288 2157 2525 2224 emptitia
2543 2159 2799 2228 mancipia
2827 2162 3073 2231 morigeri
3094 2163 3240 2218 estis.
3271 2164 3340 2218 Ita
3364 2175 3466 2229 est,
3491 2167 3683 2235 inquit.

2112 2246 2248 2311 Quid
2271 2248 2446 2316 igitur,
2476 2250 2521 2303 si
2545 2260 2787 2306 extrema
2817 2252 2990 2322 inopia
3014 2254 3255 2310 laboret?
3273 2256 3401 2310 Nam
3426 2257 3493 2312 de
3511 2258 3682 2312 abun.

2110 2335 2358 2391 dantibus
2401 2338 2514 2393 haec
2553 2340 2690 2396 bene
2733 2357 2762 2396 a
2812 2351 2864 2397 te
2911 2345 3050 2398 dicta
3079 2355 3200 2400 sunt
3233 2364 3248 2401 :
3279 2362 3396 2416 qua:
3423 2357 3595 2401 autem
3627 2350 3680 2402 in

2113 2427 2451 2484 mendicitate
2474 2438 2526 2484 et
2551 2431 2724 2500 inopia
2746 2434 2907 2486 multa
2930 2437 3184 2504 neglectae
3202 2435 3400 2505 jaceut,
3427 2438 3551 2506 quid
3574 2440 3682 2493 cri-

2111 2517 2270 2572 minis
2317 2529 2396 2572 est
2437 2521 2483 2574 si
2527 2523 2833 2591 erigantur?
2862 2524 3072 2579 Utinam
3125 2543 3228 2580 non
3259 2528 3580 2596 dejecissetis
3625 2541 3683 2583 et

2112 2607 2453 2676 depulissetis
2481 2627 2571 2666 eas
2595 2613 2645 2666 in
2673 2614 2982 2682 perditionis
3004 2618 3272 2683 barathra,
3302 2630 3355 2674 et
3381 2620 3430 2674 id
3451 2621 3682 2689 aptabile

2111 2709 2274 2756 esset.
2292 2703 2575 2758 Enimvero
2597 2707 2640 2758 si
2669 2705 2771 2760 hoc
2793 2708 2920 2762 facis
2936 2711 3235 2780 obsequens
3264 2711 3379 2780 ejus
3407 2711 3680 2777 mandato,

2111 2793 2197 2859 qui
2224 2794 2377 2861 jussit
2409 2798 2725 2866 pauperibus
2749 2799 2986 2855 subsidio
3010 2816 3148 2866 esse,
3174 2801 3338 2858 habes
3356 2804 3545 2858 multos
3563 2803 3681 2858 fra-

2113 2893 2255 2950 tres;
2305 2886 2375 2939 ibi
2401 2887 2599 2942 bonum
2627 2889 2727 2943 hoc
2753 2904 2886 2958 opus
2913 2893 3128 2959 exhibe,
3173 2894 3263 2948 ubi
3317 2895 3446 2950 nihil
3486 2896 3687 2950 subibit

2111 2975 2431 3030 offendiculo
2459 2977 2722 3045 futurum;
2766 2990 2821 3034 at
2851 2983 2936 3036 hic
2963 2983 3302 3055 eleemosyna
3344 2986 3487 3040 omni
3528 2987 3689 3042 inhu-

2112 3069 2366 3123 manitate
2389 3078 2444 3124 et
2469 3072 2780 3128 crudelitate
2819 3075 3053 3130 deterior
3079 3086 3182 3131 est.
3213 3078 3342 3144 Quae
3367 3080 3508 3139 enim
3541 3086 3692 3137 utili-

2113 3167 2211 3224 tas,
2240 3159 2367 3213 dum
2400 3170 2453 3214 tu
2483 3163 2695 3230 quidem
2733 3179 2928 3234 corpus
2972 3167 3094 3233 alis,
3135 3168 3366 3227 animum
3392 3185 3564 3227 autem
3593 3175 3696 3227 de.

2113 3250 2335 3319 primis?
2360 3252 2569 3320 quando
2587 3265 2790 3309 vestem
2814 3256 2930 3321 das,
2957 3259 3313 3326 suspicionem
3339 3274 3512 3319 autem
3533 3265 3698 3319 nudi-

2114 3353 2220 3398 tale
2252 3345 2538 3414 turpiorem
2569 3345 2733 3401 facis?
2759 3349 2969 3418 quande
2999 3355 3192 3424 prodes
3224 3357 3273 3410 in
3306 3357 3369 3410 iis
3399 3373 3516 3427 qua:
3557 3368 3694 3411 sunt

2113 3435 2374 3502 corporis,
2405 3435 2585 3492 omnia
2611 3448 2787 3496 autem
2832 3443 3122 3513 spiritualia
3152 3445 3449 3515 disperdis?
3473 3447 3696 3515 quando

2114 3525 2162 3579 ei
2196 3539 2502 3594 prosperam
2532 3546 2644 3587 rem
2671 3532 2802 3588 facis
2832 3536 2882 3598 in
2907 3543 3072 3602 terra,
3100 3536 3249 3604 ejicis
3278 3537 3700 3592 autemeca-lis?

2114 3616 2296 3682 Qualis
2325 3632 2502 3678 autem
2533 3626 2645 3679 lucc
2671 3625 3029 3703 eleemosyua.
3050 3628 3261 3696 quando
3289 3629 3455 3702 gloria
3481 3629 3700 3683 Domini

2116 3716 2446 3784 contemptui
2470 3726 2574 3782 est,
2606 3717 2818 3793 quando
2842 3720 3014 3790 palam
3034 3728 3157 3774 sunt
3173 3721 3451 3789 Oppi-ebria
3478 3733 3532 3776 et
3557 3738 3702 3777 cou—

2115 3803 2252 3859 fusio
2281 3793 2596 3861 et’convicia
2624 3816 2677 3861 et
2701 3817 3015 3882 scommata,
3063 3818 3118 3864 ct
3147 3810 3266 3879 ejus
3287 3813 3437 3880 cujus
3461 3811 3707 3867 misere-

2115 3896 2212 3961 ris,
2236 3904 2293 3951 et
2331 3897 2557 3952 aliorum
2589 3899 2876 3954 multorum
2903 3900 2990 3970 qui
3017 3901 3476 3956 scandalizautur?
3515 3902 3637 3958 Non
3672 3922 3705 3957 a

2115 3989 2503 4057 misericordia,
2525 3990 2620 4046 sed
2648 3991 2716 4047 ab
2746 3992 3028 4047 inhumana
3057 4003 3112 4049 et
3135 3994 3336 4049 crudeli
3374 3996 3549 4049 anima
3579 3995 3710 4051 ha-c

2116 4081 2546 4152 proficiscuntur.
2575 4083 2707 4138 Nam
2737 4084 2782 4139 si
2804 4100 2870 4139 ex
2897 4086 3259 4145 misericordia
3279 4096 3335 4142 et
3363 4087 3708 4146 humanitate

2116 4181 2316 4238 essent,
2342 4175 2455 4227 haec
2475 4173 2616 4228 circa
2644 4175 2787 4229 viros
2807 4190 3019 4246 quoque
3038 4176 3298 4233 exhibere
3320 4179 3623 4245 Oportebat.

2188 4264 2241 4318 7.
2271 4265 2342 4318 At
2367 4265 2640 4331 mulieres,
2669 4265 2863 4336 inquis,
2892 4268 3095 4338 majore
3119 4282 3254 4338 opus
3283 4267 3476 4324 habent
3509 4279 3705 4337 patro-

2116 4354 2292 4422 cinio,
2335 4356 2434 4410 viri
2463 4365 2640 4412 autem
2667 4373 2698 4412 a
2739 4369 2923 4412 natura
2953 4359 3114 4414 multa
3145 4359 3344 4416 habent
3370 4360 3712 4429 adjumeuta.

2118 4445 2256 4514 Quin
2285 4456 2338 4501 et
2365 4447 2417 4500 in
2447 4447 2574 4501 viris
2603 4448 2755 4503 multi
2797 4459 2922 4505 sunt
2961 4451 3271 4507 mulieribus
3299 4450 3624 4507 infirmiores
3655 4466 3713 4507 et

2118 4539 2188 4594 ob
2212 4540 2466 4610 grandem
2497 4552 2765 4597 senectam
2782 4584 2798 4608 ,
2825 4551 2879 4598 et
2905 4543 2974 4598 ob
3002 4543 3379 4608 valetudinem,
3407 4555 3459 4598 et
3483 4545 3555 4598 ob
3580 4562 3716 4598 mu-

2121 4631 2410 4687 tilationem
2443 4635 2704 4704 corporis,
2733 4645 2788 4689 et
2815 4635 2884 4690 ob
2911 4636 3125 4691 morbos
3150 4652 3357 4708 graves,
3383 4638 3628 4707 aliasque
3661 4639 3719 4692 id

2118 4739 2287 4795 genus
2313 4740 2501 4779 causas
2526 4743 2538 4779 :
2561 4737 2927 4782 verumtamen
2970 4729 3092 4797 quia
3129 4729 3359 4783 maxime
3387 4728 3536 4782 vobis
3558 4745 3720 4783 curm

2120 4828 2201 4870 est
2227 4817 2505 4872 mulierum
2535 4833 2722 4887 genus,
2745 4825 2928 4887 utpote
2953 4819 3233 4883 infirmius,
3264 4830 3318 4874 et
3344 4819 3409 4874 ad
3429 4834 3523 4873 eas
3548 4821 3724 4874 valde

2121 4907 2496 4963 misericordes
2544 4916 2601 4964 et
2642 4910 3027 4978 compatientes
3073 4911 3233 4976 estis,
3285 4925 3456 4980 neque
3499 4911 3599 4965 hac
3658 4913 3724 4969 in

2121 5007 2272 5069 parte
2299 4999 2581 5054 occasione
2617 4999 2999 5063 destituemnr,
3053 5001 3145 5055 sed
3184 5001 3526 5056 ostendemus
3551 5003 3724 5057 vobis

2124 5103 2436 5160 argumenta
2467 5092 2519 5145 in
2547 5092 2737 5162 quibus
2780 5092 2909 5146 nihil
2948 5093 3189 5161 vituperii
3229 5104 3282 5146 et
3323 5092 3584 5148 mercedis
3625 5105 3730 5150 est

2125 5185 2434 5254 plurimum.
2489 5185 2624 5239 Sunt
2663 5185 2806 5238 enim
2856 5194 2911 5239 et
2960 5185 3213 5240 mulieres
3262 5184 3500 5254 quaedam
3551 5187 3728 5240 senio

2123 5273 2400 5340 confectaa,
2447 5275 2532 5329 vel
2579 5275 2798 5330 resectis
2841 5275 3105 5338 manibus,
3159 5275 3244 5330 vel
3290 5287 3458 5345 capta:
3495 5275 3681 5331 oculis
3707 5320 3725 5343 ,

2123 5365 2387 5436 variisque
2413 5367 2531 5420 aliis
2567 5365 2766 5438 morbis
2809 5365 3071 5431 invalida),
3098 5375 3155 5421 et
3177 5365 3474 5420 difficiliore
3502 5366 3731 5420 morbis

2124 5466 2454 5526 paupertate.
2479 5455 2748 5524 Siquidem
2771 5457 2969 5524 illOpia,
2995 5472 3115 5510 cum
3145 5471 3359 5525 prorsus
3382 5455 3509 5509 nihil
3543 5456 3734 5512 habe-

2124 5555 2239 5612 tur,
2285 5547 2525 5614 corporis
2554 5547 2774 5601 morbos
2801 5547 2957 5600 affert
3007 5565 3020 5600 :
3073 5547 3186 5616 ipsa
3215 5555 3391 5600 autem
3422 5557 3733 5615 paupertas

2123 5655 2154 5693 a
2202 5639 2402 5694 morbis
2447 5654 2657 5708 quoque
2698 5639 2910 5710 gravior
2963 5641 3020 5693 fit
3054 5651 3110 5694 et
3154 5637 3554 5693 intolerabilior.
3601 5639 3735 5695 Has

2126 5731 2372 5802 perquire
2396 5738 2452 5784 et
2475 5729 2666 5800 collige
2685 5772 2700 5794 ,
2729 5731 2838 5784 imo
2865 5732 2917 5784 in
2945 5730 3258 5801 colligendis
3276 5730 3422 5787 nullo
3445 5744 3582 5798 opus
3607 5743 3736 5786 crit

2125 5821 2433 5878 laborezita
2463 5829 2585 5876 ante
2622 5835 2812 5884 omnes
2843 5821 3022 5892 jacent
3046 5863 3060 5891 ,
3106 5830 3303 5892 parata:
3342 5820 3591 5878 omnibus
3621 5821 3733 5890 Qui
