4036 6416
314 416 419 475 503

311 535 482 598 πίδες.
511 533 561 587 οῖ
604 533 695 589 τὸν
743 532 974 603 σταυρὸν
1016 532 1398 597 κελευσθέντες
1447 533 1743 603 βαστάζειν.
1787 538 1882 591 καὶ

314 617 534 671 ἐπεσθαι
566 614 645 685 τῷ
679 614 920 686 Χριστῷ,
953 615 1208 685 ῥίψαντες
1236 615 1326 668 τὸν
1354 616 1605 688 σταυρὸν,
1632 620 1883 691 καθάπερ

314 699 639 768 στρατιῶται
667 698 900 768 μαλακοὶ
913 698 1011 769 τὴν
1040 698 1262 762 ἀσπίδα,
1277 697 1523 770 ἠλακάτῃ
1556 701 1876 772 παρακάθη-

314 780 406 831 σθε
434 781 527 833 καὶ
557 780 894 851 καλαθίσκῳ,
924 781 991 833 δι’
1028 780 1222 852 ἐτέρας
1255 782 1620 852 αἰσχροτέρας
1656 784 1881 853 μεθόδου

312 862 409 931 τὴν
438 862 519 924 εἰς
550 863 641 914 τὸν
680 864 926 935 παρόντα
958 863 1071 933 βίον
1101 864 1413 929 ἀνοίξαντες
1449 863 1639 936 θύραν.
1670 867 1743 918 υύ
1774 866 1881 937 γὰρ

311 944 483 1006 οὑτως
506 946 748 1015 αἰσχρὸν,
784 949 911 1012 τοὺς
938 947 1325 1016 γεγαμηκότας
1352 946 1527 1002 ταῦτα
1553 946 1880 1019 οἰκονομεῖν,

313 1028 387 1091 ὡς
422 1028 544 1089 τοὺς
577 1030 1072 1100 προσποιουμένους
1094 1031 1237 1099 ὑμᾶς
1268 1025 1755 1102 ἀποπεπηδηκέναι
1784 1034 1881 1102 μὲν

310 1108 422 1161 τῶν
454 1110 765 1180 παρόντων,
806 1112 873 1164 δι’
903 1112 1093 1183 ἐτέρου
1134 1113 1190 1165 δέ
1224 1112 1514 1183 προσώπου
1551 1114 1712 1168 πάλιν
1742 1115 1882 1168 αύτά

312 1192 724 1262 ὑποδυομένους.
758 1196 855 1249 Διά
887 1194 1045 1248 τοῦτο
1077 1195 1398 1266 λαιμάργων
1428 1197 1521 1249 καὶ
1563 1198 1881 1269 παρασίτων

315 1275 409 1327 καὶ
430 1275 674 1329 κολάκων
696 1279 789 1330 καὶ
814 1279 1240 1346 γυναικοδούλων
1264 1279 1541 1349 πανταχοῦ
1564 1280 1722 1344 δόξαν
1744 1279 1882 1350 λαμ-

314 1357 566 1428 ϐάνομεν,
606 1361 687 1412 ὅτι
719 1364 891 1431 χαμαὶ
930 1363 1029 1432 τὴν
1072 1362 1350 1430 εὐγένειαν
1379 1363 1596 1416 ἀπασαν
1627 1364 1881 1434 ῥίψαντες

312 1442 412 1510 τὴν
436 1441 641 1495 ἀνωθεν
676 1443 921 1499 δοθεῖσαν
964 1448 1125 1516 ἡμῖν,
1160 1445 1758 1516 ἀντικαταλλαττόμεθα
1781 1446 1880 1516 τὴν

314 1526 422 1576 ἀπὸ
458 1525 559 1595 τῆς
599 1526 701 1596 γῆς
736 1527 1163 1599 δουλοπρέπειάν
1200 1545 1261 1580 τε
1299 1528 1393 1581 καὶ
1433 1529 1725 1585 εὐτέλειαν.
1770 1529 1881 1582 Καὶ

314 1609 510 1677 χήραις
539 1608 635 1678 μὲν
657 1609 928 1681 διανεῖμαι
948 1612 1211 1681 χρήματα,
1223 1611 1320 1679 οὑχ
1346 1610 1548 1663 εἵλοντο
1571 1613 1619 1664 οί
1643 1615 1880 1680 γενναῖοι

312 1690 434 1741 τότε
457 1690 647 1762 ἀνδρες
680 1693 897 1756 ἐκεῖνοι,
919 1694 1011 1750 καὶ
1040 1693 1213 1756 ταῦτα
1237 1695 1504 1766 τοσαύτης
1534 1695 1881 1765 βλασφημίας

314 1772 609 1844 γενομένης
628 1774 715 1828 διά
739 1775 799 1828 τὸ
826 1776 1027 1847 μηδένα
1053 1773 1190 1830 εἶναι
1207 1777 1299 1831 τὸν
1322 1777 1727 1848 οἰκονομοῦντα,
1746 1778 1881 1839 ἀλλά

314 1853 535 1908 ἔλαττον
548 1858 646 1928 τῆς
670 1858 847 1917 αὑτῶν
873 1859 1189 1929 φιλοσοφίας
1209 1856 1349 1914 εἶναι
1369 1861 1527 1915 τοῦτο
1540 1862 1880 1933 νομίσαντες,

313 1938 524 2010 ἑτέροις
550 1940 889 2012 ἐπέτρεψαν·
920 1945 1082 2013 ἡμεῖς
1113 1944 1170 1997 δέ
1204 1947 1303 1997 οὑκ
1330 1938 1626 2017 αἰδούμεθα
1653 1945 1883 1998 πλοῦτον

314 2021 592 2093 ἀλλότριον
631 2023 884 2089 αὔξοντες
912 2026 1005 2078 ἐπὶ
1047 2025 1191 2098 λύμῃ
1222 2027 1329 2081 τῶν
1366 2029 1739 2101 κεκτημένων,
1774 2028 1884 2080 τῶν

315 2104 583 2175 εὐνούχων
625 2106 735 2159 τῶν
767 2108 894 2179 περὶ
936 2108 1003 2161 τά
1039 2110 1266 2163 τοιαῦτα
1320 2110 1693 2181 ἐσχολακότων
1732 2112 1883 2164 οὐδὲν

315 2184 536 2255 ἄμεινον
562 2188 912 2259 διακείμενοι,
933 2192 984 2243 οἱ
1013 2192 1130 2245 καθ’
1161 2194 1394 2264 ἑκάστην
1418 2195 1631 2266 ἡμέραν
1659 2195 1718 2246 τὸ
1744 2189 1884 2264 αἷμα

317 2270 410 2322 καὶ
433 2273 530 2334 τὰς
548 2272 725 2342 ψυχάς
748 2274 840 2325 ἐπὶ
865 2275 974 2327 τῶν
998 2276 1195 2347 χειρῶν
1220 2279 1673 2347 προσταττόμενοι
1698 2278 1884 2350 φέρειν

316 2352 440 2405 ἀντὶ
471 2356 718 2423 μεγάλων
756 2357 955 2411 ὅπλων.
977 2358 1040 2411 Τί
1074 2357 1199 2424 ο·5ν;
1229 2360 1585 2430 ἀρπαζόμενα
1613 2361 1790 2415 πάντα
1815 2363 1884 2414 τὰ

315 2435 416 2503 τῆς
454 2438 722 2508 παρθένου
752 2440 855 2509 χρὴ
882 2442 1145 2512 περιιδεῖν
1180 2442 1425 2512 ἀγόμενά
1447 2460 1507 2495 τε
1534 2445 1627 2496 καὶ
1653 2460 1881 2513 περιφε-

321 2518 520 2588 ρόμενα
556 2522 659 2575 ὑπὸ
692 2523 988 2591 συγγενῶν,
1028 2525 1132 2578 ὑπὸ
1161 2526 1407 2588 οἰκετῶν,
1440 2528 1533 2580 καὶ
1562 2527 1880 2597 ἀλλοτρίων,

316 2602 349 2671 ἢ
379 2604 465 2655 καὶ
505 2604 750 2671 οίκείων;
780 2606 963 2677 Καλήν
992 2625 1056 2674 γε
1088 2604 1225 2660 οὗνει
1255 2609 1610 2680 ἀποδώσομεν
1643 2613 1707 2680 τῇ
1740 2629 1882 2682 παρ-

317 2684 454 2755 θένῳ
476 2686 571 2757 τὴν
601 2688 833 2760 ἀμοιϐήν
854 2690 968 2742 ἀνθ’
997 2683 1070 2742 ὧν
1098 2691 1197 2743 οὑκ
1218 2691 1441 2761 έγημεν,
1469 2693 1589 2746 ούδέ
1620 2694 1711 2746 τὸν
1740 2713 1883 2766 παρ-

314 2768 444 2819 όντα
491 2768 692 2839 κόσμον
746 2773 1060 2841 ἠγάπησεν,
1102 2773 1215 2826 ἀλλ’
1257 2774 1379 2827 ἀντὶ
1435 2776 1652 2829 πάντων
1711 2776 1885 2831 εἵλετο

316 2855 407 2903 τὸν
437 2851 689 2922 Χριστὸν,
736 2854 966 2922 ἀφέντες
997 2856 1166 2927 αὐτὴν
1208 2858 1527 2927 προκεῖσθαι
1562 2863 1671 2923 τοῖς
1704 2860 1885 2930 βουλο-

322 2933 501 3003 μένοις
551 2935 657 2988 τῶν
683 2936 852 2990 δντων
887 2939 1229 3009 ἀποστερεῖν.
1266 2940 1373 2991 Καὶ
1402 2941 1552 3012 πόσῳ
1580 2942 1784 3011 βέλτιον
1815 2940 1882 3015 ἦν

317 3015 577 3085 ὁμιλῆσαι
623 3019 805 3089 γάμῳ,
840 3021 933 3072 καὶ
959 3020 1038 3090 τῷ
1092 3022 1428 3076 συευοικοῦντι
1474 3025 1610 3094 πρὸς
1650 3026 1749 3097 τὴν
1775 3027 1884 3080 τῶν

320 3100 657 3169 πραγμάτων
673 3102 875 3155 τούτων
898 3103 1208 3174 οἰκονομίαν
1224 3105 1547 3177 κεχρῆσθαι,
1566 3107 1598 3178 ἢ
1621 3108 1887 3178 μένουσαν

318 3181 531 3251 ἄγαμον
574 3187 810 3255 πατῆσαι
848 3187 946 3256 μὲν
988 3187 1087 3249 τὰς
1133 3188 1267 3257 πρὸς
1295 3188 1386 3240 τὸν
1420 3190 1552 3242 Θεὸν
1587 3191 1884 3262 συνθήκας,

318 3264 536 3335 ὑϐρίσαι
574 3266 631 3319 δὲ
670 3271 749 3330 εἰς
777 3272 1008 3339 πρᾶγμα
1045 3268 1184 3323 οὑτω
1226 3272 1421 3339 σεμνὸν
1465 3273 1559 3325 καὶ
1596 3275 1883 3342 φρικῶδες,

318 3348 648 3402 καθελκύσαι
685 3351 741 3403 δὲ
770 3353 864 3404 καὶ
896 3353 1113 3422 ἐτέρους
1141 3353 1275 3420 πρὸς
1302 3354 1370 3407 τά
1405 3356 1637 3423 ναυάγια
1663 3357 1770 3409 τῶν
1804 3361 1884 3410 οί-

318 3432 480 3486 κείων
532 3434 747 3498 κακῶν;
784 3436 907 3498 Πῶς
944 3436 999 3489 δὲ
1041 3436 1210 3506 αὐτὴν
1251 3438 1372 3490 ἀντὶ
1413 3439 1629 3491 πάντων
1670 3440 1885 3494 ἑλέσθαι

316 3511 494 3582 λέγεις
527 3518 617 3571 τὸν
648 3520 901 3591 Χριστὸν,
936 3519 1030 3583 τοῦ
1064 3519 1299 3590 Χριστοῦ
1332 3520 1559 3588 βοῶντος
1580 3523 1674 3575 καὶ
1700 3523 1885 3591 λέγον-

315 3613 439 3660 τος,
475 3600 556 3652 Οὐ
599 3600 862 3655 δύνασθε
906 3600 1025 3666 Θεῷ
1065 3602 1380 3656 δουλεύειν
1412 3604 1511 3657 καὶ
1557 3606 1882 3675 μιιμμωνᾷ;

317 3680 434 3743 πῶς
460 3681 516 3734 δὲ
536 3682 625 3735 τὸν
648 3684 848 3753 κόσμον
877 3686 1101 3755 μισῆσαι
1128 3687 1222 3738 καὶ
1246 3687 1311 3739 τά
1338 3688 1596 3756 παρόντα,
1627 3690 1759 3759 πρὸς
1786 3692 1883 3751 τὰς

314 3762 408 3815 τοῦ
456 3764 660 3835 κόσμου
708 3768 908 3830 πείθων
958 3768 1253 3839 ἐπτοῆσθαι
1293 3770 1615 3841 ἐπιθυμία;;
1666 3774 1781 3826 Τίνι
1824 3774 1882 3826 δέ

315 3862 447 3900 ποτε
474 3849 581 3900 τῶν
614 3850 781 3923 ἄνδρα
814 3852 1048 3920 ἐχουσῶν
1079 3854 1277 3923 δυνήσῃ
1312 3855 1634 3923 παραινέσαι
1666 3857 1883 3927 χρημά-

314 3945 424 3981 των
470 3931 728 4002 περιιδεῖν
753 3974 767 3993 ,
800 3937 865 4004 τῇ
927 3935 1176 4005 παρθένῳ
1212 3938 1740 4002 συγκατασκευάζων
1793 3938 1883 3993 τὸν

317 4011 577 4078 πλοῦτον;
625 4016 804 4084 Αὐτὴν
835 4016 891 4069 δὲ
927 4017 1128 4088 ταύτην
1169 4018 1320 4089 [2571
1354 4020 1483 4071 πότε
1528 4021 1759 4089 ἀφήσεις
1788 4023 1880 4074 εὑ-

316 4095 611 4167 πρὸσεδρον
636 4094 773 4151 εἶναι
801 4098 878 4169 τῷ
905 4100 1094 4170 Κυρίῳ
1120 4101 1213 4152 καὶ
1244 4101 1672 4172 ἀπερίσπαστον,
1703 4105 1882 4159 πάντα

314 4178 406 4231 τὸν
440 4178 553 4249 βίον
583 4180 677 4235 καὶ
705 4184 803 4252 τὴν
838 4184 1070 4254 σπουδὴν
1095 4185 1174 4245 εἰς
1204 4183 1272 4236 τά
1317 4184 1531 4255 ἐκείνης
1574 4186 1879 4242 ἀναλίσκων

316 4262 651 4334 πράγματα;
698 4265 838 4319 Πότε
875 4266 931 4319 δὲ
968 4267 1254 4337 δυνήσεται
1293 4268 1327 4338 ή
1360 4268 1626 4338 παρθένος
1664 4269 1879 4337 φιλοσο-

316 4348 507 4417 φῆσαι,
541 4349 601 4401 σέ
624 4349 715 4401 τὸν
755 4349 924 4420 ἀνδρα
963 4349 1143 4420 ὁρῶσα
1172 4350 1341 4402 δεινὸν
1378 4350 1679 4421 ἡγούμενον
1717 4348 1877 4419 εἶναι,

315 4431 458 4484 είτά
492 4432 704 4501 ἐκείνης
732 4432 1090 4504 διασπασθείη
1124 4434 1412 4505 χρήματα;
1445 4434 1560 4497 πῶς
1597 4435 1653 4487 δέ
1695 4436 1883 4503 ἀνέξε-

314 4530 405 4566 ται
442 4513 644 4585 ζημίας
677 4516 970 4586 ὑπερορᾷν,
1014 4516 1190 4568 πάντα
1235 4532 1293 4567 σε
1343 4517 1432 4569 καὶ
1483 4518 1738 4571 ποιοῦντα
1786 4521 1880 4572 καὶ

316 4596 590 4667 πάσχοντα
611 4599 896 4668 βλέπουσα,
911 4599 1049 4651 ὥστε
1070 4598 1353 4651 ἐπιτείνειν
1370 4599 1503 4670 αὐτῇ
1526 4601 1614 4652 τὸν
1639 4601 1880 4671 παρόντα

314 4678 567 4746 πλοῦτονς
597 4683 708 4751 Ούχ
730 4680 899 4745 οὕτως
924 4684 1070 4753 ἡμᾶς
1090 4680 1431 4752 ἀπηλλάχθαι
1461 4682 1707 4751 βούλεται
1734 4701 1877 4754 πρα-

313 4763 538 4829 γμάτων
565 4766 594 4817 ό
626 4765 776 4828 Θεὸς,
809 4765 925 4818 ἀλλ’
958 4768 1015 4817 ἐν
1040 4764 1117 4835 τῷ
1154 4765 1261 4817 τῶν
1295 4766 1464 4817 ὄντων
1492 4770 1875 4837 καταφρονεῖν,

310 4848 375 4900 τὸ
396 4847 572 4901 πάντα
592 4848 1010 4921 ἀπαρνήσασθαι
1039 4851 1110 4901 τὰ
1138 4849 1366 4918 βιωτικά
1382 4849 1431 4903 ιι.
1463 4849 1602 4901 Ἀλλ’
1628 4852 1729 4905 οὐκ
1754 4852 1880 4907 ἐᾶτε

313 4931 491 5002 ὑμεῖς,
530 4933 650 4986 οὐδὲ
675 4936 1003 5004 συγχωρεῖτε
1035 4932 1126 4985 τοῦ
1158 4932 1293 4986 Θεοῦ
1324 4932 1415 4984 τὸν
1450 4933 1611 5004 νόμον
1652 4934 1875 5005 ἰσχύειν.

313 5016 378 5068 Τί
410 5012 523 5078 οὖν,
553 5016 618 5069 ἂν
644 5017 741 5086 τῆς
770 5018 972 5086 ἐτέρων
999 5016 1184 5087 δέηται
1214 5016 1566 5088 προστασίας,
1598 5018 1752 5088 φησὶ,
1787 5021 1880 5072 καὶ

311 5098 480 5152 πολλά
508 5099 700 5164 ἀνάξια
726 5100 1022 5171 ὑπομείνῃ;
1065 5098 1159 5152 νῦν
1196 5100 1302 5173 γὰρ
1337 5101 1437 5153 οὐκ
1476 5100 1670 5164 ἀνάξια
1706 5100 1879 5155 ταῦτα

309 5185 409 5253 τῆς
434 5181 735 5253 παρθένου;
765 5182 929 5235 Ούδέν
971 5182 1144 5245 οὕτως
1182 5184 1399 5249 ἀνάξιον
1436 5185 1534 5254 τῆς
1582 5184 1875 5256 παρθένου,

309 5266 385 5329 ὠς
407 5267 469 5318 τὸ
503 5267 751 5319 πλουτεῖν
784 5267 877 5318 καὶ⁵
906 5266 1328 5336 περιϐεϐλῆσθαι
1369 5268 1708 5338 πραγμάτων
1740 5270 1879 5338 πλῆ-

311 5348 421 5414 θος.
454 5351 519 5403 Τί
549 5349 627 5409 δὲ,
660 5352 708 5402 εί
751 5352 844 5404 καὶ
878 5349 1041 5422 ἔτερα
1076 5353 1210 5421 πρὸς
1240 5350 1450 5413 τούτοις
1495 5351 1729 5415 κελεύοι,
1766 5348 1879 5404 οἷον

307 5431 566 5498 δανείζειν
599 5434 819 5505 χρυσίον
865 5430 983 5486 εἶτα
1018 5434 1290 5486 καλέσασα
1312 5436 1483 5504 ’ἡμᾶς
1514 5438 1593 5497 εἰς
1628 5436 1697 5488 τά
1740 5455 1879 5489 συν-

308 5516 629 5587 αλλάγματα
654 5518 728 5588 μὴ
758 5518 955 5581 πείθοι,
976 5520 1069 5572 καὶ
1096 5518 1170 5589 μὴ
1193 5519 1429 5571 πείσασα
1453 5519 1672 5590 ἐτέρους
1698 5520 1875 5586 λάϐοι,

307 5599 467 5669 ἡμεῖς
513 5601 748 5671 ἐσόμεθα
786 5601 981 5665 afuat;
1024 5601 1089 5653 Τί
1136 5602 1226 5665 δέ,
1264 5604 1310 5654 εί
1366 5603 1666 5672 καπηλείας
1709 5603 1877 5668 ἄλλας

306 5684 457 5745 τινάς
483 5683 863 5756 ἀνελευθέρους
888 5688 981 5739 καί
1005 5688 1271 5757 ἀπρεπεῖς
1297 5689 1714 5751 κατασκευάζοι.
1735 5682 1875 5749 εἶτα,

313 5766 387 5837 μὴ
427 5766 765 5838 βουλομένων
797 5768 952 5840 ήμῶν
994 5770 1397 5840 συμπράττειν,
1446 5771 1617 5826 ἀλλων
1659 5772 1875 5842 δεηθείη

366 5891 393 5960 ’ξ
419 5890 499 5960 sic
517 5899 791 5960 gorrgclnm
804 5908 972 5960 pm_eo
992 5898 1121 5957 quod
1145 5897 1573 5957 legobalurmulﬁv
1584 5915 1635 5960 γε
1657 5901 1757 5949 οὐκ.
1786 5900 1872 5951 En.

373 5950 399 5993 δ
418 5956 564 6006 Savil.
588 5958 658 6019 τῷ
680 5950 865 6007 πάντων
884 5950 1175 6021 ἀπηρτῆσθαι
1195 5950 1291 6006 τῶν
1318 5950 1569 6023 βιωτικῶν.

947 416 1224 472 CONTRA
1262 416 1393 473 EOS
1432 417 1552 486 QUI
1592 417 2215 479 SUBINTRODUCTAS
2254 422 2529 481 HABENT
2567 423 2908 481 VIRGINES.

3437 428 3539 484 50-5

1980 537 2161 602 τινῶν,
2198 540 2541 606 ἐγκαλεῖσθαι
2572 541 2635 593 ἂν
2676 538 2868 610 είημεν
2898 536 3072 604 ἀξιοις
3101 536 3380 606 Οὐδαμῶς,
3403 541 3541 595 ἀλλά

1982 621 2075 674 καὶ
2127 622 2494 675 ἐπαινεῖσθαι·
2548 622 2855 683 τούναντίον
2887 619 2995 691 γάρ
3036 618 3159 688 ἐνῆν
3185 629 3207 657 ⁸³
3237 619 3402 689 ψόγου
3446 624 3540 677 καὶ

1981 704 2315 774 κατηγορίας
2347 704 2408 756 τὸ
2445 705 2581 775 πρὸς
2619 704 2687 757 τά
2717 703 2944 757 τοιαῦτα
2981 700 3412 770 συμϐάλλεσθαι,
3445 704 3536 758 καὶ

1982 787 2348 856 συμπράττειν
2376 782 2586 851 αὑταῖς.
2613 785 2800 849 Βούλει
2832 785 2906 856 μὴ
2949 782 3209 855 φέρεσθαι
3251 784 3384 854 μηδέ
3412 786 3537 854 ἀγε‹

1980 868 2104 921 σθαι
2134 868 2201 920 τὰ
2243 870 2498 940 χρήματα
2540 869 2787 939 ἐκείνης;
2834 858 3158 937 παραίνεσον
3194 866 3329 937 αὑτῇ
3370 886 3535 921 κατα⁹

1979 950 2151 1004 θεῖναι
2182 951 2341 1015 αὑτὰ,
2370 951 2497 1004 ἔνθα
2523 952 2657 1022 μηδὲ
2687 942 2879 1020 ἀνδρὸς
2915 949 3163 1018 δεήσεται
3194 949 3330 1025 πρὸς
3374 950 3540 1018 φυλαο

1979 1033 2099 1104 κὴν,
2141 1036 2234 1087 καὶ
2266 1034 2512 1089 ἀνάλωτα
2560 1033 2709 1103 μένει
2748 1032 3065 1093 διαπαντός’
3116 1031 3164 1083 εί
3208 1031 3265 1084 δέ
3303 1032 3540 1101 βούλοιτο

1979 1117 2279 1188 πράγματα
2309 1118 2472 1187 ἐχειν,
2494 1117 2635 1179 τίνος
2660 1117 2845 1177 ἕνεκεν
2871 1111 3051 1178 παίζει
3082 1115 3139 1165 ἐν
3162 1114 3224 1167 οὑ
3258 1116 3537 1178 παικτοῖςς

1978 1199 2051 1251 Τὸ
2084 1200 2190 1269 γὰρ
2220 1200 2486 1270 παρθένον
2523 1196 2688 1265 οὖσαν
2732 1197 2956 1251 τοιαῦτα
2997 1197 3288 1266 πράττειν,
3326 1195 3539 1262 παίζειν

1979 1283 2096 1335 ἐστὶ
2142 1281 2361 1335 παιδιάν
2392 1282 2513 1352 οὑχὶ
2562 1281 2789 1352 τέρψιν,
2840 1278 2975 1333 ἀλλά
3014 1277 3241 1339 θάνατον
3288 1277 3537 1348 έχουσαν.

1983 1364 2147 1417 Ὅταν
2162 1365 2271 1435 γὰρ
2296 1365 2588 1417 ὑπεύθυνον
2609 1363 2813 1435 ἑαυτὴνΔ
2830 1361 3219 1431 καταστήσασα
3238 1359 3346 1413 τῶν
3364 1359 3541 1415 τοιού-

1978 1463 2086 1499 των
2116 1448 2526 1517 παλαισμάτων,
2563 1445 2757 1512 ἀνάξια
2778 1444 2954 1498 πάντα
2990 1443 3202 1517 πράττῃ
3232 1444 3330 1515 τῆς
3356 1442 3539 1496 τοιαύ-

1977 1545 2077 1597 της
2121 1530 2482 1600 ὑποσχέσεως,
2518 1530 2720 1599 μειζων
2750 1530 2783 1598 ή
2818 1520 3066 1591 κόλασις,
3109 1525 3463 1599 χαλεπωτέρα
3502 1527 3538 1597 ή

1977 1612 2617 1683 τιμωρία.οὑκ-ήκουσας
2648 1605 2758 1663 οἷον
2785 1610 2919 1680 αὑτῇ
2947 1609 3107 1679 νόμον
3138 1608 3329 1678 έθηκεν
3349 1610 3377 1662 ό
3396 1608 3541 1663 Παῦ-

1980 1686 2089 1754 λος,
2115 1693 2314 1767 μᾶλλον
2340 1694 2396 1746 δὲ
2418 1696 2446 1747 ό
2473 1693 2705 1764 Χριστὸς
2727 1691 2895 1745 εἰπὼν
2922 1692 2988 1745 δι’
3012 1690 3241 1754 ἐκείνου,
3267 1691 3347 1743 ὃτι
3378 1690 3544 1760 μεμέ-

1985 1791 2162 1845 ρισται
2196 1777 2290 1829 καὶ
2312 1779 2345 1847 ή
2380 1776 2515 1846 γυνὴ
2544 1777 2636 1829 καὶ
2662 1777 2695 1846 ή
2730 1774 2995 1846 παρθένος
3014 1789 3028 1802 ’
3055 1774 3170 1838 καὶ,
3210 1773 3281 1827 Ἠ
3320 1772 3545 1842 ἄγαμος

1973 1857 2228 1927 μεριμνᾷ
2248 1860 2318 1913 τὰ
2342 1860 2446 1913 τοῦ
2463 1860 2706 1927 Κυρίου,
2724 1860 2823 1911 ἵνα
2845 1853 2886 1929 ᾖ
2907 1859 3046 1928 ἁγία
3076 1858 3171 1911 καὶ
3199 1855 3421 1926 σώματι
3442 1857 3542 1910 καί

1979 1942 2301 2009 «religate;
2328 1941 2467 1995 Ἀλλ’
2490 1942 2647 2011 ὑμεῖς
2673 1942 2772 1994 οὑκ
2798 1943 2944 2004 ἐᾶτε,
2969 1940 3104 2009 πρὸς
3126 1939 3224 2003 τάς
3251 1936 3545 2009 ἐπιθυμίας

1980 2023 2158 2076 αὐτῶν
2187 2025 2365 2088 πάσας
2393 2024 2739 2096 ἀνδραπόδων
2767 2023 3164 2095 ἀργυρωνήτων
3186 2021 3544 2093 εὐκολώτερον

1981 2105 2365 2171 ὑπακούοντες.
2405 2108 2532 2170 Ναὶ,
2580 2108 2731 2178 φησί.
2780 2109 2844 2160 Τί
2885 2104 3001 2169 οὖν,
3034 2108 3085 2159 εί
3134 2106 3335 2177 ἐσχάτῃ
3384 2104 3546 2175 πενίᾳ

1982 2188 2219 2260 παλαίῃ;
2255 2190 2391 2261 Περὶ
2425 2190 2522 2260 μὲν
2571 2190 2681 2261 γὰρ
2712 2188 2820 2241 τῶν
2866 2190 3112 2261 εὐπόρων
3156 2188 3328 2242 ταῦτα
3366 2186 3545 2249 καλῶς

1982 2272 2194 2343 εἴρηταί
2229 2291 2344 2326 σοι·
2373 2272 2469 2335 τὰς
2494 2272 2551 2325 δὲ
2598 2275 2657 2326 ἐν
2689 2274 2932 2344 πτωχείᾳ
2970 2274 3064 2326 καὶ
3107 2271 3335 2350 ἀμελείᾳ
3376 2269 3543 2350 πολλῇ

1982 2357 2237 2427 κειμένας
2270 2358 2421 2410 ποῖον
2448 2355 2697 2427 ἔγκλημα
2726 2355 3019 2427 ἀνορθοῦν;
3053 2354 3178 2409 Εἴθε
3221 2349 3318 2432 μὲν
3350 2349 3441 2406 οὖν
3471 2353 3545 2424 μὴ

1981 2439 2339 2492 κατεϐάλλετε
2372 2439 2507 2509 μηδέ
2539 2439 2729 2492 ὠθεῖτε
2766 2440 2902 2510 πρὸς
2923 2438 2992 2492 τά
3020 2439 3116 2508 τῆς
3144 2437 3414 2500 ἀπωλείας
3446 2435 3543 2506 βά-

1985 2522 2180 2593 ραθρα,
2216 2524 2306 2576 καὶ
2335 2523 2616 2591 ἀγαπητὸν
2648 2517 2717 2592 ἦν
2738 2539 2751 2553 ο
2794 2523 3015 2593 καὶγὰρ
3040 2523 3087 2574 εί
3116 2522 3192 2592 τῷ
3231 2520 3546 2575 κελεύσαντι

1982 2607 2228 2676 πενήτων
2258 2604 2615 2674 προΐστασθαι
2649 2603 2967 2675 πειθόμενος
2992 2598 3161 2658 ταῦτα
3186 2606 3378 2667 ποιεῖς,
3402 2603 3547 2678 ἐχεις

1980 2688 2242 2757 ἀδελφοὺς
2271 2690 2527 2761 μυρίους’
2565 2690 2681 2741 ἐκεῖ
2710 2688 2810 2759 τὴν
2855 2687 3023 2760 καλὴν
3054 2688 3258 2757 ταύτην
3287 2680 3545 2759 ἐργασίαν

1981 2770 2247 2839 ἐπίδειξον
2285 2773 2335 2838 ἀ,
2377 2771 2505 2825 ἔνθα
2550 2772 2715 2843 μηδὲν
2758 2772 2993 2843 ὑφορμεῖ
3034 2771 3141 2824 τῶν
3197 2769 3545 2825 σκανδαλίσαι

1980 2855 2312 2926 δυναμένων,
2329 2856 2404 2919 ὠς
2434 2854 2665 2909 ἐνταῦθά
2680 2870 2742 2922 γε
2766 2855 2945 2924 πάσης
2968 2852 3247 2925 ὠμότητος
3262 2853 3357 2907 καὶ
3381 2854 3545 2906 ἀπαν-

1984 2938 2227 3009 θρωπίας
2265 2939 2521 3009 χείρωνή
2554 2938 2914 3010 ἐλεημοσύνη.
2947 2937 3011 2988 Τί
3043 2936 3150 3006 γὰρ
3179 2937 3390 3006 ὄφελος,
3421 2937 3547 2988 ὅταν

1981 3022 2043 3077 τὺ
2077 3022 2174 3091 μὲν
2211 3022 2370 3091 σῶμα
2403 3021 2719 3096 διατρέφῃς,
2750 3022 2847 3092 τὴν
2890 3021 2947 3075 δέ
2978 3020 3155 3091 ψυχὴν
3198 3019 3544 3090 καταδύσηςς

1981 3106 2108 3163 ὅταν
2146 3105 2360 3175 ἱμάτιον
2398 3104 2524 3175 δῷς,
2558 3105 2656 3176 τὴν
2685 3106 2741 3159 δέ
2785 3103 3050 3175 ὑπόληψιν
3077 3104 3185 3156 τῶν
3212 3102 3433 3174 γυμνῶν
3459 3105 3547 3156 αισ-

1984 3188 2281 3259 σχροτέραν
2324 3190 2713 3260 καταστήσῃςς
2749 3190 2877 3242 ὅταν
2919 3189 3183 3260 χρήσιμος
3211 3188 3267 3240 ἐν
3299 3188 3411 3249 τοῖς
3444 3203 3551 3239 σω-

1986 3275 2235 3343 ματικοῖς
2260 3272 2563 3343 γινόμενος,
2600 3273 2777 3327 πάντα
2806 3273 3022 3344 λυμήνῃ
3055 3271 3123 3324 τὰ
3166 3270 3545 3340 πνευματικὰς

1983 3356 2110 3409 ὅταν
2152 3355 2516 3427 ἐξευμαρίσας
2553 3356 2689 3427 αὐτῇ
2741 3355 2811 3408 τά
2856 3355 2947 3408 ἐπὶ
2984 3354 3081 3424 τῆς
3105 3353 3242 3423 γῆς,
3282 3352 3547 3423 ἐκϐάλλης

1984 3438 2090 3491 τῶν
2121 3438 2393 3509 οὑρανῶν;
2425 3437 2561 3491 Ποία
2594 3437 2651 3491 δέ
2685 3435 3047 3507 ἐλεημοσύνη,
3078 3435 3260 3505 ὅτανὴ
3291 3435 3381 3488 τοῦ
3411 3434 3546 3487 Θεοῦ

1984 3521 2273 3593 ὑϐρίζηται
2324 3521 2485 3586 δόξα;
2532 3522 2659 3574 ὅταν
2712 3515 2980 3591 δνειδοςῇ
3035 3520 3129 3572 καὶ
3174 3517 3401 3589 αίσχύνη
3454 3519 3549 3571 καὶ

1984 3603 2293 3674 σκώμματα
2323 3604 2417 3657 καὶ
2464 3602 2613 3675 [238]
2658 3603 2915 3673 λοιδορίαι
2958 3601 3052 3654 καὶ
3082 3602 3178 3670 τῆς
3224 3600 3549 3672 ἐλεουμένης

1982 3689 2175 3757 αὑτῆς,
2201 3689 2293 3741 καὶ
2318 3687 2404 3740 ἐτέ
2414 3705 2520 3758 ρων
2550 3686 2758 3740 πολλῶν
2785 3685 2892 3738 τῶν
2925 3685 2990 3737 δι’
3016 3685 3227 3751 ἐκείνης
3266 3683 3545 3738 σκανδαλιιε

1983 3773 2259 3842 ζομένων;
2290 3772 2404 3824 Οὐκ
2448 3770 2556 3824 ἀπὸ
2603 3770 2774 3833 ἐλέου,
2827 3769 2942 3822 ἀλλ’
2984 3768 3348 3838 ἀπανθρώπου
3377 3767 3547 3823 ταῦτα

1982 3859 2191 3924 γίνεται
2234 3856 2413 3925 ψυχῆς
2459 3854 2552 3906 καὶ
2600 3850 2863 3923 ἀπηνοῦς.
2913 3853 2975 3904 El
3008 3852 3119 3921 γὰρ
3148 3850 3205 3917 ἐξ
3236 3850 3416 3913 ἐλέους
3453 3850 3546 3903 καὶ

1983 3939 2385 4011 φιλανθρωπίας
2423 3938 2649 4006 ἐγίνετο,
2676 3936 2805 4007 περὶ
2841 3936 2966 3999 τοὺς
2995 3933 3192 4003 ἀνδρας
3242 3936 3400 3989 τοῦτα
3428 3939 3546 3991 ἑπι-

1980 4025 2289 4079 δείκνυσθαι
2324 4026 2511 4094 ἐχρῆν.

2048 4108 2116 4174 ζ’.
2159 4107 2299 4161 Ἀλλ’
2320 4109 2375 4160 αἱ
2402 4106 2658 4174 γυναῖκες
2682 4102 2923 4167 πλείρνος
2947 4102 3158 4156 δέονται
3191 4102 3541 4173 προστασίας·

1982 4193 2166 4263 φησὶν,
2196 4193 2246 4244 οί
2275 4191 2331 4244 δέ
2365 4189 2557 4260 ἄνδρες
2588 4186 2787 4250 πολλάς
2815 4186 3032 4256 ἔχουσιν
3067 4185 3175 4238 ἀπὸ
3202 4185 3301 4253 τῆς
3330 4184 3546 4254 φύσεως

1981 4274 2250 4346 ἀφορμάς.
2283 4272 2474 4328 Καίτοι
2517 4271 2613 4327 καὶ
2638 4272 2695 4322 ἐν
2720 4268 2975 4340 ἀνδράσιν
3008 4267 3115 4322 εισι
3148 4267 3330 4321 πολλοὶ
3355 4284 3543 4335 γυναι.

1982 4357 2094 4409 κῶν
2120 4355 2504 4425 ἀσθενέστερον
2526 4353 2858 4422 διακείμενοι
2880 4352 2973 4406 καὶ
2996 4350 3081 4405 διά
3110 4350 3289 4420 γῆρας
3315 4348 3543 4421 μακρὸν.

1980 4442 2074 4493 καὶ
2124 4439 2190 4492 δι’
2239 4437 2581 4509 ἀρρωστίαν,
2613 4436 2706 4489 καὶ
2744 4434 2831 4486 διά
2865 4435 3112 4505 πήρωσιν
3153 4431 3421 4503 σώματος,
3451 4432 3546 4484 καὶ

1979 4523 2066 4576 διὰ
2103 4522 2291 4583 νόσους
2338 4517 2581 4590 χαλεπὰς
2606 4558 2618 4575 ,
2649 4516 2744 4570 καὶ
2776 4516 2841 4569 δι’
2872 4516 3061 4587 ἐτέρας
3099 4515 3250 4576 τινάς
3291 4514 3545 4577 τοιαύτας

1980 4606 2282 4678 προφάσεις
2305 4620 2321 4635 ο
2364 4601 2502 4673 πλὴν
2543 4599 2656 4654 ἀλλ’
2685 4599 2873 4670 ἐπειδὴ
2909 4598 3140 4669 μάλιστα
3180 4597 3273 4651 τοῦ
3316 4598 3422 4650 τῶν
3451 4615 3546 4665 γυα-

1979 4688 2182 4742 ναικῶν
2214 4686 2440 4758 κήδεσθε
2465 4686 2673 4754 γένους.
2712 4684 2806 4737 ἆτε
2836 4682 3218 4754 ἀσθενεστέρου
3249 4681 3419 4745 ὄντος,
3452 4684 3545 4735 καὶ

1982 4772 2186 4841 σφόδρα
2212 4770 2501 4840 ἐλεήμονες
2529 4769 2622 4820 καὶ
2656 4766 2961 4839 συμπαθεῖς
2999 4770 3120 4819 ἐστε
3149 4765 3283 4837 πρὸς
3308 4766 3539 4825 ἐκείνας.

1979 4855 2099 4908 οὑδέ
2149 4852 2383 4907 ἐνταῦθα
2430 4850 2629 4921 ταύτης
2665 4851 3015 4921 ἀπορήσομεν
3056 4849 3155 4919 τῆς
3198 4848 3539 4920 προφάσεως,

1981 4938 2117 4993 ἀλλά
2160 4938 2405 5009 δείξομεν
2456 4935 2742 4999 ὑποθέσεις
2788 4935 2948 5005 ὑμῖν,
2980 4933 3037 4987 αῖ
3088 4934 3180 4986 καὶ
3213 4934 3547 5003 κατηγορίας

1981 5025 2117 5077 εἰσὶν
2147 5022 2560 5095 ἀπηλλαγμέναι
2589 5021 2790 5090 πάσης,
2824 5020 2917 5072 καὶ
2959 5018 3180 5073 πλείονα
3220 5018 3546 5089 παρέξουσιν

1981 5107 2111 5175 ὑμῖν
2154 5106 2248 5159 τὸν
2288 5105 2493 5175 μισθόν.
2544 5104 2664 5157 Eicl
2704 5102 2814 5173 γὰρ
2862 5105 3149 5169 γυναῖκες.
3198 5102 3255 5153 αἱ
3296 5100 3393 5172 μὲν
3441 5101 3547 5154 ὑπὸ

1979 5192 2164 5260 γήρως
2196 5187 2656 5259 παραλελυμέναι,
2700 5188 2755 5240 αἱ
2782 5186 2839 5238 δέ
2866 5185 2965 5247 τὰς
2988 5187 3175 5255 χεῖρας
3205 5184 3546 5253 ἐκκεκομμέ-

1980 5290 2090 5336 ναι,
2117 5275 2171 5325 αί
2205 5272 2263 5323 δέ
2295 5273 2419 5334 τοὺς
2446 5270 2757 5340 ὀφθαλμοὺς
2791 5268 3209 5339 πεπηρωμέναι,
3242 5268 3298 5320 αἱ
3324 5267 3380 5319 δὲ
3410 5266 3553 5331 ἄλλα,

1980 5356 2127 5426 πάθη
2159 5354 2379 5408 ποικίλα
2418 5354 2510 5407 καὶ
2554 5350 2867 5405 παντοδαπά
2907 5351 3125 5421 ἔχουσαι
3170 5350 3263 5402 καί
3307 5349 3405 5420 τὴν
3436 5349 3545 5413 τῶν

1980 5440 2169 5493 παθῶν
2198 5439 2583 5509 χαλεπωτέραν
2615 5437 2825 5490 πενίαν.
2856 5435 2929 5487 ’Ἡ
2956 5452 3011 5488 τε
3042 5434 3149 5505 γάρ
3182 5434 3339 5486 πενία
3364 5435 3455 5487 καὶ
3484 5433 3547 5486 τὸ

1986 5523 2147 5595 μηδὲν
2173 5523 2308 5585 ὅλως
2338 5520 2480 5590 ἔχειν
2532 5520 2802 5590 ἐπιτρίϐει
2830 5517 2923 5571 τοῦ
2973 5518 3221 5580 σώματος
3260 5519 3449 5579 αὑταῖς
3478 5518 3545 5569 τά

1979 5610 2262 5678 νοσήματα
2280 5622 2292 5635 ·
2327 5606 2464 5675 αύτή
2493 5621 2549 5656 τε
2584 5604 2744 5656 πάλιν
2773 5605 2806 5672 ή
2833 5607 2988 5655 πενία
3014 5602 3118 5655 ὑπὸ
3144 5601 3348 5654 τούτων
3386 5600 3546 5670 χαλε-

1982 5692 2201 5761 πωτέρα
2231 5690 2436 5757 γίνεται
2484 5689 2575 5742 καὶ
2605 5688 2997 5760 ἀφορητοτέρα.
3035 5687 3157 5739 Ἐπὶ
3206 5685 3303 5741 τὴν
3340 5684 3547 5740 τούτων

1989 5773 2168 5838 ἔξελθε
2190 5771 2387 5843 θήραν,
2416 5774 2510 5825 καὶ
2541 5771 2742 5835 ταύτας
2776 5773 3045 5839 συνάγαγε
3069 5789 3081 5801 ·
3112 5769 3306 5839 μᾶλλον
3338 5768 3395 5821 δὲ
3425 5765 3549 5837 οὐδὲν

2047 5904 2067 5927 ⁴”
2104 5900 2253 5956 Ἐνῆν.
2277 5899 2479 5949 (ἷυιιίίυἱί
2502 5899 2649 5947 Savil.
2675 5900 2729 5945 ἂν
2750 5899 2821 5957 ἦν.
2851 5898 2979 5946 Ιϋητ.

2048 5959 2075 6002 ἆ
2101 5961 2269 6010 Morel.
2298 5962 2534 6019 ἐπίδειξαι,
2560 5962 2708 6011 Savil.
2734 5963 2966 6016 επὶὃειξον,
