4036 6416
306 430 411 487 505

303 546 577 617 porrigant
615 557 850 599 manum.
895 538 950 595 Si
994 553 1123 608 opes
1154 537 1336 600 habes,
1385 536 1437 589 in
1479 534 1575 589 has
1603 532 1873 601 expende;

308 642 353 695 si
379 639 587 694 validus
614 652 672 692 es
692 677 707 701 ,
740 635 834 688 has
875 632 1117 701 corporis
1140 630 1434 685 ministerio
1462 627 1650 696 adjnva
1676 643 1688 678 :
1714 624 1874 677 multa

272 742 358 794 ‘et
404 734 491 790 hic
530 730 737 804 negotia
777 727 985 784 videbis
1024 741 1142 795 qua:
1184 723 1420 793 indigent
1470 718 1733 788 corporali
1776 717 1877 771 mi-

267 812 279 881 έ
312 826 531 884 nisterio
558 834 612 878 et
628 830 837 888 sumptu
860 833 1021 889 opum
1067 825 1121 871 et
1146 811 1717 869 circumcursitatione.
1742 807 1874 862 Nam

260 893 277 973 μ’
306 936 439 987 opus
464 916 660 971 habent
681 925 737 970 nt
767 914 871 969 illis
896 904 1543 979 assignentur‘domicilia,
1568 916 1875 973 praeparen-

302 1027 392 1071 tur
433 1011 839 1069 medicamenta,
887 1016 941 1060 et
985 1004 1154 1058 lectus
1191 1010 1247 1055 et
1288 1007 1465 1055 vestes
1508 1003 1773 1060 emantur,
1823 1001 1877 1047 et

302 1115 555 1160 curentur
601 1102 704 1157 cibi
759 1100 880 1154 boni
927 1097 1133 1164 aliaque
1187 1093 1389 1156 multa,
1443 1087 1649 1144 etiamsi
1701 1086 1872 1140 solum

301 1199 486 1251 decem
514 1202 711 1257 essent,
743 1206 861 1262 qua:
889 1190 961 1243 ita
987 1194 1278 1257 a‘grotant;
1312 1197 1452 1238 nunc
1479 1191 1657 1236 autem
1685 1178 1872 1233 civitas

304 1296 482 1341 nostra
503 1284 587 1339 his
609 1294 716 1338 tota
743 1281 956 1351 impleta
984 1286 1067 1333 est
1086 1318 1101 1342 ,
1149 1275 1497 1342 inveniesque
1522 1271 1667 1325 milis
1690 1279 1740 1325 et
1767 1269 1874 1322 duo

302 1377 486 1433 millia.
516 1376 634 1430 lstte
662 1381 805 1435 sunt,
836 1388 955 1442 quze
980 1370 1176 1425 auxilio
1206 1367 1459 1435 indigent.
1486 1364 1600 1418 isttc
1621 1362 1873 1416 desolatas

300 1480 445 1535 sunt,
478 1470 589 1523 ist-t-
617 1468 759 1521 humi
785 1466 957 1534 jacent
978 1482 991 1517 :
1016 1463 1129 1517 haec
1158 1471 1240 1528 est
1267 1460 1623 1530 cleemosyna.
1650 1455 1764 1509 htec
1789 1464 1873 1509 est

301 1561 619 1622 humanitas,
650 1558 751 1611 hoc
776 1557 826 1610 in
851 1555 1069 1624 gloriam
1097 1551 1287 1608 transit
1308 1550 1419 1614 Dei,
1442 1559 1493 1605 et
1516 1549 1567 1602 in
1594 1546 1870 1600 utilitatem

298 1669 483 1707 eorum
521 1651 608 1721 qui
646 1648 863 1709 vident,
890 1654 945 1700 et
988 1645 1076 1714 qui
1120 1643 1427 1712 accipiunt,
1456 1650 1514 1695 et
1538 1639 1624 1708 qui
1654 1637 1870 1691 faciunt.

301 1744 512 1799 Etenim
560 1740 755 1811 justius
806 1738 1120 1805 adjuvantur
1172 1732 1492 1788 infirmiores
1545 1744 1702 1799 quam
1759 1728 1869 1781 for-

298 1838 490 1895 tiores;
517 1842 570 1888 et
596 1831 782 1885 vetulae
810 1844 966 1899 quam
991 1827 1260 1898 juniores;
1290 1832 1343 1880 et
1370 1823 1451 1877 hic
1479 1821 1670 1889 quibus
1698 1834 1872 1888 neque

297 1927 596 1983 necessaria
622 1933 766 1987 sunt,
797 1937 952 1990 quam
983 1921 1083 1974 illze
1107 1934 1225 1988 quae
1253 1915 1537 1971 mediocria
1561 1912 1869 1982 possident;

294 2029 351 2073 et
383 2017 485 2070 illze
528 2030 645 2085 quae
687 2012 825 2082 apud
869 2011 1063 2065 multos
1106 2005 1525 2070 abominabiles,
1556 2018 1712 2073 quam
1739 2016 1872 2071 quas

296 2112 450 2168 multi
477 2109 751 2170 adamant;
793 2115 848 2161 et
886 2106 988 2160 illtr
1025 2118 1145 2174 quae
1184 2099 1522 2156 contumeliis
1550 2106 1867 2160 onerantur,

296 2218 455 2274 quant
482 2218 560 2257 eze
583 2216 700 2271 quae
731 2199 904 2252 illatas
937 2203 1197 2257 avertere,
1231 2202 1286 2247 ct
1328 2191 1522 2246 bonam
1547 2189 1647 2243 sibi
1675 2186 1867 2242 famam

290 2295 582 2361 conciliare
606 2298 843 2362 possunt.
865 2286 1097 2344 Ostende
1123 2286 1280 2355 igitur
1298 2281 1438 2354 quod
1463 2290 1678 2350 propter
1704 2279 1866 2332 Deum

297 2388 399 2441 hoc
425 2386 613 2449 facias,
660 2391 716 2437 et
757 2381 863 2435 illis
890 2378 1169 2449 opitulare.
1201 2374 1353 2445 Quod
1382 2374 1425 2428 si
1458 2374 1551 2427 has
1581 2386 1751 2441 neque
1777 2385 1869 2437 per

296 2496 541 2536 somnum
588 2475 769 2531 videre
808 2476 912 2536 vis,
959 2471 1053 2527 sed
1093 2471 1353 2524 formosas
1399 2475 1455 2521 et
1502 2464 1869 2519 adolescentes

296 2567 686 2624 obambulando
712 2566 937 2627 venaris,
969 2573 1020 2617 et
1065 2559 1338 2615 illiberalis
1382 2557 1538 2625 hujus
1571 2555 1869 2609 venationis

299 2679 512 2719 causam
536 2660 746 2731 quidem
775 2658 930 2712 aliam
962 2655 1125 2709 habes
1152 2670 1254 2709 non
1288 2651 1555 2706 ferendam
1575 2693 1589 2714 ,
1622 2648 1868 2718 prtetexis

297 2766 471 2809 autem
500 2754 655 2807 aliam
685 2767 800 2822 quae
826 2753 876 2804 in
904 2749 1132 2817 speciem
1165 2747 1384 2802 honesta
1416 2755 1468 2799 et
1497 2753 1710 2813 acct‘pta
1743 2750 1821 2795 est
1848 2784 1863 2805 ,

296 2863 489 2917 nempe
518 2846 756 2909 tutelam,
785 2844 908 2897 licet
937 2840 1179 2895 homines
1204 2838 1456 2909 decipias.
1486 2836 1579 2891 scd
1610 2852 1712 2889 non
1742 2836 1865 2887 item

300 2936 529 2992 tribunal
561 2937 673 2997 Dei,
705 2935 845 3004 qttod
873 2932 1177 2987 muneribus
1204 2929 1469 2999 corrumpi
1502 2928 1685 2997 nequit
1709 2945 1722 2981 :
1745 2943 1865 2980 nam

295 3031 365 3082 ob
388 3030 545 3083 aliam
570 3027 779 3094 quidem
801 3038 1015 3080 causam
1040 3024 1152 3077 inec
1176 3022 1323 3085 facis,
1347 3030 1401 3075 et
1420 3020 1576 3074 aliam
1597 3018 1863 3085 praetexis.

298 3123 478 3176 Dicitis
504 3120 714 3189 quidem
740 3161 754 3181 ,
786 3117 924 3186 quod
958 3124 1171 3186 propter
1203 3115 1367 3169 Deum
1414 3113 1615 3167 faciatis
1653 3112 1826 3164 omnia
1849 3152 1863 3173 ,

296 3214 466 3268 facitis
491 3222 662 3267 autem
691 3227 850 3282 opera
879 3226 996 3280 qum
1027 3217 1149 3262 sunt
1179 3207 1510 3261 inimicorum
1540 3204 1630 3258 Dei
1656 3222 1669 3257 :
1696 3203 1866 3271 siqui-

295 3307 415 3358 dem
446 3305 658 3359 efficere
696 3314 751 3357 ut
789 3303 878 3356 Dei
909 3317 1098 3355 nomen
1130 3299 1528 3366 blasphemetur
1562 3304 1615 3350 et
1645 3311 1867 3348 accuse-

294 3407 399 3456 tur.
433 3398 482 3451 id
514 3396 725 3450 demum
752 3403 831 3449 est
854 3394 1186 3448 inimicorum
1214 3391 1326 3446 Dei.
1358 3391 1471 3460 Ego
1499 3406 1622 3443 vero
1648 3397 1702 3443 et
1725 3388 1864 3441 aliud

295 3508 537 3559 suppono
578 3489 844 3559 quippiam
872 3504 885 3540 :
912 3501 1168 3555 ponamus
1211 3483 1350 3538 enim
1400 3483 1501 3536 hoc
1548 3497 1672 3535 vere
1720 3482 1819 3533 dici
1847 3521 1861 3542 ,

292 3597 520 3650 eumque
563 3581 703 3633 omni
744 3578 1164 3646 concupiscentia
1206 3591 1392 3644 purum
1420 3589 1566 3637 esse,
1601 3590 1771 3640 neque
1801 3589 1864 3625 ex

294 3674 398 3726 ulla
428 3672 525 3724 alia
557 3688 614 3725 re
635 3678 795 3739 quam
832 3686 894 3722 ex
937 3670 1045 3721 sola
1090 3671 1282 3736 pietate
1312 3668 1445 3719 hanc
1474 3681 1652 3719 Curam
1694 3665 1865 3717 Susci-

297 3779 455 3831 pere;
488 3771 718 3816 attamen
751 3777 920 3830 neque
946 3762 1023 3813 sic.
1051 3761 1218 3828 ipsum
1250 3774 1279 3813 a
1309 3757 1476 3826 pmnis
1500 3756 1611 3809 fore
1639 3756 1863 3809 liberum

296 3857 641 3911 inveniemus.
666 3855 792 3908 Nam
820 3855 861 3907 si
892 3854 1139 3907 deessent
1162 3852 1468 3906 occasiones
1494 3850 1632 3908 alize,
1668 3849 1717 3900 iu
1744 3848 1865 3916 qui-

295 3948 393 4001 bus
441 3947 598 4001 etiam
650 3946 897 4014 pietatem
945 3942 1231 4003 exhibere,
1287 3939 1445 4009 idque
1492 3937 1665 3992 facere
1710 3938 1867 3990 nullis

295 4038 570 4091 animabus
596 4036 648 4090 in
691 4051 757 4089 eo
801 4033 1208 4103 impingentihus
1239 4039 1445 4097 posset,
1494 4044 1560 4084 ne
1586 4044 1662 4081 sic
1691 4036 1865 4081 tamen

297 4129 396 4180 hoc
424 4142 583 4197 agere
608 4133 896 4195 oporteret,
929 4124 1016 4177 tibi
1052 4122 1222 4191 majus
1251 4121 1398 4174 lucro
1427 4120 1699 4174 damnum.
1731 4118 1865 4172 Num

295 4218 433 4272 enim
463 4234 556 4286 par
573 4226 650 4269 est
670 4226 723 4269 ιιι
740 4216 807 4269 ob
822 4214 1113 4283 corporalia
1134 4213 1337 4281 negotia
1363 4212 1515 4264 unius
1536 4220 1625 4262 aut
1642 4210 1864 4262 duarum

294 4313 551 4382 virginum
577 4310 773 4363 inlin'ta
792 4305 1068 4361 multitudo
1089 4305 1380 4358 animarum
1399 4302 1655 4370 jacturam
1682 4300 1868 4354 faciat?

296 4404 669 4456 Verumtamen
720 4415 892 4469 neque
937 4399 1013 4453 sic
1054 4397 1228 4467 gravis
1272 4404 1353 4451 est
1402 4396 1667 4449 accusatio
1700 4411 1714 4447 :
1747 4408 1865 4446 cum

295 4504 468 4547 autem
515 4493 818 4545 innumeras
848 4488 1082 4542 invenias
1112 4487 1223 4541 vias
1254 4494 1307 4540 et
1332 4486 1530 4539 alienas
1556 4486 1622 4538 ab
1647 4499 1866 4538 accusa-

297 4588 459 4649 tione,
491 4592 543 4637 ct
570 4584 761 4637 liberas
788 4598 815 4633 a
847 4579 1130 4642 scandalis,
1163 4588 1215 4632 et
1242 4594 1359 4647 qua:
1390 4576 1644 4646 majorem
1673 4576 1869 4629 habent

295 4685 581 4744 quaestum,
628 4673 778 4742 cujus
822 4672 896 4727 rei
944 4672 1111 4740 gratia
1165 4669 1255 4723 tibi
1306 4669 1403 4737 ipsi
1452 4670 1620 4721 nectis
1659 4667 1868 4734 negotia

296 4767 491 4820 frustra
520 4773 574 4820 et
599 4765 859 4818 incassum
881 4804 896 4826 ,
926 4772 978 4816 et
1000 4763 1204 4815 lucrum
1234 4759 1472 4825 suli'odis,
1497 4769 1550 4812 et
1571 4758 1869 4828 periculose

297 4859 530 4913 exstruis
551 4866 708 4925 atque
738 4854 1105 4921 ignominiose,
1134 4869 1252 4907 cum
1278 4854 1433 4907 liceat
1459 4852 1573 4907 sine
1592 4851 1790 4906 damno
1816 4858 1871 4904 ct

293 4967 414 5005 cum
441 4965 627 5016 magna
657 4947 861 5018 gloria?
889 4950 965 5000 An
994 4947 1166 5001 nescis
1185 4945 1466 5000 Christiani
1491 4944 1649 4998 vitam
1672 4960 1868 5013 usque-

294 5058 501 5111 quaque
524 5042 700 5094 lucere
716 5039 929 5103 debere,
952 5048 1004 5091 et
1025 5054 1144 5091 eum
1167 5040 1252 5105 qui
1276 5053 1423 5089 suam
1442 5037 1657 5106 gloriam
1683 5036 1866 5100 findet,

299 5136 492 5201 ubique
522 5144 701 5201 postea
732 5132 969 5185 inutilem
1003 5130 1134 5194 fore,
1168 5141 1221 5183 et
1248 5130 1374 5182 nihil
1405 5146 1649 5198 magnum
1680 5129 1867 5181 lucrari

298 5241 453 5295 posse
475 5266 489 5289 ,
530 5224 688 5279 etiam
723 5224 766 5276 si
808 5222 1057 5290 pra-clara
1104 5221 1336 5274 facinora
1367 5219 1628 5273 ediderit?
1657 5235 1777 5273 nam
1809 5219 1871 5274 Si

295 5318 370 5372 sal
418 5318 723 5386 infamatum
769 5314 941 5384 fuerit,
998 5311 1184 5380 inquit,
1234 5311 1285 5363 in
1330 5326 1426 5379 quo
1479 5310 1685 5363 salietur
1736 5310 1871 5363 ultra

299 5406 510 5473 (Matth.
548 5406 603 5459 5.
642 5402 767 5473 l5)?
811 5403 900 5457 Sal
936 5403 1075 5455 enim
1117 5416 1213 5455 nos
1247 5416 1366 5455 esse
1388 5399 1503 5453 vult
1530 5410 1583 5454 et
1612 5400 1786 5453 lumen
1818 5410 1873 5454 et

299 5501 613 5553 fermentum
649 5498 806 5557 Deus,
847 5507 905 5549 ut
939 5505 992 5549 et
1030 5494 1118 5547 alii
1161 5510 1189 5547 a
1231 5492 1384 5547 nobis
1424 5492 1698 5546 utilitatem
1727 5494 1869 5545 acci-

299 5592 462 5659 piant.
489 5588 639 5655 Quod
681 5588 723 5641 si
772 5586 1014 5639 homines
1068 5583 1604 5653 irreprehensibiliter
1633 5583 1871 5635 viventes

300 5686 382 5735 vix
408 5692 718 5740 convertere
743 5681 920 5733 valent
961 5678 1307 5747 negligentes.
1349 5675 1634 5744 quomodo,
1679 5675 1722 5728 si
1768 5676 1873 5728 illis

299 5788 480 5826 ausam
501 5771 823 5831 dederimus,
844 5785 947 5823 non
965 5769 1312 5837 uudeqnaque
1330 5766 1640 5836 perditionis
1658 5766 1869 5821 illorum

302 5865 377 5920 rei
423 5866 661 5921 erimus?
703 5864 830 5919 Nam
878 5863 1013 5919 sicut
1059 5862 1146 5933 qui
1187 5876 1491 5932 perversam
1536 5859 1643 5932 agit
1670 5869 1866 5926 vitam,

1009 421 1278 481 CONTRA
1311 419 1438 477 EOS
1477 418 1591 486 QUI
1629 412 2238 475 SUBIN'I'RODUCTAS
2278 416 2551 475 ilABENT
2580 420 2914 478 VIRGINES.

3451 428 3554 483 506

1984 554 2271 610 numquam
2297 539 2564 603 salvatur,
2598 541 2667 595 ita
2697 559 2866 613 neque
2890 545 2977 614 qui
3007 545 3238 616 seipsum
3270 548 3553 619 ignominia

1980 634 2232 703 aspergit,
2264 648 2473 703 pmnam
2501 634 2734 705 ell‘ugere
2759 637 2971 705 poterit.

2055 722 2157 788 Qui
2192 724 2304 779 sine
2337 726 2554 779 aliorum
2591 726 2898 793 o/I'eudiculo
2941 737 3147 799 peccat,
3186 730 3369 785 minori
3399 748 3555 803 panis

1981 815 2227 870 obnoxius
2269 825 2360 871 est.
2376 847 2446 857 —
2463 817 2611 885 Quod
2630 818 2673 871 si
2694 818 2852 873 etiam
2869 818 3177 877 admirabile
3194 821 3444 891 quiddam
3470 824 3553 877 di-

1981 907 2208 963 cendum
2226 948 2242 973 ,
2286 908 2444 964 etiam
2472 909 2515 963 si
2541 910 2776 979 graviter
2800 911 2920 980 quis
2957 920 3173 981 peccet,
3218 912 3263 967 si
3289 913 3425 968 clam
3457 912 3558 968 hoc

1982 999 2143 1056 faciat
2166 1009 2221 1055 et
2241 999 2509 1055 neminem
2533 1001 2873 1069 scandalizet,
2896 1002 3158 1060 minorem
3178 1003 3325 1060 dabit
3345 1021 3554 1074 poenam

1980 1109 2136 1163 quam
2183 1095 2271 1165 qui
2317 1095 2490 1151 levius
2526 1097 2797 1166 peccavit,
2842 1097 2937 1153 sed
2979 1097 3315 1170 impudenter
3339 1108 3394 1156 et
3433 1116 3555 1155 cum

1980 1187 2266 1242 multorum
2291 1187 2561 1243 scandalo.

2049 1276 2104 1332 8.
2135 1277 2202 1332 Et
2227 1294 2294 1333 ne
2312 1278 2509 1333 dictum
2536 1278 2837 1346 admireris,
2855 1295 3028 1351 neque
3057 1281 3173 1350 plus
3187 1280 3330 1351 justo
3354 1282 3553 1338 dictum

1977 1377 2152 1435 putes,
2181 1369 2273 1423 tibi
2301 1371 2435 1425 hanc
2464 1386 2495 1425 e
2522 1372 2653 1425 caelo
2673 1373 2986 1427 sententiam
3012 1372 3314 1442 alferemus,
3337 1384 3391 1431 et
3420 1375 3555 1431 hanc

1978 1460 2147 1529 legem
2188 1462 2309 1517 inde
2337 1463 2591 1532 prolatam
2636 1464 2992 1534 probabimus.
3035 1465 3164 1520 Nam
3201 1466 3411 1523 beatum
3445 1469 3556 1524 Mo-

1976 1566 2089 1605 sem
2110 1552 2346 1606 omnium
2372 1553 2458 1621 qui
2485 1568 2646 1621 super
2669 1564 2860 1608 terram
2891 1554 3161 1611 hominum
3190 1559 3549 1622 mitissimum,

1980 1643 2072 1697 Dei
2102 1644 2351 1711 amicum,
2387 1646 2760 1714 prophetarum
2791 1646 3102 1711 maximum,
3125 1647 3550 1720 quandoquidem

1980 1734 2119 1790 Deus
2160 1736 2279 1791 aliis
2321 1753 2415 1806 per
2441 1739 2719 1809 arnigmata
2763 1739 3011 1808 loquutus
3048 1753 3168 1803 est,
3214 1740 3338 1795 huic
3375 1751 3550 1797 autem

1976 1826 2114 1881 sicut
2142 1828 2340 1882 amicus
2366 1828 2536 1883 amico
2568 1846 2582 1885 :
2609 1828 2748 1884 hunc
2790 1830 2948 1899 igitur
2973 1842 3026 1886 et
3055 1832 3210 1886 talem
3240 1834 3326 1903 qui
3360 1835 3552 1888 multas

1978 1917 2220 1972 miserias
2248 1919 2298 1973 in
2334 1918 2551 1973 deserto
2598 1922 2712 1974 tulit
2752 1929 2826 1974 tot
2864 1924 3051 1988 annis,
3101 1923 3190 1991 qui
3221 1925 3272 1978 in
3299 1927 3552 1980 extremis

1977 2026 2119 2081 stepe
2144 2011 2387 2081 periculis
2406 2011 2525 2077 fuit,
2549 2022 2602 2068 ct
2624 2015 2760 2082 apud
2778 2014 3057 2085 [Egyptios
3080 2018 3549 2087 propterJudmos.

1976 2115 2029 2157 et
2053 2103 2189 2173 apud
2210 2104 2419 2159 .ludmos
2444 2122 2541 2174 pro
2571 2106 2698 2174 ipsis
2727 2107 2943 2173 ingratis
2974 2125 2987 2162 :
3023 2119 3196 2164 tamen
3224 2109 3364 2164 hunc
3394 2111 3550 2165 talem

1976 2206 2030 2250 ct
2067 2207 2269 2251 tantum
2315 2198 2447 2252 nihil
2491 2198 2632 2252 aliud
2684 2198 2955 2266 prohibuit
2998 2210 3117 2267 post
3168 2211 3244 2254 tot
3284 2218 3552 2256 mrutnnas

1976 2287 2244 2355 multaque
2271 2289 2523 2358 pra'clare
2560 2302 2704 2359 gesta
2746 2291 3101 2361 promissione
3148 2294 3339 2360 potiri.
3391 2312 3546 2362 quam

1975 2380 2114 2449 quod
2145 2381 2395 2436 seandalo
2439 2383 2622 2437 fuisset
2667 2384 2728 2437 iis
2756 2384 2845 2453 qui
2894 2401 3012 2436 eum
3062 2385 3177 2453 ipso
3217 2397 3369 2441 erant
3411 2389 3549 2455 apud

1976 2489 2185 2541 aquam.
2240 2476 2296 2529 Et
2349 2475 2449 2529 hoc
2488 2485 2567 2529 est
2610 2476 2749 2544 quod
2783 2477 3081 2531 insinuabat
3120 2479 3259 2533 Deus
3282 2479 3547 2535 dicendo:

1979 2564 2110 2627 Quia
2139 2583 2237 2618 non
2264 2566 2543 2620 credidistis
2568 2567 2727 2633 mihi,
2774 2577 2826 2620 ut
2864 2571 3245 2638 sancti/icaretis
3279 2590 3357 2626 me
3379 2590 3547 2628 coram

1976 2656 2096 2722 ﬁliis
2126 2655 2321 2718 Israel,
2368 2669 2571 2726 prapter
2606 2659 2700 2713 hoc
2724 2676 2823 2713 non
2848 2661 3091 2714 inducetis
3117 2666 3548 2734 congregationem

1976 2748 2105 2801 lumc
2123 2749 2174 2802 in
2197 2760 2379 2803 terram
2404 2793 2418 2812 ,
2446 2768 2596 2821 quant
2622 2752 2739 2804 dedi
2774 2754 2842 2806 eis
2871 2752 3055 2818 (Num.
3086 2755 3176 2815 ‘20.
3210 2756 3319 2826 12).
3348 2758 3548 2824 Quam-

1975 2841 2055 2893 vis
2077 2851 2251 2894 autem
2280 2851 2432 2895 antea
2462 2843 2510 2896 in
2546 2845 2811 2898 nonnullis
2838 2846 3013 2899 minus
3033 2847 3301 2903 obedissct
3321 2850 3553 2920 (contra-

1974 2932 2106 2984 dixit
2147 2932 2286 2984 enim
2321 2932 2428 2985 Deo
2454 2935 2617 2987 semel
2660 2950 2721 2988 ac
2762 2937 2950 2990 iterum
2995 2952 3114 2990 cum
3158 2940 3454 2993 mitteretur
3496 2944 3547 2995 in

1975 3023 2295 3094 Ag‘gyptum,
2341 3036 2390 3076 et
2425 3036 2603 3091 postea
2638 3027 2686 3079 iu
2723 3026 2937 3080 descrlo
2964 3028 3264 3083 incredulus
3291 3031 3496 3085 dicebat
3533 3052 3546 3087 :

1976 3116 2223 3169 Scxrcuta
2262 3117 2422 3169 millia
2463 3127 2577 3169 sunt
2624 3118 2880 3183 peditum;
2924 3129 2971 3172 et
3014 3129 3065 3171 tu
3105 3120 3276 3173 dixisti
3317 3138 3335 3174 :
3363 3122 3551 3176 Cttrncs

1974 3210 2103 3262 dabo
2128 3209 2271 3276 ipsis.
2328 3218 2371 3261 ct
2409 3208 2666 3261 comedent
2703 3226 2915 3261 mensem
2947 3212 3158 3263 dierum.
3195 3211 3334 3264 Num
3363 3231 3474 3265 oves
3504 3226 3549 3267 ct

1977 3302 2120 3355 bores
2157 3302 2542 3353 mactalmntur.
2586 3300 2662 3352 ne!
2688 3302 2855 3352 omnia
2891 3301 3056 3353 edulia
3096 3305 3248 3354 maris
3277 3321 3551 3375 congrega-

1975 3394 2159 3445 lmntur
2183 3401 2230 3445 et
2270 3392 2511 3461 sufficient
2534 3391 2656 3459 ipsis
2678 3390 2861 3461 [Nune
2894 3393 2978 3446 ll.
3009 3394 3099 3446 2|.
3129 3393 3257 3465 29.]?
3286 3406 3334 3448 et
3370 3406 3548 3461 postea

1975 3486 2165 3538 iterum
2193 3483 2459 3538 difﬁcilem
2493 3500 2549 3537 se
2587 3483 2849 3543 reddidit,
2883 3493 2935 3535 et
2964 3485 3141 3553 populi
3182 3485 3548 3554 pra-lecturum

1973 3574 2320 3643 detrectabat)
2354 3592 2368 3629 :
2399 3583 2628 3627 attamen
2674 3574 2801 3628 nihil
2826 3574 2962 3627 aliud
3010 3576 3169 3643 potuit
3216 3578 3383 3644 ipsum
3433 3594 3549 3643 pro-
3616 3572 3619 3576 ’

1975 3666 2160 3733 positis
2187 3666 2417 3734 pra-miis
2447 3666 2673 3733 privare,
2706 3682 2861 3733 quam
2896 3666 3017 3719 illud
3049 3669 3218 3721 solum
3244 3669 3380 3736 quod
3409 3672 3546 3736 apud

1974 3773 2161 3826 aquam
2185 3758 2421 3826 contigit.
2448 3758 2586 3826 quod
2618 3766 2802 3810 natura
2831 3757 3041 3824 quidem
3074 3758 3249 3811 minus
3272 3761 3388 3812 aliis
3415 3773 3547 3824 erat,

1974 3848 2066 3903 sed
2088 3849 2207 3915 quia
2233 3864 2350 3903 Cum
2373 3848 2567 3901 damno
2594 3848 2814 3900 aliorum
2841 3848 2997 3902 ﬁebat
3019 3890 3032 3911 ,
3064 3851 3229 3903 multo
3262 3851 3430 3917 majus
3459 3853 3546 3919 ju-

1973 3941 2202 3994 dicatum
2230 3950 2328 3993 cst.
2357 3939 2444 3993 Illa
2469 3940 2607 3990 enim
2639 3940 2878 4007 privatim
2910 3949 2957 3990 ct
2990 3942 3195 3993 occulte
3221 3941 3548 4005 accidebant,

1976 4030 2076 4083 hoc
2120 4040 2294 4084 autem
2340 4028 2617 4083 manifeste
2656 4038 2711 4082 et
2752 4044 2929 4081 coram
2966 4030 3107 4082 omni
3160 4031 3352 4098 populo
3379 4033 3548 4100 palam

1973 4130 2247 4187 peccatum
2276 4129 2372 4173 est.
2427 4121 2707 4188 Propterea
2735 4128 2784 4172 et
2823 4120 3218 4186 reprehendens
3249 4123 3382 4175 Deus
3405 4164 3418 4188 ,
3451 4126 3551 4177 hoc

1976 4213 2275 4267 insinuabat
2318 4212 2499 4264 dicens
2532 4230 2544 4264 :
2581 4212 2712 4276 Quia
2742 4228 2839 4265 non
2880 4213 3233 4279 saucti/icastis
3271 4232 3348 4268 me
3380 4232 3549 4269 coram

1978 4308 2097 4374 ﬁliis
2128 4304 2311 4361 Israel.
2334 4306 2530 4372 peccati
2560 4320 2743 4357 eorum
2773 4312 3013 4358 naturam
3037 4306 3308 4374 detegens,
3340 4320 3385 4361 et
3414 4310 3550 4361 unde

1981 4399 2169 4451 factum
2193 4440 2208 4461 ,
2256 4397 2395 4464 quod
2428 4396 2635 4449 veniam
2679 4412 2782 4447 non
2821 4406 3120 4457 mercatur,
3165 4397 3457 4451 declarans.
3495 4400 3549 4451 Si

1976 4503 2150 4545 autem
2178 4490 2334 4544 talem
2367 4489 2535 4540 virum
2568 4488 2666 4540 hoc
2695 4487 2813 4540 fecit
2844 4488 3135 4553 impingere
3158 4530 3172 4552 ,
3217 4504 3313 4539 nos
3354 4491 3547 4541 vermi—

1976 4585 2124 4637 culos
2152 4591 2206 4635 et
2234 4580 2427 4633 nullius
2457 4578 2601 4647 pensi
2636 4577 2902 4645 quomodo
2944 4594 3045 4629 non
3075 4578 3311 4631 deSIruet
3348 4588 3403 4633 et
3428 4596 3549 4647 pcr-

1976 4673 2108 4727 dct?
2137 4671 2273 4726 Nihil
2310 4671 2449 4723 cnim
2483 4671 2549 4721 ita
2578 4669 2859 4721 evaccrhat
2892 4669 3054 4721 Demu
3077 4710 3089 4725 .
3124 4679 3181 4721 ut
3218 4671 3429 4737 quando
3460 4689 3555 4725 no-

1978 4780 2098 4819 tncn
2125 4764 2239 4831 ejus
2276 4761 2699 4829 blasphematur.
2751 4759 2899 4815 Unde
2943 4776 3151 4823 sursum
3194 4775 3257 4815 ac
3302 4761 3551 4817 deorsum
3587 4790 3592 4797 -

1977 4856 2113 4925 apud
2164 4855 2377 4908 .ludteos
2422 4853 2522 4906 hoc
2566 4852 2769 4919 jactat,
2813 4867 2911 4905 ens
2950 4852 3371 4920 reprehendens,
3422 4856 3554 4922 Quia

1978 4966 2155 5003 nomen
2182 4964 2344 5000 meum
2368 4950 2669 5016 profanatur
2695 4944 2843 5013 (Isai.
2863 4947 2950 5000 48.
2978 4948 3060 5011 Η)
3092 4965 3106 5000 :
3136 4957 3189 5000 et
3212 4949 3423 5015 itermn,
3455 4950 3553 5002 Vas

1978 5042 2261 5112 profanatis
2290 5042 2454 5107 ipsum
2483 5037 2636 5105 (Mal.
2669 5040 2717 5090 l.
2744 5038 2832 5104 12)
2864 5054 2877 5090 :
2910 5049 2956 5089 cl
2978 5080 2991 5097 ,
3026 5037 3239 5103 Propter
3261 5058 3346 5093 vos
3372 5059 3553 5094 nomen

1977 5152 2140 5187 meum
2180 5132 2557 5203 blasphematur
2582 5132 2632 5183 in
2659 5130 2886 5199 gentibus
2913 5128 3061 5199 (Isai.
3087 5130 3175 5183 59..
3210 5133 3285 5200 5).
3325 5134 3387 5187 Et
3414 5144 3551 5187 tanta

1980 5226 2076 5290 ipsi
2122 5224 2219 5277 fuit
2258 5239 2380 5276 cura
2415 5238 2483 5275 ne
2514 5224 2612 5273 hoc
2639 5222 2909 5282 eveniret,
2958 5232 3012 5273 ut
3052 5230 3106 5274 ct
3144 5222 3384 5292 indignos
3414 5241 3553 5291 sa-po

1978 5316 2228 5376 salvat-it,
2274 5329 2339 5367 ne
2384 5312 2484 5366 hoc
2528 5315 2696 5366 fieret.
2740 5312 2862 5364 Feci
2902 5312 3077 5375 enim,
3123 5312 3229 5378 ait,
3274 5331 3339 5368 ne
3377 5332 3553 5368 nomen

1982 5422 2146 5459 meum
2178 5406 2473 5472 proferretur
2501 5418 2519 5456 :
2546 5412 2597 5455 ct
2618 5444 2632 5464 ,
2668 5401 2780 5454 Non
2809 5411 3012 5469 propter
3042 5418 3129 5455 nos
3159 5420 3250 5474 ago
3275 5404 3408 5474 facio
3428 5447 3442 5469 ,
3468 5407 3581 5471 tto-“

1979 5515 2089 5550 mus
2117 5495 2296 5554 Israel,
2326 5496 2412 5548 sed
2443 5505 2494 5547 ut
2520 5512 2699 5547 nomen
2716 5511 2877 5547 meum
2906 5510 3005 5545 non
3025 5498 3319 5564 profanrtur
3345 5497 3556 5563 (Ezccli.

1977 5588 2066 5641 20.
2098 5587 2151 5639 9.
2177 5594 2222 5639 et
2245 5586 2333 5640 56.
2356 5584 2472 5653 ἐξ).
2509 5584 2699 5638 Paulus
2726 5600 2853 5637 vero
2890 5586 3169 5639 anathema
3198 5601 3316 5639 esse.
3343 5589 3555 5652 nplalml

1981 5694 2076 5744 pro
2114 5677 2278 5745 gloria
2328 5676 2417 5730 Dei
2452 5693 2464 5727 :
2497 5686 2550 5730 ct
2591 5676 2703 5744 ipse
2738 5675 2908 5728 Moses
2953 5693 3162 5746 quoque
3188 5692 3218 5731 e
3255 5678 3390 5732 libro
3433 5681 3552 5731 vitae

1978 5769 2144 5823 deleri
2178 5766 2363 5821 orabat
2406 5782 2501 5835 pro
2524 5767 2687 5833 gloria
2718 5760 3060 5821 nominisDei
3088 5785 3102 5823 :
3132 5784 3225 5821 vos
3249 5779 3423 5823 autem
3451 5787 3555 5824 non

1982 5859 2151 5916 solum
2183 5858 2310 5914 nihil
2342 5860 2447 5930 pati
2466 5859 2640 5926 vultis,
2665 5868 2724 5913 ut
2744 5858 2877 5914 hanc
2898 5858 3124 5914 arcentis
3152 5858 3557 5930 blaSphemiam.
