4036 6416
412 490 441 548 \

457 430 558 484 δίη

458 544 551 599 sed
583 543 742 597 etiam
772 539 950 595 omnia
995 539 1194 603 facilis,
1240 553 1332 606 per
1369 554 1485 606 quae
1516 535 1655 588 illam
1681 532 1948 601 augeatis,
1977 535 2033 582 et

458 633 694 706 qumidie
735 631 1035 686 intendatis.
1076 629 1213 698 Quis
1236 629 1392 699 igitur
1437 643 1529 680 vos
1563 623 1879 680 excusabit?
1915 622 2033 693 quis

455 726 609 778 vobis
648 723 924 793 ignoscet?
963 721 1148 776 Nullus
1177 730 1276 774 est.
1322 720 1542 774 Tantam
1573 728 1750 771 autem
1775 731 1955 770 curam
1981 724 2037 769 et

459 818 598 868 licus
631 825 686 868 et
713 812 879 867 sancti
920 821 1137 880 gerunt,
1175 820 1234 865 ut
1275 826 1376 864 non
1415 808 1812 878 blasphemetur
1841 817 2033 859 nomen

455 906 594 973 ejus,
615 920 721 959 non
747 903 887 974 quod
915 905 1054 958 Deus
1077 918 1212 971 opus
1237 901 1429 956 habeat
1455 911 1511 956 ut
1534 916 1564 954 a
1595 899 1746 954 nobis
1773 899 2039 969 glorifice-

456 1010 544 1053 tur
573 997 791 1069 (nullius
812 997 956 1052 enim
993 997 1190 1066 indiget
1218 1005 1269 1051 et
1299 995 1567 1066 perfectus
1593 994 1696 1064 est)
1714 1035 1729 1058 ,
1763 993 1856 1048 sed
1889 990 2034 1061 quod

453 1105 520 1144 ex
551 1103 615 1144 ea
642 1104 702 1144 re
727 1088 952 1142 multum
980 1086 1159 1142 damni
1196 1086 1498 1140 hominibus
1535 1085 1759 1139 accidat.
1811 1081 2032 1151 Quand-3

458 1179 600 1234 enim
627 1177 764 1248 apud
791 1178 934 1247 ipsos
963 1176 1103 1231 male
1127 1176 1270 1230 audit
1301 1191 1493 1230 nomen
1523 1176 1613 1230 Dei
1641 1185 1694 1230 et
1713 1174 1880 1242 gloria
1900 1173 2036 1243 ejus,

459 1269 594 1324 nihil
619 1269 746 1339 ipsis
770 1269 908 1323 ultra
932 1267 1178 1338 prodest:
1198 1267 1339 1336 quod
1368 1267 1412 1321 si
1436 1267 1573 1320 Deus
1589 1281 1708 1321 cum
1735 1274 2037 1332 accusatur,

461 1363 593 1418 nihil
624 1362 860 1432 prodest,
892 1361 1061 1415 multo
1091 1360 1260 1430 magis
1281 1375 1400 1414 nos.

529 1453 584 1511 9.
611 1453 802 1509 Omnia
832 1453 989 1523 igitur
1026 1450 1279 1507 faciamus
1306 1461 1361 1504 ut
1392 1449 1532 1504 nulla
1557 1448 1626 1504 sit
1653 1448 1862 1504 occasio
1889 1462 2044 1503 scan-

458 1546 601 1610 dali;
633 1547 793 1601 etiam
821 1545 867 1599 si
898 1544 1093 1614 injuste
1138 1541 1535 1612 reprehendant
1561 1584 1576 1606 ,
1605 1540 2042 1612 persuasionibus

459 1637 727 1692 diluamus
753 1636 972 1690 crimina
998 1675 1012 1699 ,
1043 1645 1098 1689 et
1131 1633 1401 1688 imitemur
1430 1643 1644 1686 sanctos
1669 1672 1683 1695 ,
1707 1630 1900 1701 quibus
1928 1639 2044 1684 tan-

465 1736 576 1780 tum
605 1725 703 1780 fuit
742 1724 972 1780 studium
1009 1724 1191 1796 gloria:
1225 1723 1356 1788 Dei,
1385 1729 1443 1776 ut
1467 1737 1620 1776 suum
1645 1728 2047 1775 contemnerent

464 1827 682 1888 propter
721 1817 909 1871 Deum.
958 1814 1038 1870 Nc
1081 1814 1302 1882 abjectis
1343 1812 1592 1867 omnibus
1634 1820 1688 1867 et
1724 1810 2046 1866 conculcatis

461 1908 710 1962 sufficere
748 1905 1069 1961 arbitremur
1096 1905 1162 1959 ad
1207 1902 1609 1967 defensionem,
1643 1902 1687 1956 si
1715 1902 2040 1956 dixerimus:

464 1999 679 2056 Vestem
705 2000 932 2055 emimus
947 1998 1136 2069 virgini
1162 2007 1215 2054 et
1234 1998 1464 2064 calceos,
1493 2005 1547 2052 et
1574 1997 1676 2052 alia
1699 2012 1817 2066 quae
1838 1996 1903 2050 ad
1925 2011 2044 2051 cor-

465 2093 646 2161 porale
659 2092 876 2162 virginis
896 2089 1233 2145 commodum
1254 2091 1483 2144 attinent
1509 2089 1647 2144 bene
1664 2088 2043 2157 disposuimus.

465 2183 626 2250 Quis,
650 2183 760 2245 ait,
791 2181 1190 2236 administraret
1213 2195 1277 2235 ea
1303 2196 1421 2251 quae
1459 2179 1604 2234 domi
1642 2178 1882 2232 nostr:e?
1927 2178 2047 2247 quis

469 2272 895 2342 possessionibus
920 2271 1284 2340 prospiceret?
1325 2270 1444 2340 quis
1470 2277 1724 2340 praeesset
1743 2269 1924 2322 domui
1951 2284 2049 2322 no-

467 2362 549 2419 bis
567 2363 874 2417 absentibus
900 2403 914 2428 ,
941 2372 990 2416 et
1023 2377 1142 2416 cum
1169 2363 1311 2415 intus
1337 2376 1441 2415 non
1469 2361 1539 2414 sit
1565 2360 1800 2415 mulier?
1828 2360 1958 2414 Nam
1990 2370 2045 2415 et

469 2453 583 2507 huic
620 2453 805 2507 dicunt
851 2452 1115 2522 prioribus
1139 2452 1402 2505 contraria
1431 2459 1486 2505 et
1525 2451 1780 2519 turpiora.
1823 2451 1888 2504 Et
1917 2450 2046 2505 nihil

465 2554 654 2598 curant
675 2543 792 2604 ista,
821 2559 992 2611 neque
1021 2543 1359 2608 erubescunt,
1383 2542 1539 2596 sicuti
1566 2541 1700 2596 ebrii
1729 2558 1887 2596 omne
1907 2541 2047 2611 quod

468 2633 520 2686 in
567 2631 784 2686 buccam
827 2633 971 2687 venit
1017 2632 1293 2701 loquentes
1329 2648 1343 2683 :
1374 2641 1700 2701 quapropter
1737 2649 1909 2702 neque
1951 2647 2048 2687 nos

466 2723 893 2793 defatigabimur,
925 2724 1132 2777 etiamsi
1161 2723 1285 2777 talia
1314 2723 1420 2776 sint
1446 2739 1565 2792 qua:
1591 2723 1656 2778 ab
1689 2723 1752 2776 iis
1776 2724 2045 2790 dicuntur,

467 2826 528 2873 ut
574 2818 774 2872 nullum
821 2831 1136 2886 responsum
1180 2825 1501 2870 mereantur.
1531 2814 1648 2870 Non
1688 2816 2045 2884 gravabimur,

468 2908 682 2979 inquam
706 2949 722 2973 ,
758 2916 814 2962 et
845 2905 1196 2977 respondere,
1235 2917 1290 2961 et
1313 2916 1591 2961 mansuete
1618 2921 1739 2961 cum
1764 2907 1842 2960 eis
1867 2921 2046 2976 agere,

471 3000 644 3055 donec
669 3001 736 3056 ab
760 2999 857 3054 hac
885 3000 1146 3054 ebrietate
1170 2999 1291 3054 illos
1321 2999 1626 3062 liberemus,
1660 3008 1911 3069 quantum
1940 2999 2048 3053 sci-

470 3095 595 3149 licet
631 3094 686 3147 in
720 3092 872 3147 nobis
899 3092 1020 3146 erit.
1072 3090 1156 3146 Me
1185 3090 1344 3162 pudet
1368 3091 1512 3145 enim
1543 3099 1597 3144 et
1620 3091 1898 3155 erubesco,
1927 3106 2048 3144 cum

471 3184 587 3240 haec
613 3193 858 3239 evertere
887 3191 1056 3248 tento,
1077 3198 1196 3254 qua:
1221 3181 1650 3237 contradicentes
1678 3182 1753 3236 illi
1778 3196 2049 3251 opponere

469 3291 576 3329 non
601 3275 923 3329 erubescunt
947 3290 960 3326 :
995 3273 1209 3328 ferenda
1233 3282 1406 3327 tamen
1437 3273 1654 3326 omnino
1681 3273 2048 3328 erubescentia

468 3364 535 3420 ad
565 3363 842 3418 utilitatem
869 3379 1052 3418 eorum
1079 3363 1169 3433 qui
1198 3363 1514 3418 erubescere
1544 3363 1806 3430 nesciunt.
1839 3362 2048 3417 Etenim

469 3455 757 3510 absurdum
782 3453 956 3518 fuerit,
990 3454 1113 3508 dum
1136 3453 1502 3522 redarguimus
1529 3469 1621 3507 eos
1646 3455 1732 3523 qui
1756 3469 1852 3523 pro
1883 3455 2049 3508 nihilo

472 3544 689 3611 habent,
721 3545 860 3614 quod
891 3543 1138 3598 fratribus
1164 3543 1481 3598 oﬂ'endiculo
1503 3544 1628 3610 sint,
1653 3544 1866 3614 pudoris
1887 3559 2047 3600 causa

471 3637 682 3691 illorum
711 3652 893 3690 curam
925 3635 1175 3705 abjicere.
1216 3636 1310 3690 Dic
1335 3635 1476 3690 enim
1513 3637 1644 3690 mihi
1686 3653 1927 3706 qumnam
1958 3638 2045 3690 illa

474 3727 656 3782 dicunt
694 3728 836 3781 domi
881 3727 946 3781 ad
973 3742 1152 3781 curam
1185 3727 1402 3796 virginis
1432 3737 1535 3780 tam
1566 3729 1861 3781 necessaria
1891 3729 2048 3781 esse?

475 3818 888 3873 barbararumne
918 3819 1208 3888 puellarum
1246 3819 1340 3872 tibi
1368 3821 1609 3874 examina
1647 3829 1770 3872 sunt
1802 3829 1853 3873 et
1882 3836 2050 3888 nuper

472 3921 672 3982 empta,
696 3927 816 3981 quae
840 3921 1048 3981 oportet
1075 3911 1283 3967 erudire
1307 3920 1360 3967 et
1384 3911 1449 3966 ad
1471 3911 1754 3967 lanificium
1784 3921 1836 3966 et
1855 3911 1920 3966 ad
1945 3912 2047 3965 alia

476 4002 814 4058 ministeria?
838 4006 906 4056 At
932 4003 1182 4072 penuaria
1210 4001 1402 4056 adsunt
1431 4017 1591 4072 opum
1618 4013 1673 4056 et
1695 4005 1920 4058 vestimn
1948 4045 1962 4069 ,
1995 4015 2049 4058 et

469 4103 676 4163 oportet
705 4095 978 4149 custodem
1022 4096 1162 4149 intus
1187 4109 1400 4162 semper
1426 4093 1646 4158 sedere,
1677 4107 1730 4148 et
1755 4111 1784 4147 a
1825 4095 2049 4149 famulo-

473 4199 592 4240 rum
617 4185 814 4239 malitia
841 4185 1054 4256 virginis
1079 4185 1263 4239 oculos
1288 4200 1351 4240 ea
1375 4194 1573 4250 tutare;
1603 4201 1808 4240 coenam
1838 4201 2047 4258 quoque

473 4282 530 4329 et
572 4274 812 4329 convivia
851 4275 1101 4330 continue
1145 4289 1440 4344 apparare,
1482 4283 1538 4329 et
1577 4285 1791 4345 oportet
1828 4276 2044 4331 donnnn

473 4365 652 4420 ornari
676 4405 692 4432 ,
737 4375 792 4422 et
818 4381 1020 4436 coquos
1044 4376 1100 4421 et
1126 4379 1324 4421 mensa:
1349 4367 1620 4421 ministros
1643 4383 1770 4422 cura
1799 4368 1909 4439 regi
1940 4370 2046 4422 vir-

471 4455 645 4527 ginis?
671 4465 864 4510 suntne
889 4459 1014 4511 item
1039 4457 1187 4511 multi
1216 4457 1346 4510 varii
1373 4467 1614 4526 sumptus
1642 4469 1695 4512 et
1717 4457 2042 4528 frequentes,

473 4555 529 4604 et
555 4556 762 4618 oportet
799 4548 1029 4618 aliquem
1069 4563 1280 4617 semper
1307 4563 1427 4602 esse
1471 4547 1777 4616 prznfectmn
1799 4590 1814 4613 ,
1864 4560 1920 4602 ut
1949 4567 2045 4603 cu-

471 4639 769 4694 stodiantur
791 4655 912 4694 cum
934 4639 1201 4709 diligentia
1228 4681 1243 4705 ,
1277 4651 1333 4692 ut
1359 4655 1425 4694 ne
1452 4641 1535 4693 illa
1561 4656 1589 4692 a
1615 4640 1776 4694 domo
1805 4641 1920 4693 sine
1947 4641 2048 4693 uti-

471 4731 620 4786 litate
647 4731 960 4785 elabantur?
1002 4730 1142 4784 Nihil
1173 4731 1360 4784 horum
1386 4733 1494 4796 ait;
1527 4731 1620 4786 sed
1659 4741 1714 4785 ut
1742 4732 1838 4802 ipsi
1867 4749 2045 4786 arcam

470 4833 525 4877 et
568 4835 771 4878 vestem
815 4833 869 4878 et
909 4825 1062 4876 aliam
1112 4833 1261 4877 curet
1303 4823 1692 4886 facultatulam,
1737 4824 1872 4878 bene
1901 4833 2048 4894 paret.

473 4928 708 4967 mensam
731 4952 747 4979 ,
794 4912 932 4968 bene
970 4921 1172 4966 stcrnat
1214 4913 1439 4976 lectum,
1470 4924 1526 4966 et
1563 4914 1820 4968 accendat
1847 4914 2042 4982 ignem,

469 5013 524 5057 ct
551 5002 727 5057 abluat
769 5002 969 5072 pedes,
1013 5012 1068 5056 et
1113 5003 1254 5056 aliud
1302 5003 1548 5056 Solatium
1589 5019 1748 5058 onme
1788 5005 2038 5074 pnebeat.

474 5092 677 5148 Deinde
719 5108 812 5162 pro
840 5107 997 5163 parva
1021 5101 1074 5147 et
1102 5093 1290 5162 frigida
1317 5093 1694 5148 commoditate
1721 5095 1822 5148 hac
1847 5105 2042 5148 tantam

467 5183 700 5238 feremus
716 5183 1127 5249 accusationem,
1154 5193 1296 5237 tanta
1323 5185 1700 5239 sustinebinms
1720 5185 2046 5254 Opprobria?

470 5274 534 5326 Et
577 5283 775 5341 quanto
820 5273 1010 5326 ntelius
1055 5273 1215 5327 frater
1260 5281 1317 5327 et
1359 5275 1564 5326 facilius
1609 5274 2045 5328 administraret"

468 5379 657 5418 natura
685 5364 824 5417 enim
855 5362 1038 5416 fortior
1061 5374 1142 5416 est
1164 5362 1388 5416 muliere
1410 5363 1489 5415 vir
1511 5403 1526 5426 ,
1559 5379 1655 5417 usu
1682 5376 1860 5417 autem
1893 5365 2044 5418 nobis

468 5453 936 5514 accommodatior.
955 5464 1008 5508 et
1023 5469 1126 5507 nun
1151 5462 1254 5507 tam
1269 5464 1628 5522 sumptuosus.
1648 5454 1832 5509 Mulier
1851 5456 2046 5525 quippe

470 5558 651 5618 utpote
676 5546 924 5610 tenerior,
943 5557 995 5600 et
1015 5547 1257 5600 molliore
1281 5545 1478 5615 indiget
1497 5546 1707 5610 lectulo,
1732 5555 1786 5599 et
1807 5548 2044 5601 tenuiore

473 5643 695 5704 vestitu,
741 5647 797 5693 ct
837 5639 1074 5692 fortassis
1103 5638 1275 5707 puella
1315 5637 1480 5691 altera
1510 5652 1628 5706 qua:
1653 5652 1701 5692 et
1745 5640 2041 5701 ministret;

469 5742 523 5784 et
565 5746 670 5784 non
715 5738 917 5784 tanturn
962 5730 1114 5784 nobis
1141 5729 1489 5783 ministerium
1522 5728 1777 5796 prmbehit
1801 5770 1816 5794 ,
1845 5737 2043 5798 quanto

469 5825 566 5892 ipsi
590 5838 722 5894 opus
748 5824 845 5878 crit
875 5839 901 5877 a
930 5824 1080 5879 nobis
1113 5840 1125 5874 :
1150 5821 1314 5878 frater
1345 5832 1520 5876 autem
1553 5820 1634 5876 his
1661 5821 1905 5876 omnibus
1933 5837 2038 5876 non

1165 424 1222 477 S.
1260 421 1538 478 JOANNIS
1573 412 2046 503 CllRYSOS'l'OMl
2083 409 2400 467 ARClllEP.
2441 408 2976 468 CONSTANTINOP.

3605 416 3709 472 508

2137 536 2276 597 eget.
2305 521 2458 594 Quod
2483 525 2526 580 si
2556 523 2734 595 aliquo
2762 535 2882 597 eget
2903 568 2920 592 ,
2950 525 3138 582 eodem
3168 537 3224 582 et
3251 543 3348 582 nos
3383 529 3699 599 indigemus,

2136 619 2282 690 quod
2319 635 2424 674 non
2449 635 2625 690 parvae
2649 618 3043 675 commoditatis
3063 629 3176 686 est,
3222 620 3266 675 si
3305 621 3722 677 contubernales

2139 725 2244 764 non
2265 710 2426 764 variis
2449 750 2464 774 ,
2495 709 2586 764 sed
2610 708 2796 765 iisdem
2830 719 3046 764 utantur
3075 726 3089 762 :
3113 710 3164 764 id
3192 709 3335 781 quod
3361 722 3507 766 certe
3533 712 3584 765 in
3610 713 3718 766 vir-

2140 801 2262 872 gine
2300 815 2406 855 non
2446 810 2548 856 est.
2604 800 2840 855 Primum
2882 816 3013 856 sane
3049 802 3161 856 sive
3203 802 3361 856 levari
3400 803 3562 867 velit,
3603 803 3724 858 sive

2141 906 2370 961 corpore
2400 906 2538 962 aegra
2561 891 2664 957 sit,
2692 907 2863 962 neque
2887 891 3050 947 frater
3075 892 3172 962 ipsi
3199 893 3266 946 ad
3300 893 3416 948 haec
3444 895 3719 949 ministra-

2141 983 2221 1040 bit
2239 1025 2253 1048 ,
2303 985 2510 1040 tametsi
2541 984 2693 1039 valde
2723 984 3001 1054 impudens
3029 986 3098 1040 sit
3116 1027 3131 1046 .
3158 1001 3326 1056 neque
3355 986 3466 1055 ipsa
3490 987 3588 1041 sibi
3611 987 3726 1041 suf-

2143 1075 2330 1130 ﬁciens
2364 1075 2464 1129 erit
2492 1093 2507 1126 :
2535 1075 2580 1129 si
2624 1085 2799 1130 autem
2846 1075 3038 1130 fratres
3086 1085 3210 1130 sunt
3254 1077 3346 1146 qui
3388 1077 3719 1143 cohabitant,

2141 1164 2378 1219 vicissim
2418 1165 2721 1221 ministrare
2765 1174 3032 1235 poterunt.
3075 1166 3203 1221 Item
3243 1168 3454 1236 quando
3482 1167 3723 1223 dormire

2144 1271 2280 1325 opus
2315 1255 2506 1322 fuerit,
2539 1257 2746 1327 virgine
2771 1257 2984 1328 quidem
3015 1259 3156 1312 intus
3189 1258 3444 1324 sedente,
3475 1269 3530 1316 et
3553 1260 3726 1315 tectos

2145 1347 2280 1402 duos
2303 1363 2422 1404 esse
2441 1357 2686 1419 Oportet,
2715 1359 2769 1403 et
2805 1358 2968 1404 strata
2993 1351 3100 1405 duo
3117 1393 3132 1418 ,
3173 1361 3226 1405 et
3253 1351 3449 1406 lodices
3472 1352 3605 1406 duos
3629 1371 3643 1405 :
3672 1355 3723 1407 si

2148 1449 2324 1494 autem
2365 1441 2604 1509 sapiant,
2648 1449 2704 1495 et
2730 1440 2997 1497 domicilia
3025 1442 3152 1496 duo.
3184 1443 3255 1497 At
3293 1443 3338 1498 si
3376 1442 3563 1498 fratres
3591 1445 3721 1509 sint,

2147 1529 2336 1584 iterum
2361 1545 2420 1584 re
2447 1530 2690 1584 familiari
2713 1540 2852 1586 tanta
2881 1547 2984 1586 non
3011 1542 3093 1587 est
3115 1549 3268 1604 epos.
3298 1533 3503 1588 Etenim
3529 1535 3724 1591 domus

2148 1634 2273 1686 una,
2306 1620 2530 1675 cervical
2561 1631 2818 1689 unum,et
2842 1622 3009 1677 lectus
3036 1637 3190 1688 unus,
3208 1634 3263 1678 et
3284 1625 3468 1680 eadem
3491 1629 3724 1696 tegmina

2147 1711 2388 1782 utrisque
2416 1711 2714 1775 sufficiunt;
2758 1723 2812 1768 et
2837 1715 2888 1768 in
2917 1729 3123 1770 summa
3145 1757 3160 1780 ,
3207 1716 3253 1771 si
3277 1717 3396 1786 quis
3420 1732 3578 1772 omne
3604 1734 3730 1787 per—

2147 1811 2330 1856 currat
2353 1802 2724 1868 ministerium,
2759 1804 2842 1859 hic
2871 1805 3091 1859 multam
3122 1806 3354 1862 inveniet
3397 1807 3726 1873 facilitatem,

2149 1894 2219 1949 ibi
2259 1903 2436 1949 autem
2477 1894 2864 1951 difficultatem.
2892 1896 3066 1952 Taceo
3093 1897 3282 1953 domus
3318 1900 3725 1972 turpitudinem.

2148 1982 2315 2050 Quale
2339 1985 2480 2039 enim
2506 1993 2606 2050 est,
2638 1985 2682 2040 si
2710 1986 2762 2040 in
2789 1985 3004 2041 domum
3022 1987 3117 2041 viri
3132 1988 3351 2044 solitarii
3380 1990 3504 2054 itur,
3534 1990 3730 2048 videre

2149 2077 2357 2130 calceos
2407 2076 2692 2132 muliebres
2737 2093 3058 2148 suspensos,
3090 2091 3142 2135 et
3184 2082 3396 2152 cingula
3424 2093 3477 2138 et
3515 2085 3726 2150 mitras,

2149 2166 2466 2222 calathiscos
2489 2178 2544 2223 et
2566 2168 2739 2224 colum
2777 2179 2833 2224 et
2871 2170 3076 2225 radium
3107 2174 3385 2228 textorium
3409 2183 3463 2228 et
3489 2177 3726 2246 pectines

2149 2267 2205 2311 et
2231 2257 2366 2326 fusa,
2393 2268 2449 2314 et
2468 2260 2568 2314 alia
2594 2275 2712 2330 quae
2733 2262 3081 2330 particulatim
3105 2265 3278 2318 omnia
3305 2281 3582 2322 numerare
3608 2284 3721 2324 non

2151 2349 2311 2404 licet?
2347 2349 2404 2405 Si
2429 2360 2604 2405 autem
2632 2367 2750 2422 quae
2776 2352 2953 2408 divitis
2982 2363 3105 2408 sunt
3133 2357 3385 2410 scruteris
3405 2399 3418 2420 ,
3451 2358 3619 2428 major
3640 2369 3730 2413 est

2151 2440 2289 2494 risus
2329 2441 2572 2495 materia.
2617 2441 2852 2497 Primum
2889 2444 3101 2513 quidem
3146 2446 3197 2498 in
3241 2447 3530 2514 puellarum
3573 2459 3724 2503 tanta

2151 2530 2305 2583 turba
2331 2531 2475 2585 solus
2515 2542 2795 2598 versatur,
2845 2535 2993 2602 quasi
3037 2535 3319 2589 choraules
3358 2536 3407 2590 in
3449 2537 3714 2592 orchestr.

2150 2620 2240 2690 qui
2286 2620 2337 2674 in
2379 2621 2545 2675 choro
2593 2623 2873 2677 mulierum
2930 2625 3236 2679 saltantium
3291 2628 3522 2681 concinit
3559 2645 3576 2684 :
3614 2645 3726 2698 quo

2151 2712 2276 2781 quid
2303 2713 2508 2782 turpius
2533 2724 2586 2768 et
2613 2713 2986 2770 inhonestius?
3022 2716 3222 2772 Deinde
3245 2717 3590 2788 disrumpitur
3613 2729 3725 2774 tota

2151 2801 2237 2856 die
2262 2802 2468 2858 famulis
2492 2818 2812 2860 succensens
2839 2806 2909 2861 ob
2935 2821 3020 2861 res
3051 2822 3172 2875 qua:
3196 2807 3261 2860 ad
3305 2809 3578 2864 mulierem
3602 2826 3730 2880 spe.

2151 2902 2314 2948 ctant.
2346 2893 2479 2949 Nam
2502 2895 2551 2950 ei
2573 2897 2931 2952 necessarium
2961 2906 3045 2951 est
3081 2908 3172 2952 aut
3195 2901 3412 2953 omnino
3438 2901 3596 2956 silere
3620 2943 3636 2966 ,
3666 2912 3727 2956 et

2151 2983 2328 3037 omnia
2353 2984 2708 3054 negligentem
2732 2986 2801 3040 ab
2824 2986 2911 3041 illa
2935 2987 3194 3058 increpari
3212 3031 3227 3052 ,
3266 2991 3346 3043 vel
3377 2989 3642 3046 dicentem
3669 3001 3728 3046 et

2153 3076 2514 3146 increpantem
2555 3079 2778 3148 turpiter
2820 3095 2976 3149 agere
3011 3098 3025 3134 :
3055 3089 3110 3135 et
3137 3081 3257 3136 vide
3285 3081 3408 3151 quid
3429 3084 3722 3154 contingat.

2152 3166 2284 3222 Nam
2310 3169 2398 3237 qui
2423 3169 2612 3238 jussus
2631 3180 2714 3224 est
2760 3185 2826 3225 ne
2878 3186 3040 3240 prope
3064 3171 3277 3241 quidem
3320 3173 3385 3227 ad
3417 3177 3724 3244 temporalia

2154 3261 2359 3330 negotia
2385 3261 2675 3327 accedere,
2711 3277 2816 3316 non
2846 3263 3018 3317 solum
3041 3266 3348 3333 temporalia
3369 3308 3384 3330 ,
3415 3268 3506 3320 sed
3537 3270 3727 3321 ntulit.»

2151 3351 2266 3406 bria
2308 3353 2569 3421 ipsissima
2601 3361 2809 3408 tractat.
2853 3352 3063 3409 Etenim
3086 3370 3208 3410 vasa
3235 3357 3506 3412 muliebria
3532 3359 3728 3414 afferre

2153 3459 2260 3498 non
2287 3441 2603 3498 detrectabit
2623 3443 2956 3513 argentariis,
2983 3444 3206 3500 subinde
3229 3463 3422 3518 rogans
3449 3464 3571 3502 num
3603 3465 3728 3518 spe-

2153 3535 2329 3586 culum
2361 3532 2589 3587 domina:
2619 3543 2969 3603 praeparatum
3010 3536 3104 3601 sit,
3152 3553 3280 3591 num
3324 3539 3511 3592 cadum
3539 3541 3722 3594 absol-

2153 3625 2362 3688 vcrint,
2420 3639 2545 3677 num
2604 3623 2872 3695 lecytbum
2919 3625 3281 3693 reddiderint;
3331 3644 3454 3683 nam
3505 3630 3554 3683 in
3603 3646 3724 3686 eam

2153 3718 2546 3786 corruptionem
2577 3728 2833 3771 venerunt
2859 3718 3056 3785 omnia,
3075 3729 3132 3771 ut
3153 3719 3386 3789 pluribus
3402 3721 3538 3777 vasis
3561 3739 3722 3792 quam

2155 3808 2438 3862 sa-culares
2475 3808 2656 3862 multa:
2688 3817 2902 3864 utantur
2927 3810 3179 3880 virgines.
3231 3811 3366 3867 Hinc
3416 3813 3610 3868 iterum
3651 3817 3721 3869 ad

2153 3900 2561 3970 unguentariam
2615 3901 2783 3954 currit
2826 3901 3223 3972 colloquuturus
3275 3903 3342 3957 de
3391 3905 3722 3959 aromatibus

2151 3990 2381 4046 domina:
2414 4006 2592 4060 :smpe
2621 3992 2780 4046 etiam
2802 4008 2910 4062 pra:
2941 3993 3105 4048 nimio
3135 3993 3310 4048 studio
3331 4010 3430 4050 nec
3453 3995 3724 4050 detrecta-

2153 4081 2230 4137 bit
2256 4084 2299 4136 si
2329 4091 2384 4138 et
2411 4097 2611 4152 pauper
2635 4082 2823 4152 injuria
2846 4083 2917 4137 sit
2943 4083 3268 4139 afficiendus.
3296 4083 3520 4140 Utuntur
3540 4095 3724 4141 autem

2152 4175 2382 4244 virgines
2412 4175 2692 4244 unguentis
2732 4184 2786 4228 et
2813 4175 2975 4229 variis
3012 4186 3066 4229 et
3112 4177 3374 4245 pretiosis.
3431 4177 3626 4231 Deinde
3653 4180 3727 4232 ab

2155 4264 2500 4334 unguentaria
2537 4264 2604 4318 ad
2627 4263 2940 4319 vendentem
2985 4265 3184 4331 lintea,
3215 4275 3269 4320 et
3305 4267 3372 4320 ab
3409 4267 3500 4321 illo
3530 4269 3724 4321 iterum

2153 4355 2218 4408 ad
2245 4355 2532 4408 aulaiorum
2560 4362 2846 4409 tenorem.
2877 4355 2991 4410 Non
3018 4357 3159 4411 enim
3187 4368 3435 4412 verentur
3461 4360 3726 4428 imperare

2155 4446 2269 4498 ha-c
2307 4460 2489 4514 parva,
2516 4447 2638 4515 quia
2664 4446 2844 4500 vident
2869 4462 2962 4502 eos
2986 4448 3140 4503 valde
3167 4449 3492 4512 obedientes,
3521 4461 3572 4504 et
3599 4467 3727 4521 gra-

2156 4536 2278 4589 tiam
2308 4537 2562 4592 habentes
2589 4537 2968 4606 imperantibus
2991 4539 3262 4609 majorem.
3291 4558 3446 4610 quam
3475 4543 3592 4597 aliis
3617 4544 3726 4596 mi-

2154 4627 2519 4682 nistrantibus.
2571 4627 2704 4682 Hinc
2751 4630 2939 4683 iterum
2960 4671 2974 4694 ,
3021 4630 3065 4683 si
3094 4631 3304 4700 quando
3329 4631 3523 4700 aliquid
3551 4649 3724 4702 appa.

2155 4718 2376 4772 randum
2433 4719 2573 4789 quod
2640 4719 2704 4774 ad
2757 4720 3104 4790 gestatoriqu
3170 4723 3564 4778 tabernaculum
3620 4727 3726 4780 hoc

2154 4814 2448 4882 pertineat,
2489 4831 2658 4886 usque
2685 4815 2751 4870 ad
2781 4833 3052 4888 vesperam
3084 4820 3333 4886 impransi
3385 4830 3730 4888 perseverant

2151 4906 2380 4960 officinis
2404 4906 2570 4961 affixi.
2614 4908 2683 4962 Et
2713 4909 2841 4962 illud
2874 4925 2977 4964 nou
3004 4919 3086 4964 est
3109 4911 3404 4965 mirandum
3422 4952 3436 4973 ,
3460 4911 3550 4964 sed
3575 4911 3726 4979 quod

2152 5009 2207 5052 et
2234 4999 2440 5052 miseris
2476 4998 2686 5054 famulis
2726 5001 2833 5054 sint
2857 5003 3093 5067 molesti,
3139 5014 3188 5057 et
3223 5003 3482 5070 frequenti
3525 5001 3719 5070 injuria

2152 5100 2206 5144 et
2231 5091 2602 5145 inclamatione
2628 5091 2724 5145 hos
2747 5103 2981 5163 urgeant.
3008 5094 3187 5164 Cogita
3217 5106 3427 5163 quanta:
3451 5094 3573 5151 hinc
3589 5109 3725 5164 qne-

2152 5181 2390 5234 rimonia:
2421 5198 2434 5233 :
2467 5183 2704 5236 minister
2732 5184 2872 5237 enim
2901 5185 3086 5254 injuria
3110 5186 3350 5248 alfecrus,
3380 5187 3603 5240 maxime
3623 5201 3726 5254 pro

2154 5274 2344 5326 talibus
2368 5275 2546 5336 rebus,
2571 5275 2690 5342 quia
2716 5291 2836 5330 eum
2867 5279 2954 5346 qui
2979 5291 3037 5331 se
3062 5279 3249 5342 injttria
3281 5278 3455 5332 affecit
3483 5294 3582 5331 non
3609 5279 3722 5331 alio

2152 5364 2310 5418 modo
2339 5365 2518 5419 ulcisci
2542 5375 2748 5433 potest,
2777 5368 2951 5436 lingua
2985 5368 3086 5421 hoc
3114 5368 3236 5420 facit
3261 5410 3273 5431 ,
3302 5379 3355 5422 et
3388 5369 3589 5422 occulta
3613 5369 3718 5420 ob-

2152 5467 2496 5519 trectatione;
2541 5474 2638 5512 nec
2682 5461 2851 5527 parcit
2894 5461 3046 5513 alicui
3080 5477 3298 5524 eorum,
3340 5464 3524 5530 quibus
3553 5462 3723 5515 furori

2151 5565 2249 5602 suo
2269 5549 2574 5614 satisfaciat,
2604 5552 2695 5603 sed
2726 5562 2829 5604 tam
2853 5552 3132 5606 immodice
3153 5553 3441 5614 ulciscitur,
3463 5563 3722 5622 quantum

2151 5639 2442 5693 verisimile
2469 5648 2552 5692 est
2579 5655 2788 5694 servum
2821 5641 2887 5692 ita
2928 5642 3300 5708 estprobratum
3324 5683 3336 5703 ,
3382 5653 3436 5696 et
3476 5643 3555 5696 cui
3601 5643 3725 5697 sola

2151 5730 2266 5783 lucc
2295 5739 2376 5782 est
2404 5730 2698 5784 consolatio
2727 5747 2757 5783 e
2787 5732 2936 5785 malis
2965 5734 3077 5786 suis
3104 5734 3364 5786 adversus
3400 5748 3519 5786 eum
3541 5733 3630 5802 qui
3660 5748 3730 5788 se

2154 5820 2506 5875 contristavit.
2557 5822 2623 5874 At
2652 5820 2738 5890 qui
2771 5821 3006 5890 pauperi,
3047 5823 3231 5890 inquit,
3263 5821 3564 5883 cohabitat,
3598 5839 3731 5876 cum
