4036 6416
302 388 405 446 507

299 511 395 564 καὶ
431 509 725 565 ἐπιτείνετε
775 513 895 566 καθ’
938 516 1177 589 ἑκάστην
1224 518 1460 590 ἡμέραν.
1496 518 1591 583 Τίς
1619 512 1711 572 οῦν
1736 518 1880 588 ὑμᾶς

302 597 723 667 παραιτήσεται.
754 596 837 661 τίς
867 598 923 652 δὲ
946 600 1349 669 συγγνώσεται;
1380 604 1492 656 Οὑκ
1514 602 1659 655 ἔστιν
1685 600 1878 663 οὐδείς.

302 678 583 750 Τοσαύτην
610 682 664 734 δὲ
688 682 945 751 πρόνοιαν
970 684 1060 737 καί
1083 686 1110 736 ὁ
1126 685 1258 749 Θεὸς
1287 689 1518 739 ποιεῖται
1550 685 1643 738 καὶ
1664 686 1714 737 οἱ
1737 684 1884 754 ἆγιοι

302 762 396 815 τοῦ
431 762 505 834 μὴ
534 763 968 834 βλασφημεῖσθαι
1001 767 1063 837 τὸ
1095 768 1267 839 ὄνομα
1314 768 1479 821 αὑτοῦ
1499 810 1513 833 ,
1557 769 1656 838 οὑχ
1684 768 1758 831 ὡς
1788 765 1884 819 τοῦ

304 847 438 901 Θεοῦ
471 848 724 918 δεομένου
777 849 874 919 τῆς
920 850 1075 921 δόξης
1100 851 1202 922 τῆς
1231 854 1361 924 παρ’
1405 854 1561 923 ἡμῶν
1611 851 1885 922 (ἀνενδεὴς

305 932 416 1004 γάρ
449 933 567 985 ἐστι
597 933 690 986 καὶ
721 933 971 1001 τέλειος),
1012 934 1124 989 ἀλλ’
1152 936 1227 999 ὡς
1262 936 1462 1006 πολλῆς
1489 936 1597 988 ἀπὸ
1623 934 1717 988 τοῦ
1748 935 1887 1005 πρά-

305 1033 514 1087 γματος
542 1019 654 1079 τοῖς
685 1016 992 1088 ἀνθρώποις
1012 1018 1310 1088 γενομένης
1328 1019 1424 1089 τῆς
1458 1018 1682 1089 βλάϐης.
1716 1018 1886 1072 Ὅταν

305 1101 414 1170 γάρ
449 1100 585 1171 πρὸς
606 1101 802 1163 αὑτοὺς
825 1100 1088 1171 διαϐληθῇ
1118 1101 1180 1155 τὸ
1213 1102 1307 1174 τοῦ
1344 1102 1480 1154 Θεοῦ
1510 1101 1682 1172 ὄνομα
1713 1102 1809 1154 καὶ
1845 1103 1879 1170 ἡ

305 1183 453 1247 δόξα,
506 1183 657 1237 οὑδέν
690 1184 888 1248 αὑτοὺς
915 1184 1116 1254 ὠφελεῖ
1140 1185 1324 1239 λοιπόν
1346 1202 1359 1217 ·
1400 1188 1448 1239 εἰ
1477 1186 1533 1239 δὲ
1559 1187 1587 1238 ὁ
1607 1186 1741 1249 Θεὸς
1770 1185 1885 1238 δια-

306 1267 635 1338 ϐαλλόμενος
662 1268 812 1321 οὐδὲν
844 1268 1064 1336 ὠφελεῖ,
1096 1268 1276 1339 πολλῷ
1303 1268 1502 1342 μᾶλλον
1534 1270 1712 1339 ἡμεῖς.

379 1351 450 1405 θ’.
480 1351 664 1404 Πάντα
681 1347 773 1405 οὖν
800 1352 1147 1424 πράττωμεν,
1170 1352 1311 1409 ὥστε
1336 1352 1608 1424 μηδεμίαν
1636 1350 1887 1421 γενέσθαι

308 1435 582 1505 πρόφασιν
609 1435 905 1488 σκανδάλου
932 1454 945 1467 ·
978 1435 1113 1489 ἀλλά
1143 1438 1192 1489 εἰ
1219 1437 1313 1490 καὶ
1344 1437 1546 1505 ἀδίκως
1588 1435 1884 1504 ἐγκαλῶσι,

309 1519 605 1589 πείθωμεν,
641 1518 734 1573 καὶ
755 1518 1059 1589 διαλύωμεν
1090 1520 1161 1573 τὰ
1194 1520 1538 1591 ἐγκλήματα,
1574 1520 1669 1573 καὶ
1705 1518 1886 1590 μιμώ-

309 1603 453 1675 μεθα
480 1603 606 1667 τοὺς
629 1602 900 1671 ἁγίους,οἳ
923 1603 1193 1675 τοσαύτην
1222 1603 1502 1657 ἐποιοῦντο
1538 1602 1771 1673 σπουδὴν
1790 1603 1889 1674 τῆς

308 1686 404 1740 τοῦ
434 1686 569 1740 Θεοῦ
613 1685 790 1758 δόξης,
819 1687 959 1740 ὥστε
1008 1690 1375 1758 καταφρονεῖν
1426 1687 1521 1740 καὶ
1551 1685 1652 1757 τῆς
1682 1685 1889 1739 ἑαυτῶν

309 1769 398 1823 διὰ
422 1771 521 1840 τὴν
553 1770 645 1823 τοῦ
680 1771 837 1825 Θεοῦ.
870 1771 963 1841 Μὴ
995 1771 1060 1842 δὴ
1090 1771 1267 1824 πάντα
1299 1769 1555 1841 ῥίψαντες
1584 1770 1771 1833 ἁπλῶς
1795 1770 1890 1823 καί⁵

310 1856 799 1925 καταπατήσαντες
827 1855 1019 1927 ἀρκεῖν
1046 1854 1383 1925 ἡγησώμεθα
1417 1854 1553 1926 πρὸς
1594 1852 1890 1921 ἀπολογίαν

312 1940 465 2009 ἡμῖν,
491 1937 585 1993 ἐὰν
636 1939 901 2008 εἴπωμεν,
947 1938 1028 1990 ὅτι
1064 1938 1278 2010 ἱμάτιον
1307 1937 1618 2010 ἐπριάμεθα
1652 1940 1716 2007 τῇ
1751 1953 1893 2007 παρ-

312 2022 449 2090 θένῳ
479 2021 573 2074 καί
605 2020 949 2091 ὑποδήματα,
983 2024 1076 2075 καί
1104 2022 1174 2075 τὰ
1212 2021 1346 2076 ἄλλα
1387 2021 1460 2074 τὰ
1496 2021 1637 2075 κατὰ
1666 2021 1761 2091 τὴν
1788 2038 1892 2073 σω-

314 2104 548 2177 ματικὴν
568 2105 877 2158 ἀνάπαυσιν
897 2100 956 2158 εὗ
982 2103 1335 2176 διεθήκαμεν.
1360 2105 1468 2158 Καὶ
1492 2105 1576 2168 τίς
1608 2105 1894 2175 οἰκονομή-

314 2206 419 2251 σει,
450 2191 603 2258 φησί,
632 2187 700 2240 τά
725 2186 867 2240 κατὰ
888 2187 984 2257 τὴν
1009 2188 1185 2241 οἰκίαν
1224 2190 1395 2259 ἡμῖνς
1424 2188 1508 2251 τίς
1546 2187 1604 2241 δὲ
1632 2186 1892 2255 ἐπόψεται

310 2273 381 2326 τὰ
412 2273 561 2335 ὄντα,
586 2272 668 2333 τίς
684 2272 739 2324 δὲ
771 2274 1140 2342 προστήσεται
1166 2272 1321 2342 ἡμῶν
1353 2271 1458 2336 ἐξω
1486 2270 1890 2341 διατριϐόντων,

313 2355 408 2408 καὶ
457 2354 711 2422 γυναικὸς
757 2354 906 2408 ένδον
933 2356 1031 2408 οὑκ
1065 2353 1266 2426 οὑσης;
1301 2356 1412 2409 Καὶ
1454 2356 1563 2425 γάρ
1588 2354 1681 2406 καὶ
1724 2352 1893 2406 ταῦτα

312 2439 560 2509 λέγουσιν
582 2439 801 2493 ἐναντία
832 2457 892 2492 τε
923 2439 1052 2492 ὅντα
1081 2440 1195 2503 τοῖς
1234 2440 1522 2510 προτέροις
1555 2438 1649 2491 καὶ
1675 2437 1895 2507 αἰσχρά-

313 2542 467 2596 τερα,
503 2524 597 2577 καὶ
619 2523 830 2585 οὐδενὸς
860 2522 1046 2585 αὑτοῖς
1080 2521 1232 2593 μέλει
1257 2522 1494 2584 τούτων,
1543 2521 1662 2574 οὑδὲ
1704 2520 1896 2590 αἰσχύ-

313 2627 493 2662 νονται
523 2606 677 2681 [241]
707 2607 953 2675 καθάπερ
985 2608 1034 2659 οἱ
1080 2606 1373 2677 μεθύοντες
1412 2607 1473 2659 τὸ
1498 2605 1722 2658 ἐπελθὸν
1750 2607 1894 2659 ᾶπαν

316 2692 697 2763 φθεγγόμενοι.
731 2690 823 2744 Διὸ
853 2691 986 2762 μηδέ
1007 2692 1170 2761 ἡμεῖς
1203 2690 1577 2760 ἀποκάμωμεν
1602 2729 1616 2752 ,
1639 2688 1744 2751 κᾶν
1780 2704 1893 2740 τοι-

315 2772 509 2847 αῦταῇ
547 2776 617 2830 τά
639 2775 908 2845 λεγόμενα
927 2813 941 2836 ,
966 2773 1041 2835 ὡς
1072 2772 1203 2843 μηδὲ
1236 2773 1582 2843 ἀποκρίσεως
1615 2770 1895 2836 ἀξιοῦσθαί

315 2878 460 2922 τινος
480 2876 495 2891 ·
523 2860 597 2930 μὴ
638 2858 1016 2929 ἀποκάμωμεν
1040 2853 1131 2909 οὖν
1163 2860 1256 2909 καὶ
1305 2856 1745 2926 ἀποκρινόμενοι,
1802 2856 1896 2909 καὶ

320 2944 511 3014 πράως
541 2942 720 3005 αὐτοῖς
748 2941 1143 3010 διαλεγόμενοι,
1169 2941 1273 3002 ἕως
1296 2939 1360 2991 ἂν
1394 2939 1491 3008 τῆς
1525 2938 1694 3008 μέθης
1724 2938 1898 2990 ἀπαλ-

319 3025 569 3095 λάξωμεν
601 3025 829 3095 ταύτης,
869 3025 931 3077 τό
963 3041 1027 3093 γε
1055 3026 1135 3086 εἰς
1171 3025 1318 3093 ἡμᾶς
1358 3018 1514 3094 ἧκον.
1557 3021 1897 3093 Αἰσχύνομαι

319 3111 431 3182 γὰρ
464 3112 559 3164 καὶ
602 3109 842 3181 ἐρυθριῶ
889 3108 1062 3162 ταῦτα
1109 3107 1403 3178 ἐπιχειρῶν
1453 3107 1815 3177 ἀνατρέπειν,
1861 3106 1898 3168 ἀ

320 3194 625 3263 ἀντιλέγειν
655 3194 753 3247 οὑκ
788 3191 1113 3264 ἐρυθριῶσιν
1140 3193 1373 3245 ἐκεῖνοι·
1419 3191 1625 3244 οἰστέον
1656 3191 1714 3244 δὲ
1750 3192 1899 3260 ὅμως

320 3282 419 3349 τὴν
448 3278 711 3349 αἰσχύνην
742 3278 829 3331 διὰ
865 3277 926 3329 τὸ
960 3275 1271 3329 λυσιτελοῦν
1296 3278 1407 3338 τοῖς
1434 3278 1535 3329 οὑκ
1574 3273 1901 3345 αἰσχυνομέ-

321 3380 450 3426 νοις.
500 3364 610 3415 Kal
660 3361 768 3432 γὰρ
800 3362 1000 3416 ἄτοπον
1051 3359 1416 3428 ἐγκαλοῦντας
1455 3361 1634 3422 αὑτοῖς
1669 3360 1767 3430 τὴν
1793 3358 1900 3417 τῶν

323 3446 827 3517 σκανδαλιξομένων
858 3444 1102 3513 ἀδελφῶν
1136 3444 1437 3515 ὑπεροψίαν
1473 3444 1669 3506 αὐτοὺς
1700 3442 1767 3496 δι’
1818 3444 1901 3499 al—

323 3531 526 3602 σχύνην
566 3531 665 3602 τὴν
719 3528 922 3582 τούτων
961 3528 1238 3599 ὑπερορᾷν
1274 3527 1593 3598 θεραπείαν.
1631 3528 1764 3579 Τίνα
1793 3526 1902 3597 γὰρ

322 3614 539 3683 λέγουσι
571 3613 639 3667 τὰ
678 3612 823 3666 ἔνδον
844 3653 857 3677 ,
889 3612 1012 3665 εἰπέ
1043 3629 1153 3683 μοι,
1193 3604 1267 3665 ὧν
1306 3614 1385 3675 εἰς
1420 3611 1517 3681 τὴν
1569 3612 1903 3682 προστασίαν

323 3701 424 3769 τῆς
454 3699 721 3770 παρθένου
752 3699 848 3769 τὴν
869 3698 1059 3768 χρείαν
1086 3697 1393 3765 ἀναγκαίαν
1424 3691 1563 3749 εἶναι
1592 3695 1900 3765 νομίζουσις

326 3783 627 3839 παιδισκῶν
660 3800 741 3835 an
788 3783 967 3853 πλήθη
1006 3781 1295 3852 βαρϐάρων
1337 3793 1362 3821 ι
1406 3780 1523 3833 ἐστὶ
1562 3780 1656 3832 καὶ
1704 3782 1905 3850 νεωνή-

324 3888 452 3935 των,
484 3869 580 3922 καὶ
604 3868 685 3920 διῖ
731 3865 936 3930 ταύτας
973 3863 1332 3936 ρυθμίξεσθαι
1384 3864 1479 3916 καὶ
1519 3862 1655 3931 πρὸς
1688 3863 1906 3933 ἐριουρ-

326 3956 450 4024 γίαν
486 3954 581 4006 καὶ
618 3951 755 4023 πρὸς
794 3950 894 4022 τὴν
947 3949 1113 4019 ἀλλην
1151 3947 1460 4011 διακονίαν;
1514 3946 1676 3999 Ἀλλὰ
1707 3950 1907 4017 ταμεῐα

327 4040 627 4112 χρημάτων
671 4034 881 4088 πολλῶν
922 4033 1017 4087 καὶ
1062 4032 1295 4104 ἱματίων
1324 4031 1652 4095 πολυτελῶν,
1680 4033 1774 4084 καὶ
1825 4032 1908 4085 δεῖ

330 4124 546 4192 φύλακα
569 4121 715 4173 ἐνδον
744 4118 1012 4189 καθῆσθαι
1040 4114 1352 4177 διαπαντὸς,
1396 4117 1491 4168 καὶ
1528 4118 1594 4185 τῇ
1623 4116 1733 4167 τῶν
1760 4119 1905 4169 οἰκε-

330 4206 438 4263 τῶν
477 4203 785 4275 κακουργία
828 4204 955 4265 τοὺς
1004 4200 1316 4270 ὀφθαλμοὺς
1350 4199 1773 4269 ἐπιτειχίζεσθαι
1810 4201 1909 4271 τῆς

333 4290 633 4361 παρθένους
671 4286 807 4341 ἀλλὰ
840 4286 1033 4339 δεῖπνα
1060 4284 1155 4336 καὶ
1198 4283 1477 4353 συμπόσια
1521 4282 1760 4353 συνεχῶς
1785 4285 1908 4336 ἐπι-

332 4372 625 4437 τελεῖσθαι,
684 4371 778 4425 καί
829 4369 935 4441 χρὴ
980 4369 1080 4439 τὴν
1108 4365 1287 4420 οἰκίαν
1331 4364 1786 4429 καλλωπίζεσθαι,
1818 4366 1910 4428 καὶ

335 4458 633 4529 μαγείρους
654 4455 747 4508 καὶ
768 4451 1197 4525 τραπεζοποιοὺς
1223 4449 1324 4520 τῆς
1342 4448 1596 4518 προνοίας
1620 4448 1910 4501 ἀπολαύειν

331 4542 429 4611 τῆς
454 4539 758 4613 παρθένου;
788 4536 925 4589 ἀλλά
942 4534 1272 4606 πολύτροποι
1303 4533 1541 4586 δαπάναι
1565 4531 1655 4584 καί
1670 4536 1910 4602 συνεχεῖς

332 4628 427 4680 καί
454 4625 534 4677 δεῖ
574 4640 700 4676 τινα
738 4620 1031 4690 ἐφεστάναι
1064 4616 1376 4679 διαπαντὸς,
1399 4616 1546 4677 ὅπως
1580 4614 1648 4670 τὰ
1688 4615 1787 4685 μὲν
1818 4633 1910 4684 φυ-

332 4708 580 4761 λάττοιτο
616 4705 755 4777 μετὰ
782 4704 1088 4776 ἀκριϐείας,
1118 4703 1186 4755 τά
1210 4702 1266 4754 δὲ
1303 4700 1377 4771 μὴ
1412 4700 1588 4769 μάτην
1617 4700 1783 4770 ἐκρέῃ
1813 4700 1910 4769 τῆς

333 4794 537 4856 οἱκίας;
570 4791 735 4844 Οὑδέν
763 4789 966 4842 τούτων
995 4788 1159 4858 φησίν
1179 4804 1192 4816 ·
1230 4784 1365 4837 ἀλλὰ
1398 4785 1543 4847 ὅπως
1579 4784 1715 4855 αὑτῇ
1744 4784 1805 4837 τὸ
1831 4802 1914 4836 κι-

335 4878 527 4931 ϐὡτιον
565 4877 659 4929 καὶ
705 4874 766 4926 τὸ
799 4872 1012 4945 ἱμάτιον
1038 4871 1132 4925 καί
1172 4870 1270 4940 τὴν
1306 4869 1472 4939 ἀλλην
1505 4867 1773 4940 ἐπιϐλέπῃ
1819 4886 1915 4921 πε-

334 4964 474 5021 νίαν,
506 4961 652 5023 ὅπως
685 4957 995 5029 εὐτρεπίζοι
1024 4955 1123 5026 τὴν
1168 4953 1470 5026 τράπεζαν,
1497 4954 1591 5005 καὶ
1631 4952 1731 5023 τὴν
1755 4953 1917 5024 εὐνὴν

337 5044 653 5114 στρωννύοι,
688 5044 781 5095 καὶ
811 5041 922 5112 πῦρ
968 5039 1227 5110 ἀνακαίῃ,
1259 5038 1353 5091 καί
1382 5036 1688 5108 περιπλύνῃ
1727 5037 1914 5102 πόδας,

336 5133 429 5183 καὶ
461 5130 559 5197 τὴν
594 5126 760 5197 ἄλλην
803 5127 1110 5179 ἀνάπαυσιν
1142 5123 1359 5194 παρέχῃ
1400 5124 1599 5175 πᾶσαν.
1631 5118 1763 5175 Εἶτα
1795 5122 1918 5175 ἀντὶ

334 5215 436 5283 τῆς
466 5214 667 5283 μικρᾶς
692 5211 783 5264 καὶ
798 5211 1012 5281 ψυχρᾶς
1038 5207 1396 5271 ἀναπαύσεως
1422 5206 1626 5277 ταύτης
1648 5207 1917 5277 τοσαύτην

336 5300 554 5366 οἴσομεν
584 5294 938 5365 κατηγορίαν,
980 5292 1218 5346 τοσαῦτα
1251 5291 1669 5361 ὑποστησόμεθα
1702 5290 1915 5360 ὀνείδη;

338 5382 447 5434 Καὶ
479 5380 629 5448 πόσῳ
681 5379 889 5449 βέλτιον
937 5377 1164 5445 ἀδελφὸς
1211 5375 1385 5428 ταῦτα
1418 5374 1793 5444 διακονήσεται
1825 5376 1919 5427 καί

338 5463 730 5534 εὐκολώτερονί
760 5464 826 5532 τῇ
860 5479 918 5514 τε
949 5461 1059 5533 γὰρ
1096 5460 1255 5529 φύσει
1289 5460 1635 5529 ἰσχυρότερος
1662 5458 1918 5525 γυναικὸς

337 5550 367 5601 ὁ
394 5550 553 5620 ἀνὴρ,
588 5550 654 5618 τῇ
683 5564 740 5599 τε
766 5545 926 5617 χρείᾳ
953 5544 1280 5613 οἰκειότερος
1323 5546 1478 5614 ἡμῖν,
1520 5544 1615 5595 καί
1647 5544 1745 5613 οὑχ
1777 5542 1918 5595 οὑτω

338 5633 668 5705 δαπανηρός.
716 5633 782 5685 Ἠ
814 5631 912 5702 μὲν
938 5629 1047 5700 γὰρ
1074 5628 1232 5698 γυνὴ,
1276 5628 1369 5681 ἆτε
1404 5626 1735 5697 ἁπαλωτέρα
1762 5622 1914 5691 οὖσα,

339 5718 436 5771 καὶ
479 5716 770 5789 στρωμνῆς
814 5712 1208 5785 μαλακωτέρας
1243 5710 1434 5773 δεῖται,
1466 5712 1560 5763 καί
1593 5710 1920 5781 λεπτοτέρας

341 5802 587 5872 ἐσθῆτος,
620 5802 714 5854 καὶ
732 5800 899 5871 κόρης
921 5798 1051 5860 ἴσως
1078 5795 1241 5848 πάλιν
1266 5793 1730 5865 διακονησομένης
1758 5797 1916 5865 αὑτῇ,

343 5888 436 5941 καί
456 5887 516 5939 οὑ
548 5884 813 5956 τοσαύτην
845 5885 971 5957 ἡμῖν
1008 5880 1236 5953 παρέχει
1268 5878 1563 5941 διακονίαν,
1594 5880 1725 5950 ὅσης
1777 5881 1914 5951 αὑτὴ

412 6024 438 6056 ⁸
467 6023 613 6073 Savil.
631 6040 707 6071 σοι
729 6023 863 6085 χρεία
883 6020 1144 6086 βαρϐάρων.
1173 6018 1296 6070 Infra
1322 6018 1451 6070 idem
1477 6018 1595 6067 ἀλλὰ
1620 6014 1821 6081 ταμεῖων
1846 6017 1924 6066 καὶ

346 6088 598 6151 χρημάτων
617 6088 728 6134 πολ)
739 6088 819 6133 ῶν.

926 395 1205 456 CONTRA
1245 398 1377 456 EOS
1413 398 1532 468 QUI
1570 397 2199 459 SUBINTRODUCTAS
2240 400 2512 457 HABENT
2553 399 2900 457 VIBGLNES.

3452 396 3561 456 εει

1984 518 2158 571 δεῖται
2187 520 2320 592 παρ’
2367 517 2554 589 ἡμῶν·
2588 518 2617 569 ό
2640 516 2697 570 δὲ
2728 513 2953 584 ἀδελφὸς
2980 513 3077 568 καὶ
3113 512 3332 566 πάντων
3356 511 3563 567 τούτων

1984 601 2359 671 ἀπήλλακται·
2396 602 2443 653 εἰ
2471 601 2528 654 δέ
2547 617 2692 663 τινος
2708 599 2802 653 καὶ
2824 596 3063 669 δεηθείη,
3091 594 3199 647 τῶν
3225 593 3402 649 αὑτῶν
3432 596 3563 665 ἡμῖν

1983 686 2258 759 δεήσεται.
2294 683 2466 738 Τοῦτο
2496 684 2553 736 δὲ
2580 684 2641 735 οὑ
2689 682 2884 753 μικρὸν
2914 682 2994 740 εἰς
3049 679 3297 733 εύκολίαν
3342 679 3478 743 ἐστὶ,
3504 677 3564 731 τὸ
3660 710 3661 713 η

1988 768 2062 841 μὴ
2090 768 2379 839 διαφόρων,
2420 766 2555 820 ἀλλά
2584 766 2690 819 τῶν
2723 762 2899 818 αὑτῶν
2940 764 2997 817 ἐν
3041 762 3199 833 χρεία
3232 762 3564 815 καθεστάναι

1985 855 2110 917 τοὺς
2155 851 2568 913 συνοικοῦντας·
2600 852 2740 919 ὅπερ
2774 849 2864 902 ἐπὶ
2893 848 2992 919 τῆς
3033 846 3305 916 παρθένου
3329 847 3430 899 οὑκ
3464 846 3589 899 ἔνι.ῑ

1986 936 2209 1009 Πρῶτον
2242 937 2340 1007 μὲν
2369 935 2476 1006 γάρ
2503 935 2568 989 ἄν
2599 952 2658 986 τε
2699 932 2991 985 λούσασθαι
3028 932 3120 1002 δέῃ
3152 970 3166 994 ,
3202 932 3267 984 ἀν
3291 947 3348 982 τε
3381 931 3567 1002 κάμνῃ

1983 1021 2045 1073 τὸ
2068 1022 2226 1091 σῶμα
2249 1063 2262 1085 ,
2292 1018 2416 1072 οὔτε
2460 1020 2489 1071 ό
2515 1017 2744 1087 ἀδελφὸς
2782 1019 2920 1087 αὑτῇ
2954 1014 3290 1087 πρὸςταῦτα
3318 1014 3591 1084 διακονήοὶ

1988 1122 2160 1167 σεται,
2189 1104 2293 1157 κᾶν
2315 1103 2519 1173 σφόδρα
2546 1102 2735 1173 ἕληται
2760 1102 3110 1171 ἀσχημονεῖν,
3128 1098 3251 1152 οὔτε
3276 1098 3413 1167 αὑτὴ
3440 1098 3568 1150 ἐαυ-

1984 1190 2050 1258 τῇ
2081 1186 2314 1257 ἀρκέσαι
2338 1185 2628 1255 δυνήσεται
2650 1201 2662 1214 ·
2691 1183 2757 1237 ἂν
2786 1183 2841 1237 δὲ
2867 1183 3087 1253 ἀδελφοὶ
3118 1184 3168 1235 οἰ
3198 1179 3568 1242 συνοικοῦντες

1986 1266 2140 1335 ὦσιν,
2171 1269 2553 1324 ἀντιδώσουσιν
2582 1269 2834 1339 ἀλλήλοις
2866 1267 2965 1338 τὴν
3006 1265 3310 1337 ὑπηρεσίαν
3340 1264 3563 1334 ταύτην.

1988 1356 2155 1411 Πάλιν
2188 1356 2315 1408 ὅταν
2347 1353 2628 1407 καθεύδειν
2655 1353 2771 1426 δέῃ,
2798 1351 3066 1423 παρθένου
3101 1350 3199 1421 μὲν
3242 1348 3391 1402 ἔνδον
3433 1346 3580 1401 καθ-.

1988 1439 2217 1511 ημένης,
2232 1439 2325 1491 καὶ
2351 1437 2536 1502 κλίνας
2560 1433 2700 1490 εἷναι
2726 1435 2817 1489 δύο
2832 1435 2959 1507 χρὴ,
2977 1436 3069 1489 καὶ
3089 1433 3385 1506 στρώματα
3404 1431 3568 1485 διπλᾶ

1988 1526 2083 1578 καὶ
2113 1523 2479 1595 ἐπιϐλήματα,
2513 1523 2563 1575 εἰ
2617 1521 2674 1575 δέ
2715 1516 2773 1574 εὖ
2807 1518 3081 1592 φρονῶσι,
3127 1519 3220 1573 καὶ
3256 1518 3563 1587 οἰκήματα·

1988 1607 2233 1678 ἀδελφῶν
2263 1607 2321 1661 δέ
2352 1606 2542 1670 όντων,
2570 1605 2730 1660 πάλιν
2757 1604 2826 1658 τὰ
2854 1604 2955 1674 τῆς
2987 1603 3176 1674 χρείας
3201 1601 3566 1663 συστέλλεται,

1990 1693 2086 1748 ἆτε
2110 1690 2442 1762 οἰκειοτέρας
2463 1688 2650 1760 οῦσης.
2679 1689 2789 1742 Καὶ
2815 1687 2924 1758 γὰρ
2958 1684 3109 1749 οἶκος
3145 1679 3247 1749 εἷς,
3277 1685 3372 1738 καὶ
3398 1698 3569 1754 προσ-

1989 1776 2283 1845 κεφάλαιον
2313 1774 2390 1837 ἓν,
2419 1774 2513 1828 καὶ
2546 1773 2701 1842 κλίνη
2737 1772 2855 1843 μία,
2886 1773 2980 1824 καὶ
3006 1769 3357 1839 ἐπιϐλήματα
3389 1767 3570 1837 ἀμφοο

1987 1865 2167 1936 τέροις
2199 1863 2423 1935 ἀρκέσει
2464 1862 2533 1915 τὰ
2561 1861 2734 1915 αὑτά·
2763 1860 2858 1913 καὶ
2897 1855 3107 1920 ἁπλῶς,
3139 1856 3193 1909 εἰ
3220 1871 3304 1917 τις
3354 1851 3571 1936 ἃπασαν

1990 1935 2195 2017 ἐπεξίοι
2218 1948 2316 2020 τὴν
2339 1946 2632 2009 διακονίαν,
2661 1944 2896 1997 ἐνταῦθα
2935 1942 3033 2013 μὲν
3055 1939 3254 2009 πολλὴν
3284 1937 3383 2006 τὴν
3416 1935 3573 1987 εὑκο-

1990 2034 2114 2088 λίαν
2142 2032 2385 2104 εὑρήσει,
2422 2031 2539 2082 ἐκεῖ
2560 2029 2617 2082 δέ
2643 2026 2742 2099 τὴν
2770 2024 2923 2098 [242]
2948 2022 3258 2104 δυσκολίαν.
3288 2020 3399 2072 Καὶ
3430 2032 3574 2104 παρς-

1994 2119 2115 2189 ίημι
2145 2102 2244 2186 τὴν
2293 2112 2676 2185 ἀσχημοσύνην
2721 2111 2821 2179 τῆς
2861 2109 3064 2171 οἰκίας·
3133 2102 3245 2160 οἷον
3283 2104 3390 2174 γάρ
3425 2103 3574 2189 ἐστιν

1991 2185 2282 2257 ἀνελθόντα
2326 2202 2405 2263 εἰς
2431 2197 2625 2269 ἀνδρὸς
2648 2195 2973 2267 μονάζοντος
3014 2192 3192 2246 οἰκίαν
3215 2191 3348 2261 ὁρᾷν
3374 2185 3575 2255 ὑποδή-

1997 2303 2141 2358 ματα
2164 2285 2450 2352 γυναικεῖα
2482 2280 2825 2352 κρεμάμενα,
2864 2279 2958 2330 καὶ
2978 2274 3322 2345 διαζώματα,
3354 2271 3451 2325 καὶ
3483 2286 3576 2322 κε-

1994 2356 2324 2442 φαλόδεσμα,
2349 2366 2442 2419 καί⁷
2473 2364 2855 2426 καλαθίσκους,
2881 2361 2973 2415 καὶ
2999 2359 3303 2431 ἡλακάτην,
3334 2356 3576 2442 καίῗκερ-

1994 2440 2136 2518 κίδα,
2168 2455 2262 2508 καὶ
2283 2451 2496 2513 κτένας,
2530 2450 2623 2503 καὶ
2654 2448 2963 2518 ίστοπόδην,
2994 2446 3087 2500 καὶ
3118 2444 3189 2497 τὰ
3221 2442 3380 2503 ἄλλα,
3431 2440 3575 2508 ειπερ

1994 2538 2095 2591 οὑκ
2143 2538 2219 2589 ενι
2274 2534 2413 2587 κατὰ
2469 2532 2633 2603 μέρος
2665 2532 2844 2599 λέγειν
2878 2530 3113 2583 ἅπαντα.
3150 2527 3214 2582 Εἰ
3249 2526 3304 2578 δὲ
3344 2522 3438 2577 καὶ
3485 2520 3577 2575 ἐπὶ

1994 2626 2093 2694 τῆς
2117 2619 2345 2690 εὑπόρου
2374 2618 2549 2670 ταῦτα
2584 2616 2879 2681 ἐξετάζεις,
2907 2614 3108 2668 πλείων
3139 2615 3168 2666 ό
3190 2611 3383 2680 γέλως.
3420 2604 3579 2694 Πρῶ-

1994 2690 2085 2760 τον
2115 2705 2213 2777 μὲν
2241 2704 2347 2776 γὰρ
2378 2704 2434 2755 ἐν
2466 2701 2635 2772 ἀγέλῃ
2667 2698 3063 2771 θεραπαινίδων
3104 2695 3375 2749 τοσούτων
3421 2690 3579 2777 μόνος

1998 2772 2286 2859 στρέφεται
2319 2772 2507 2856 μέσος,
2542 2785 2794 2857 καθάπερ
2823 2784 2915 2837 ἐπὶ
2947 2785 3046 2853 τῆς
3078 2781 3387 2853 ὀρχήστρας
3410 2777 3467 2828 ἐν
3500 2772 3581 2842 τῷ

1996 2874 2144 2947 χορῷ
2170 2872 2278 2926 τῶν
2302 2869 2576 2940 γυναικῶν
2605 2871 2633 2921 ό
2658 2872 2770 2931 τοῖς
2794 2866 3225 2938 ὑπορχουμένοις
3248 2861 3469 2933 ὑπᾴδων
3490 2874 3581 2928 χο-

2002 2945 2194 3030 ρευτής
2215 2976 2226 2986 ·
2249 2949 2309 3008 οὗ
2338 2955 2391 3007 τί
2409 2953 2604 3022 γένοιτ’
2635 2952 2701 3005 ἂν
2727 2951 3079 3022 αἰσχρότερον
3102 2949 3193 3000 καί
3222 2945 3542 3030 ἀτιμότερον
3563 2957 3578 3004 ;

2000 3026 2234 3097 Ἔπειτα
2266 3042 2657 3112 διαρῤἡγνυται
2690 3038 2817 3108 ὅλην
2838 3036 2938 3106 τὴν
2961 3033 3173 3105 ἡμέραν
3204 3030 3340 3102 πρὸς
3365 3026 3582 3112 οἰκέτας

1997 3127 2322 3197 ἀγανακτῶν
2347 3109 2486 3196 ὑπὲρ
2518 3123 2629 3176 τῶν
2662 3121 2883 3190 γυναικί
2918 3117 3302 3188 προσηκόντων
3323 3109 3584 3183 πραγμά-

1997 3231 2126 3266 των.
2164 3214 2234 3264 Ἢ
2272 3208 2381 3280 γὰρ
2433 3209 2648 3277 ἀνάγκη
2682 3206 2860 3276 σιγᾷν,
2910 3202 3006 3255 καὶ
3055 3201 3274 3253 πάντων
3326 3209 3581 3280 παραμε-

1999 3297 2194 3352 λοῦντα
2222 3279 2356 3367 παρέ
2376 3292 2593 3360 ἐκείνης
2624 3287 3002 3358 ἐπιτιμᾶσθαι.
3034 3286 3066 3356 ἢ
3095 3284 3321 3367 λέγοντα
3336 3279 3437 3367 καί
3460 3280 3582 3367 ἐπιξ-

2001 3361 2315 3453 πλήττοντα
2360 3377 2720 3448 ἀσχημονεῖν·
2774 3373 2867 3426 καὶ
2922 3372 3024 3441 ὅρα
3053 3369 3115 3421 τὸ
3147 3365 3462 3453 συμϐαῖνον..
3495 3361 3583 3453 ΑὈ

2000 3443 2111 3540 γὰρ
2134 3468 2242 3519 τῶν
2282 3443 2550 3535 βιωτικῶν
2585 3459 2933 3540 πραγμάτων
2963 3453 3098 3540 μηδέ
3118 3452 3299 3540 *ἐγγὺς
3328 3443 3583 3540 γενέσθαι

2003 3530 2334 3612 κελευσθεὶς,
2366 3548 2465 3617 οὑχ
2486 3530 2671 3605 ἀπλῶς
2707 3538 2975 3611 βιωτικῶν
3004 3578 3017 3601 ,
3049 3534 3187 3589 ἀλλά
3212 3534 3306 3586 καὶ
3344 3530 3453 3617 τῶν
3482 3545 3583 3597 γυ-

2003 3633 2255 3688 ναικείων
2288 3614 2553 3699 ἐνδοτέρω
2599 3626 2839 3694 γίνεται·
2887 3623 2979 3676 καὶ
3021 3620 3131 3690 γὰρ
3165 3619 3255 3671 καί
3284 3614 3454 3684 σκεύη
3482 3629 3587 3680 γυ-

2003 3720 2218 3773 ναιὶιεῖα
2250 3713 2500 3769 ἐκδοῦναι
2534 3712 2594 3764 οὑ
2629 3708 3081 3780 παραιτήσονται,
3116 3701 3230 3755 ἀλλ’
3269 3699 3588 3767 ἐπιστήσον-

2002 3820 2090 3855 ται
2114 3802 2225 3863 τοῖς
2248 3795 2652 3870 ἀργυροκόποις
2689 3789 2930 3861 συνεχῶς
2958 3784 3360 3870 ἐρωτῶντες,μεί
3383 3780 3441 3870 το
3459 3781 3589 3870 κάτ-

2004 3903 2203 3957 οπτρον
2250 3865 2684 3937 κατεσκεύασται
2710 3876 2808 3946 τῆς
2829 3871 3046 3944 κυρίας,
3061 3873 3109 3957 εἰ
3130 3869 3219 3957 τὸν
3237 3866 3397 3957 κάδον
3413 3865 3523 3956 ἀπή
3533 3880 3591 3933 ρ-

2005 3945 2182 4031 τισάν,
2220 3969 2266 4019 εἰ
2293 3965 2353 4018 τὸ
2381 3962 2639 4032 ληκύθιον
2669 3945 2982 4012 ἀπέδωκαν·
3022 3952 3119 4007 καὶ
3155 3952 3265 4022 γάρ
3303 3951 3383 4012 εἰς
3432 3945 3592 4001 τοῦτο

2007 4054 2186 4108 πάντα
2218 4046 2321 4123 ἧκε
2349 4046 2666 4117 διαφθορᾶς,
2695 4043 2771 4105 ὡς
2800 4040 2907 4094 τῶν
2944 4037 3358 4110 βιωτικωτέρων
3392 4032 3592 4104 μᾶλλον

2007 4138 2108 4201 τὰς
2140 4116 2342 4197 πολλὰς
2379 4132 2485 4184 τῶν
2539 4116 2823 4200 παρθένων
2862 4123 3071 4185 τούτοις
3128 4118 3432 4191 κεχρῆσθαι
3480 4116 3593 4178 τοῖς

2013 4219 2281 4275 σκεύεσιν.
2327 4214 2566 4269 Ἐκεῖθεν
2600 4211 2764 4265 πάλιν
2796 4208 2933 4279 πρὸς
2960 4206 3051 4260 τδν
3090 4204 3330 4275 μυρεψὸν
3359 4201 3594 4273 ἔδραμεν

2012 4304 2154 4375 ὺπέρ
2185 4302 2293 4355 τῶν
2322 4298 2422 4368 τῆς
2451 4297 2646 4367 κυρίας
2681 4290 3069 4375 διαλεξόμενος
3088 4286 3434 4375 ἀρωμάτων·
3466 4282 3595 4375 πολ·-

2012 4366 2168 4449 λάκίς
2193 4385 2250 4438 δὲ
2280 4366 2420 4453 ὑπέρ
2459 4366 2703 4441 πλείονος
2729 4375 2963 4445 σπουδῆς
2990 4374 3083 4427 κα¹ι
3112 4371 3331 4443 ὑϐρίσαι
3360 4368 3459 4453 τὸν
3493 4366 3594 4419 πέ-

2013 4487 2149 4541 νητα
2179 4469 2239 4522 οὑ
2276 4450 2694 4537 παραιτήσεται.
2729 4459 2837 4513 Καὶ
2855 4458 2963 4541 γὰρ
3001 4457 3096 4541 καί
3127 4450 3595 4541 μύροιςᾳχρῶν-ται

2012 4531 2652 4622 αίπαρθένοίποικίλοις
2677 4562 2737 4597 τε
2768 4544 2863 4597 καὶ
2885 4539 3251 4594 πολυτελέσιν.
3301 4531 3436 4589 Εἶτα
3485 4532 3597 4588 ἀπὸ

2012 4637 2105 4693 τοῦ
2149 4618 2392 4708 μυρεψοῦ
2422 4633 2558 4703 πρὸς
2585 4630 2679 4683 τὸν
2711 4628 2809 4691 τὰς
2828 4624 3017 4688 ὀθόνας
3052 4621 3356 4708 πωλοῦντα,
3384 4620 3477 4673 καὶ
3500 4618 3595 4670 ἀπ’

2015 4704 2237 4777 ἐκείνου
2255 4720 2416 4776 πάλιν
2453 4716 2590 4788 πρὸς
2619 4715 2710 4767 τὸν
2737 4712 3080 4783 σκηνοποιόν.
3110 4706 3242 4761 Οὐδὲ
3265 4705 3375 4777 γὰρ
3406 4704 3474 4757 τά
3507 4720 3598 4773 μι-

2018 4807 2125 4879 κρά
2156 4804 2327 4860 ταῦτα
2368 4801 2711 4872 αἰσχύνονται
2758 4797 3066 4851 ἐπιτάττειν
3093 4834 3108 4858 ,
3146 4791 3332 4863 ἐπειδὴ
3394 4790 3600 4861 σφόδρα

2016 4875 2217 4959 ὁρῶσιν
2248 4889 2446 4949 αὑτοὺς
2488 4881 2863 4943 ὑπακούοντας
2907 4878 3001 4932 καὶ
3041 4878 3200 4948 χάριν
3230 4875 3452 4945 ἔχοντας
3482 4875 3602 4925 ἐπι-

2017 4957 2338 5035 ταττούσαις
2375 4969 2623 5031 ταύταις,
2656 4967 2687 5037 ἢ
2723 4965 2929 5033 ἐτέροις
2970 4958 3425 5029 διακονουμένοις.
3488 4957 3602 5008 Ἐν-

2017 5060 2208 5113 τεῦθεν
2232 5058 2414 5121 πάλιν,
2446 5056 2574 5107 ὅταν
2597 5049 2951 5103 ἐπισκευάσαι
2977 5062 3029 5096 τι
3062 5044 3154 5115 δέῃ
3176 5046 3273 5114 τῆς
3298 5059 3362 5095 πε
3372 5058 3599 5111 ριφορη-

2018 5144 2115 5213 τῆς
2144 5142 2360 5211 ἐκείνης
2392 5136 2618 5208 σκηνῆς,
2660 5135 2756 5187 καὶ
2794 5132 2984 5202 μέχρις
3012 5128 3249 5213 ἑσπέρας
3282 5125 3455 5213 αὐτῆς
3485 5122 3605 5213 άσιῗ

2018 5207 2100 5278 τοι
2133 5207 2460 5282 διατελοῦσι.
2483 5207 2596 5281 τοῖς
2620 5216 3005 5290 ἐργαστηρίοις
3031 5209 3464 5281 προσηλωμένοι.
3495 5207 3605 5261 Καὶ

2018 5311 2079 5362 οὑ
2111 5308 2267 5361 τοῦτό
2301 5323 2417 5368 πως
2448 5302 2781 5375 θαυμαστὸν,
2821 5300 2936 5353 ἀλλ’
2971 5299 3054 5352 ὅτι
3076 5296 3166 5350 καί
3199 5296 3311 5358 τοῖς
3331 5291 3607 5346 ταλαιπώ-

2024 5412 2135 5467 ροις
2167 5392 2406 5451 οἰκέταις
2435 5389 2572 5442 εἰσὶν
2604 5387 2883 5455 ἐπαχθεῖς,
2916 5384 3010 5437 καί¹
3064 5380 3234 5451 πολλὴ
3278 5381 3396 5432 κατ’
3425 5379 3626 5432 αὑτων.

2022 5465 2180 5549 ῦϐρις
2206 5478 2298 5530 καί
2315 5474 2692 5543 ἀγανάκτησις
2719 5470 2815 5524 καὶ
2837 5468 3076 5540 κραυγὴ.
3106 5465 3390 5536 Ἐννόησον
3410 5465 3466 5517 δέ
3484 5465 3606 5549 ὅσαι

2020 5548 2318 5615 ἐκίτούτων
2362 5560 2417 5612 αί
2467 5555 2833 5626 κατηγορίαι·
2871 5552 3089 5619 οἰκέτης
3142 5550 3252 5621 γὰρ
3306 5548 3604 5617 ὑϐρισθεὶς,

2020 5649 2114 5702 καὶ
2139 5647 2374 5719 μάλιστα
2409 5644 2549 5713 ὑπὲρ
2583 5640 2842 5695 τοιούτων
2878 5634 3242 5709 πραγμάτων,
3284 5633 3471 5703 ἐπειδὴ
3500 5650 3607 5704 μη-

2019 5732 2132 5786 δενὶ
2163 5731 2350 5803 τρόπῳ
2403 5728 2492 5780 τὸν
2531 5725 2795 5798 ὑϐρικότα
2831 5723 3143 5794 ἀμύνασθαι
3198 5722 3310 5793 ἕχει
3334 5763 3347 5786 ,
3393 5719 3481 5772 διὰ
3508 5719 3608 5787 τῆς

2021 5815 2266 5885 γλώττης
2299 5813 2458 5867 τοῦτο
2510 5812 2652 5863 ποιεῖ
2680 5810 2775 5862 καί¹
2816 5809 2916 5879 τῆς
2946 5808 3212 5879 λαθραίας
3247 5803 3607 5878 κακηγορίας,

2027 5900 2237 5963 οὐδενὸς
2281 5898 2592 5967 φειδόμενος
2644 5894 2752 5947 τῶν
2792 5892 3069 5963 ἐμπλῆσαι
3104 5891 3419 5961 δυναμένων
3462 5886 3611 5954 αύτῷ

2033 5988 2122 6039 τὸν
2155 5983 2345 6055 θυμὸν,
2371 5982 2506 6035 ἀλλὰ
2544 5979 2681 6051 μετὰ
2714 5978 2982 6046 τοσαύτης
3014 5976 3316 6048 ὑπερϐολῆς
3332 5977 3397 6045 τῇ
3425 5972 3607 6044 ἀμύνῃ

2038 6070 2297 6141 κέχρηται
2343 6066 2533 6137 ταύτῃ.
2582 6064 2697 6137 μεθ’
2729 6064 2859 6133 Ean;
2892 6059 3035 6125 εἷκδῖ
3064 6062 3281 6128 οἰκέτην
3318 6059 3464 6116 δνταο
3513 6060 3605 6108 ﬂ"
