4036 6416
483 409 592 469 ων

479 521 708 582 τοιαῦτα
738 523 1084 596 ὑϐρισμένον,
1119 528 1216 581 καὶ
1246 529 1452 601 ταύτην
1475 530 1669 601 ἔχοντα
1695 533 1854 605 μόνον
1877 551 2057 606 παρα·

483 607 683 682 μυθίαν
718 606 828 660 τῶν
877 608 1091 663 οίκείων
1137 611 1326 666 κακῶν
1365 614 1505 668 κατά
1534 614 1630 668 τοῦ
1670 616 2055 686 λελυπηκότος.

492 693 557 749 Ὀ
578 693 636 746 δέ
661 695 728 764 τῇ
758 695 989 765 πενιχρᾷ
1027 694 1202 760 συζῶν
1234 697 1635 770 ἀργυροκόποις
1667 700 1765 771 μὲν
1790 702 1852 755 ού
1885 701 2061 755 διαλέ-

482 773 634 841 ξεται
666 774 761 844 (ού
787 775 897 846 γάρ
947 775 1171 848 ἀφίησιν
1212 781 1246 851 ή
1285 781 1505 852 πενία),
1527 783 1649 837 οὐδὲ
1673 783 2059 856 προσεδρεύσει

484 856 846 928 μυροπώλοις,
880 859 1429 935 ύποδηματορῤάφοις
1455 864 1512 918 δέ
1546 866 1642 919 καὶ
1675 866 1935 936 ύφάνταις
1966 868 2061 921 καὶ

482 941 791 1006 ποικιλταῖς
814 942 910 996 καὶ
942 941 1203 1012 βαφεῦσιν
1228 946 1504 1018 ἐνοχλήσει
1538 947 1820 1013 πολλάκις.
1868 949 1979 1003 Καὶ
2007 950 2059 1003 τί

479 1023 562 1077 δεῖ
581 1026 764 1079 πᾶσαν
784 1025 1106 1096 καταλέγειν
1127 1028 1228 1100 τήν
1250 1030 1657 1101 ἀσχημοσύνην,
1679 1026 1809 1096 οἷον,
1831 1032 1958 1086 ὅταν
1981 1034 2060 1097 είς

479 1109 758 1180 οἰκήματα
807 1110 1017 1164 είσίωσι
1067 1113 1311 1183 στήμονα
1360 1115 1455 1167 καὶ
1491 1114 1697 1187 κρόκην
1732 1114 2058 1178 πωλοῦντες,

479 1194 612 1247 ὅταν
642 1195 724 1258 είς
767 1195 867 1266 τὴν
909 1194 1117 1266 ἀγορὰν
1173 1197 1459 1268 περιίωσιν
1489 1198 1631 1252 αύτά
1679 1199 1850 1253 ταῦτα
1897 1200 2060 1253 πάλιν

481 1274 807 1347 ζητοῦντεςς
863 1278 974 1331 Καὶ
1022 1277 1197 1333 ταῦτα
1242 1281 1341 1350 μὲν
1391 1284 1450 1336 ἐν
1482 1285 1602 1346 ταῖς
1653 1284 1881 1347 οίκίαις·
1916 1285 1975 1336 ἐν
1999 1282 2059 1336 δὲ

466 1363 602 1423 ,ταῖς
630 1361 857 1432 ἀγοραῖς
886 1361 1207 1417 καὶτούτων
1232 1364 1366 1420 πολὺ
1396 1366 1906 1438 καταγελαστότερα
1928 1367 2059 1420 ὑπο-

483 1444 757 1515 μένουσιν.

555 1527 606 1583 ι’.
651 1528 773 1581 Ἐπὶ
793 1526 850 1581 δέ
872 1531 972 1600 τῆς
992 1529 1287 1600 ἐκκλησίας
1301 1531 1421 1586 οὐδὲ
1436 1534 1611 1586 εἰπεῖν
1626 1532 1743 1585 ἔστι
1758 1532 1857 1604 τὴν
1871 1532 2061 1605 αίσχύ-

478 1627 579 1682 νην
595 1609 764 1683 [2451.
800 1612 1011 1685 Ὠσπερ
1029 1613 1138 1685 γάρ
1154 1615 1271 1669 δέον
1302 1615 1507 1686 μηδένα
1528 1616 1693 1668 τόπον
1719 1617 1935 1685 ἀγνοεῖν
1958 1619 2058 1671 αύ-

477 1692 589 1746 τῶν
617 1693 718 1765 τὴν
746 1692 905 1766 ὕϐριν
938 1696 1031 1748 καὶ
1055 1698 1153 1767 τὴν
1174 1696 1525 1769 ἀνελεύθερον
1555 1698 1761 1768 ταύτην
1791 1699 2056 1765 δουλείαν,

478 1776 623 1831 οὕτω
671 1778 763 1831 καὶ
818 1781 878 1832 ἐν
934 1778 1013 1850 τῷ
1068 1781 1211 1851 ἀγίῳ
1282 1781 1417 1852 τῷδε
1477 1782 1573 1837 καὶ
1636 1784 2060 1857 φρικωδεστάτῳ

479 1862 666 1935 χωρίῳ
705 1864 887 1917 πᾶσαν
923 1863 1103 1919 αὐτῶν
1140 1865 1239 1933 τὴν
1279 1866 1548 1937 ἀκρασίαν
1581 1867 2014 1939 ἀνακηρύττουσι
2039 1884 2055 1899 ·

479 1948 576 2001 καὶ
625 1946 688 2001 τὸ
741 1947 807 2018 δὴ
871 1946 1268 2019 χαλεπώτερον,
1331 1951 1413 2003 ὅτι
1475 1952 1571 2004 καὶ
1625 1950 2058 2014 καλλωπίζονται

479 2034 566 2102 ἐφ’
592 2026 674 2096 οἷς
702 2030 1122 2103 ἐπαισχύνεσθαι
1154 2034 1283 2089 ἔδει.
1332 2035 1464 2088 Ἀπό
1493 2053 1551 2089 τε
1582 2035 1691 2106 γὰρ
1720 2036 1830 2089 τῶν
1878 2035 2057 2110 θυρῶν

479 2115 651 2180 αύτάς
677 2114 879 2180 ἔξωθεν
903 2115 1214 2187 δεχόμενοι,
1254 2119 1349 2172 καὶ
1385 2118 1508 2172 ἀντὶ
1546 2119 1654 2173 τῶν
1682 2119 1954 2190 εὐνούχων
1972 2136 2059 2189 γι-

479 2199 696 2269 νόμενοι
732 2198 970 2262 σοϐοῦσι,
995 2200 1092 2254 καὶ
1116 2200 1518 2272 προηγούμενοι
1560 2202 1703 2273 μέγα
1744 2202 2052 2275 φρονοῦσιν,

478 2282 731 2347 ὁρώντων
781 2282 1059 2344 ἀπάντων,
1110 2284 1206 2337 καὶ
1254 2285 1315 2337 ού
1352 2284 1732 2351 καταδύονται,
1786 2286 1923 2341 ἀλλά
1961 2288 2058 2342 καὶ

479 2365 876 2434 ἐπαγάλλονται
900 2382 913 2395 ·
951 2366 1046 2419 καὶ
1072 2366 1132 2418 ἐν
1161 2367 1311 2437 αύτῷ
1359 2367 1415 2422 δὲ
1442 2368 1520 2439 τῷ
1547 2368 1656 2422 τῶν
1687 2370 2059 2440 φρικωδεστά-

477 2466 586 2502 των
620 2449 935 2520 μυστηρίων
959 2447 1138 2520 καιρῷ
1166 2449 1336 2504 πολλὰ
1365 2450 1502 2522 πρὸς
1526 2450 1626 2523 τὴν
1671 2453 1896 2506 ἐκείνων
1921 2454 2056 2524 ἀρέ-

478 2550 668 2601 σκειαν
687 2532 1078 2596 διακονοῦνται,
1103 2533 1315 2599 πολλοῖς
1325 2534 1434 2588 τῶν
1457 2534 1707 2608 ὁρώντων
1722 2536 1892 2599 λαϐἀς
1913 2555 2056 2609 παρο

482 2618 715 2688 έχοντες.
759 2617 826 2669 Ᾱί
854 2617 911 2670 δὲ
960 2615 1143 2670 άθλιαι
1176 2618 1271 2670 καὶ
1311 2619 1681 2691 ταλαίπωροι,
1718 2620 1833 2674 δέον
1864 2622 2056 2694 ἀπείρ-

479 2719 598 2772 γειν
622 2703 818 2768 αὐτοὺς
845 2705 946 2774 τῆς
969 2700 1225 2771 τοιαύτης
1254 2703 1476 2774 χάριτος
1495 2744 1511 2770 ,
1553 2706 1645 2757 καλ.
1671 2702 2055 2775 ἐναϐρύνονται

480 2787 579 2840 καὶ
636 2786 777 2857 μέγα
827 2784 1104 2855 φρονοῦσι.
1160 2784 1352 2839 Καίτοι
1395 2784 1480 2850 τίς
1529 2786 1594 2841 ἂν
1643 2787 1676 2858 ἢ
1726 2787 1973 2853 ταύταις,
2017 2791 2051 2863 ἢ

479 2869 710 2933 ἐκείνοις
738 2869 791 2922 εῖ
812 2885 873 2937 γε
900 2868 1100 2939 ήμελλέ
1128 2886 1251 2922 τινα
1293 2869 1433 2940 ἀράν
1474 2871 1802 2943 ἐπαρᾶσθαι,
1850 2872 2056 2945 ταύτης

479 2953 549 3007 ἂν
607 2947 733 3024 εὗρε
767 2951 1175 3024 χαλεπωτέραν,
1226 2951 1260 3022 ἢ
1307 2951 1446 3005 ὥστε
1501 2955 1726 3025 μυρίους
1774 2955 2056 3027 μάρτυρας

477 3036 623 3106 ἔχειν
650 3036 750 3107 τῆς
794 3034 1092 3098 ἀκολασίας
1138 3036 1349 3099 αὐτῶν,
1398 3038 1494 3090 καὶ
1545 3040 1602 3091 ἐν
1655 3042 1767 3102 τοῖς
1802 3039 2056 3094 ἁπάντων

482 3118 780 3190 ὀφθαλμοῖς
812 3120 1175 3189 ἀσχημονεῖν;
1212 3119 1278 3173 Τί
1306 3120 1388 3174 δεῖ
1420 3120 1602 3189 λέγειν
1639 3122 1741 3175 ὅσα
1780 3124 1840 3177 ἐν
1867 3125 2056 3188 αὐταῖς

482 3206 601 3268 ταῖς
634 3203 950 3273 ἐκκλησίαις
978 3204 1344 3274 ἀνατρέπεται
1390 3204 1477 3258 διὰ
1500 3205 1599 3277 τήν
1632 3207 1835 3259 τούτων
1873 3209 2051 3280 χάριν,

484 3288 587 3343 ὅσα
615 3288 722 3342 τῶν
751 3287 846 3343 τοῦ
874 3288 1010 3341 Θεοῦ
1042 3288 1383 3358 πραγμάτων
1412 3289 1694 3358 ἀμελεῖται
1731 3291 1885 3363 παρά
1922 3293 2055 3346 πολ-

484 3371 615 3440 λῶν,
643 3372 783 3428 ὥστε
808 3374 883 3445 μὴ
914 3371 1319 3444 παροξυνθῆναι
1366 3375 1604 3438 ταύταςς
1656 3377 1766 3430 Καὶ
1802 3377 1854 3430 τί
1892 3375 2053 3446 λέγω,

485 3457 561 3529 μή
605 3456 1046 3530 παροξυνθῆναι;
1098 3455 1257 3525 μόνον
1308 3455 1363 3508 εἴ
1402 3473 1488 3520 τις
1525 3457 1704 3512 αὐτῶν
1735 3458 2056 3531 σκυθρωπὸν

477 3544 558 3606 εἰς
595 3541 764 3605 αύτάς
808 3540 894 3612 ῖδῃ
940 3540 1034 3593 καὶ
1079 3540 1263 3610 ἀηδὲς,
1290 3541 1468 3595 πάντα
1518 3542 1798 3615 αἱροῦνται
1847 3545 2055 3615 ὐπομέ-

477 3645 607 3690 νειν,
648 3626 683 3697 ἢ
733 3624 891 3678 τοῦτο
943 3623 1224 3678 παθοῦσαν
1280 3625 1494 3696 ἐκείνην
1540 3626 1823 3694 περιιδεῖν.
1899 3629 2055 3682 Ἀλλά

483 3710 641 3781 μέχρι
697 3708 839 3773 τίνος
893 3708 989 3762 καὶ
1042 3710 1201 3778 ήμεῖς
1255 3707 1672 3779 ἀσχημονοῦμεν
1722 3711 1789 3764 τά
1830 3712 2055 3765 ἐκείνων

477 3792 827 3864 διηγούμενοι
874 3792 1096 3855 πάντας
1134 3792 1208 3845 υύ
1245 3792 1351 3862 γάρ
1377 3791 1440 3863 δὴ
1486 3791 1643 3846 τοῦτο
1672 3795 2053 3866 προειλόμεθα,

479 3878 602 3943 ἐπεὶ
659 3875 870 3930 πολλῶν
921 3876 988 3929 ἂν
1043 3875 1137 3928 καὶ
1184 3874 1411 3947 μακρῶν
1460 3877 1591 3945 ἡμῖν
1642 3876 1830 3947 ἐδέησε
1880 3878 2055 3947 λόγων

478 3962 656 4015 πάντα
690 3959 975 4024 διεξιοῦσι·
1012 3959 1213 4028 μᾶλλον
1237 3958 1294 4011 δὲ
1321 3959 1498 4012 πάντα
1533 3960 1629 4029 μὲν
1649 3960 1770 4013 οὐδὲ
1801 3960 2058 4032 βουλομέ-

478 4062 591 4108 νοις
621 4044 843 4097 δυνατὸν
878 4045 1074 4107 εἰπεῖν,
1118 4041 1274 4110 ὀλίγα
1312 4040 1367 4093 δὲ
1410 4044 1476 4095 ἐκ
1502 4042 1709 4096 πολλῶν
1741 4045 2052 4108 συνθέντας,

478 4128 576 4181 καὶ
624 4126 797 4191 οὕτως
844 4126 1025 4180 ἱκανὸν
1075 4123 1144 4197 ἦν
1199 4124 1538 4196 ἐργάσασθαι
1584 4125 1643 4180 τὸ
1692 4128 1862 4197 μῆκος
1887 4146 1901 4159 ·
1939 4130 2054 4182 ἀλλ’

479 4212 579 4265 οὐκ
632 4214 713 4274 είς
757 4210 913 4264 τοῦτο
958 4211 1205 4281 ἥκομεν,
1262 4208 1399 4263 ἀλλά
1444 4211 1540 4262 καὶ
1581 4209 1786 4262 τούτων
1835 4212 2058 4278 ἄκοντες

480 4295 967 4366 ἐμνημονεύσαμεν
987 4333 1003 4355 ,
1046 4292 1187 4346 ὥστε
1223 4291 1417 4363 μικρὸν
1450 4294 1745 4363 ἐπιστύψαι
1766 4297 1902 4358 ,τοὺς
1934 4298 2057 4350 νοῦν

480 4378 702 4449 ἔχοντας
745 4377 855 4431 τῶν
898 4375 1266 4448 ἀκροωμένων
1297 4393 1311 4407 ·
1369 4375 1554 4430 λοιπὸν
1603 4377 1659 4430 δὲ
1724 4379 2057 4448 παρακαλεῖν

480 4463 587 4535 χρὴ
635 4463 730 4516 καὶ
769 4461 1050 4515 ἱκετεύειν.
1100 4461 1301 4531 Δέομαι
1343 4460 1409 4532 δὴ
1457 4462 1551 4515 καὶ
1613 4462 1911 4528 ἀντιϐολῶ,
1962 4467 2057 4518 καὶ

480 4546 591 4600 τῶν
626 4545 868 4615 γονάτων
925 4544 1382 4616 προκυλινδοῦμαι
1433 4545 1541 4599 τῶν
1594 4546 1902 4619 ὑμετέρων,
1963 4549 2058 4601 καὶ

482 4630 661 4684 πᾶσαν
693 4629 970 4697 ἱκετηρίαν
995 4627 1207 4700 τίθημι,
1247 4626 1527 4698 πείσθητε,
1559 4628 1653 4681 καὶ
1679 4629 2057 4702 ἀνενέγκωμεν

481 4712 592 4767 ἀπὸ
622 4711 825 4783 ταύτης
870 4711 969 4783 τῆς
1020 4711 1212 4782 μέθης,
1246 4713 1341 4766 καὶ
1366 4711 1575 4765 ἐαυτῶν
1607 4710 1913 4782 γενώμεθα,
1965 4716 2058 4767 καὶ

482 4797 582 4867 τὴν
607 4795 771 4867 τιμὴν
797 4794 1127 4866 ἐπιγνῶμεν,
1174 4796 1241 4866 ἣν
1280 4795 1512 4849 δέδωκεν
1537 4797 1565 4847 ὁ
1597 4794 1731 4859 Θεὸς
1756 4797 1920 4867 ήμίν,
1965 4801 2059 4851 καὶ

436 4892 441 4897 ‘
482 4880 576 4934 τοῦ
604 4878 813 4932 Παύλου
837 4877 1066 4949 βοῶντος
1097 4878 1446 4949 ἀκούσωμεν·
1473 4881 1532 4932 Μ
1538 4877 1571 4946 ἡ
1595 4880 1836 4947 γίνεσθε
1850 4880 2058 4935 δοῦλοι

479 4964 840 5033 ἀνθρώπων·
900 4962 992 5016 καὶ
1050 4961 1390 5034 παυσώμεθα
1439 4962 1659 5031 γυναιξὶ⁵
1714 4962 2059 5028 δουλεύοντες

482 5050 575 5103 ἐπὶ
625 5048 705 5120 τῷ
757 5050 922 5118 κοινῴ
969 5047 1186 5101 πάντων
1246 5046 1403 5117 ἡμῶν
1434 5045 1660 5118 ὀλέθρῳ.
1717 5047 2059 5120 Στρατιώτας

479 5134 629 5203 ἡμᾶς
673 5133 703 5185 ὁ
731 5132 963 5202 Χριστὸς
1003 5130 1141 5184 εἶναι
1182 5129 1433 5200 βούλεται
1462 5131 1742 5199 γενναίους
1772 5133 1864 5186 καὶ
1894 5131 2060 5202 ἀθλη-

480 5218 599 5279 τάς.
643 5215 717 5268 υύ
751 5214 838 5267 διὰ
869 5214 1026 5267 τοῦτο
1060 5215 1206 5286 ἡμᾶς
1234 5213 1470 5267 ὥπλισεν
1508 5214 1564 5267 ἐν
1590 5216 1702 5277 τοῖς
1731 5213 1916 5278 ὅπλοις
1948 5219 2060 5279 τοῖς

484 5300 894 5369 πνευματικοῖς,
932 5299 1017 5351 ἵνα
1039 5298 1214 5368 κορῶν
1230 5297 1645 5368 τριοϐολιμαίων
1674 5296 2061 5369 ἀναδεξώμεθα

484 5381 809 5452 ὑπηρεσίαν,
845 5381 929 5435 ἵνα
978 5384 1105 5454 περὶ
1133 5381 1254 5453 έρια
1282 5381 1375 5435 καὶ
1408 5380 1586 5443 ἱστοὺς
1616 5382 1709 5433 καὶ
1738 5381 1837 5445 τὰς
1880 5385 2060 5437 τοιαύ-

483 5483 583 5530 τας
614 5464 973 5538 στρεφώμεθα
1005 5464 1302 5529 διακονίας,
1331 5464 1419 5517 ἵνα
1455 5462 1745 5535 νηθούσαις
1775 5466 1870 5519 καὶ
1899 5468 2062 5537 ύφαι-

483 5550 702 5612 νούσαις
733 5547 1179 5621 παρακαθώμεθα
1202 5547 1468 5617 γυναιξὶν,
1495 5548 1581 5601 ἴνα
1602 5548 1934 5620 διατελῶμεν
1956 5553 2062 5604 πά-

483 5652 583 5688 σαν
621 5634 833 5707 ήμέραν
867 5635 963 5688 καὶ
995 5634 1101 5705 ήθη
1137 5636 1233 5688 καὶ
1272 5635 1495 5706 ῥήματα
1532 5637 1816 5703 γυναικεῖα
1850 5638 1928 5699 εἰς
1958 5637 2058 5707 τήν

480 5719 693 5772 ἑαυτῶν
736 5719 1236 5790 ἐναποματτόμενοι
1289 5719 1500 5789 ψυχήν·
1555 5717 1670 5772 ἀλλ’
1724 5720 1808 5771 ῖνα
1847 5719 2056 5788 βάλλω-

482 5821 582 5872 μεν
610 5804 710 5866 τὰς
742 5804 1008 5873 ἀοράτους
1032 5802 1290 5873 δυνάμεις
1332 5805 1431 5865 τὰς
1482 5802 1859 5872 ἀντικειμένας
1902 5805 2054 5875 ἡμῖν,

480 5886 566 5939 ἵνα
608 5887 932 5958 πλήττωμεν
971 5886 1062 5940 τὸν
1105 5886 1514 5958 στρατηγοῦντα
1555 5887 1745 5951 αὐταῖς
1787 5887 2052 5953 διάϐολον,

482 5968 569 6021 ῖνα
594 5969 905 6039 ἐλαύνωμεν
943 5959 1043 6033 τὰς
1071 5970 1269 6039 ἀγρίας
1293 5970 1401 6023 τῶν
1435 5969 1704 6041 δαιμόνων
1742 5971 2049 6040 φάλαγγας,

486 6050 570 6099 ἶνα
611 6052 1081 6119 κατασκάπτωμεν
1111 6052 1289 6106 αὐτῶν
1343 6053 1407 6107 τά
1449 6052 1795 6122 ὀχυρώματα,
1837 6054 1920 6109 ἵνα
1953 6058 2051 6122 τὰς

1154 412 1213 468 5.
1248 410 1533 470 ιοΑΝΝιε
1569 415 2056 476 CIIRYSOSTOMI

2159 419 2417 478 RCHIEP.
2456 419 3003 478 CONSTANTINOP.

3599 422 3719 480 510

2161 534 2412 600 ἐξουσίας
2455 535 2552 590 τοῦ
2604 534 3043 608 κοσμοκράτορος
3086 531 3181 586 τοῦ
3222 532 3446 595 σκότους
3474 531 3739 603 δήσαντες

2159 619 2538 689 αἰχμαλώτους
2585 621 2884 688 ἀγάγωμεν
2902 658 2917 680 .
2975 618 3063 671 ἶνα
3116 616 3185 671 τά
3236 621 3577 686 πνευματικά
3632 617 3739 687 τῆς

2159 702 2426 775 πονηρίας
2450 703 2893 774 φυγαδεύσωμεν,
2927 702 3016 756 ἵνα
3045 700 3158 774 πῦρ
3179 699 3448 770 πνέωμεν,
3477 699 3566 754 ῖνα
3594 700 3740 771 πρὸς

2159 784 2559 855 καθημερινοὺς
2584 785 2847 850 θανάτους
2877 785 3082 856 ἐτοιμοι
3103 778 3253 855 ὦμεν
3281 782 3373 836 καὶ
3394 799 3743 855 παρεσκευα-

2162 867 2367 938 σμένοι.
2418 866 2519 921 Διά
2568 867 2727 921 τοῦτο
2774 866 3021 920 ἐνέδυσεν
3072 867 3220 938 ἡμᾶς
3250 866 3342 918 τὸν
3368 864 3593 936 θώρακα
3636 865 3741 937 τῆς

2158 949 2522 1022 δικαιοσύνης,
2572 950 2661 1004 διά
2705 948 2862 1003 τοῦτο
2912 949 3079 1014 ἐζωσε
3124 951 3191 1021 τῇ
3243 947 3385 1020 ζώνη
3442 949 3542 1019 τῆς
3585 948 3731 1019 ἀλη-

2160 1032 2330 1100 θείας,
2359 1032 2447 1088 διά
2484 1032 2640 1088 τοῦτο
2688 1033 2983 1104 περιέθηκε
3012 1034 3112 1105 τὴν
3162 1032 3592 1104 περικεφαλαίαν
3638 1032 3741 1086 τοῦ

2162 1116 2449 1189 σωτηρίου,
2461 1117 2548 1171 διὰ
2573 1115 2731 1171 τοῦτο
2751 1117 2987 1187 ύπέδησε
3005 1116 3131 1179 τοὺς
3148 1114 3314 1179 πόδας
3328 1115 3557 1187 ήμῶντῇ

2158 1199 2442 1272 ἑτοιμασίᾳ
2467 1199 2563 1254 τοῦ
2591 1199 2923 1270 Εὑαγγελίου
2960 1201 3062 1270 τῆς
3091 1199 3337 1271 εἰρήνης,
3376 1198 3469 1255 καὶ
3494 1201 3595 1271 τὴν
3618 1201 3745 1271 μά-

2157 1298 2357 1352 χαιραν
2411 1282 2708 1354 ἐνεχείρισε
2766 1282 2862 1337 τοῦ
2919 1281 3269 1353 πνεύματος,
3331 1281 3417 1335 διά
3433 1282 3593 1336 τοῦτο
3620 1282 3743 1355 πῦρ

2157 1365 2369 1436 ἀφῆκεν
2396 1368 2478 1431 είς
2520 1365 2623 1431 τάς
2670 1366 2947 1437 ἡμετέρας
2976 1366 3171 1437 ψυχάς.
3207 1363 3280 1418 Et
3297 1382 3419 1420 τινα
3462 1361 3577 1432 οὖν,
3608 1367 3743 1421 είπέ

2162 1463 2274 1517 μοι,
2303 1447 2411 1503 τῶν
2444 1448 2796 1521 στρατιωτῶν
2816 1448 2957 1520 μετά
2982 1449 3043 1502 τὸ
3070 1447 3390 1520 περιθέσθαι
3422 1448 3483 1502 τδ
3510 1449 3741 1519 κράνος,

2157 1531 2258 1595 τάς
2288 1520 2577 1604 κνημῖδας,
2602 1520 2693 1587 τὸν
2722 1532 2967 1604 θώρακα,
3004 1533 3143 1604 μετά
3171 1532 3233 1585 τδ
3256 1531 3439 1587 λαϐεῖν
3467 1533 3528 1585 τὸ
3556 1533 3743 1602 ξίφος,

2157 1613 2219 1667 τὸ
2247 1613 2396 1686 δόρυ,
2446 1614 2543 1686 τήν
2593 1616 2812 1683 ἀσπίδα,
2834 1615 2905 1670 τὰ
2936 1616 3089 1683 τόξα,
3119 1614 3190 1668 τὰ
3229 1615 3381 1687 βέλη,
3414 1615 3511 1687 τήν
3564 1618 3747 1686 φαρέ-

2156 1712 2314 1768 τραν,
2349 1698 2448 1769 τῆς
2481 1699 2783 1768 σάλπιγγος
2826 1699 3080 1772 λαμπρὸν
3124 1699 3364 1771 ήχούσης
3393 1703 3487 1755 καὶ
3529 1702 3749 1765 πάντας

2158 1779 2263 1845 ἔξω
2294 1780 2585 1853 καλούσης,
2624 1782 2732 1836 τῶν
2758 1800 2818 1837 τε
2846 1782 3120 1855 πολεμίων
3159 1783 3402 1855 σφοδρῶς
3440 1785 3746 1846 πνεόντων,

2158 1865 2252 1916 καὶ
2292 1865 2390 1935 τὴν
2419 1865 2574 1918 πόλιν
2601 1866 2667 1918 ἐκ
2700 1864 2915 1939 βάθρων
2943 1856 3258 1921 ἀνασπάσαι
3293 1866 3751 1938 παρεσκευασμέ-

2157 1964 2283 2005 νων.
2313 1942 2453 2012 εἶδες
2475 1950 2575 2003 οὐκ
2600 1950 2693 2003 ἐπὶ
2718 1952 2817 2022 τήν
2847 1949 3154 2020 παράταξιν
3176 1949 3281 2015 ἔξω
3304 1950 3589 2021 τρέχοντα,
3618 1950 3748 2004 ἀλλ’

2157 2032 2238 2094 είς
2256 2032 2432 2085 οἰκίαν
2457 2034 2716 2100 είσιόντα,
2759 2034 2855 2089 καὶ
2885 2036 3107 2103 γυναικὶ
3139 2032 3602 2105 παρακαθήμενον
3637 2050 3748 2104 μεθ

2154 2114 2224 2167 τά
2248 2114 2359 2168 τῶν
2376 2115 2560 2170 ὃπλων
2589 2117 2833 2173 ἐκείνων·
2868 2114 2957 2189 ἄρ’
2993 2119 3092 2173 οὐκ
3120 2117 3207 2183 ἂν,
3228 2120 3282 2173 εῐ
3304 2135 3368 2187 γε
3394 2117 3546 2190 ἐξῆν,
3572 2119 3750 2189 μέσον

2158 2196 2226 2249 τὸ
2256 2197 2409 2267 ξίφος
2453 2198 2735 2272 διήλασας,
2770 2202 2906 2273 μηδέ
2950 2200 3108 2270 λόγου
3140 2201 3435 2273 μεταδούς;
3486 2202 3549 2254 Et
3580 2200 3641 2254 δὲ
3676 2201 3747 2255 σὺ

2154 2281 2424 2355 τοσαύσης
2464 2281 2532 2337 ἀν
2576 2284 2854 2358 ἐπλήσθης
2906 2285 3098 2357 ὀργῆς,
3142 2284 3260 2350 πῶς
3304 2285 3407 2340 οῐει
3464 2286 3556 2340 τὸν
3602 2285 3749 2340 Θεὸν

2155 2363 2249 2418 ἐπὶ
2277 2368 2393 2430 τοῖς
2428 2367 2562 2422 πολὺ
2598 2367 2805 2423 τούτων
2832 2369 3201 2442 ἀτοπωτέροις
3248 2367 3587 2434 διακεῖσθαις
3632 2369 3748 2422 To—

2156 2448 2330 2521 σούτῳ
2377 2450 2484 2522 γάρ
2530 2453 2856 2526 αίσχρότερα
2902 2454 3076 2507 ταῦτα
3117 2453 3343 2507 ἐκείνων
3375 2454 3468 2507 καὶ
3516 2453 3744 2506 ἀτοπώ-

2153 2549 2309 2605 τερα,
2348 2534 2457 2607 δσῳ
2501 2538 2651 2590 καὶὸ
2685 2538 2920 2608 πόλεμος
2951 2538 3349 2609 χαλεπώτερος,
3401 2535 3495 2591 καλ⁵
3540 2538 3591 2590 οί
3637 2553 3747 2590 πο-

2153 2615 2331 2687 λέμιοι
2359 2619 2726 2692 σφοδρότεροι,
2756 2622 2850 2675 καὶ
2868 2623 2937 2675 τά
2964 2621 3175 2676 ἔπαθλα
3202 2622 3331 2692 περὶ
3348 2615 3422 2673 ὧν
3449 2621 3478 2673 ὁ
3505 2620 3747 2692 πόλεμος

2158 2701 2350 2770 μείζω,
2393 2704 2486 2756 καὶ
2517 2705 2694 2758 πάντα
2729 2703 2915 2769 ἁπλῶς
2942 2706 3197 2759 τοσοῦτον
3234 2704 3579 2776 ἐξήλλακται,
3612 2704 3746 2757 ὅσον

2154 2783 2411 2856 ἀληθείας
2430 2788 2526 2841 καὶ
2542 2788 2699 2852 σκιᾶς
2718 2790 2779 2841 τὸ
2811 2787 2995 2856 μέσον.
3021 2791 3112 2861 Μὴ
3136 2790 3199 2861 δή
3232 2788 3747 2860 καταμαλάττωμεν

2155 2867 2311 2938 ήμῶν
2359 2868 2458 2941 τήν
2513 2871 2686 2941 ἰσχὺν,
2747 2872 2882 2942 μηδέ
2916 2872 3273 2943 ἐκκόπτωμεν
3315 2871 3382 2925 τὰ
3420 2871 3588 2942 νεῦρα
3618 2874 3747 2934 ταῖς

2153 2951 2393 3023 ὁμιλίαις
2441 2953 2700 3016 ταύταις·
2753 2956 2848 3009 καὶ
2893 2955 3002 3029 γάρ
3035 2956 3243 3026 άφατος
3275 2956 3370 3010 καὶ
3416 2955 3589 3027 πολλή
3617 2958 3749 3019 ταῖς

2153 3035 2355 3106 ψυχαῖς
2379 3036 2537 3108 ήμῶν
2567 3037 2822 3092 ἐντεῦθεν
2874 3041 3050 3111 είσρεῖ
3074 3039 3260 3093 κακία.
3289 3039 3355 3091 Τί
3392 3038 3523 3110 γὰρ,
3569 3039 3617 3091 εί
3647 3038 3747 3091 καὶ

2158 3120 2233 3189 μὴ
2255 3117 2640 3191 αἰσθανώμεθα
2672 3124 2738 3194 τῇ
2763 3122 2916 3194 φιλία
2949 3123 3234 3194 μεθύοντες
3259 3140 3274 3188 ;
3300 3123 3459 3176 τοῦτο
3481 3123 3592 3196 γάρ
3608 3122 3748 3176 αὐτὸ

2158 3202 2377 3258 πάντων
2404 3204 2522 3258 ἐστὶ
2545 3204 2870 3269 δεινότατον,
2901 3207 2985 3261 ὅτι
3008 3207 3131 3260 οὐδὲ
3172 3208 3330 3279 ίσμεν
3372 3209 3523 3271 ὅπως
3548 3210 3747 3261 ἐκνευ-

2158 3286 2455 3359 ριζώμεθα,
2489 3289 2583 3343 καὶ
2605 3289 2777 3361 κηροῦ
2800 3291 3001 3354 παντὸς
3025 3290 3305 3360 γινώμεθα
3333 3291 3741 3363 μαλακώτεροι.

2156 3371 2422 3444 Καθάπερ
2449 3372 2557 3444 γάρ
2586 3389 2670 3436 τις
2690 3373 2878 3427 λέοντα
2902 3374 3107 3445 γαῦρον
3129 3375 3222 3428 καὶ
3241 3373 3495 3447 βλοωρὸν
3514 3375 3748 3445 βλέπον-

2153 3471 2223 3507 τα
2245 3454 2446 3523 λαϐὼν,
2477 3451 2596 3510 εἶτα
2632 3456 2933 3528 ἀποκείρας
2972 3457 3070 3528 μὲν
3101 3458 3199 3528 τὴν
3222 3458 3421 3529 κόμην,
3454 3459 3666 3513 ἀνελὼν
3687 3459 3749 3512 δέ

2154 3538 2278 3601 τοὺς
2298 3538 2516 3602 ὀδόντας
2532 3540 2625 3593 καὶ
2652 3540 2929 3611 περιελὼν
2958 3542 3084 3604 τοὺς
3099 3541 3316 3611 ὄνυχας,
3343 3543 3572 3613 αἰσχρὸν
3600 3545 3750 3598 ποιεῖ

2156 3620 2250 3673 καὶ
2288 3622 2691 3691 καταγέλαστον
2725 3624 2820 3677 καὶ
2877 3623 3109 3688 παιδίοις
3156 3624 3750 3693 εὐκαταγώνιστον’τδν

2157 3703 2384 3774 φοϐερὸν
2417 3706 2508 3759 καὶ
2552 3706 2845 3778 ἀφόρητον,
2880 3707 2990 3781 καὶ
3036 3707 3143 3761 ἀπὸ
3196 3708 3361 3779 μόνου
3392 3708 3485 3761 τοῦ
3534 3710 3745 3781 βρυχὴ·

2160 3804 2329 3857 ματος
2381 3789 2557 3843 πάντα
2610 3790 2851 3844 σείοντα·
2886 3789 3029 3844 οὕτω
3080 3790 3145 3862 δὴ
3194 3792 3289 3845 καὶ
3343 3787 3502 3846 αὗται
3532 3794 3752 3859 πάντας

2154 3873 2310 3936 ὅσους
2338 3872 2432 3926 ἐάν
2468 3874 2706 3928 λάϐωσιν
2731 3874 3090 3945 εὐχειρώτους
3125 3874 3201 3945 τῷ
3230 3874 3462 3947 διαϐόλῳ
3499 3877 3749 3941 ποιοῦσι,

2159 3954 2601 4027 μαλακωτέρους,
2658 3955 3045 4029 θερμοτέρους,
3106 3958 3519 4029 ἀναισχύντους,
3580 3962 3754 4032 ἀνοή-

2156 4055 2313 4104 τους,
2366 4039 2715 4111 ἀκροχόλους,
2775 4039 3017 4110 θρασεῖς,
3080 4042 3374 4113 ἀκαίρους,
3423 4046 3750 4109 ταπεινοὺς,

2158 4124 2420 4190 ἀγεννεῖς,
2448 4124 2700 4195 ἀπηνεῖς,
2732 4123 3142 4195 δουλοπρεπεῖς,
3180 4126 3593 4197 ἀνελευθέρους,
3629 4129 3754 4181 ιτα-

2160 4206 2314 4270 μοὺς,
2342 4206 2632 4276 φλυάρους,
2674 4208 2765 4260 καὶ
2791 4207 2976 4271 ἁπλῶς
3012 4208 3192 4262 πάντα
3219 4207 3288 4262 τά
3312 4214 3607 4278 γυναικεῖα
3630 4212 3753 4282 ἢθη

2156 4288 2226 4342 τά
2254 4288 2621 4361 διεφθαρμένα
2643 4290 2906 4362 φέρουσαι
2934 4294 3015 4356 είς
3042 4293 3142 4356 τὰς
3176 4292 3382 4347 τούτων
3424 4295 3757 4365 ἐναπομάτ-

2158 4386 2337 4427 τονται
2367 4372 2565 4443 ψυχάς.

2232 4462 2319 4511 ια’.
2350 4457 2462 4509 Καὶ
2480 4457 2589 4528 γάρ
2606 4458 2884 4529 ἀμήχανον
2900 4458 2993 4512 τὸν
3002 4458 3214 4528 γυναιξὶ
3234 4459 3579 4515 συνοικοῦντα
3602 4463 3760 4533 μετά

2161 4539 2505 4610 συμπαθείας
2529 4540 2819 4612 τοσαύτης,
2852 4543 2945 4594 καὶ
2982 4544 3102 4606 ταῖς
3122 4543 3348 4596 ἐκείνων
3376 4546 3761 4617 ἐνστρεφόμι⁵

2159 4642 2247 4677 νον
2274 4624 2531 4694 ὁμιλίαις,
2558 4624 2633 4695 μὴ
2660 4624 2907 4696 ἀγύρτην
2936 4625 3058 4679 τινὰ
3087 4623 3227 4678 εἶναι
3253 4628 3348 4680 καὶ
3375 4628 3635 4701 ἀγοραῖον
3652 4631 3761 4684 καὶ

2160 4706 2494 4779 συρφετώδη.
2528 4706 2645 4759 Κᾶν
2673 4710 2779 4777 γάρ
2824 4708 3127 4779 φθέγγηταί
3170 4727 3244 4772 τι,
3285 4710 3464 4764 πάντα
3488 4712 3600 4765 ἀπὸ
3634 4715 3759 4766 τῶν

2163 4791 2323 4843 ἱστῶν
2360 4792 2453 4844 καὶ
2487 4791 2596 4843 τῶν
2629 4793 2791 4862 ἐρίων
2831 4791 3146 4861 φθέγγεται,
3180 4793 3280 4863 τῆς
3300 4795 3548 4866 γλώττης
3572 4797 3758 4851 αὑτοῦ

2157 4876 2223 4945 τῇ
2240 4874 2484 4944 ποιότητι
2505 4873 2611 4927 τῶν
2640 4874 2964 4942 γυναικείων
2994 4875 3435 4947 ἀναχρωσθείσης
3457 4879 3755 4949 ῥημάτων·

2160 4959 2263 5011 κᾶν
2297 4960 2422 5028 ποιῇ
2450 4974 2521 5018 τι,
2553 4957 2690 5028 μετά
2718 4958 2918 5029 πολλῆς
2941 4957 3100 5012 τοῦτο
3125 4960 3421 5031 ἐργάσεται
3446 4962 3760 5035 δουλοπρε-

2160 5042 2340 5107 πείας,
2371 5041 2561 5113 πόρρω
2576 5040 2678 5111 τῆς
2709 5043 3053 5114 Χριστιανοῖς
3082 5043 3400 5117 πρεπούσης
3428 5045 3759 5118 ἐλευθερίας

2161 5126 2352 5180 ἐαυτὸν
2377 5126 2692 5189 ἀποικίσας,
2721 5127 2815 5179 καὶ
2841 5127 2978 5195 πρὸς
2997 5127 3151 5180 ούδέν
3176 5128 3285 5183 τῶν
3316 5130 3569 5200 μεγάλων
3605 5150 3757 5186 m1-

2168 5208 2507 5280 ορθωμάτων
2537 5209 2824 5280 γενόμενος
2873 5213 3305 5282 χρήσιμος.-Καὶ
3337 5213 3467 5284 γὰρ,
3506 5216 3558 5267 εί
3604 5217 3755 5287 πρὸς

2160 5292 2229 5346 τά
2255 5291 2484 5363 βιωτικά
2506 5292 2601 5345 καὶ
2630 5292 2880 5363 πολιτικὰ
2895 5295 3195 5365 πράγματα
3210 5295 3479 5367 ἄχρηστος
3506 5298 3537 5348 ὁ
3560 5299 3756 5351 τοιοῦ-

2160 5393 2273 5441 τος,
2327 5376 2507 5446 πολλῷ
2559 5377 2759 5447 μᾶλλον
2781 5378 2916 5448 πρὸς
2947 5380 3008 5432 τὸ
3032 5378 3144 5433 τῶν
3167 5380 3558 5451 πνευματικῶν
3579 5384 3760 5453 μέγε-

2161 5461 2273 5527 θος,
2326 5461 2363 5515 ἃ
2411 5461 2650 5533 τοσούτῳ
2688 5462 2913 5515 δεῖται.ι
2944 5464 3332 5534 γενναιοτέρων
3378 5464 3609 5535 ἀνδρῶν,
3673 5468 3762 5533 ὡς

2165 5544 2301 5617 μηδέ
2330 5545 2597 5599 ἅπτεσθαι
2624 5546 2805 5599 αὐτῶν
2832 5546 3092 5601 δύνασθαι
3122 5548 3248 5611 τοὺς
3280 5547 3576 5617 μέλλοντας
3600 5551 3761 5605 αὐτά

2166 5628 2429 5701 μετιέναι,
2462 5631 2511 5681 εί
2544 5629 2619 5699 μὴ
2648 5629 2868 5698 ἄγγελοι
2898 5630 3137 5698 γένοιντο
3168 5630 3228 5695 ἐξ
3254 5630 3577 5701 ἀνθρώπων.
3614 5635 3749 5688 Οὐκ

2159 5713 2312 5767 αὐτοὶ⁵
2328 5713 2385 5765 δὲ
2414 5713 2572 5784 μόνον
2599 5714 2797 5767 κακίαν
2822 5714 3168 5785 ὑποδέχονται
3184 5713 3468 5785 τοσαύτην,
3480 5715 3622 5770 ἀλλά
3652 5719 3763 5772 καὶ

2162 5797 2397 5861 ἐκείναις
2442 5797 2589 5867 ἠθῶν
2613 5797 3019 5870 διεφθαρμένων
3062 5798 3224 5851 αῐτιοι
3255 5798 3515 5865 γίνονται,
3556 5801 3765 5856 Καθά-

2166 5896 2272 5949 περ
2315 5879 2424 5952 γάρ
2468 5874 2614 5934 οὗτοι
2649 5882 2850 5953 σφόδρα
2894 5882 3087 5945 αὑταῖς
3130 5881 3386 5952 ἀρέσκειν
3422 5882 3765 5956 βουλόμενα

2163 5965 2260 6036 τῆς
2283 5965 2658 6038 ἁρμοττούσης
2691 5966 2965 6031 πολιτείας
3014 5965 3390 6021 ἐκϐαίνουσιν·
3449 5967 3601 6026 οὕτω
3658 5974 3770 6029 χιι

2225 6069 2248 6097 ⁸
2277 6067 2604 6131 Ξω’ἱι.δεῖται,
2629 6060 2796 6121 .‘Jurel.
2824 6070 2910 6120 δεῖ.
