4036 6416
295 333 397 389 509

297 449 610 521 argentariis
648 447 856 518 negotia
897 462 1002 502 non
1036 447 1195 502 habet
1226 467 1238 501 :
1270 462 1371 501 non
1413 448 1554 501 enim
1584 458 1865 517 paupertas

298 546 450 607 sinit;
497 557 669 611 neque
698 540 897 596 assidet
921 538 1150 595 ofﬁcinis
1176 541 1555 609 unguentariis.
1599 539 1705 595 Sed
1748 554 1868 592 cum

298 634 566 691 sutoribus
607 642 662 688 et
702 632 993 688 textoribus
1017 640 1073 687 et
1110 632 1529 702 variegatoribus
1553 642 1609 686 et
1635 631 1874 686 tinctori-

298 730 395 784 bus
439 726 664 779 multum
706 732 1069 779 conversatur.
1132 722 1203 778 Et
1250 722 1377 792 quid
1416 738 1550 791 opus
1593 737 1872 776 recensere

296 817 483 872 sordes
507 831 715 878 omnes,
742 825 798 868 ut
822 813 1033 884 quando
1063 813 1114 868 in
1141 813 1357 867 domum
1390 813 1606 875 intrant,
1627 827 1731 880 quo
1747 812 1875 865 sub-

298 920 509 979 tegmen
535 923 600 963 ac
628 918 848 962 tramam
877 906 1143 967 vendant.
1191 914 1246 959 et
1282 904 1473 959 deinde
1512 905 1563 958 in
1612 903 1762 970 foro,
1818 914 1874 957 ut

298 1000 421 1052 talia
456 999 643 1052 iterum
674 998 981 1065 requirant?
1012 996 1078 1051 Et
1100 997 1212 1051 hmo
1234 995 1444 1066 quidem
1466 994 1644 1061 domi,
1677 995 1728 1049 in
1759 995 1874 1048 foro

300 1099 477 1143 autem
505 1090 612 1143 risu
641 1088 878 1158 digniora
910 1088 1106 1143 ferunt.

375 1200 461 1255 l0.
490 1200 545 1253 In
573 1200 796 1253 ecclesia
823 1215 950 1253 vero
976 1199 1080 1253 dici
1112 1215 1214 1253 non
1246 1208 1421 1268 potest
1446 1208 1641 1268 quanta
1669 1200 1738 1253 sit
1760 1208 1873 1253 tur-

303 1290 505 1358 pitudo.
556 1288 687 1343 Nam
718 1290 865 1358 quasi
894 1299 1138 1358 oporteat
1174 1298 1230 1343 ut
1267 1290 1415 1344 locus
1446 1289 1621 1347 nullus
1659 1290 1872 1344 illorum

302 1381 871 1451 opprobriumignoret
891 1390 942 1434 et
964 1381 1274 1436 illiberalem
1312 1380 1654 1445 servitutem,
1699 1382 1775 1436 sic
1822 1384 1873 1436 in

307 1476 425 1529 loco
472 1473 572 1528 hoc
602 1485 786 1527 sancto
820 1482 874 1529 et
912 1474 1133 1528 terribili
1162 1475 1410 1535 omnibus
1435 1490 1584 1529 suam
1619 1477 1878 1545 intempe-

307 1567 528 1619 rantiam
571 1566 895 1634 prmdicant;
936 1575 1024 1633 et,
1052 1566 1190 1636 quod
1220 1567 1400 1634 utique
1440 1568 1649 1636 gravius
1674 1610 1688 1631 ,
1718 1584 1778 1623 ea
1821 1584 1879 1622 re

304 1660 618 1727 gloriantur,
643 1659 712 1710 ob
732 1674 887 1727 quam
912 1659 1226 1712 erubescere
1247 1659 1544 1727 oportebat.
1572 1662 1709 1714 Ante
1740 1661 1880 1715 fores

309 1750 450 1816 ipsas
476 1749 764 1816 excipiunt,
791 1750 1153 1802 cunuchorum
1186 1750 1302 1802 loco
1328 1750 1620 1803 inserviunt
1646 1792 1660 1813 ,
1691 1751 1879 1805 obvios

307 1839 660 1902 submovent,
704 1854 766 1892 ac
808 1848 1105 1907 praeeuntes
1132 1839 1296 1893 altum
1326 1841 1535 1906 sapiunt
1578 1840 1882 1894 videntibus

307 1928 571 1986 omnibus.
601 1937 655 1982 et
681 1943 784 2001 non
807 1929 1242 1989 verecundantur,
1265 1930 1355 1984 sed
1376 1947 1434 1984 ea
1459 1947 1516 1984 re
1540 1932 1833 2001 gloriantur
1865 1953 1878 1987 :

308 2030 466 2089 atque
505 2020 556 2073 in
601 1995 716 2089 ipso
760 2030 944 2075 sancto
968 2029 1020 2075 et
1051 2020 1316 2075 horrendo
1347 2023 1717 2093 mysteriorum
1750 2033 1884 2078 tem-

311 2126 439 2179 pore
471 2112 831 2165 ministrantes
870 2111 936 2166 ad
987 2128 1169 2167 earum
1215 2115 1464 2182 placitum
1495 2158 1509 2179 ,
1564 2116 1882 2172 criminandi

308 2203 615 2256 occasiones
663 2203 842 2257 multis
893 2205 1215 2259 intuentibus
1261 2207 1519 2274 prmbent.
1571 2207 1677 2261 Illae
1706 2220 1881 2263 autent

309 2294 519 2348 miserze
548 2304 601 2347 et
629 2295 949 2351 calamitosa:
973 2338 989 2363 ,
1035 2312 1153 2351 cum
1200 2308 1471 2366 oporteret
1509 2299 1576 2353 ab
1623 2299 1722 2354 hac
1762 2300 1883 2356 illos

311 2386 479 2454 gratia
507 2386 786 2454 prohibere
806 2429 820 2450 ,
855 2388 939 2441 illa
972 2389 1188 2457 insuper
1212 2390 1507 2458 gloriantur
1531 2402 1584 2445 et
1605 2392 1882 2447 confiden-

312 2476 476 2530 tiores
503 2475 651 2528 fiunt.
683 2476 1009 2546 Quamquam
1040 2480 1081 2531 si
1110 2481 1226 2549 quis
1258 2482 1335 2535 vel
1365 2481 1449 2543 iis,
1480 2484 1564 2537 vel
1587 2482 1690 2536 illis
1716 2484 1885 2538 male-

313 2567 488 2620 dicere
508 2568 698 2630 vellet,
728 2568 851 2637 quid
879 2569 1159 2624 maledicto
1200 2571 1299 2626 hoc
1342 2572 1601 2627 inveniret
1629 2575 1877 2638 atrocius,

312 2670 468 2723 quam
501 2667 554 2710 ut
575 2666 679 2710 tam
709 2659 997 2712 innumeris
1023 2661 1241 2715 testibus
1272 2662 1673 2732 intemperantia
1698 2681 1881 2721 eorum

313 2756 579 2816 arguatur,
607 2756 661 2801 et
688 2748 737 2800 in
759 2750 924 2803 oculis
950 2751 1185 2804 omnium
1214 2751 1354 2807 fmde
1378 2755 1571 2823 agant?
1599 2755 1732 2823 Quid
1751 2771 1885 2826 opus

272 2878 275 2883 .
316 2846 398 2890 est
439 2838 617 2891 dicere
643 2850 771 2908 quot
807 2840 857 2893 in
898 2841 1134 2894 ecclesiis
1168 2843 1237 2895 ob
1267 2843 1471 2896 illarum
1501 2847 1725 2913 gratiam
1755 2847 1885 2901 sub-

314 2942 619 2993 vertantur,
675 2941 803 3000 quot
846 2933 1020 2986 divina
1057 2950 1215 3002 opera
1243 2950 1272 2988 a
1304 2937 1484 2991 multis
1530 2937 1881 3008 negligantur,

316 3031 459 3073 utne
486 3020 579 3074 has
603 3022 845 3076 irritent?
895 3024 959 3078 Et
986 3025 1109 3093 quid
1151 3026 1269 3081 dico
1301 3042 1365 3081 ne
1402 3029 1650 3082 irritent?
1691 3029 1735 3083 si
1765 3031 1885 3100 quis

319 3120 520 3164 tantum
570 3112 839 3166 insuavius
883 3123 937 3168 et
983 3115 1185 3169 tristius
1229 3131 1319 3169 eas
1358 3118 1655 3185 aspexerit,
1706 3120 1882 3173 omnia

318 3202 520 3254 malunt
564 3202 732 3268 ferre,
783 3219 939 3273 quam
984 3205 1317 3260 dissimulare
1357 3208 1496 3261 illam
1545 3208 1646 3262 hoc
1676 3224 1882 3277 passam

317 3304 453 3343 esse.
503 3290 607 3345 Sed
637 3307 908 3362 quousque
939 3294 1149 3347 tandem
1177 3305 1230 3348 et
1255 3311 1351 3349 nos
1380 3296 1519 3351 foede
1549 3300 1751 3368 agimus
1770 3340 1784 3361 ,
1815 3298 1881 3353 il~

320 3378 488 3435 lorum
519 3381 693 3433 omnia
724 3383 1079 3437 enarrantes?
1117 3383 1229 3438 Non
1262 3386 1441 3455 utique
1478 3387 1579 3441 hoc
1603 3389 1883 3457 [imposui-

318 3483 474 3523 mus:
506 3484 624 3523 nam
646 3470 690 3524 si
714 3472 890 3525 omnia
913 3481 1137 3527 tractare
1162 3474 1418 3540 velimus,
1453 3478 1615 3531 multa
1647 3488 1700 3532 et
1730 3479 1882 3548 longa

320 3561 470 3616 nobis
507 3564 746 3618 oratione
784 3580 917 3632 opus
959 3574 1100 3620 esset
1131 3584 1144 3619 :
1176 3568 1281 3621 imo
1312 3569 1354 3621 si
1403 3573 1629 3623 maxime
1671 3572 1881 3637 vellem,

321 3668 423 3706 non
447 3663 661 3722 possent
681 3656 855 3708 omnia
880 3655 1004 3719 dici,
1023 3656 1468 3728 quandoquidem,
1502 3660 1624 3713 dum
1651 3676 1717 3716 ex
1745 3663 1883 3715 mul-

322 3743 387 3797 lis
416 3759 579 3811 pauca
613 3745 907 3814 colligimus
932 3788 947 3811 ,
991 3747 1151 3801 etiam
1187 3750 1265 3802 sic
1307 3750 1492 3817 prolixi
1528 3765 1732 3805 sumu5.
1780 3751 1882 3806 Sed

320 3848 424 3887 non
449 3834 515 3889 ad
543 3834 642 3888 hoc
670 3837 931 3903 venimus,
963 3853 1145 3891 verum
1174 3838 1326 3894 inviti
1354 3840 1419 3893 ad
1446 3841 1653 3894 illorum
1683 3859 1883 3894 memo-

320 3924 452 3977 riam
496 3926 629 3993 rapti
672 3942 892 3993 sumus,
942 3939 1000 3982 ut
1045 3928 1246 3983 cordati
1290 3930 1562 3987 auditores
1601 3950 1883 4002 parumper

319 4014 731 4070 admonerentur
760 4033 773 4070 :
801 4018 940 4086 quod
980 4020 1239 4088 reliquum
1278 4029 1389 4085 est,
1438 4037 1614 4090 operae
1657 4025 1881 4091 pretium

319 4106 526 4161 videtur
549 4117 602 4160 ut
626 4108 1042 4164 obsecrationem
1059 4120 1112 4164 et
1138 4114 1492 4180 precationem
1515 4115 1878 4170 adhibeamus.

320 4194 429 4249 Oro
459 4196 613 4266 igitur
642 4208 694 4251 et
718 4200 956 4268 supplico
980 4241 994 4264 ,
1027 4209 1080 4256 et
1106 4212 1229 4256 ante
1257 4218 1424 4272 genua
1451 4215 1625 4260 vestra
1649 4223 1733 4261 me
1762 4222 1883 4275 pro-

319 4286 495 4351 volvo,
538 4296 695 4356 atque
724 4289 914 4344 obnixe
942 4306 1069 4360 rogo
1092 4331 1109 4357 ,
1138 4293 1556 4361 persuadeamini
1575 4336 1588 4359 ,
1619 4306 1673 4350 et
1695 4298 1760 4350 ab
1787 4297 1886 4352 bac

320 4390 652 4444 emergamus
678 4378 933 4434 ebrietate
956 4396 970 4444 ;
1017 4382 1183 4435 simus
1210 4384 1377 4437 nostri
1404 4385 1637 4452 ipsorum
1662 4401 1882 4456 compo-

323 4477 423 4535 tes,
445 4480 498 4523 et
518 4486 861 4539 agnoscamus
886 4472 1159 4537 honorem,
1188 4490 1346 4544 quem
1375 4476 1523 4531 dedit
1548 4478 1699 4531 nobis
1722 4480 1876 4539 Deus,

319 4568 373 4613 et
401 4559 617 4615 Paulum
645 4563 963 4617 clamantem
990 4564 1263 4619 audiamus
1290 4583 1303 4618 :
1338 4565 1421 4620 Ne
1439 4568 1546 4621 sitis
1573 4570 1697 4622 servi
1720 4570 1882 4622 homi-

320 4666 441 4704 num
467 4651 542 4724 (l.
570 4653 687 4706 Cor.
718 4655 771 4708 7.
792 4654 883 4726 2'5)
908 4673 922 4720 ;
953 4665 1008 4710 et
1032 4656 1334 4712 desinamus
1362 4668 1417 4714 ut
1444 4659 1735 4715 serviamus
1764 4678 1881 4715 nnt-

321 4740 535 4796 lieribus
553 4743 616 4796 ad
632 4758 964 4799 communem
989 4747 1222 4801 omnium
1240 4757 1540 4803 nostrorum
1567 4750 1877 4818 perniciem.

318 4832 508 4887 Milites
547 4850 644 4889 nos
684 4851 801 4892 esse
841 4838 1085 4893 Christus
1123 4842 1234 4895 vult
1273 4850 1515 4896 strenuos
1543 4851 1598 4897 et
1632 4842 1878 4898 athletas.

316 4923 433 4978 Non
462 4935 674 4995 propter
695 4927 794 4983 hoc
817 4945 915 4984 nos
943 4932 1173 4986 armavit
1196 4934 1357 4987 artuis
1384 4934 1745 5003 spiritualibus
1768 4977 1783 5001 ,
1819 4946 1875 4989 ut

320 5016 611 5082 puellarum
657 5018 1020 5075 triobolarium
1062 5022 1353 5078 ministeria
1393 5025 1777 5095 suscipiamus,
1825 5037 1881 5080 ut

314 5107 454 5161 circa
501 5106 647 5161 lanas
672 5119 727 5164 et
768 5114 993 5169 stamina
1017 5123 1073 5169 et
1111 5115 1210 5169 alia
1254 5116 1547 5171 ministeria
1586 5134 1873 5181 versemur,

316 5203 373 5249 ut
397 5196 723 5252 assideamus
747 5201 1069 5259 mulierculis
1099 5206 1343 5261 nentibus
1366 5216 1421 5261 et
1447 5209 1747 5264 texentibus
1772 5250 1787 5273 ,
1823 5219 1880 5263 ut

314 5292 481 5338 totum
508 5287 647 5343 diem
669 5304 1042 5348 consumamus
1061 5335 1077 5359 ,
1108 5296 1389 5367 verbisque
1413 5308 1466 5352 et
1496 5299 1733 5353 moribus
1762 5317 1879 5353 mn-

315 5374 565 5433 liebribus
590 5380 792 5435 animas
820 5382 1152 5453 imbuamus;
1177 5387 1271 5442 sed
1299 5398 1355 5443 ut
1388 5390 1712 5459 conﬁgamus
1741 5392 1877 5447 invi-

312 5467 491 5522 sibiles
516 5470 737 5526 virtutes
765 5488 883 5541 quae
912 5475 1064 5531 nobis
1103 5478 1452 5534 adversantur
1474 5520 1489 5544 ,
1531 5490 1587 5534 ut
1610 5481 1875 5537 diabolqu

312 5559 684 5627 percutiamus.
713 5564 801 5633 qui
830 5575 1016 5623 contra
1039 5585 1134 5625 nos
1162 5571 1349 5627 ducem
1375 5576 1500 5643 agit,
1526 5582 1582 5627 ut
1604 5574 1878 5644 abigamus

312 5646 512 5706 feroces
537 5651 835 5709 d:emonum
866 5657 1152 5731 phalanges
1172 5705 1186 5727 ,
1224 5673 1282 5719 ut
1308 5664 1676 5720 subvertamus
1690 5680 1873 5720 eorum

311 5743 701 5815 propugnacula
722 5785 741 5815 ,
786 5754 844 5801 ut
872 5744 1168 5811 Potestates
1190 5765 1245 5811 et
1274 5756 1451 5811 mundi
1478 5755 1723 5813 dominos
1747 5797 1764 5825 ,
1790 5772 1873 5813 re-

961 332 1226 389 CONTRA
1261 328 1388 387 EOS
1424 332 1538 400 QUI
1578 331 2184 391 SUBINTBODUCTAS
2211 335 2482 392 HABENT
2525 339 2851 398 VIRGINES.

3440 343 3544 401 5H)

1975 456 2151 505 ctores
2196 451 2382 506 harum
2429 454 2768 510 tenebrarum
2817 458 2871 512 in
2912 458 3221 513 servitutem
3264 455 3545 524 ducamus,

1977 546 2035 591 ut
2061 538 2352 607 spiritualia
2378 542 2593 598 malitize
2634 543 2912 615 fugemus,
2955 555 3015 601 ut
3055 546 3228 617 ignem
3257 545 3542 616 spiremus,

1978 638 2035 682 ut
2058 630 2125 683 ad
2153 632 2487 701 quotidianas
2514 642 2711 689 mortes
2742 638 2908 704 parati
2938 638 3126 692 simus.
3174 637 3398 706 Propter
3442 637 3543 692 hoc

1980 721 2150 775 induit
2192 738 2289 779 nos
2338 723 2563 780 thorace
2602 726 2855 795 iustitiae,
2900 737 3115 797 propter
3140 728 3242 783 hoc
3264 729 3428 783 cinxit
3453 744 3551 784 nos

1978 828 2110 867 zona
2139 814 2409 882 veritatis,
2441 825 2654 886 prepter
2683 818 2783 872 hoc
2813 818 3063 889 imposuit
3099 819 3303 889 galeam
3340 819 3547 881 salutis,

1980 915 2195 974 propter
2238 906 2337 960 hoc
2384 908 2546 976 pedes
2600 918 2814 964 nostros
2863 910 3117 965 calceavit
3160 910 3546 979 praeparatione

1978 998 2235 1067 evangelii
2264 999 2430 1068 pacis,
2463 1010 2516 1054 et
2545 1000 2762 1056 tradidit
2784 1000 3016 1070 gladium
3045 1001 3265 1071 spiritus
3286 1042 3300 1066 ,
3332 1012 3551 1070 propter

1980 1086 2081 1141 hoc
2111 1089 2284 1157 ignem
2333 1091 2575 1144 accendit
2620 1091 2672 1145 in
2714 1093 2912 1147 nostris
2950 1092 3247 1147 animabus.
3300 1093 3355 1149 Si
3395 1093 3557 1163 igitur

1981 1178 2201 1232 militem
2223 1179 2455 1247 aliquem
2486 1188 2762 1251 postquam
2794 1181 3027 1237 induerit
3051 1182 3254 1252 galeam
3278 1224 3293 1249 ,
3327 1197 3515 1237 ocreas
3535 1223 3552 1245 .

1982 1268 2251 1324 thoracem
2275 1311 2290 1335 ,
2345 1280 2619 1340 postquam
2666 1274 2933 1341 acceperit
2971 1274 3202 1344 gladium
3226 1314 3245 1339 ,
3290 1275 3553 1341 lanceam,

1982 1369 2210 1425 scutum,
2246 1361 2347 1416 tela
2366 1404 2381 1428 ,
2413 1364 2629 1432 sagittas
2651 1405 2665 1430 ,
2696 1363 3001 1434 pharetram
3021 1407 3036 1431 ,
3066 1367 3189 1420 tuba
3218 1365 3327 1435 jam
3351 1365 3556 1419 clarum

1982 1464 2205 1508 sonante
2231 1462 2285 1508 et
2309 1471 2497 1510 omnes
2525 1465 2781 1511 evocante
2804 1498 2818 1523 ,
2857 1457 3097 1511 hostibus
3127 1473 3317 1528 magno
3356 1457 3557 1526 impetu

1982 1544 2323 1600 saevientibus
2346 1552 2401 1599 et
2435 1546 2702 1601 civitatem
2728 1562 2758 1601 a
2786 1548 3139 1603 fundamentis
3166 1557 3405 1602 evertere
3436 1562 3555 1601 meo

1984 1634 2236 1688 lieutibus
2260 1676 2276 1701 ,
2320 1634 2530 1689 videres
2573 1650 2681 1690 non
2712 1637 2764 1690 in
2791 1652 2979 1707 agmen
3009 1637 3152 1691 foras
3181 1652 3396 1691 currere
3419 1678 3433 1701 ,
3462 1635 3560 1691 sed

1985 1726 2037 1779 in
2074 1727 2291 1781 domum
2334 1726 2576 1797 ingredi,
2606 1738 2661 1783 et
2687 1728 2891 1783 mulieri
2928 1728 3165 1782 assidere
3197 1744 3315 1782 cum
3343 1727 3507 1783 armis
3541 1745 3556 1782 :

1983 1834 2049 1872 an
2076 1835 2202 1882 non,
2233 1819 2277 1874 si
2300 1819 2459 1874 modo
2486 1820 2690 1883 liceret,
2718 1822 2895 1893 gladio
2918 1822 3151 1877 medium
3178 1822 3557 1885 transfoderes,

1986 1926 2051 1963 ne
2080 1926 2326 1965 sermone
2351 1911 2565 1981 quidem
2589 1928 2708 1966 eum
2736 1913 3016 1983 dignatus?
3053 1916 3122 1967 At
3146 1913 3189 1967 si
3226 1922 3278 1967 tu
3308 1923 3450 1967 tanta
3483 1914 3559 1968 ira

1986 1998 2234 2068 impletus
2258 2015 2338 2065 es,
2369 2001 2637 2071 quomodo
2664 2012 2817 2071 putas
2848 2004 3012 2057 Deum
3039 2004 3090 2057 in
3120 2004 3288 2058 multo
3312 2004 3559 2073 turpiori-

1986 2090 2084 2145 bus
2108 2107 2231 2160 erga
2279 2108 2375 2148 nos
2412 2092 2590 2147 afﬁci?
2640 2094 2811 2149 Tanto
2846 2096 2989 2149 enim
3027 2097 3259 2164 turpiora
3287 2106 3342 2150 et
3369 2097 3559 2150 absur-

1986 2181 2135 2236 diora
2160 2192 2281 2236 sunt
2311 2182 2425 2238 hinc
2452 2200 2609 2253 quam
2646 2185 2753 2250 illa,
2795 2194 2993 2255 quanto
3019 2195 3070 2239 et
3098 2188 3310 2256 gravius
3339 2186 3556 2251 bellum,

1987 2283 2042 2326 et
2065 2272 2248 2327 hostes
2286 2275 2693 2329 truculentiores
2716 2316 2732 2336 ,
2776 2284 2830 2330 et
2855 2276 3071 2344 praemia
3102 2292 3198 2346 pro
3222 2277 3413 2347 quibus
3442 2276 3561 2332 bel-

1990 2365 2127 2419 latur
2153 2367 2350 2435 majora
2372 2409 2387 2433 ,
2430 2378 2485 2423 et
2524 2368 2581 2423 in
2608 2382 2815 2422 summa
2844 2370 3021 2423 omnia
3058 2379 3259 2423 tantum
3290 2379 3564 2424 transcen-

1987 2455 2139 2522 dunt,
2165 2467 2418 2525 quantum
2452 2460 2695 2514 umbram
2726 2458 2941 2511 veritas.
2991 2457 3170 2528 Itaque
3197 2474 3264 2513 ne
3290 2460 3563 2514 effemine-

1986 2563 2109 2602 mus
2139 2549 2303 2603 robur
2338 2559 2577 2604 nostrum
2602 2594 2617 2619 ,
2672 2565 2739 2604 ne
2763 2549 3100 2604 succidamus
3130 2566 3322 2605 nervos
3351 2560 3565 2606 nostros

1989 2640 2103 2693 istis
2127 2643 2639 2698 conversationibus.
2672 2640 2889 2698 Etenim
2922 2641 3141 2695 multam
3170 2651 3226 2695 et
3250 2642 3561 2696 immensam

1987 2730 2261 2785 animabus
2286 2734 2482 2789 nostris
2507 2732 3055 2789 instillantmalitiam.
3080 2731 3214 2797 Quid
3242 2733 3382 2787 enim
3403 2733 3563 2787 etiam

1987 2822 2031 2876 si
2077 2838 2180 2877 non
2218 2825 2513 2880 sentiamus
2559 2842 2743 2882 amore
2785 2824 2962 2878 t-brii?
3020 2824 3159 2879 Istuc
3197 2826 3336 2879 enim
3388 2827 3566 2895 ipsum

1987 2913 2224 2966 omnium
2256 2924 2336 2968 est
2362 2915 2515 2986 longe
2533 2918 2927 2985 gravissimum.
2946 2915 3084 2983 quod
3116 2917 3417 2970 nesciamus
3432 2932 3565 2983 quo-

1988 3003 2148 3057 modo
2172 3021 2503 3070 enervemur,
2535 3023 2761 3078 ceraque
2790 3007 2936 3065 omni
2968 3006 3240 3061 molliores
3255 3008 3560 3062 reddamur.

1987 3094 2117 3149 Nam
2150 3095 2285 3149 sicut
2309 3098 2352 3152 si
2384 3098 2502 3165 quis
2528 3100 2735 3154 leonem
2764 3100 3056 3172 superbum
3087 3107 3141 3153 et
3177 3106 3324 3152 torve
3352 3100 3563 3153 intuen-

1988 3196 2093 3241 tem
2115 3189 2364 3257 arripiat,
2391 3200 2445 3243 et
2467 3190 2623 3258 jubas
2651 3191 2872 3247 abradat
2894 3233 2909 3257 ,
2950 3193 3145 3267 dentes
3166 3190 3431 3255 excutiat,
3465 3206 3563 3244 un-

1986 3294 2115 3349 gues
2155 3288 2433 3350 amputet,
2489 3294 2803 3353 turpemque
2842 3284 2999 3339 faciat
3043 3298 3097 3340 et
3144 3280 3461 3343 ridiculum,
3509 3294 3563 3335 et

1989 3368 2278 3425 terribilem
2309 3370 2456 3425 illum
2478 3381 2533 3425 et
2560 3372 2944 3429 intolerabilem
2967 3380 3025 3429 et
3047 3377 3218 3446 rugitu
3244 3376 3356 3431 solo
3376 3374 3557 3431 omnia

1987 3463 2378 3516 concutientem
2405 3503 2420 3525 ,
2466 3461 2620 3517 facile
2649 3479 2679 3517 a
2711 3479 2876 3533 puero
2915 3465 3271 3533 superabilem
3318 3467 3504 3522 reddat
3538 3486 3551 3521 :

1989 3553 2058 3606 ita
2083 3562 2135 3607 et
2166 3554 2267 3607 illa:
2304 3570 2437 3622 quos
2466 3554 2681 3624 capiunt
2706 3571 2891 3611 omnes
2926 3564 3177 3626 superatu
3219 3558 3399 3612 faciles
3435 3558 3556 3613 red-

1988 3640 2118 3695 dunt
2156 3642 2397 3710 diabolo,
2431 3645 2698 3698 molliores
2722 3687 2737 3711 ,
2766 3647 3172 3712 concitatiores,
3202 3648 3553 3717 impudentes,

1989 3733 2479 3802 iueonsiderantes,
2528 3738 2809 3792 iracundos
2832 3780 2848 3805 ,
2886 3738 3115 3795 audaces
3140 3781 3156 3805 ,
3204 3741 3556 3808 importunus,

1990 3826 2247 3890 humiles,
2274 3828 2539 3896 abiectos,
2570 3828 2849 3893 crudeles,
2884 3829 3192 3896 illiberalcs,
3222 3832 3558 3894 temerarios,

1990 3932 2217 3985 uugaces
2242 3958 2258 3984 ,
2310 3927 2363 3972 et
2392 3918 2442 3972 in
2471 3934 2677 3974 summa
2706 3921 2924 3974 omnino
2966 3931 3242 3990 corruptos
3276 3922 3555 3975 mulierum

1987 4021 2165 4062 mores
2207 4007 2258 4061 in
2304 4009 2533 4062 animam
2580 4009 2791 4064 illorum
2829 4010 3120 4065 immittunt
3165 4021 3222 4065 et
3267 4011 3523 4066 inferunt.

2062 4098 2146 4150 tl.
2188 4097 2394 4151 Etenim
2441 4100 2552 4153 fieri
2593 4117 2695 4153 non
2727 4109 2901 4169 potest
2930 4102 3134 4156 mulieri
3164 4101 3560 4157 cohabitanth

1988 4202 2105 4240 cum
2139 4197 2284 4241 tanto
2309 4188 2519 4254 affectu,
2550 4199 2604 4243 et
2636 4191 2841 4246 illarum
2871 4193 3364 4247 conversationihus
3389 4194 3558 4247 emol-

1987 4276 2156 4337 litum.
2187 4293 2289 4331 non
2311 4293 2428 4333 esse
2443 4280 2811 4335 circulatorem
2830 4291 2880 4336 et
2902 4281 3166 4337 forensem
3188 4292 3241 4337 et
3261 4283 3554 4337 sordidum.

1987 4366 2116 4419 Nam
2146 4368 2189 4420 si
2218 4368 2341 4437 quid
2366 4369 2618 4439 loquitur,
2649 4372 2717 4427 de
2737 4373 3050 4427 staminibns
3066 4382 3119 4427 et
3144 4374 3276 4428 lanis
3302 4374 3557 4444 loquitur,

1989 4456 2160 4525 lingua
2188 4458 2303 4527 ejus
2329 4460 2575 4514 muliebri
2621 4462 2936 4530 loquacitate
2982 4464 3173 4519 infecta
3204 4483 3217 4519 :
3246 4473 3300 4519 et
3344 4466 3389 4520 si
3431 4467 3554 4535 quid

1988 4548 2144 4612 facit,
2194 4552 2292 4602 hoc
2330 4565 2515 4619 magna
2556 4553 2851 4607 servilitate
2880 4564 3163 4623 operatur,
3217 4565 3270 4611 et
3315 4557 3549 4627 scipsutn

1986 4638 2222 4708 procula
2253 4639 2554 4696 Christiana
2577 4643 2820 4698 libertate
2845 4645 3070 4714 sejungit
3096 4687 3110 4709 ,
3162 4646 3228 4701 ad
3276 4647 3406 4702 nihil
3446 4650 3558 4703 exi-

1988 4729 2147 4783 mium
2195 4741 2286 4786 aut
2334 4734 2645 4802 prmclarum
2692 4735 2855 4789 utilis.
2884 4735 3014 4789 Nam
3042 4752 3160 4790 cum
3188 4737 3252 4791 ad
3275 4739 3558 4793 smculares

1986 4830 2041 4875 et
2064 4821 2244 4876 civiles
2271 4838 2355 4878 res
2384 4822 2655 4877 hominum
2688 4825 2886 4880 inutilis
2912 4827 2984 4881 sit
3011 4836 3064 4882 et
3109 4828 3303 4883 nullius
3349 4828 3511 4898 frugis
3531 4871 3550 4893 ,

1987 4915 2151 4967 multo
2173 4916 2340 4985 magis
2382 4916 2447 4968 ad
2496 4916 2911 4985 magnitudinem
2956 4934 3131 4973 rerum
3174 4919 3556 4988 spiritualium,

1985 5021 2101 5074 qua:
2134 5014 2278 5059 tanto
2303 5007 2672 5077 generosiores
2700 5008 2841 5062 viros
2870 5008 3167 5077 requirunt.
3194 5018 3252 5063 ut
3279 5025 3347 5063 ne
3369 5011 3554 5078 attingi

1984 5098 2193 5166 quidem
2228 5100 2451 5167 possint,
2486 5099 2584 5153 nisi
2614 5099 2681 5153 ab
2708 5100 2771 5154 iis
2800 5100 2888 5169 qui
2916 5099 2983 5154 ad
3022 5114 3115 5155 eas
3161 5099 3430 5154 transituri
3458 5117 3557 5155 au-

1985 5190 2088 5259 geli
2119 5207 2184 5246 ex
2216 5191 2517 5247 hominibus
2545 5192 2693 5247 fiant.
2726 5192 2842 5248 Non
2875 5194 2971 5263 ipsi
2997 5203 3173 5248 autem
3214 5194 3385 5249 solum
3409 5204 3558 5249 tanto

1984 5283 2124 5337 malo
2147 5282 2465 5352 afficiuntur,
2496 5286 2589 5341 sed
2618 5294 2671 5340 et
2698 5286 2799 5341 illis
2829 5302 3041 5341 morum
3067 5287 3424 5356 pessimorum
3457 5303 3551 5340 au-

1983 5384 2157 5429 ctores
2185 5374 2337 5429 fiunt.
2386 5376 2516 5430 Nam
2542 5377 2987 5447 quemadmodum
3024 5378 3097 5432 illi
3126 5377 3215 5448 qui
3248 5378 3363 5432 istis
3400 5378 3556 5433 valde

1986 5466 2190 5534 placere
2220 5467 2421 5533 volunt,
2440 5467 2597 5523 officii
2623 5469 2703 5522 sui
2730 5470 2986 5523 rationem
3014 5468 3303 5540 negligant,
3335 5470 3404 5524 ita
3426 5470 3554 5539 ipsa:

1984 5566 2197 5627 propter
2220 5558 2342 5612 illos
2369 5573 2401 5619 ι
2432 5558 2516 5613 via
2547 5559 2564 5590 ί
2596 5558 2697 5613 sibi
2745 5561 3076 5615 convenienti
3118 5561 3389 5625 aberrant,
3436 5575 3545 5614 ma—

1982 5656 2087 5710 lam
2106 5665 2159 5711 et
2178 5656 2525 5726 perniciosam
2544 5658 2769 5715 invicem
2791 5661 3103 5719 exhibentes
3122 5662 3550 5724 retributionem.

2048 5780 2066 5812 ⁸
2099 5779 2237 5829 sicin
2256 5774 2443 5836 ttorel..
2470 5772 2563 5825 sed
2579 5770 2738 5835 Savll.,
2764 5785 2796 5823 α
2816 5774 3017 5837 pudore.
