4036 6416
519 345 616 399 5H

520 455 730 512 Etenim
757 470 815 511 se
841 464 1034 511 ornant
1060 456 1342 520 curiosius,
1369 455 1732 510 delicatiorum
1767 454 1992 509 vestium
2037 460 2092 507 et

519 547 759 602 incessus
784 548 999 600 multam
1023 562 1205 602 curam
1237 547 1449 612 habent,
1495 556 1549 600 et
1572 562 1691 616 quae
1719 561 1823 600 non
1859 545 1982 600 licet
2011 554 2092 599 to—

519 645 569 691 ta
614 636 702 691 die
729 647 1027 706 nugautur:
1061 653 1180 690 nam
1221 637 1343 706 quia
1377 637 1559 691 vident
1602 635 1686 691 bis
1732 635 2093 705 incompositis

521 727 757 780 moribus
777 739 829 781 et
851 727 1026 781 verbis
1049 727 1319 792 ohlectari,
1351 727 1526 781 omnia
1547 729 1780 781 studiose
1800 721 2085 791 sectant'ur,

520 833 614 886 per
640 833 758 886 quae
786 819 928 887 ipsos
958 817 1009 871 in
1040 819 1293 872 servitute
1321 818 1644 873 contineant.
1675 817 1788 872 Jam
1834 819 1877 872 si
1907 817 2090 870 volue-

517 909 683 961 rimus
706 910 979 978 paulisper
1001 909 1334 978 resipiscere,
1367 917 1422 963 et
1461 909 1626 962 nostri
1672 909 1905 977 ipsorum
1945 923 2084 974 esse,

513 1009 568 1052 et
600 1000 716 1052 illas
743 999 1098 1065 lucrabimur,
1143 1010 1198 1054 et
1241 1015 1336 1054 nos
1376 1000 1517 1069 ipsos
1537 1009 1591 1054 et
1614 999 1749 1054 alios
1776 1014 2001 1056 omnes:
2033 1010 2088 1054 et

516 1089 656 1142 sicut
687 1103 826 1143 nunc
851 1090 1160 1158 perditionis
1191 1091 1472 1144 multorum
1502 1090 1579 1144 rei
1609 1089 1729 1144 facti
1765 1104 1946 1143 sumus
1967 1129 1984 1156 ,
2011 1089 2087 1142 sic

513 1187 570 1232 et
596 1193 624 1230 a
655 1179 937 1234 multorum
967 1181 1136 1234 salute
1173 1191 1296 1234 tunc
1322 1180 1621 1234 mercedem
1651 1181 2006 1249 accipiemus;
2034 1187 2088 1233 et

515 1270 705 1338 quibus
735 1276 874 1325 nunc
897 1272 1126 1340 potimur
1155 1272 1413 1341 turpiter,
1468 1271 1571 1325 illis
1613 1271 1853 1326 fruemur
1896 1285 2087 1341 magno

519 1377 638 1415 cum
668 1363 887 1418 h0nore.
911 1365 1020 1418 Cur
1042 1365 1184 1418 enim
1209 1366 1287 1417 vis
1316 1364 1561 1419 honorari
1591 1379 1618 1417 a
1649 1365 1978 1428 mulieribus,
2000 1364 2088 1418 dic

516 1451 644 1506 inibi
666 1453 688 1506 ?
715 1453 939 1508 Maxime
962 1454 1234 1524 indignum
1263 1454 1365 1508 hoc
1381 1466 1464 1509 est
1482 1456 1596 1509 viro
1610 1455 1888 1524 spirituali,
1907 1469 2086 1509 amare

515 1545 673 1597 talem
704 1544 962 1601 honorem
987 1563 1002 1612 ;
1034 1550 1396 1602 verumtamen
1427 1557 1482 1602 et
1513 1558 1638 1603 tunc
1663 1547 1852 1615 aderit,
1872 1548 2084 1618 quando

512 1649 618 1688 non
647 1652 944 1704 quaeremus
999 1638 1189 1708 ipsum.
1234 1638 1379 1694 Solet
1424 1639 1564 1693 enim
1610 1637 1770 1694 homo
1812 1638 2086 1708 despicere

512 1741 609 1780 eos
622 1727 708 1795 qui
731 1743 788 1781 se
810 1729 1008 1793 colunt,
1031 1731 1151 1784 etin
1170 1729 1516 1784 admiratione
1541 1729 1736 1785 habere
1760 1744 1856 1784 eos
1870 1730 1956 1798 qui
1981 1744 2084 1784 non

512 1817 833 1874 adulantur:
866 1823 949 1876 cui
977 1823 1054 1876 rei
1083 1823 1355 1876 muliebris
1401 1831 1586 1876 natura
1640 1823 1808 1891 magis
1854 1823 2084 1876 obnoxia

514 1920 618 1965 est.
645 1910 778 1966 Nam
801 1913 844 1966 si
877 1913 982 1967 illis
1004 1914 1122 1982 quis
1151 1913 1416 1978 aduletur,
1450 1913 1799 1968 intolerabilis
1823 1922 1936 1979 est;
1989 1913 2085 1968 ad-

514 2002 737 2056 miratur
772 2012 948 2058 autem
979 2005 1214 2058 omnium
1249 2006 1477 2060 maxime
1519 2020 1634 2072 eos,
1657 2005 1746 2075 qui
1771 2005 1961 2059 cedere
1990 2019 2085 2059 ne-

513 2097 691 2150 sciunt
718 2111 814 2151 nec
841 2097 1194 2151 succumbunt
1245 2098 1629 2168 intempeStivis
1675 2098 1784 2152 suis
1827 2097 2081 2166 concupi-

510 2187 764 2241 scentiis:
796 2197 846 2241 et
871 2188 1025 2256 hujus
1050 2199 1146 2242 vos
1173 2188 1302 2242 mihi
1331 2199 1495 2244 testes
1537 2189 1708 2244 eritis.
1749 2179 1898 2243 Nunc
1938 2190 2080 2244 enim

510 2293 614 2331 non
645 2279 817 2334 solum
847 2280 1074 2342 externi,
1093 2280 1184 2334 sed
1215 2290 1268 2334 et
1289 2281 1415 2349 ipsa:
1437 2295 1646 2351 quoque
1673 2279 2082 2336 contubernales

509 2385 606 2424 vos
633 2372 870 2434 irrident,
903 2373 1001 2426 etsi
1026 2389 1130 2426 non
1169 2374 1468 2437 manifeste,
1496 2384 1641 2429 certe
1680 2382 1854 2428 tamen
1879 2373 1930 2428 in
1953 2388 2082 2428 con-

507 2461 769 2526 scientia,-
822 2463 1212 2533 glorienturque
1259 2464 1355 2518 hac
1398 2463 1527 2519 dura
1577 2465 1900 2537 tyrannide;
1955 2474 2081 2520 tunc

508 2559 682 2604 autem
697 2555 913 2607 omnino
929 2569 1022 2608 vos
1045 2554 1464 2622 admirabuntur,
1495 2565 1548 2610 et
1565 2567 1793 2611 vestram
1824 2557 2080 2627 obstupe-

507 2650 662 2696 scent
680 2643 994 2699 libertatem.
1013 2644 1164 2712 Quod
1187 2645 1231 2699 si
1258 2647 1452 2700 nostris
1473 2649 1809 2702 sermonibus
1837 2662 1942 2702 non
1963 2664 2080 2703 cre-

507 2731 654 2797 ditis,
678 2733 796 2787 illas
820 2734 960 2804 ipsas
985 2734 1330 2806 interrogate,
1351 2747 1501 2792 utros
1547 2739 1716 2808 magis
1763 2738 1977 2793 laudent
2024 2748 2080 2794 et

507 2823 825 2892 approbent,
847 2840 917 2878 an
946 2839 1038 2880 eos
1068 2827 1156 2896 qui
1188 2826 1446 2888 serviunt.
1475 2844 1544 2882 au
1573 2829 1664 2900 qui
1685 2828 2026 2884 dominantur
2058 2845 2076 2886 δ

505 2914 794 2985 subjectos,
826 2925 882 2971 et
907 2919 994 2988 qui
1030 2919 1205 2974 omnia
1232 2918 1433 2974 faciunt
1461 2931 1514 2977 et
1537 2922 1810 2991 patiuntur
1833 2922 1884 2976 in
1937 2922 2079 2993 ipsa-

510 3021 627 3062 rum
669 3010 914 3079 gratiam,
944 3011 1026 3065 vel
1056 3013 1143 3081 qui
1177 3013 1305 3066 nihil
1335 3012 1522 3068 horum
1555 3013 1745 3078 ferunt,
1799 3023 1854 3069 et
1902 3015 2078 3084 pravis

503 3114 688 3154 earum
715 3117 901 3170 parere
929 3102 1192 3158 mandatis
1217 3103 1554 3159 erubescunt.
1603 3103 1672 3159 Et
1712 3106 1757 3160 si
1783 3104 1964 3160 volent
1996 3106 2078 3159 di-

503 3204 626 3245 cere
655 3207 857 3256 verum,
885 3195 1104 3247 omnino
1130 3193 1269 3260 illos,
1299 3193 1700 3265 respondebunt
1725 3213 1738 3248 :
1771 3195 1878 3250 imo
1903 3211 2076 3266 neque

504 3297 763 3351 responso
789 3298 943 3351 Opus,
991 3285 1153 3340 rebus
1201 3285 1337 3340 istuc
1381 3287 1553 3356 ipsum
1582 3286 1953 3343 clamantibus.
2009 3289 2079 3342 At

502 3374 789 3444 voluptatis
813 3378 982 3448 gratia
1010 3378 1100 3448 qui
1130 3378 1605 3449 cohabitatopibus
1635 3379 1836 3446 inhiat,
1886 3380 2071 3436 oculos

507 3480 729 3533 pascens
753 3468 1016 3537 virginum
1055 3470 1374 3539 aspectibus.
1416 3471 1562 3526 Licet
1604 3473 1834 3528 maxime
1864 3473 2076 3544 quidem

504 3557 606 3612 hoc
630 3559 698 3612 ita
740 3574 798 3613 se
821 3560 1059 3627 haberet,
1107 3571 1284 3618 tamen
1313 3575 1528 3634 propter
1555 3564 1657 3619 hoc
1695 3566 1865 3635 ipsum
1897 3566 2078 3638 fugere

501 3651 826 3718 oportebat:
866 3668 1004 3707 nunc
1055 3665 1231 3708 autem
1279 3655 1433 3711 vobis
1476 3658 1607 3712 satis
1652 3658 2075 3714 demonstratum

503 3751 588 3797 est
613 3744 755 3812 quod
784 3757 947 3798 suave
975 3745 1078 3800 hoc
1106 3761 1210 3800 non
1238 3748 1344 3814 sit,
1402 3748 1497 3802 sed
1529 3749 1683 3818 plane
1724 3751 2073 3817 contrarium,

502 3832 546 3886 si
573 3835 693 3903 quis
719 3833 819 3890 hac
841 3837 1291 3907 contemplatione
1333 3854 1439 3894 non
1488 3840 1727 3896 fruatur:
1772 3851 1828 3897 et
1871 3852 1928 3897 tu
1971 3842 2077 3898 illis

501 3923 720 3994 adjicito
747 3925 900 3982 bona:
929 3930 1270 3984 conscientia:
1293 3929 1552 3986 laetitiam.

578 4015 726 4070 Nihil
739 4018 813 4071 sic
837 4020 1087 4074 exhilarat
1107 4031 1163 4074 ut
1185 4022 1486 4076 conscientia
1509 4022 1656 4078 bona.
1679 4051 1754 4066 —-
1772 4023 1911 4080 Nihil
1933 4025 2074 4080 enim

504 4125 601 4164 nos
624 4109 703 4164 sic
731 4110 1032 4169 exhilarare
1059 4114 1216 4182 solet,
1249 4125 1307 4170 ut
1331 4117 1653 4174 conscientia
1694 4134 1824 4188 pura
1854 4129 1908 4176 et
1938 4120 2075 4176 bona

505 4213 651 4269 spes.
677 4199 786 4255 Sed
807 4202 1000 4272 quietis
1045 4205 1210 4274 gratia
1238 4203 1342 4262 hoc
1385 4207 1650 4277 inquiris?
1689 4208 1807 4264 Jam
1849 4209 2070 4265 demon-

503 4297 730 4344 stratum
746 4300 829 4346 est
849 4290 992 4362 quod
1017 4291 1121 4348 hoc
1145 4292 1351 4350 facilius
1373 4305 1538 4363 esset,
1556 4297 1598 4352 si
1621 4297 1784 4353 frater
1799 4299 2074 4355 cohabita-

506 4391 629 4437 ret:
661 4398 725 4440 ac
772 4400 914 4440 nunc
965 4385 1095 4440 nihil
1149 4402 1180 4442 a
1223 4402 1378 4444 servo
1404 4389 1606 4456 diﬂ‘ers,
1637 4400 1691 4445 et
1718 4407 2076 4462 quierensre-

503 4476 704 4544 quiem,
733 4477 1044 4533 servitutem
1074 4480 1320 4536 invenisti
1356 4483 1728 4552 gravissimam
1756 4503 1768 4537 :
1801 4500 1922 4538 cum
1949 4500 2078 4540 vero

504 4566 756 4623 immunis
783 4569 850 4623 ab
880 4569 982 4625 hoc
1003 4571 1301 4628 ministerio
1329 4573 1510 4640 fueris,
1545 4585 1654 4629 tum
1686 4577 1791 4630 eris
1822 4577 1959 4631 inter
1982 4592 2076 4631 eos

504 4660 594 4728 qui
620 4659 903 4729 imperant,
937 4677 1041 4716 non
1070 4663 1263 4734 quibus
1293 4668 1601 4734 imperatur.
1626 4666 1788 4737 lgitur
1807 4668 1850 4721 si
1880 4668 1951 4722 ibi
1980 4683 2077 4739 pro

504 4749 776 4820 voluptate
813 4766 1033 4818 maeror,
1063 4762 1119 4809 et
1152 4769 1249 4824 pro
1295 4755 1458 4825 gloria
1492 4758 1763 4820 confusio.
1790 4769 1846 4815 et
1886 4775 1982 4830 pro
2010 4765 2076 4816 li-

503 4842 708 4900 bertate
740 4847 998 4913 servitus,
1041 4856 1096 4902 et
1121 4862 1216 4916 pro
1240 4851 1421 4919 requie
1447 4851 1612 4913 labor,
1640 4861 1695 4906 et
1722 4853 1981 4909 accedunt
2007 4856 2073 4910 ad

503 4932 620 4990 hinc
643 4935 783 5004 quod
805 4945 859 4990 ct
890 4936 1025 4991 Deus
1047 4937 1464 5007 blasphematur,
1515 4951 1568 4996 et
1596 4952 1736 4996 tanta
1761 4943 1988 5013 perditio
2013 4961 2076 4999 ac

503 5024 770 5091 scandala,
803 5033 854 5078 et
876 5025 1189 5082 immortalis
1217 5043 1395 5098 pcena,
1427 5039 1482 5085 et
1525 5032 1868 5100 plurimorum
1911 5034 2076 5088 bono-

497 5129 616 5169 rum
657 5116 911 5181 amissio;
968 5115 1056 5172 hic
1096 5129 1273 5174 autem
1323 5122 1589 5177 contraria
1634 5125 1834 5189 omnia,
1883 5125 2072 5194 gloria,

499 5206 706 5271 honor,
747 5207 1014 5278 voluptas,
1051 5209 1264 5276 ﬁducia,
1314 5211 1553 5277 libertas,
1585 5215 1728 5269 salus
1755 5216 2072 5281 animarum,

499 5299 644 5368 regni
669 5297 954 5361 hereditas,
973 5315 1144 5370 pinnae
1165 5301 1416 5370 eﬂugium
1443 5321 1457 5358 :
1491 5303 1642 5374 cujus
1669 5307 1745 5361 rei
1776 5307 1940 5377 gratia
1969 5324 2076 5363 non

500 5387 621 5444 lucc
648 5389 753 5444 illis
781 5392 1275 5447 commutabimus?
1305 5393 1417 5464 Ego
1437 5405 1580 5450 certe
1601 5397 1802 5463 nescio,
1831 5398 1930 5452 nisi
1953 5400 2073 5469 quis

419 5507 421 5511 ι
496 5481 729 5550 seipsnm
757 5481 980 5551 perdere
1003 5483 1301 5552 desideret;
1329 5487 1432 5541 ulla
1459 5487 1717 5557 siquidem
1745 5488 1897 5543 nobis
1923 5501 2073 5560 post-

498 5571 598 5627 hac
622 5571 866 5628 defensio
893 5574 998 5629 erit
1027 5590 1124 5630 nec
1153 5577 1327 5630 venia.
1354 5575 1409 5632 Si
1435 5579 1599 5642 enim,
1651 5579 1896 5648 quamvis
1938 5579 2068 5635 nihil

498 5665 686 5720 horum
739 5675 920 5733 esset,
975 5669 1153 5722 omnia
1196 5678 1372 5724 tamen
1423 5685 1519 5740 pro
1569 5670 1738 5741 gloria
1789 5671 1883 5727 Dei
1935 5674 2073 5728 ferre

494 5758 794 5828 oportebat,
812 5773 935 5815 cum
963 5768 1018 5817 et
1045 5763 1325 5831 praesentia
1344 5763 1637 5835 percipere,
1655 5771 1710 5820 et
1737 5763 1909 5820 futura
1925 5781 2070 5822 asse-

1254 343 1310 399 S.
1350 341 1629 398 JOANNIS
1666 337 2139 397 CIIBYSOSTOMI
2178 335 2497 394 ARCHlEP.
2538 330 3069 394 CONSTANTINOP.

3639 337 3749 398 51‘!

2195 452 2284 521 qui
2332 451 2470 506 bona
2514 449 2704 518 liceat;
2748 466 2844 506 nos
2873 460 3048 505 autem
3095 459 3444 522 praeterquam
3493 452 3632 522 quod
3669 453 3765 509 Dei

2195 542 2362 610 gloria
2389 541 2805 610 blasphematur,
2835 557 2932 596 nos
2951 543 3093 610 ipsos
3117 544 3276 596 etiam
3301 542 3572 611 perdimus
3597 561 3610 594 :
3640 544 3764 613 quis

2196 646 2294 685 nos
2318 631 2506 700 eripiet
2533 643 2587 686 et
2613 631 2912 686 liberabita
2956 631 3216 702 supplicio
3258 641 3475 705 propter
3513 632 3614 687 hoc
3656 634 3765 688 im-

2196 722 2471 776 minente?
2497 721 2682 776 Nullus
2702 737 2852 776 sane.

2266 811 2354 864 i2.
2376 811 2564 866 Omnia
2605 812 2764 880 igitur
2797 813 2910 867 h:ec
2937 812 3208 866 nobiscum
3231 812 3640 884 perpendentes,
3677 813 3766 866 vel

2194 916 2315 956 sero
2345 901 2554 956 tandem
2586 917 2892 971 reparemus
2919 905 3213 957 animarum
3243 905 3486 957 Salutem.
3519 904 3676 972 Quod
3718 905 3766 958 si

2192 994 2317 1063 quid
2345 990 2668 1050 difficultatis
2715 993 2876 1048 habet
2897 995 3073 1049 divelli
3099 1010 3128 1048 a
3160 995 3312 1064 longa
3350 996 3760 1059 consuetudine,

2192 1087 2243 1140 vi
2273 1087 2532 1140 ratiocinii
2559 1103 2662 1141 una
2683 1101 2804 1142 cum
2834 1088 2925 1141 Dei
2953 1089 3119 1157 gratia
3148 1087 3250 1142 hoc
3287 1097 3453 1140 totum
3485 1090 3764 1156 permitta-

2191 1195 2330 1243 mus,
2356 1189 2407 1234 et
2445 1179 2574 1234 illud
2596 1179 2748 1234 nobis
2773 1179 3203 1248 persuadeamus,
3257 1180 3339 1234 vel
3369 1181 3413 1234 si
3445 1180 3763 1250 principium

2191 1270 2362 1325 solum
2389 1271 2723 1340 imponamus
2750 1271 2917 1340 operi,
2948 1284 3054 1324 non
3083 1271 3220 1325 ultra
3247 1271 3455 1325 visuros
3479 1287 3575 1323 nos
3611 1270 3763 1324 difﬁ-

2190 1363 2440 1417 cultatem
2468 1381 2480 1416 :
2510 1363 2588 1417 sic
2605 1362 2860 1418 adversus
2875 1361 3311 1417 consuetudinem
3337 1362 3760 1430 praevalebimus.

2189 1454 2320 1512 Nam
2346 1455 2390 1510 si
2411 1455 2596 1511 decem
2621 1455 2734 1512 dies
2761 1463 2813 1510 te
2837 1455 3181 1520 abstraxeris,
3231 1453 3440 1509 facilius
3487 1453 3623 1509 feres
3675 1455 3756 1509 vi-

2187 1546 2341 1616 ginti,
2375 1558 2429 1601 et
2472 1547 2662 1601 iterum
2716 1545 2798 1601 bis
2823 1555 3030 1610 tantos;
3080 1544 3378 1617 deindeque
3406 1546 3600 1600 sensim
3633 1560 3761 1615 pro-

2188 1637 2434 1708 grediens
2480 1653 2651 1709 neque
2675 1638 2873 1693 senties
2907 1637 3269 1692 difﬁcultatem
3320 1652 3478 1707 quam
3527 1636 3761 1690 habuisti

2189 1729 2360 1792 initio,
2393 1729 2703 1798 videbisque
2731 1727 3040 1783 facillimum
3064 1727 3227 1794 factu,
3267 1727 3408 1798 quod
3435 1737 3512 1782 tot
3557 1741 3766 1797 agones

2187 1819 2335 1889 prius
2364 1818 2708 1889 exposcebat,
2736 1827 2793 1875 et
2821 1821 2873 1874 in
2903 1820 3061 1873 aliam
3109 1828 3162 1873 te
3190 1817 3476 1873 transferes
3525 1832 3755 1872 consue-

2189 1910 2448 1974 tudinem,
2505 1911 2787 1965 inveniens
2807 1909 2947 1964 haud
2969 1910 3038 1963 ita
3059 1924 3274 1979 gravem
3301 1907 3704 1963 translationem
3734 1920 3754 1962 :

2190 2015 2364 2070 neque
2391 1999 2444 2054 id
2464 2014 2559 2069 per
2585 1998 3025 2054 consuetudinem
3036 1999 3228 2063 solum,
3257 1997 3352 2053 sed
3367 1987 3421 2052 et
3448 2012 3540 2066 per
3559 1997 3758 2050 bonat-

2186 2106 2335 2160 spem
2379 2091 2670 2160 continget;
2711 2089 2802 2145 Sic
2827 2098 2879 2144 te
2908 2091 3013 2144 illae
3046 2091 3211 2159 magis
3241 2090 3680 2155 admirabuntur,
3701 2098 3760 2143 es

2187 2180 2330 2236 Deus
2356 2196 2464 2250 prae
2491 2182 2610 2237 aliis
2629 2189 2906 2251 acceptum
2935 2181 3185 2244 habebit,
3241 2190 3296 2236 et
3338 2180 3580 2235 homines
3603 2188 3762 2235 coro-

2187 2272 2409 2339 nabunt,
2441 2273 2695 2343 vivesque
2723 2273 2892 2327 libere
2911 2281 2967 2327 et
3010 2271 3259 2342 jucunde.
3283 2271 3418 2338 Quid
3461 2271 3601 2326 enim
3633 2270 3757 2325 fne-

2186 2367 2258 2419 rit
2277 2365 2514 2432 suavius,
2539 2381 2694 2435 quam
2721 2380 2751 2419 a
2779 2365 2914 2419 mala
2940 2365 3263 2419 conscientia
3295 2363 3528 2428 liberari,
3550 2371 3602 2418 et
3631 2377 3762 2430 per-

2186 2471 2402 2532 petuum
2432 2461 2878 2532 concupiscentia:
2919 2461 3116 2515 bellum
3141 2459 3393 2514 dirimere
3417 2499 3432 2522 ,
3479 2467 3535 2512 et
3585 2458 3756 2511 multa

2186 2553 2437 2608 facilitate
2461 2553 2719 2624 insignem
2748 2553 3089 2609 continentiae
3115 2565 3368 2607 coronam
3411 2551 3668 2622 plectere,
3701 2560 3762 2603 ct

2183 2645 2363 2700 liberis
2411 2645 2579 2700 oculis
2627 2646 2679 2700 in
2731 2645 2919 2700 caalum
2965 2644 3253 2713 respicere,
3285 2656 3520 2711 puraque
3546 2650 3760 2694 voceet

2181 2737 2343 2792 corde
2359 2737 2637 2790 Dominum
2653 2735 3018 2790 universorum
3035 2734 3314 2789 invocare?
3326 2731 3510 2788 Nullus
3526 2733 3756 2795 catenis,

2181 2831 2426 2900 squalore
2478 2837 2535 2884 et
2555 2828 2677 2884 aliis
2727 2843 3002 2883 carcerum
3053 2826 3404 2882 incommodis
3447 2835 3755 2894 exemptus,

2183 2921 2291 2976 imo
2315 2921 2492 2976 nullus
2519 2921 2612 2992 qui
2638 2935 2812 2977 cacus
2834 2929 2952 2976 erat
2975 2920 3178 2990 apertis
3205 2919 3398 2986 oculis,
3417 2926 3474 2973 et
3498 2918 3616 2972 visa
3654 2917 3760 2971 hac

2180 3011 2322 3068 dulci
2347 3012 2465 3067 luce
2488 3013 2567 3067 sic
2585 3013 2812 3078 exsulat,
2839 3011 3072 3082 gestitet
3111 3009 3399 3082 tripudiat,
3441 3019 3502 3064 ut
3542 3009 3636 3080 qui
3688 3009 3762 3064 ab

2183 3103 2283 3158 hac
2301 3103 2556 3159 servitute
2579 3103 2792 3159 liberari
2815 3103 3002 3172 potuit.
3027 3100 3210 3172 Longe
3227 3101 3368 3159 enim
3393 3099 3602 3156 dulcior
3652 3099 3755 3155 hac

2182 3194 2302 3250 luce
2326 3203 2408 3250 est
2426 3195 2670 3249 liberatio
2697 3193 2764 3249 ab
2792 3194 2891 3249 hac
2918 3194 3216 3264 tyrannide,
3266 3203 3320 3248 et
3347 3193 3499 3248 omni
3525 3193 3758 3263 caligine

2179 3288 2394 3358 gravior
2416 3287 2687 3344 servitutis
2710 3287 2848 3342 illius
2871 3295 2928 3342 et
2950 3286 3274 3342 vinculorum
3293 3287 3529 3343 miseria.
3553 3286 3758 3342 Verum

2182 3379 2308 3449 quid
2335 3393 2468 3448 opus
2493 3389 2576 3434 est
2619 3378 2881 3449 prolixius
2920 3377 3194 3448 utriusque
3240 3377 3362 3432 vita:
3390 3377 3760 3432 conditionem

2183 3471 2449 3540 persequi,
2476 3483 2598 3524 cum
2651 3468 2739 3523 illa
2781 3467 2995 3539 quidem
3043 3468 3428 3538 indignitatem,
3458 3469 3754 3538 tristitiam,

2181 3562 2430 3616 damnum
2457 3570 2513 3616 et
2536 3560 2930 3630 corruptionem
2961 3574 3240 3629 magnam;
3289 3559 3403 3615 haec
3429 3575 3561 3614 vero
3586 3561 3761 3615 iiber-

2183 3661 2366 3717 tatem,
2394 3651 2738 3722 voluptatem,
2777 3651 3056 3705 utilitatem
3077 3659 3133 3705 et
3155 3651 3373 3705 multam
3415 3650 3761 3720 prudentiain

2179 3759 2292 3816 prae
2317 3759 2378 3800 se
2397 3743 2564 3798 ferat?
2591 3743 2776 3798 Nullus
2796 3742 2938 3797 enim
2960 3757 3021 3797 ea
3043 3756 3219 3797 sermo
3235 3751 3408 3813 potest
3427 3743 3761 3812 exprimere,

2180 3836 2275 3891 sed
2297 3837 2410 3892 sola
2436 3851 2616 3891 rerum
2645 3835 2998 3904 experientia.
3040 3835 3107 3890 Et
3136 3843 3262 3890 tunc
3291 3835 3456 3906 probe
3497 3836 3687 3890 scietis
3729 3852 3762 3889 a

2180 3929 2373 3999 quibus
2397 3929 2553 3984 malis
2575 3927 2785 3984 liberati
2831 3929 2981 3992 sitis.
3031 3943 3188 3999 quam
3231 3929 3504 3998 asseqnuti
3551 3929 3766 3984 [ueritis

2182 4021 2368 4085 vitam,
2395 4035 2515 4075 cum
2541 4023 2716 4089 reipsa
2740 4019 2896 4075 nobis
2921 4019 3296 4090 obtemperare
3315 4019 3614 4074 volueritis.
3647 4020 3765 4074 0b-

2183 4111 2546 4182 temperabitis
2568 4111 2726 4182 igitur
2750 4125 2872 4165 cum
2899 4125 3062 4180 opere
3116 4111 3233 4180 ipso
3279 4126 3399 4182 quae
3442 4110 3583 4166 dicta
3635 4120 3767 4164 sunt

2180 4203 2489 4261 didiceritis.
2541 4203 2693 4271 Quod
2723 4203 2768 4258 si
2797 4202 2970 4258 adhuc
2997 4204 3249 4274 respuitis
3267 4245 3283 4271 ,
3324 4213 3379 4260 et
3406 4205 3604 4260 nostris
3649 4220 3768 4259 ser-

2182 4295 2430 4350 monibus
2467 4311 2573 4350 non
2612 4294 2850 4361 creditis,
2884 4294 3208 4366 interrogate
3248 4294 3452 4365 aliquos
3489 4295 3580 4364 qui
3621 4292 3768 4349 hanc

2180 4386 2494 4441 servitutem
2519 4386 2734 4441 tulerint
2768 4385 3072 4456 aliquando,
3120 4395 3175 4441 et
3194 4386 3385 4442 deinde
3429 4385 3648 4441 liberati
3694 4387 3765 4441 ad

2185 4479 2483 4534 libertatem
2511 4479 2702 4533 bonam
2729 4479 3072 4546 recurrerint,
3105 4489 3157 4534 et
3177 4480 3355 4535 scietis
3375 4481 3769 4535 admonitionis

2185 4569 2341 4638 hujus
2369 4570 2592 4623 lucrum.
2648 4569 2856 4624 Etenim
2879 4579 2932 4624 et
2959 4569 3208 4624 Salomon
3251 4584 3372 4624 cum
3417 4569 3768 4624 saecularium

2181 4677 2360 4716 rerum
2379 4660 2800 4730 concupiscentia
2822 4669 3111 4727 teneretur,
3140 4675 3358 4731 magnas
3382 4675 3473 4716 eas
3497 4669 3553 4716 et
3575 4660 3767 4714 admi-

2181 4753 2376 4806 randas
2392 4752 2626 4821 putabat,
2653 4752 2981 4822 multumque
3007 4752 3059 4806 in
3085 4753 3162 4806 eis
3192 4752 3387 4806 laboris
3411 4760 3466 4806 et
3493 4751 3767 4806 sollicitu-

2181 4844 2322 4898 dinis
2361 4843 2658 4898 insumebat
2687 4843 2993 4914 magniﬁcas
3035 4842 3341 4898 aedificando
3366 4842 3556 4897 domos
3578 4884 3596 4908 ,
3664 4846 3771 4897 im-

2183 4948 2422 4988 mensum
2450 4933 2812 4988 coacervando
2833 4948 3043 4997 aurum,
3064 4932 3432 5004 eongregando
3474 4942 3768 4988 cantorum

2180 5025 2404 5089 choros,
2437 5025 2584 5078 varia
2634 5039 2829 5094 genera
2861 5025 3218 5078 ministrorum
3263 5039 3462 5078 mensa:
3504 5033 3558 5078 et
3606 5027 3769 5094 popi-

2183 5132 2284 5182 nae,
2310 5115 2599 5186 quaerendo
2625 5116 2816 5170 animae
2842 5132 2952 5170 sua:
2994 5115 3320 5186 voluptatem
3357 5117 3426 5172 ab
3474 5115 3768 5172 hortorum

2181 5217 2236 5261 et
2261 5221 2544 5276 corporum
2565 5205 2920 5261 formosorum
2950 5207 3139 5278 gratia,
3193 5217 3248 5262 et
3294 5222 3532 5270 omnem,
3579 5216 3644 5261 ut
3690 5210 3767 5261 ita

2182 5298 2376 5365 dicam,
2408 5298 2780 5354 oblectationis
2800 5309 2853 5353 et
2880 5299 3142 5369 refrigerii
3190 5299 3326 5353 viam
3355 5298 3637 5354 sectando.
3695 5302 3770 5355 At

2181 5390 2270 5446 ubi
2296 5391 2418 5445 inde
2436 5390 2503 5444 ad
2525 5405 2584 5445 se
2601 5406 2845 5445 reversus
2869 5401 2923 5445 et
2939 5391 3090 5461 quasi
3113 5407 3180 5446 ex
3208 5392 3491 5463 ealiginosa
3521 5391 3769 5460 quadarn

2181 5484 2375 5555 abysso
2393 5484 2458 5538 ad
2484 5485 2660 5540 lumen
2683 5499 2821 5539 vera:
2843 5483 3116 5553 sapientia:
3137 5485 3401 5552 respicere
3417 5483 3608 5548 valuit,
3634 5493 3772 5539 tunc

2181 5578 2464 5632 sublimem
2493 5577 2636 5631 illam
2663 5586 2716 5631 et
2739 5577 2884 5632 cmlis
2910 5576 3121 5647 dignam
3147 5577 3322 5631 emisit
3342 5591 3529 5630 vocem
3556 5593 3571 5629 :
3605 5574 3780 5632 Vani-

2183 5680 2259 5724 taa
2283 5670 2580 5736 vanitatem,
2611 5670 2817 5736 dicens,
2849 5679 2896 5723 et
2923 5671 3092 5724 omnia
3110 5672 3326 5725 vanitas.

2253 5763 2340 5817 i5.
2374 5759 2578 5831 Majora
2604 5763 2889 5832 prmtanda
2917 5761 2972 5816 in
3000 5779 3127 5816 nova
3154 5763 3261 5834 lege
3281 5806 3296 5830 ,
3324 5780 3474 5834 quam
3505 5765 3558 5818 in
3589 5768 3776 5820 ceteri.
