4036 6416
288 304 402 395 ,511

303 420 463 480 αὗται
494 423 590 494 τῆς
626 422 1011 494 προσηκούσης
1059 425 1249 487 αὑταῖς
1293 424 1413 477 ὁδοῦ
1454 438 1478 464 ιι
1523 425 1588 477 δι’
1636 428 1880 493 ἐκείνους

303 509 646 571 ἐκπίπτουσι,
669 507 768 578 τὴν
781 524 914 577 πονη
924 508 1020 577 ράν
1038 508 1221 570 αὐτοῖς
1238 508 1330 560 καὶ
1342 507 1590 578 ὀλεθρίαν
1605 510 1846 581 παρέχου
1861 542 1876 553 -

305 592 468 665 σαι[2
479 591 562 661 15]
578 590 779 662 ταύτην
801 591 1085 644 ἀντίδοσιν.
1118 592 1227 643 Καὶ
1250 591 1358 660 γὰρ
1391 592 1485 642 καὶ
1510 591 1879 655 καλλωπίζον-

303 694 391 730 ται
445 674 883 747 περιεργότερον,
929 674 1023 728 καὶ
1081 675 1360 744 σχήματος
1409 673 1505 727 καὶ
1550 673 1877 746 βαδίσματος

302 760 676 830 τεθρυμμένου
705 758 902 828 πολλὴν
932 756 1208 811 ποιοῦνται
1258 756 1539 827 πρόνοιαν,
1573 758 1666 810 καὶ
1698 759 1767 812 τά
1802 762 1877 833 μὴ

304 845 644 915 προσήκοντα
682 842 770 895 διά
805 842 984 909 πάσης
1020 840 1348 911 φλυαροῦσιν
1385 841 1635 911 ἡμέρας·
1689 844 1875 914 ἐπειδὴ

302 928 409 996 γὰρ
424 925 587 995 ὁρῶσι
607 925 973 995 τερπομένους
999 926 1110 986 τοῖς
1142 923 1459 987 ἀκολάστοις
1485 923 1694 988 τούτοις
1722 927 1877 996 ἦθεσι

300 1012 395 1064 καὶ
442 1012 668 1079 ῥήμασι,
720 1009 897 1062 πάντα
949 1006 1359 1077 ἐπιτηδεύουσι,
1413 1007 1479 1059 δι’
1520 1001 1595 1060 ὧν
1626 1011 1874 1079 κατέχειν

300 1093 495 1155 αὐτοὺς
515 1090 893 1162 αἰχμαλώτους
916 1091 1247 1161 δυνήσονται.
1289 1090 1427 1142 Ἀλλ’
1464 1090 1529 1143 ἂν
1555 1091 1874 1162 θελήσωμεν

305 1177 498 1247 μικρὸν
528 1177 908 1243 ἀνενεγκόντες
936 1175 1095 1245 ήμῶν
1123 1173 1303 1227 αὐτῶν
1344 1174 1619 1241 γενέσθαι,
1660 1176 1874 1241 ἐκείνας

301 1275 358 1310 τε
412 1258 780 1329 κερδανοῦμεν
816 1261 910 1313 καὶ
951 1259 1100 1328 ἡμᾶς
1142 1258 1339 1319 αὐτοὺς
1383 1259 1477 1311 καὶ
1519 1260 1646 1320 τοὺς
1678 1258 1871 1324 ἄλλους

300 1341 543 1406 ἅπαντας
566 1363 577 1373 ·
615 1344 709 1395 καὶ
732 1342 920 1413 ῶσπερ
951 1342 1045 1395 νῦν
1083 1341 1181 1411 τῆς
1213 1340 1321 1393 τῶν
1354 1340 1563 1394 πολλῶν
1596 1343 1873 1409 ἀπωλείας

300 1425 638 1495 κατέστημεν
678 1423 985 1488 ὑπεύθυνοι,
1017 1423 1158 1477 οὕτω
1178 1424 1298 1477 τότε
1331 1424 1431 1493 τῆς
1461 1426 1679 1481 πάντων
1703 1445 1870 1497 σωτη-

300 1506 420 1576 ρίας
464 1508 854 1579 ἀποληψόμεθα
897 1508 988 1561 τὸν
1019 1507 1227 1577 μισθὸν,
1278 1506 1371 1560 καὶ
1411 1502 1485 1561 ὧν
1530 1510 1868 1580 ἀπολαύομεν

298 1590 389 1644 νῦν
420 1592 681 1662 αἰσχρῶν,
729 1593 849 1645 τότε
895 1590 1031 1662 μετὰ
1080 1589 1280 1660 πολλῆς
1336 1590 1714 1661 ἀπολαύσομεν
1771 1593 1869 1663 τῆς

295 1675 477 1744 τιμῆς.
522 1675 585 1728 Τί
621 1675 746 1746 γάρ,
792 1674 913 1727 εἰπέ
948 1691 1057 1744 μοι.
1090 1673 1265 1743 βούλει
1297 1673 1558 1743 τιμᾶσθαι
1586 1675 1735 1745 παρά
1769 1692 1868 1743 γυ-

296 1757 531 1825 ναικῶν;
560 1759 809 1813 Μάλιστα
842 1758 939 1829 μὲν
969 1757 1185 1823 ἀνάξιον
1213 1755 1372 1808 τοῦτο
1396 1756 1585 1827 ἀνδρὸς
1623 1775 1868 1828 πνευμα-

295 1841 447 1893 τικοῦ
469 1841 529 1894 τὸ
560 1842 729 1912 τιμῆς
750 1839 1003 1911 τοιαύτης
1037 1842 1168 1910 ἐρᾷν
1188 1855 1202 1868 ·
1233 1838 1374 1909 πλὴν
1408 1838 1543 1892 ἀλλά
1593 1841 1686 1894 καὶ
1711 1840 1869 1895 τοῦτο

292 1923 413 1975 τότε
438 1924 731 1994 παρέσται,
767 1925 895 1977 ὅταν
940 1922 1014 1994 μῆ
1046 1920 1299 1993 ζητῶμεν
1329 1922 1479 1975 αὑτό.
1513 1923 1730 1991 Πέφυκε
1758 1926 1866 1997 γάρ

291 2004 576 2076 ἄνθρωπος
602 2006 712 2058 τῶν
744 2007 842 2076 μὲν
868 2006 1279 2078 θεραπευόντων
1304 2007 1576 2077 ὑπερορᾷν
1597 2048 1610 2067 ,
1657 2009 1783 2071 τοὺς
1811 2009 1867 2062 δὲ

295 2088 371 2160 μὴ
392 2090 782 2154 κολακεύοντας
814 2090 1114 2159 θαυμάζειν
1134 2106 1146 2118 ·
1165 2089 1225 2141 τὸ
1242 2089 1299 2142 δὲ
1333 2090 1500 2152 πάθος
1522 2089 1681 2143 τοῦτο
1708 2092 1867 2144 πλέον

290 2173 326 2241 ἡ
353 2175 637 2241 γυναικεία
684 2174 847 2244 φύσις
893 2174 1183 2244 ὑπομένειν
1210 2171 1420 2226 εἴωθεν.
1467 2173 1761 2243 Ἀφόρητός
1806 2190 1865 2228 τε

292 2256 399 2327 γάρ
431 2259 545 2310 ἐστι
577 2256 1007 2327 κολακευομένη,
1026 2254 1368 2325 θαυμάζεται
1394 2255 1450 2309 δέ
1477 2257 1710 2326 μάλιστα
1740 2258 1868 2311 πάν-

290 2355 398 2391 των
438 2342 562 2403 τοῦς
602 2341 701 2394 οὐκ
730 2340 1092 2410 ἀνεχομένους
1144 2338 1315 2391 εἴκειν
1362 2340 1457 2393 καὶ
1489 2340 1866 2395 ύποκλίνεσθαι

290 2426 409 2485 ταῖς
446 2424 697 2494 ἀκαίροις
750 2423 923 2490 αὐτῆς
976 2421 1293 2492 ἐπιθυμίαις
1318 2438 1331 2451 ·
1384 2424 1475 2476 καὶ
1512 2424 1669 2477 τοῦτο
1710 2426 1866 2494 ὑμεῖς

295 2523 384 2575 μοι
420 2509 817 2577 μαρτυρήσετε.
848 2506 961 2559 Νῦν
986 2506 1083 2576 μέν
1106 2507 1213 2576 γάρ
1235 2507 1332 2576 οὐχ
1358 2508 1408 2559 οἱ
1438 2506 1634 2571 ἔξωθεν
1672 2510 1862 2574 μόνον,

290 2589 426 2642 ἀλλά
459 2591 552 2642 καὶ
581 2591 743 2643 αιῖιταλ⁵
775 2589 1149 2658 καταγελῶσιν
1172 2589 1325 2659 ὑμῶν
1358 2591 1413 2643 αἱ
1438 2591 1864 2658 συνοικοῦσαι,εί

292 2674 384 2724 καὶ
418 2674 493 2745 μὴ
533 2674 806 2745 φανερῶς,
832 2673 946 2727 ἀλλ’
978 2677 1035 2727 ἐν
1056 2674 1134 2743 τῷ
1172 2674 1455 2738 συνειδότι,
1479 2676 1569 2728 καὶ
1589 2676 1864 2744 ἐγκαλλωο

291 2754 533 2817 πίζονται
558 2759 623 2828 τῆ
657 2756 868 2828 χαλεπῇ
898 2756 1070 2828 ταύτῃ
1092 2756 1364 2827 τυραννίδι
1391 2774 1404 2786 ·
1436 2758 1557 2810 τότε
1582 2759 1636 2811 δὲ
1665 2758 1865 2829 θαυμά-

293 2844 473 2891 σονται
519 2841 725 2903 πάντας
764 2842 929 2911 ὑμᾶς,
963 2842 1056 2894 καὶ
1086 2841 1526 2912 ἐκπλαγήσονται
1567 2841 1666 2913 τὴν
1712 2842 1864 2896 ἐλευ-

293 2920 477 2991 θερίαν
509 2923 685 3001 ύμῶν.
718 2924 780 2976 Et
813 2925 871 2977 δὲ
895 2926 1175 2978 ἀπιστεῖτε
1214 2928 1325 2988 τοῖς
1348 2926 1637 2997 ἡμετέροις
1666 2926 1864 2995 λόγοις,

292 3002 457 3081 αὑτὰς
508 3005 695 3076 ἔρεσθε
732 3006 968 3070 ἐκείνας,
1002 3008 1155 3069 τίνας
1197 3008 1395 3079 μᾶλλον
1443 3010 1722 3063 ἐπαινοῦσι
1773 3012 1868 3064 καὶ

294 3088 671 3158 ἀποδέχονται,
722 3090 849 3154 τοὺς
887 3090 1236 3155 δουλεύοντας
1258 3131 1274 3154 ,
1319 3092 1351 3163 ἢ
1378 3094 1506 3156 τοὺς
1535 3094 1868 3164 κρατοῦντας

292 3171 471 3223 αὐτῶν
490 3188 504 3201 ·
536 3172 662 3234 τοὺς
686 3173 1080 3244 ὑποκειμένους
1110 3177 1202 3228 καὶ
1233 3176 1411 3230 πάντα
1459 3176 1744 3241 ποιοῦντας
1774 3179 1869 3231 καὶ

294 3255 600 3324 πάσχοντος
635 3256 723 3309 διά
762 3257 860 3327 τὴν
889 3260 969 3322 είς
989 3260 1207 3322 ἐκείνας
1249 3259 1409 3329 χάριν
1432 3299 1447 3323 ,
1490 3260 1522 3330 ἢ
1564 3262 1689 3322 τοὺς
1717 3261 1868 3313 ούδέν

291 3337 499 3391 τούτων
550 3340 939 3412 ἀνεχομένους,
980 3341 1118 3395 ἀλλά
1162 3344 1657 3413 ἐπαισχυνομένους
1690 3343 1869 3396 αὐτῶν

292 3423 407 3482 τοῖς
454 3426 707 3494 πονηροῖς
739 3424 1114 3492 ἐπιτάγμασι·
1165 3424 1268 3478 κᾶν
1317 3425 1644 3497 ἐθελήσωσιν
1695 3429 1870 3480 εἰπεῖν

292 3504 542 3574 τάληθὲς,
558 3508 773 3569 πάντως
790 3508 1031 3571 ἐκείνους
1048 3508 1261 3581 ἐροῦσι·
1290 3509 1489 3580 μᾶλλον
1509 3509 1564 3563 δὲ
1588 3510 1707 3563 οὑδέ
1737 3512 1871 3564 ἀπο-

294 3589 529 3658 κρίσεως
554 3591 735 3663 χρεία,
767 3594 875 3645 τῶν
900 3595 1244 3664 πραγμάτων
1260 3594 1417 3646 τοῦτο
1435 3593 1701 3663 βοώντωνι
1731 3594 1871 3648 Ἀλλ’

274 3671 491 3742 ¹ἡδονῆς
508 3674 695 3727 ἐνεκεθ
713 3677 740 3729 ό
759 3677 1025 3731 συνοικῶν
1050 3677 1381 3739 πλεονεκτεῖ,
1410 3679 1536 3743 τοὺς
1561 3678 1874 3749 ὀφθαλμοὺς

295 3755 514 3826 εύωχῶν
546 3761 663 3821 ταῖς
696 3759 804 3812 τῶν
842 3760 1127 3831 παρθένων
1165 3761 1346 3830 ὄψεσι.
1380 3762 1632 3815 Μάλιστα
1680 3763 1777 3834 μὲν
1822 3764 1870 3815 εί

296 3840 391 3892 καὶ
419 3839 577 3893 τοῦτο
604 3840 777 3905 οὕτως
810 3838 946 3913 εἶχε,
973 3843 1040 3897 δι’
1063 3844 1198 3897 αὐτὸ
1238 3844 1337 3915 μέν
1375 3841 1469 3897 οῦν
1493 3844 1651 3898 τοῦτο
1682 3849 1872 3915 φυγεῖν

296 3922 495 3992 ἐχρῆν·
529 3923 622 3979 νῦν
652 3925 708 3977 δὲ
756 3926 882 3997 ύμῖν
938 3927 1137 3990 ίκανῶς
1184 3927 1584 3991 ἀποδέδεικται,
1635 3931 1718 3983 ὅτι
1775 3930 1873 3999 οὐχ

296 4004 395 4075 ἡδὺ
424 4005 483 4057 τὸ
506 4006 765 4070 τοιοῦτον,
799 4008 938 4061 ἀλλά
957 4010 1285 4071 τούναντίον,
1314 4012 1377 4063 τὸ
1402 4012 1476 4082 μὴ
1499 4010 1704 4082 ταύτης
1735 4014 1873 4066 ἀπο-

295 4086 479 4141 λαύειν
501 4089 598 4158 τῆς
630 4089 861 4160 θεωρίας
881 4108 893 4121 ·
919 4093 982 4145 σὺ
1002 4092 1060 4145 δέ
1089 4110 1178 4163 μοι
1210 4092 1491 4164 προστίθει
1526 4094 1621 4147 καὶ
1640 4094 1737 4165 τήν
1765 4095 1874 4148 ἀπὸ

296 4169 391 4223 τοῦ
424 4171 720 4235 συνειδότος
746 4174 1103 4247 εὐφροσύνην.

368 4254 529 4307 Οὐδὲν
550 4254 657 4329 γάρ
673 4257 818 4326 ἡμᾶς
839 4256 1008 4323 οὕτως
1026 4258 1337 4329 εὐφραίνειν
1366 4258 1575 4319 εἴωθεν,
1594 4258 1669 4322 ὡς
1694 4275 1872 4312 συνειαι

296 4335 383 4399 δὸς
411 4327 665 4408 χρηστὸν,
699 4340 793 4391 καὶ
819 4341 1033 4405 ἐλπίδες
1063 4327 1285 4411 ἀγαθαί.
1340 4342 1479 4395 Ἀλλ’
1512 4342 1873 4408 ἀναπαύσεως

297 4421 481 4475 ἕνεκεν
506 4421 664 4475 τοῦτο
685 4423 1000 4495 ἐπιζητεῖς;
1026 4425 1165 4478 Ἀλλ’
1185 4426 1561 4479 ἀποδέδεικται
1588 4427 1682 4479 καὶ⁸
1716 4425 1874 4478 τοῦτο

296 4504 660 4575 εὐκολώτερον
692 4506 771 4570 ὃν,
795 4508 924 4560 ὅταν
954 4508 1181 4577 ἀδελφὸς
1208 4512 1450 4579 συνοικῇ.
1483 4508 1596 4562 Νῦν
1640 4509 1737 4579 μὲν
1764 4509 1873 4580 γὰρ

296 4587 445 4641 οῦδὲν
455 4588 641 4641 δούλου
656 4589 988 4662 διενήνοχας,
1002 4592 1097 4644 καὶ
1117 4590 1294 4661 ζητῶν
1311 4593 1616 4646 ἀνάπαυσιν
1631 4592 1874 4645 δουλείαν

297 4664 455 4740 εὗρες
477 4671 888 4743 χαλεπωτάτην·
901 4674 1023 4726 τότε
1040 4674 1095 4727 δὲ
1114 4674 1318 4747 ταύτης
1338 4676 1494 4738 ἐκτὸς
1517 4675 1755 4745 ἕστηκας
1777 4676 1874 4746 τῆς

296 4752 664 4825 λειτουργίας,
714 4757 809 4809 καὶ
853 4756 962 4811 τῶν
999 4759 1417 4822 ἐπιταττόντων,
1464 4760 1526 4812 οὑ
1587 4758 1696 4812 τῶν
1749 4759 1873 4811 ἐπι-

296 4831 651 4907 τασσομένωῦ
693 4838 812 4912 ἔσῃ.
839 4840 1008 4894 Ὅταν
1059 4837 1152 4895 οῦν
1192 4843 1310 4895 ἐκεῖ
1366 4842 1636 4912 μένκάνθ’
1680 4842 1873 4913 ήδονῆς

296 4918 464 4991 λύπη,
514 4921 608 4974 καὶ
655 4923 777 4975 ἀντὶ
808 4923 964 4995 δόξης
990 4925 1243 4995 αἰσχύνη,
1278 4928 1372 4980 καὶ
1400 4927 1521 4979 ἀντὶ
1561 4926 1871 4997 ἐλευθερίας

294 5002 527 5068 δουλεία,
566 5004 658 5058 καὶ
683 5006 842 5070 πόνος
884 5008 1003 5060 ἀντὶ
1029 5009 1388 5073 ἀναπαύσεως
1408 5026 1421 5039 ·
1458 5010 1784 5081 πρόσκειται
1813 5009 1870 5061 δὲ

296 5086 391 5138 καὶ
421 5085 482 5139 τὸ
510 5085 950 5160 βλασφημεῖσθαι
1003 5091 1094 5144 τὸν
1145 5092 1296 5153 Θεὸν,
1340 5093 1434 5147 καὶ
1483 5092 1727 5147 ἀπώλεια
1781 5109 1873 5145 το-

297 5170 495 5239 σαύτη,
551 5172 649 5231 καὶ,
702 5173 996 5238 σκάνδαλα,
1031 5176 1125 5228 καὶ
1163 5177 1384 5240 κόλασις
1431 5178 1723 5241 ἀθάνατος,
1779 5178 1871 5230 καὶ

298 5254 507 5326 μυρίων
549 5253 821 5320 ἔκπτωσις
872 5257 1091 5326 ἀγαθῶν
1125 5275 1140 5290 ·
1209 5260 1446 5313 ἐνταῦθα
1504 5260 1563 5313 δὲ
1610 5261 1872 5314 τάναντία

294 5337 539 5402 ἅπαντα,
571 5336 725 5402 δόξα,
758 5340 891 5412 τιμὴ
911 5380 926 5404 ,
974 5342 1165 5414 ἡδονὴ,
1196 5344 1502 5416 παρρησία,
1541 5342 1824 5413 ἐλευθερία
1851 5382 1866 5407 ,

294 5421 536 5492 σωτηρία
590 5422 796 5492 ψυχῶν,
847 5426 1123 5495 βασιλείας
1172 5427 1525 5498 κληρονομία,
1588 5427 1869 5492 κολάσεως

292 5504 600 5577 ἀπαλλαγὴ,
635 5506 779 5571 τίνος
827 5506 1012 5564 ἐνεκεν
1058 5511 1159 5563 οὐκ
1201 5509 1645 5581 ἀνταλλαξόμεθα
1698 5510 1872 5565 ταῦτα

292 5588 549 5653 ἐκείνωνς
591 5588 735 5655 Ἐγὼ
764 5590 865 5661 μὲν
906 5593 1007 5645 οὐκ
1060 5589 1199 5658 οῖδα,
1251 5593 1393 5664 πλὴν
1450 5595 1504 5647 εῖ
1555 5611 1642 5657 τις
1679 5594 1869 5647 ἐαυτὸν

288 5670 479 5735 ἁπλῶς
519 5673 819 5729 ἀπολλύναι
864 5676 1190 5749 ἐπιθυμοίη·
1243 5678 1363 5731 οὐδὲ
1428 5677 1538 5747 γὰρ
1601 5677 1869 5746 ἀπολογία

290 5753 445 5807 ἔσται
470 5756 600 5825 ἡμῖν
622 5757 807 5812 λοιπδν
832 5760 954 5813 οὐδὲ
985 5760 1304 5833 συγγνώμη.
1336 5762 1399 5815 Εἰ
1436 5761 1541 5833 γάρ
1575 5762 1669 5815 καὶ
1701 5761 1867 5832 μηδε-

287 5836 379 5899 νὸς
402 5836 551 5910 [246]
578 5839 729 5905 ὄντος
757 5842 979 5908 τούτων,
1010 5846 1184 5900 πάντα
1213 5846 1505 5919 ὑπομένειν
1525 5846 1688 5918 ἐχρῆν
1723 5844 1864 5919 ὑπὲρ

352 5940 381 5974 ⁸
399 5941 549 5997 εινιι.
571 5944 747 6011 αἰδοῦς,
771 5946 938 6000 ﬂore].
964 5949 1095 6001 ὀδοῦ.

938 304 1221 361 CONTRA
1262 305 1395 361 EOS
1430 307 1547 374 QUI
1590 298 2214 365 SUBINTRODUCTAS
2255 307 2531 363 HABENT
2573 308 2921 366 VIRGINES.

3451 311 3557 366 512

1980 429 2080 498 τῆς
2102 429 2196 482 τοῦ
2228 427 2363 481 Θεοῦ
2389 427 2547 498 δόξης
2566 443 2581 456 ·
2612 429 2739 481 ὅταν
2760 428 2855 481 καὶ
2878 428 2945 481 τά
2966 425 3198 480 ἐνταῦθα
3214 428 3558 500 καρποῦσθαι

1981 514 2151 583 παρῇ,
2188 513 2281 564 καὶ
2308 510 2418 563 τῶν
2448 510 2745 581 μελλόντων
2774 513 3053 580 ἐπιτυχεῖν
3093 511 3312 577 ἀγαθῶν
3340 553 3353 573 ,
3394 515 3558 582 ἡμεῖς

1979 595 2035 646 δὲ
2093 593 2227 664 πρὸς
2261 594 2321 646 τὸ
2350 593 2446 663 τὴν
2483 593 2576 646 τοῦ
2611 594 2745 646 Θεοῦ
2779 594 3218 664 βλασφημεῖσθαι
3245 593 3422 660 δόξαν,
3464 597 3559 650 καὶ

1980 677 2206 737 ἑαυτοὺς
2236 675 2754 745 προσαπολλύωμεν,
2788 677 2869 740 τίς
2904 679 3052 746 ἡμᾶς
3080 676 3426 748 ἐξαιρήσεται
3465 679 3557 732 καὶ

1978 759 2279 824 ἀπαλλάξει
2320 759 2423 826 τῆς
2454 762 2723 831 τιμωρίας
2764 760 2865 829 τῆς
2906 760 2999 812 ἐπὶ
3030 760 3241 823 τούτοις
3267 762 3556 833 κειμένης;

1978 846 2091 897 Οὐκ
2122 845 2268 897 ἐστιν
2289 843 2484 906 οὐδείς.

2050 927 2139 997 ιβ’.
2172 926 2355 980 Ταῦτα
2384 923 2477 980 οὖν
2502 926 2715 980 ἅπαντα
2736 926 3133 995 συναγαγόντες
3150 927 3285 997 πρὸς
3309 927 3553 992 ἑαυτοὺς,

1977 1011 2404 1081 καταλλαγῶμεν
2433 1010 2530 1079 ὀψὲ
2566 1009 2694 1078 γοῦν
2725 1027 2854 1062 ποτε
2882 1014 2947 1080 τῇ
2999 1012 3242 1081 σωτηρίᾳ
3269 1012 3377 1065 τῶν
3413 1013 3553 1082 ἡμεο

1973 1095 2148 1165 τέρων
2174 1093 2383 1164 ψυχῶν.
2432 1095 2495 1146 Ei
2545 1093 2602 1146 δὲ
2654 1093 2801 1146 δοκεῖ
2830 1110 2950 1145 τινα
3006 1093 3291 1146 δυσκολίαν
3322 1094 3464 1164 ἐχειν
3493 1093 3556 1148 τὸ

1975 1179 2263 1247 συνήθειαν
2318 1178 2737 1247 ἀποσπασθῆναι
2784 1177 3026 1247 μακρὰν,
3080 1178 3145 1247 τῇ
3202 1176 3426 1248 δυνάμει
3457 1177 3554 1231 τοῦ

1973 1259 2233 1331 λογισμοῦ
2274 1261 2411 1331 μετά
2442 1262 2542 1331 τῆς
2572 1260 2664 1313 τοῦ
2704 1259 2838 1313 Θεοῦ
2886 1259 3106 1329 χάριτος
3134 1260 3162 1298 δ
3191 1259 3251 1312 τὸ
3282 1262 3389 1313 πᾶν
3436 1262 3556 1313 ἐπι-

1971 1344 2291 1415 τρέψαντες,
2324 1344 2548 1397 κάκεῖνο
2578 1342 2866 1403 πείσαντες
2897 1344 3145 1406 ἐαυτοὺς,
3202 1342 3305 1404 ὅτι,
3356 1343 3421 1395 ἂν
3449 1344 3553 1413 ἀρ-

1972 1430 2072 1499 χὴν
2120 1430 2280 1499 μόνον
2336 1427 2614 1493 ἐπιθῶμεν
2653 1426 2731 1497 τῷ
2789 1428 3099 1496 πράγματι,
3156 1425 3257 1478 οὐκ
3304 1426 3384 1479 ac“
3423 1426 3552 1494 ἀψό-

1974 1512 2113 1581 μεθα
2139 1512 2398 1582 δυσχερές
2414 1527 2428 1542 ·
2450 1510 2591 1563 οὕτω
2616 1510 3106 1581 κατατολμήσομεν
3120 1509 3218 1579 τῆς
3242 1508 3549 1579 συνηθείας.

1972 1596 2067 1646 Ἂν
2095 1597 2203 1667 γάρ
2255 1596 2384 1648 δέκα
2427 1594 2637 1665 ἡμέρας
2691 1593 2885 1645 σαυτὸν
2928 1593 3268 1663 ἀποστήσῃς,
3316 1591 3551 1646 εὐκολώ-

1969 1695 2124 1749 τερον
2174 1679 2275 1742 τάς
2315 1680 2520 1732 εἴκοσιν
2549 1676 2740 1740 οἴσεις,
2789 1676 2883 1729 καὶ
2928 1676 3010 1739 δὶς
3048 1675 3315 1739 τοσαύτας
3345 1678 3508 1730 πάλιν
3537 1695 3552 1709 ο

1969 1756 2086 1814 εἶτα
2144 1762 2249 1831 ὀδῷ
2315 1761 2627 1832 προϐαίνων
2678 1759 2798 1812 οῦδέ
2854 1758 3108 1828 αἴσθησιν
3158 1758 3305 1832 λήψῃ
3366 1759 3554 1813 λοιπὸν

1967 1845 2066 1915 τῆς
2123 1848 2180 1899 ἐν
2231 1847 2372 1917 ἀρχῇ
2430 1843 2746 1906 δυσκολίας,
2782 1841 2919 1896 ἀλλά
2971 1842 3032 1895 τὸ
3069 1842 3275 1913 σφόδρα
3315 1843 3553 1896 δυσκατ-

1967 1928 2265 1996 αγώνιστον
2300 1925 2667 1981 εὐκολώτατον
2705 1926 2824 1994 ὄψει
2850 1924 3154 1995 γινόμενον,
3198 1926 3293 1978 καὶ
3330 1927 3409 1989 είς
3440 1926 3554 1978 ἐτέ-

1973 2029 2071 2081 ραν
2110 2011 2273 2065 πάλιν
2308 2011 2674 2080 καταστήσεις
2713 2009 2941 2061 σεαυτὸν
2981 2009 3289 2078 συνήθειαν,
3326 2009 3421 2061 καὶ
3458 2011 3554 2079 ρᾳο

1967 2094 2083 2147 δίαν
2110 2096 2369 2165 εὑρήσεις
2397 2093 2495 2164 τὴν
2528 2091 2823 2163 μετάθεσιν
2854 2087 3019 2145 οὖσαν
3053 2092 3114 2143 ού
3140 2091 3228 2144 διά
3264 2091 3554 2161 συνήθειαν

1972 2178 2152 2247 μόνον,
2181 2176 2318 2229 ἀλλά
2347 2178 2445 2230 καὶ
2475 2176 2563 2229 διὰ
2606 2176 2705 2239 τὰς
2743 2174 2985 2246 χρηστὰς
3021 2174 3261 2237 ἐλπίδας.
3296 2173 3453 2226 υῦτω
3491 2190 3551 2226 σε

1967 2262 2216 2314 κάκεῖναι
2252 2259 2627 2329 θαυμάσονται
2666 2260 2951 2328 μειζόνως,
2994 2257 3091 2310 καὶ
3134 2259 3162 2310 ό
3188 2257 3320 2320 Θεὸς
3358 2257 3553 2310 ἀποδέ-

1969 2341 2116 2406 ξεται
2160 2343 2267 2414 πρὸ
2303 2342 2547 2403 ἐκείνων,
2590 2342 2685 2394 καὶ
2736 2341 2936 2403 πάντες
2969 2340 3241 2410 ἄνθρωποι
3279 2339 3555 2410 στεφανῶν

1970 2443 2150 2489 σουσι,
2196 2427 2290 2478 καὶ⁸
2326 2424 2439 2494 βίον
2492 2422 2666 2497 βιώσῃ
2722 2424 2923 2494 πολλὴν
2967 2424 3063 2493 μὲν
3116 2423 3309 2493 ἔχοντα
3342 2422 3555 2476 ἐλευθε-

1971 2508 2111 2579 ρίαν,
2165 2508 2365 2579 πολλὴν
2411 2507 2469 2561 δὲ
2522 2507 2619 2578 τὴν
2678 2506 2894 2578 ἡδονήν.
2952 2506 3017 2558 Τί
3071 2506 3179 2576 γὰρ
3227 2505 3292 2558 ἂν
3345 2506 3557 2575 γένοιτο

1966 2593 2113 2662 ἥδιον
2146 2592 2240 2645 τοῦ
2281 2592 2374 2645 τοῦ
2411 2591 2650 2662 πονηροῦ
2697 2590 2998 2652 συνειδότος
3029 2589 3432 2660 ἀπαλλαγῆναι,
3461 2590 3558 2643 καὶ

1964 2675 2056 2728 τὸν
2096 2676 2321 2746 διηνεκῆ
2354 2675 2453 2746 τῆς
2484 2673 2782 2743 ἐπιθυμίας
2820 2672 3127 2726 καταλῦσαι
3164 2673 3419 2744 πόλεμον,
3463 2675 3559 2727 καὶ

1970 2759 2108 2830 μετά
2154 2759 2356 2829 πολλῆς
2406 2758 2507 2827 τῆς
2551 2757 2803 2821 εὐκολίας
2855 2757 2948 2809 τὸν
2987 2757 3155 2809 καλὸν
3203 2756 3303 2824 τῆς
3342 2771 3557 2826 σωφρο-

1969 2841 2135 2911 σύνης
2168 2841 2393 2894 πλέκειν
2436 2839 2722 2907 στέφανον,
2771 2838 2868 2893 καὶ
2898 2838 3205 2908 ἐλευθέροις
3238 2839 3337 2909 μὲν
3363 2838 3560 2906 ὀφθαλ-

1972 2928 2089 2996 μοῖς
2144 2926 2281 2995 πρὸς
2332 2924 2424 2976 τὸν
2461 2923 2690 2992 οὐρανὸν
2743 2922 2982 2992 βλέπειν,
3035 2921 3254 2991 καθαρᾷ
3303 2921 3361 2974 δέ
3404 2925 3555 2992 φωνῇ

1969 3010 2063 3060 καὶ
2109 3008 2306 3079 καρδία⁵
2351 3006 2442 3059 τὸν
2484 3006 2739 3058 ἁπάντων
2787 3004 3066 3075 Δεσπότην
3111 3004 3323 3069 καλεῖν;
3372 3004 3559 3066 Οὐδεὶς

1968 3093 2110 3145 οὕτω
2158 3089 2443 3161 δεσμώτης
2502 3088 2743 3151 ἁλύσεως
2798 3087 3133 3156 ἀπαλλαγεὶς
3195 3088 3290 3140 καὶ
3342 3087 3557 3157 αὐχμοῦ

1970 3178 2064 3230 καὶ
2095 3175 2197 3245 τῆς
2234 3175 2397 3244 ἄλλης
2439 3174 2538 3243 τῆς
2565 3174 2623 3225 ἐν
2655 3172 2734 3241 τῷ
2766 3171 3126 3243 δεσμωτηρίῳ
3156 3170 3557 3244 ταλαιπωρίας.

1974 3259 2173 3332 μᾶλλον
2237 3258 2293 3310 δέ
2340 3256 2513 3318 οὐδεὶς
2570 3254 2714 3307 οὕτω
2785 3254 2883 3317 τάς
2945 3253 3097 3323 ὄψεις
3161 3253 3561 3324 πεπηρωμένος

1972 3342 2302 3411 ἀναϐλέψας,
2340 3342 2434 3394 καὶ
2460 3339 2521 3392 τὸ
2550 3339 2723 3408 γλυκὺ
2757 3336 2916 3390 τοῦτο
2961 3336 3076 3407 φῶς
3110 3336 3232 3391 ίδὼν
3267 3336 3559 3405 ἀγάλλεται

1974 3429 2068 3482 καὶ
2094 3426 2357 3495 γάννυται
2389 3424 2484 3475 καὶ
2516 3423 2736 3493 σκιρτᾷ,
2780 3421 2856 3485 ῶς
2881 3422 2909 3474 ὁ
2947 3421 3047 3489 τῆς
3080 3420 3326 3483 δουλείας
3354 3418 3561 3488 ταύτης

1973 3508 2399 3580 ἐλευθερωθῆναι
2448 3505 2716 3576 δυνηθείς.
2766 3505 2876 3558 Καὶ
2910 3504 3020 3575 γάρ
3070 3504 3165 3557 τοῦ
3216 3504 3396 3574 φωτὸς
3432 3503 3562 3572 γλυε

1974 3593 2177 3663 κυτέρα
2219 3590 2399 3661 πολλῴ
2431 3591 2531 3661 τῆς
2576 3587 2891 3659 τυραννίδος
2938 3587 3146 3657 ταύτης
3182 3589 3215 3659 ἡ
3248 3587 3559 3657 ἀπαλλαγὴ,

1973 3679 2068 3731 καὶ
2098 3676 2261 3745 ζόφου
2296 3674 2496 3736 παντὸς
2545 3672 2734 3725 τούτου
2778 3671 3140 3742 χαλεπωτέρα
3188 3670 3285 3741 τῆς
3313 3668 3561 3732 δουλείας

1973 3760 2188 3829 ἐκείνης
2228 3758 2323 3812 καὶ
2364 3756 2474 3809 τῶν
2519 3754 2735 3825 δεσμῶν
2777 3756 2811 3825 ή
2856 3753 3223 3824 ταλαιπωρία.
3261 3752 3421 3805 Ἀλλά
3454 3754 3564 3823 γὰρ

1971 3844 2024 3895 τί
2062 3841 2168 3913 χρὴ
2198 3841 2372 3894 ταῦτα
2404 3838 2667 3911 μηκύνειν
2712 3838 2975 3907 ἐκατέρου
3008 3836 3160 3906 βίου;
3189 3833 3285 3887 τοῦ
3323 3835 3421 3904 μὲν
3464 3835 3563 3905 τὴν

1973 3924 2353 3996 ἀνελευθερίαν
2386 3925 2481 3977 καὶ
2522 3923 2623 3992 τὴν
2668 3921 2907 3991 ἀθυμίαν
2946 3922 3043 3973 καὶ
3087 3918 3186 3989 τὴν
3234 3918 3437 3988 βλάϐην
3468 3919 3565 3969 καὶ

1972 4010 2071 4080 τὴν
2101 4008 2302 4077 πολλὴν
2332 4006 2617 4075 τηκεδόνα,
2646 4006 2742 4057 τοῦ
2773 4003 2831 4057 δὲ
2864 4004 2964 4074 τὴν
2992 4002 3305 4073 ἐλευθερίαν
3337 4001 3431 4054 καὶ
3462 4017 3563 4070 την

1974 4091 2167 4163 ἡδονὴν
2198 4092 2293 4145 καὶ
2320 4089 2417 4162 τὴν
2458 4088 2730 4158 ὠφέλειαν
2778 4088 2874 4141 καὶ
2916 4086 3014 4159 τὴν
3057 4085 3257 4156 πολλὴν
3306 4082 3564 4155 παραδε-

1975 4176 2197 4238 κνύντος
2232 4173 2617 4246 σωφροσύνηνς
2652 4172 2809 4240 λόγος
2842 4170 2953 4244 γάρ
2990 4169 3166 4233 οὐδεὶς
3204 4168 3345 4222 αὑτά
3382 4184 3563 4238 παρα·

1979 4260 2173 4330 στῆσαι
2213 4257 2518 4327 δυνήσεται,
2562 4255 2698 4327 μόνη
2720 4255 2779 4307 δὲ
2810 4255 2918 4308 τῶν
2943 4254 3292 4325 πραγμάτων
3314 4253 3347 4322 ή
3372 4254 3559 4322 πεῖρα.

1975 4343 2086 4397 Καὶ
2142 4342 2264 4395 τότε
2331 4339 2542 4392 εἴσεσθε
2594 4339 2776 4401 καλῶς
2827 4338 2988 4391 τίνων
3050 4337 3149 4409 μὲν
3205 4336 3560 4407 ἀπηλλάγητε

1976 4424 2182 4488 κακῶν,
2216 4425 2375 4487 ποίας
2399 4422 2455 4476 δέ
2482 4421 2778 4492 ἐπετύχετε
2809 4421 2976 4491 ζωῆς,
3007 4421 3135 4474 ὅταν
3165 4422 3296 4491 ήμῖν
3338 4418 3428 4471 διὰ
3454 4418 3565 4472 τῶν

1977 4509 2318 4579 πραγμάτων
2362 4505 2660 4576 βουληθῆτε
2695 4504 3020 4574 πεισθῆναι·
3056 4501 3418 4573 πεισθήσεσθε
3456 4501 3565 4554 τοίο

1976 4609 2092 4653 νυν,
2133 4592 2261 4644 ὅταν
2306 4589 2397 4643 διά
2445 4589 2555 4641 τῶν
2599 4588 2776 4659 ἐργων
2815 4587 2992 4640 αὐτῶν
3028 4589 3096 4640 τά
3146 4586 3414 4657 εἰρημένα
3460 4585 3565 4655 μάο

1977 4672 2128 4744 θητε.
2163 4674 2226 4726 Εἰ
2262 4673 2320 4726 δὲ
2363 4672 2443 4725 ἐτι
2476 4671 2947 4740 δυσανασχετεῖτε,
2977 4671 3072 4723 καὶ
3108 4673 3224 4732 τοῖς
3272 4669 3562 4740 ἡμετέροις

1975 4759 2253 4812 ἀπιστεῖτε
2297 4757 2508 4824 λόγοις,
2562 4755 2754 4826 ἔρεσθέ
2802 4771 2955 4817 τινας
3011 4753 3121 4807 τῶν
3175 4752 3381 4823 ταύτην
3432 4752 3563 4805 ποτέ

1974 4840 2370 4895 δουλευσάντων
2397 4840 2495 4910 τὴν
2529 4838 2798 4900 δουλείαν,
2833 4833 2953 4890 εἶτα
2991 4836 3187 4907 ἀθρόον
3218 4835 3561 4904 ἀπαλλαγέν-

1974 4944 2104 4989 των,
2131 4926 2223 4978 καὶ
2255 4925 2390 4995 πρὸς
2429 4923 2528 4993 τὴν
2563 4922 2735 4991 καλὴν
2762 4920 3188 4993 ἀναδραμόντων
3224 4918 3561 4990 ἐλευθερίαν,

1975 5010 2070 5062 καὶΙ
2129 5008 2253 5061 τότε
2309 5005 2583 5075 γνώσεσθε
2639 5006 2739 5074 τῆς
2812 5003 3179 5075 παραινέσεως
3247 5002 3449 5072 ταύτης
3501 5002 3564 5053 τὸ

1975 5093 2186 5164 κέρδος.
2235 5091 2388 5143 Ἐπεὶ
2441 5090 2537 5142 καὶ
2579 5090 2608 5141 ὁ
2650 5087 2905 5158 Σολομὼν
2966 5088 3130 5156 ἡνίκα
3185 5085 3285 5156 μὲν
3336 5089 3402 5157 τῇ
3452 5085 3562 5137 τῶν

1976 5175 2244 5247 βιωτικῶν
2288 5174 2554 5245 ἐπιθυμίᾳ
2598 5173 2942 5244 πραγμάτων
2990 5169 3296 5240 κατείχετο,
3351 5170 3562 5240 μεγάλα

1971 5277 2032 5313 τε
2062 5261 2202 5312 αύτά
2233 5256 2483 5329 ἐνόμιζεν
2527 5253 2668 5310 εἶναι
2726 5256 2819 5310 καὶ
2866 5253 3178 5324 θαυμαστὰ,
3221 5254 3315 5307 καὶ
3363 5252 3563 5323 πολλὴν

1973 5344 2101 5414 περὶ
2134 5342 2273 5396 αύτά
2309 5343 2407 5413 τὴν
2445 5340 2761 5411 φιλοπονίαν
2794 5338 3165 5400 ἐπεδείκνυτο,
3194 5335 3457 5407 λαμπράς
3500 5354 3562 5389 τε

1971 5427 2419 5499 οἰκοδομούμενος
2461 5424 2671 5489 οἰκίας,
2712 5424 2807 5478 καὶ
2848 5421 3069 5493 χρυσίον
3123 5421 3372 5489 συνάγων
3410 5421 3566 5472 ἀπει-

1974 5532 2088 5586 ρον,
2140 5511 2415 5583 μουσικῶν
2464 5527 2522 5563 τε
2574 5510 2768 5581 χοροὺς
2814 5508 2910 5561 καὶ
2958 5503 3375 5578 τραπεζοποιῶν
3417 5503 3560 5586 γένη

1973 5584 2291 5649 παντοδαπά
2324 5593 2476 5667 [247]
2512 5593 2605 5647 καὶ
2650 5591 2929 5663 μαγείρων
2964 5590 3235 5643 πάντοθεν
3272 5584 3559 5655 συναθροί-

1971 5677 2099 5743 ζων,
2129 5680 2224 5731 καὶ
2256 5677 2354 5748 τὴν
2397 5677 2507 5732 ἀπὸ
2546 5675 2657 5730 τῶν
2701 5677 2898 5747 κήπων
2946 5674 3126 5745 χάριν,
3172 5672 3266 5727 καὶ
3312 5670 3410 5741 τὴν
3444 5668 3555 5721 ἀπὸ

1971 5762 2079 5816 τῶν
2105 5761 2373 5834 λαμπρῶν
2410 5761 2678 5833 σωμάτων
2707 5760 2900 5831 ἡδονὴν
2927 5758 3164 5830 δαψιλῶς
3209 5753 3559 5826 παρασκευά-

1973 5847 2080 5912 ζων
2110 5849 2178 5917 τῇ
2209 5846 2308 5917 τῆς
2344 5844 2520 5916 ψυχῆς
2550 5844 2837 5916 ἐπιθυμίᾳ,
2869 5846 2963 5898 καὶ
3002 5844 3206 5910 πᾶσαν,
3238 5839 3314 5903 ῶς
3356 5838 3553 5903 είπεῖν,

2034 5952 2061 5992 δ
2085 5949 2232 6002 Snvil.
2260 5951 2376 6011 μιτά
2397 5952 2482 6008 τὴν
2502 5949 2587 5999 τοῦ
2607 5944 2731 6000 Θεοῦ
2752 5952 2885 6014 χάριν
