  <div class='ocr_page' id='page_1' title='image "/cluster/home/n/w/nwhite01/storage/ocr_20150623/47/nnc1.0046978321/475.png"; bbox 0 0 4036 6416; ppageno 0'>
   <div class='ocr_carea' id='block_1_1' title="bbox 521 318 628 374">
    <p class='ocr_par' dir='ltr' id='par_1_1' title="bbox 521 318 628 374">
     <span class='ocr_line' id='line_1_1' title="bbox 521 318 628 374; baseline 0.019 -2"><span class='ocrx_word' id='word_1_1' title='bbox 521 318 628 374; x_wconf 73' lang='grc'>513</span> 
     </span>
    </p>
   </div>
   <div class='ocr_carea' id='block_1_2' title="bbox 520 430 2096 507">
    <p class='ocr_par' dir='ltr' id='par_1_2' title="bbox 520 430 2096 507">
     <span class='ocr_line' id='line_1_2' title="bbox 520 430 2096 507; baseline -0.001 -17"><span class='ocrx_word' id='word_1_2' title='bbox 520 436 637 490; x_wconf 84' lang='grc' dir='ltr'>ὀδδν</span> <span class='ocrx_word' id='word_1_3' title='bbox 703 430 1060 502; x_wconf 75' lang='grc' dir='ltr'>ψυχαγωγίας</span> <span class='ocrx_word' id='word_1_4' title='bbox 1135 433 1231 485; x_wconf 74' lang='grc' dir='ltr'>καὶ</span> <span class='ocrx_word' id='word_1_5' title='bbox 1291 434 1537 507; x_wconf 79' lang='grc' dir='ltr'>τέρψεως</span> <span class='ocrx_word' id='word_1_6' title='bbox 1603 435 1783 507; x_wconf 83' lang='grc' dir='ltr'>ἐαυτῷ</span> <span class='ocrx_word' id='word_1_7' title='bbox 1845 436 2096 507; x_wconf 84' lang='grc' dir='ltr'>τέμνων·</span> 
     </span>
    </p>
   </div>
   <div class='ocr_carea' id='block_1_3' title="bbox 521 515 2102 591">
    <p class='ocr_par' dir='ltr' id='par_1_3' title="bbox 521 515 2102 591">
     <span class='ocr_line' id='line_1_3' title="bbox 521 515 2102 591; baseline 0.003 -23"><span class='ocrx_word' id='word_1_8' title='bbox 521 516 707 585; x_wconf 81' lang='grc' dir='ltr'>ἐπειδὴ</span> <span class='ocrx_word' id='word_1_9' title='bbox 737 515 794 568; x_wconf 85' lang='grc' dir='ltr'>δὲ</span> <span class='ocrx_word' id='word_1_10' title='bbox 825 515 1020 585; x_wconf 78' lang='grc' dir='ltr'>μικρὸν</span> <span class='ocrx_word' id='word_1_11' title='bbox 1054 517 1263 572; x_wconf 63' lang='grc' dir='ltr'>ἐκεῖθεν</span> <span class='ocrx_word' id='word_1_12' title='bbox 1293 520 1584 588; x_wconf 85' lang='grc' dir='ltr'>ἀνήνεγκε,</span> <span class='ocrx_word' id='word_1_13' title='bbox 1625 520 1723 574; x_wconf 75' lang='grc' dir='ltr'>καὶ</span> <span class='ocrx_word' id='word_1_14' title='bbox 1760 519 2014 591; x_wconf 88' lang='grc' dir='ltr'>καθάπερ</span> <span class='ocrx_word' id='word_1_15' title='bbox 2045 519 2102 587; x_wconf 82' lang='grc' dir='ltr'>ἐξ</span> 
     </span>
    </p>
   </div>
   <div class='ocr_carea' id='block_1_4' title="bbox 519 598 2102 676">
    <p class='ocr_par' dir='ltr' id='par_1_4' title="bbox 519 598 2102 676">
     <span class='ocr_line' id='line_1_4' title="bbox 519 598 2102 676; baseline 0.005 -25"><span class='ocrx_word' id='word_1_16' title='bbox 519 598 757 652; x_wconf 89' lang='grc' dir='ltr'>ἀϐύσσου</span> <span class='ocrx_word' id='word_1_17' title='bbox 795 599 940 662; x_wconf 88' lang='grc' dir='ltr'>τινὸς</span> <span class='ocrx_word' id='word_1_18' title='bbox 973 599 1207 670; x_wconf 81' lang='grc' dir='ltr'>ζοφερᾶς</span> <span class='ocrx_word' id='word_1_19' title='bbox 1241 601 1541 672; x_wconf 88' lang='grc' dir='ltr'>ἀναϐλέψαι</span> <span class='ocrx_word' id='word_1_20' title='bbox 1586 603 1722 676; x_wconf 82' lang='grc' dir='ltr'>πρὸς</span> <span class='ocrx_word' id='word_1_21' title='bbox 1760 604 1822 657; x_wconf 81' lang='grc' dir='ltr'>τὸ</span> <span class='ocrx_word' id='word_1_22' title='bbox 1863 606 1964 675; x_wconf 80' lang='grc' dir='ltr'>τῆς</span> <span class='ocrx_word' id='word_1_23' title='bbox 2012 623 2102 674; x_wconf 88' lang='grc' dir='ltr'>φι-</span> 
     </span>
    </p>
   </div>
   <div class='ocr_carea' id='block_1_5' title="bbox 520 681 2103 759">
    <p class='ocr_par' dir='ltr' id='par_1_5' title="bbox 520 681 2103 759">
     <span class='ocr_line' id='line_1_5' title="bbox 520 681 2103 759; baseline 0.004 -25"><span class='ocrx_word' id='word_1_24' title='bbox 520 681 775 749; x_wconf 87' lang='grc' dir='ltr'>λοσοφίας</span> <span class='ocrx_word' id='word_1_25' title='bbox 806 682 991 752; x_wconf 76' lang='grc' dir='ltr'>ἴσχυσε</span> <span class='ocrx_word' id='word_1_26' title='bbox 1025 683 1160 752; x_wconf 90' lang='grc' dir='ltr'>φῶς,</span> <span class='ocrx_word' id='word_1_27' title='bbox 1192 685 1493 755; x_wconf 88' lang='grc' dir='ltr'>τηνικαῦτα</span> <span class='ocrx_word' id='word_1_28' title='bbox 1517 687 1614 757; x_wconf 78' lang='grc' dir='ltr'>τὴν</span> <span class='ocrx_word' id='word_1_29' title='bbox 1643 686 1856 759; x_wconf 81' lang='grc' dir='ltr'>ὑψηλὴν</span> <span class='ocrx_word' id='word_1_30' title='bbox 1885 688 2103 758; x_wconf 82' lang='grc' dir='ltr'>ἐκείνην</span> 
     </span>
    </p>
   </div>
   <div class='ocr_carea' id='block_1_6' title="bbox 519 765 2103 842">
    <p class='ocr_par' dir='ltr' id='par_1_6' title="bbox 519 765 2103 842">
     <span class='ocr_line' id='line_1_6' title="bbox 519 765 2103 842; baseline 0.003 -21"><span class='ocrx_word' id='word_1_31' title='bbox 519 767 615 821; x_wconf 70' lang='grc' dir='ltr'>καί⁹</span> <span class='ocrx_word' id='word_1_32' title='bbox 664 765 763 836; x_wconf 83' lang='grc' dir='ltr'>τὴν</span> <span class='ocrx_word' id='word_1_33' title='bbox 810 765 919 818; x_wconf 91' lang='grc' dir='ltr'>τῶν</span> <span class='ocrx_word' id='word_1_34' title='bbox 973 766 1217 837; x_wconf 77' lang='grc' dir='ltr'>οὐρανῶν</span> <span class='ocrx_word' id='word_1_35' title='bbox 1280 769 1437 835; x_wconf 81' lang='grc' dir='ltr'>ἀξίαν</span> <span class='ocrx_word' id='word_1_36' title='bbox 1498 771 1677 840; x_wconf 85' lang='grc' dir='ltr'>ἀφῆκε</span> <span class='ocrx_word' id='word_1_37' title='bbox 1725 773 1941 842; x_wconf 58' lang='grc' dir='ltr'>φωνήν</span> <span class='ocrx_word' id='word_1_38' title='bbox 1979 777 2103 827; x_wconf 86' lang='grc' dir='ltr'>Μα-</span> 
     </span>
    </p>
   </div>
   <div class='ocr_carea' id='block_1_7' title="bbox 519 848 2100 923">
    <p class='ocr_par' dir='ltr' id='par_1_7' title="bbox 519 848 2100 923">
     <span class='ocr_line' id='line_1_7' title="bbox 519 848 2100 923; baseline 0.004 -21"><span class='ocrx_word' id='word_1_39' title='bbox 519 848 1196 918; x_wconf 74' lang='grc' dir='ltr'>ταιότηςματαιοτήτων,</span> <span class='ocrx_word' id='word_1_40' title='bbox 1217 851 1410 920; x_wconf 85' lang='grc' dir='ltr'>λέγων,</span> <span class='ocrx_word' id='word_1_41' title='bbox 1446 854 1515 907; x_wconf 79' lang='grc' dir='ltr'>τὰ</span> <span class='ocrx_word' id='word_1_42' title='bbox 1531 853 1731 908; x_wconf 81' lang='grc' dir='ltr'>πάντα</span> <span class='ocrx_word' id='word_1_43' title='bbox 1749 856 2100 923; x_wconf 82' lang='grc' dir='ltr'>ματαιότης.</span> 
     </span>
    </p>
   </div>
   <div class='ocr_carea' id='block_1_8' title="bbox 593 930 2102 1010">
    <p class='ocr_par' dir='ltr' id='par_1_8' title="bbox 593 930 2102 1010">
     <span class='ocr_line' id='line_1_8' title="bbox 593 930 2102 1010; baseline 0.005 -28"><span class='ocrx_word' id='word_1_44' title='bbox 593 930 807 1002; x_wconf 84' lang='grc' dir='ltr'>Ταύτην</span> <span class='ocrx_word' id='word_1_45' title='bbox 841 935 939 986; x_wconf 80' lang='grc' dir='ltr'>καὶ</span> <span class='ocrx_word' id='word_1_46' title='bbox 994 934 1184 1002; x_wconf 82' lang='grc' dir='ltr'>ὑμεῖς,</span> <span class='ocrx_word' id='word_1_47' title='bbox 1240 935 1337 988; x_wconf 80' lang='grc' dir='ltr'>καὶ</span> <span class='ocrx_word' id='word_1_48' title='bbox 1367 936 1574 1007; x_wconf 85' lang='grc' dir='ltr'>ταύτης</span> <span class='ocrx_word' id='word_1_49' title='bbox 1635 937 1991 1010; x_wconf 74' lang='grc' dir='ltr'>ὑψηλοτέραν,</span> <span class='ocrx_word' id='word_1_50' title='bbox 2036 939 2102 992; x_wconf 85' lang='grc' dir='ltr'>ἀν</span> 
     </span>
    </p>
   </div>
   <div class='ocr_carea' id='block_1_9' title="bbox 521 1011 2104 1092">
    <p class='ocr_par' dir='ltr' id='par_1_9' title="bbox 521 1011 2104 1092">
     <span class='ocr_line' id='line_1_9' title="bbox 521 1011 2104 1092; baseline 0.005 -27"><span class='ocrx_word' id='word_1_51' title='bbox 521 1011 832 1084; x_wconf 80' lang='grc' dir='ltr'>ἐθελήσητε,</span> <span class='ocrx_word' id='word_1_52' title='bbox 875 1015 1056 1085; x_wconf 85' lang='grc' dir='ltr'>ψῆφον</span> <span class='ocrx_word' id='word_1_53' title='bbox 1110 1018 1290 1070; x_wconf 75' lang='grc' dir='ltr'>οἴσετε</span> <span class='ocrx_word' id='word_1_54' title='bbox 1326 1020 1456 1090; x_wconf 75' lang='grc' dir='ltr'>περὶ</span> <span class='ocrx_word' id='word_1_55' title='bbox 1497 1019 1600 1089; x_wconf 82' lang='grc' dir='ltr'>τῆς</span> <span class='ocrx_word' id='word_1_56' title='bbox 1629 1020 1860 1092; x_wconf 84' lang='grc' dir='ltr'>ἀκαίρου</span> <span class='ocrx_word' id='word_1_57' title='bbox 1899 1020 2104 1090; x_wconf 83' lang='grc' dir='ltr'>ταύτης</span> 
     </span>
    </p>
   </div>
   <div class='ocr_carea' id='block_1_10' title="bbox 519 1098 2103 1175">
    <p class='ocr_par' dir='ltr' id='par_1_10' title="bbox 519 1098 2103 1175">
     <span class='ocr_line' id='line_1_10' title="bbox 519 1098 2103 1175; baseline 0.004 -25"><span class='ocrx_word' id='word_1_58' title='bbox 519 1098 732 1168; x_wconf 72' lang='grc' dir='ltr'>ἡδονῆς,</span> <span class='ocrx_word' id='word_1_59' title='bbox 765 1098 859 1152; x_wconf 91' lang='grc' dir='ltr'>ἐάν</span> <span class='ocrx_word' id='word_1_60' title='bbox 908 1100 1103 1170; x_wconf 87' lang='grc' dir='ltr'>μικρὸν</span> <span class='ocrx_word' id='word_1_61' title='bbox 1147 1102 1375 1165; x_wconf 81' lang='grc' dir='ltr'>ἑαυτοὺς</span> <span class='ocrx_word' id='word_1_62' title='bbox 1412 1102 1512 1173; x_wconf 80' lang='grc' dir='ltr'>τῆς</span> <span class='ocrx_word' id='word_1_63' title='bbox 1565 1105 1807 1175; x_wconf 78' lang='grc' dir='ltr'>πονηρᾶς</span> <span class='ocrx_word' id='word_1_64' title='bbox 1859 1105 2103 1171; x_wconf 81' lang='grc' dir='ltr'>ἀποστή-</span> 
     </span>
    </p>
   </div>
   <div class='ocr_carea' id='block_1_11' title="bbox 521 1181 2105 1256">
    <p class='ocr_par' dir='ltr' id='par_1_11' title="bbox 521 1181 2105 1256">
     <span class='ocr_line' id='line_1_11' title="bbox 521 1181 2105 1256; baseline 0.004 -24"><span class='ocrx_word' id='word_1_65' title='bbox 521 1197 649 1250; x_wconf 88' lang='grc' dir='ltr'>σητε</span> <span class='ocrx_word' id='word_1_66' title='bbox 699 1181 1005 1250; x_wconf 74' lang='grc' dir='ltr'>συνηθείας.</span> <span class='ocrx_word' id='word_1_67' title='bbox 1044 1183 1241 1236; x_wconf 83' lang='grc' dir='ltr'>Καίτοι</span> <span class='ocrx_word' id='word_1_68' title='bbox 1283 1201 1346 1252; x_wconf 87' lang='grc' dir='ltr'>γε</span> <span class='ocrx_word' id='word_1_69' title='bbox 1375 1185 1404 1236; x_wconf 98' lang='lat'>6</span> <span class='ocrx_word' id='word_1_70' title='bbox 1435 1183 1687 1256; x_wconf 85' lang='grc' dir='ltr'>Σολομὼν</span> <span class='ocrx_word' id='word_1_71' title='bbox 1731 1187 1789 1239; x_wconf 90' lang='grc' dir='ltr'>ἐν</span> <span class='ocrx_word' id='word_1_72' title='bbox 1830 1187 1944 1248; x_wconf 88' lang='grc' dir='ltr'>τοῖς</span> <span class='ocrx_word' id='word_1_73' title='bbox 1993 1185 2105 1239; x_wconf 84' lang='grc' dir='ltr'>ἀνω</span> 
     </span>
    </p>
   </div>
   <div class='ocr_carea' id='block_1_12' title="bbox 520 1264 2106 1341">
    <p class='ocr_par' dir='ltr' id='par_1_12' title="bbox 520 1264 2106 1341">
     <span class='ocr_line' id='line_1_12' title="bbox 520 1264 2106 1341; baseline 0.004 -25"><span class='ocrx_word' id='word_1_74' title='bbox 520 1264 808 1334; x_wconf 88' lang='grc' dir='ltr'>γενόμενος</span> <span class='ocrx_word' id='word_1_75' title='bbox 837 1266 1050 1335; x_wconf 86' lang='grc' dir='ltr'>χρόνοις</span> <span class='ocrx_word' id='word_1_76' title='bbox 1085 1267 1205 1320; x_wconf 86' lang='grc' dir='ltr'>οὐδέ</span> <span class='ocrx_word' id='word_1_77' title='bbox 1251 1267 1452 1337; x_wconf 82' lang='grc' dir='ltr'>πολλὴν</span> <span class='ocrx_word' id='word_1_78' title='bbox 1486 1269 1749 1341; x_wconf 80' lang='grc' dir='ltr'>ἀπῃτεῖτο</span> <span class='ocrx_word' id='word_1_79' title='bbox 1788 1269 2106 1339; x_wconf 78' lang='grc' dir='ltr'>φιλοσοφίας</span> 
     </span>
    </p>
   </div>
   <div class='ocr_carea' id='block_1_13' title="bbox 520 1346 2107 1421">
    <p class='ocr_par' dir='ltr' id='par_1_13' title="bbox 520 1346 2107 1421">
     <span class='ocr_line' id='line_1_13' title="bbox 520 1346 2107 1421; baseline 0.003 -21"><span class='ocrx_word' id='word_1_80' title='bbox 520 1346 830 1416; x_wconf 74' lang='grc' dir='ltr'>ἀκρίϐειανο</span> <span class='ocrx_word' id='word_1_81' title='bbox 875 1347 998 1400; x_wconf 81' lang='grc' dir='ltr'>οὐτε.</span> <span class='ocrx_word' id='word_1_82' title='bbox 1044 1350 1155 1420; x_wconf 73' lang='grc' dir='ltr'>γάρ</span> <span class='ocrx_word' id='word_1_83' title='bbox 1201 1352 1412 1421; x_wconf 82' lang='grc' dir='ltr'>τρυφᾷν</span> <span class='ocrx_word' id='word_1_84' title='bbox 1441 1353 1470 1402; x_wconf 94' lang='grc' dir='ltr'>ὀ</span> <span class='ocrx_word' id='word_1_85' title='bbox 1501 1350 1726 1414; x_wconf 78' lang='grc' dir='ltr'>παλαιὸς</span> <span class='ocrx_word' id='word_1_86' title='bbox 1768 1350 1973 1404; x_wconf 82' lang='grc' dir='ltr'>ἐκώλυε</span> <span class='ocrx_word' id='word_1_87' title='bbox 2019 1351 2107 1405; x_wconf 80' lang='grc' dir='ltr'>νό-</span> 
     </span>
    </p>
   </div>
   <div class='ocr_carea' id='block_1_14' title="bbox 524 1430 2106 1499">
    <p class='ocr_par' dir='ltr' id='par_1_14' title="bbox 524 1430 2106 1499">
     <span class='ocr_line' id='line_1_14' title="bbox 524 1430 2106 1499; baseline 0.003 -17"><span class='ocrx_word' id='word_1_88' title='bbox 524 1447 657 1499; x_wconf 91' lang='grc' dir='ltr'>μος,</span> <span class='ocrx_word' id='word_1_89' title='bbox 707 1430 830 1482; x_wconf 81' lang='grc' dir='ltr'>οὐτε</span> <span class='ocrx_word' id='word_1_90' title='bbox 875 1431 982 1484; x_wconf 90' lang='grc' dir='ltr'>τῶν</span> <span class='ocrx_word' id='word_1_91' title='bbox 1035 1432 1212 1486; x_wconf 83' lang='grc' dir='ltr'>ἀλλων</span> <span class='ocrx_word' id='word_1_92' title='bbox 1261 1434 1615 1487; x_wconf 81' lang='grc' dir='ltr'>ἀπολαύσεων</span> <span class='ocrx_word' id='word_1_93' title='bbox 1669 1434 1962 1487; x_wconf 85' lang='grc' dir='ltr'>ἀπολαύειν</span> <span class='ocrx_word' id='word_1_94' title='bbox 2009 1451 2106 1487; x_wconf 89' lang='grc' dir='ltr'>πε-</span> 
     </span>
    </p>
   </div>
   <div class='ocr_carea' id='block_1_15' title="bbox 524 1511 2107 1586">
    <p class='ocr_par' dir='ltr' id='par_1_15' title="bbox 524 1511 2107 1586">
     <span class='ocr_line' id='line_1_15' title="bbox 524 1511 2107 1586; baseline 0.004 -22"><span class='ocrx_word' id='word_1_95' title='bbox 524 1513 705 1582; x_wconf 80' lang='grc' dir='ltr'>ριττὸν</span> <span class='ocrx_word' id='word_1_96' title='bbox 759 1514 958 1585; x_wconf 76' lang='grc' dir='ltr'>ἔφησεν</span> <span class='ocrx_word' id='word_1_97' title='bbox 1009 1511 1147 1568; x_wconf 79' lang='grc' dir='ltr'>εἶναι</span> <span class='ocrx_word' id='word_1_98' title='bbox 1196 1517 1292 1568; x_wconf 68' lang='grc' dir='ltr'>καὶ</span> <span class='ocrx_word' id='word_1_99' title='bbox 1349 1518 1608 1586; x_wconf 86' lang='grc' dir='ltr'>μάταιον·</span> <span class='ocrx_word' id='word_1_100' title='bbox 1651 1517 1763 1570; x_wconf 88' lang='grc' dir='ltr'>ἀλλ’</span> <span class='ocrx_word' id='word_1_101' title='bbox 1806 1519 1954 1586; x_wconf 86' lang='grc' dir='ltr'>ὅμως</span> <span class='ocrx_word' id='word_1_102' title='bbox 2012 1519 2107 1571; x_wconf 75' lang='grc' dir='ltr'>καὶ</span> 
     </span>
    </p>
   </div>
   <div class='ocr_carea' id='block_1_16' title="bbox 519 1593 2107 1671">
    <p class='ocr_par' dir='ltr' id='par_1_16' title="bbox 519 1593 2107 1671">
     <span class='ocr_line' id='line_1_16' title="bbox 519 1593 2107 1671; baseline 0.005 -24"><span class='ocrx_word' id='word_1_103' title='bbox 519 1593 662 1648; x_wconf 83' lang='grc' dir='ltr'>οὑτω</span> <span class='ocrx_word' id='word_1_104' title='bbox 703 1596 810 1648; x_wconf 86' lang='grc' dir='ltr'>τῶν</span> <span class='ocrx_word' id='word_1_105' title='bbox 862 1599 1202 1669; x_wconf 80' lang='grc' dir='ltr'>πραγμάτων</span> <span class='ocrx_word' id='word_1_106' title='bbox 1239 1599 1468 1670; x_wconf 85' lang='grc' dir='ltr'>ἐχόντων</span> <span class='ocrx_word' id='word_1_107' title='bbox 1495 1600 1734 1671; x_wconf 70' lang='grc' dir='ltr'>ἠδυνήθη</span> <span class='ocrx_word' id='word_1_108' title='bbox 1773 1601 2002 1654; x_wconf 85' lang='grc' dir='ltr'>συνιδεῖν</span> <span class='ocrx_word' id='word_1_109' title='bbox 2046 1602 2107 1655; x_wconf 84' lang='grc' dir='ltr'>τὸ</span> 
     </span>
    </p>
   </div>
   <div class='ocr_carea' id='block_1_17' title="bbox 521 1678 2106 1754">
    <p class='ocr_par' dir='ltr' id='par_1_17' title="bbox 521 1678 2106 1754">
     <span class='ocr_line' id='line_1_17' title="bbox 521 1678 2106 1754; baseline 0.004 -24"><span class='ocrx_word' id='word_1_110' title='bbox 521 1679 578 1730; x_wconf 92' lang='grc' dir='ltr'>ἐν</span> <span class='ocrx_word' id='word_1_111' title='bbox 618 1678 798 1743; x_wconf 89' lang='grc' dir='ltr'>αὐτοῖς</span> <span class='ocrx_word' id='word_1_112' title='bbox 832 1682 1111 1750; x_wconf 90' lang='grc' dir='ltr'>ἀνόνητον,</span> <span class='ocrx_word' id='word_1_113' title='bbox 1157 1683 1250 1735; x_wconf 75' lang='grc' dir='ltr'>καὶ</span> <span class='ocrx_word' id='word_1_114' title='bbox 1297 1682 1497 1754; x_wconf 84' lang='grc' dir='ltr'>πολλὴν</span> <span class='ocrx_word' id='word_1_115' title='bbox 1543 1683 1724 1736; x_wconf 89' lang='grc' dir='ltr'>αὐτῶν</span> <span class='ocrx_word' id='word_1_116' title='bbox 1762 1684 2106 1751; x_wconf 82' lang='grc' dir='ltr'>καταγνῶναι</span> 
     </span>
    </p>
   </div>
   <div class='ocr_carea' id='block_1_18' title="bbox 524 1763 2107 1837">
    <p class='ocr_par' dir='ltr' id='par_1_18' title="bbox 524 1763 2107 1837">
     <span class='ocr_line' id='line_1_18' title="bbox 524 1763 2107 1837; baseline 0.003 -23"><span class='ocrx_word' id='word_1_117' title='bbox 524 1763 878 1834; x_wconf 84' lang='grc' dir='ltr'>ματαιότητα.</span> <span class='ocrx_word' id='word_1_118' title='bbox 920 1764 1110 1835; x_wconf 82' lang='grc' dir='ltr'>Ἡμεῖς</span> <span class='ocrx_word' id='word_1_119' title='bbox 1161 1765 1219 1817; x_wconf 83' lang='grc' dir='ltr'>δὲ</span> <span class='ocrx_word' id='word_1_120' title='bbox 1264 1766 1357 1817; x_wconf 80' lang='grc' dir='ltr'>ἐπὶ</span> <span class='ocrx_word' id='word_1_121' title='bbox 1394 1767 1612 1835; x_wconf 75' lang='grc' dir='ltr'>μείζονα</span> <span class='ocrx_word' id='word_1_122' title='bbox 1666 1767 1979 1837; x_wconf 84' lang='grc' dir='ltr'>καλούμεθα</span> <span class='ocrx_word' id='word_1_123' title='bbox 2008 1784 2107 1819; x_wconf 86' lang='grc' dir='ltr'>πο-</span> 
     </span>
    </p>
   </div>
   <div class='ocr_carea' id='block_1_19' title="bbox 520 1843 2108 1921">
    <p class='ocr_par' dir='ltr' id='par_1_19' title="bbox 520 1843 2108 1921">
     <span class='ocr_line' id='line_1_19' title="bbox 520 1843 2108 1921; baseline 0.004 -25"><span class='ocrx_word' id='word_1_124' title='bbox 520 1843 746 1906; x_wconf 86' lang='grc' dir='ltr'>λιτείαν,</span> <span class='ocrx_word' id='word_1_125' title='bbox 798 1847 892 1899; x_wconf 75' lang='grc' dir='ltr'>καὶ</span> <span class='ocrx_word' id='word_1_126' title='bbox 949 1849 1086 1918; x_wconf 79' lang='grc' dir='ltr'>πρὸς</span> <span class='ocrx_word' id='word_1_127' title='bbox 1134 1848 1473 1920; x_wconf 78' lang='grc' dir='ltr'>ὑψηλοτέραν</span> <span class='ocrx_word' id='word_1_128' title='bbox 1532 1850 1894 1921; x_wconf 88' lang='grc' dir='ltr'>ἀναϐαίνομεν</span> <span class='ocrx_word' id='word_1_129' title='bbox 1944 1867 2108 1921; x_wconf 88' lang='grc' dir='ltr'>κορυ-</span> 
     </span>
    </p>
   </div>
   <div class='ocr_carea' id='block_1_20' title="bbox 520 1929 2110 2002">
    <p class='ocr_par' dir='ltr' id='par_1_20' title="bbox 520 1929 2110 2002">
     <span class='ocr_line' id='line_1_20' title="bbox 520 1929 2110 2002; baseline 0.004 -23"><span class='ocrx_word' id='word_1_130' title='bbox 520 1929 646 1998; x_wconf 71' lang='grc' dir='ltr'>φὴν,</span> <span class='ocrx_word' id='word_1_131' title='bbox 677 1929 770 1981; x_wconf 74' lang='grc' dir='ltr'>καὶ</span> <span class='ocrx_word' id='word_1_132' title='bbox 797 1929 932 1998; x_wconf 84' lang='grc' dir='ltr'>πρὸς</span> <span class='ocrx_word' id='word_1_133' title='bbox 965 1930 1190 2000; x_wconf 79' lang='grc' dir='ltr'>μείζονα</span> <span class='ocrx_word' id='word_1_134' title='bbox 1221 1931 1613 2002; x_wconf 88' lang='grc' dir='ltr'>ἀπεδυσάμεθα</span> <span class='ocrx_word' id='word_1_135' title='bbox 1645 1934 1969 2002; x_wconf 88' lang='grc' dir='ltr'>σκάμματα.</span> <span class='ocrx_word' id='word_1_136' title='bbox 1999 1933 2110 1986; x_wconf 70' lang='grc' dir='ltr'>Καὶ</span> 
     </span>
    </p>
   </div>
   <div class='ocr_carea' id='block_1_21' title="bbox 517 2011 2109 2087">
    <p class='ocr_par' dir='ltr' id='par_1_21' title="bbox 517 2011 2109 2087">
     <span class='ocr_line' id='line_1_21' title="bbox 517 2011 2109 2087; baseline 0.004 -26"><span class='ocrx_word' id='word_1_137' title='bbox 517 2011 571 2062; x_wconf 90' lang='grc' dir='ltr'>τί</span> <span class='ocrx_word' id='word_1_138' title='bbox 611 2011 718 2082; x_wconf 75' lang='grc' dir='ltr'>γὰρ</span> <span class='ocrx_word' id='word_1_139' title='bbox 749 2011 934 2083; x_wconf 76' lang='grc' dir='ltr'>ἕτερον</span> <span class='ocrx_word' id='word_1_140' title='bbox 965 2014 1079 2066; x_wconf 79' lang='grc' dir='ltr'>ἀλλ’</span> <span class='ocrx_word' id='word_1_141' title='bbox 1124 2015 1157 2085; x_wconf 81' lang='grc' dir='ltr'>ἢ</span> <span class='ocrx_word' id='word_1_142' title='bbox 1212 2016 1350 2069; x_wconf 87' lang='grc' dir='ltr'>κατά</span> <span class='ocrx_word' id='word_1_143' title='bbox 1401 2015 1496 2079; x_wconf 85' lang='grc' dir='ltr'>τάς</span> <span class='ocrx_word' id='word_1_144' title='bbox 1545 2017 1658 2070; x_wconf 84' lang='grc' dir='ltr'>ἀνω</span> <span class='ocrx_word' id='word_1_145' title='bbox 1707 2016 1965 2087; x_wconf 85' lang='grc' dir='ltr'>δυνάμεις</span> <span class='ocrx_word' id='word_1_146' title='bbox 2010 2015 2109 2079; x_wconf 86' lang='grc' dir='ltr'>τὰς</span> 
     </span>
    </p>
   </div>
   <div class='ocr_carea' id='block_1_22' title="bbox 518 2095 2107 2167">
    <p class='ocr_par' dir='ltr' id='par_1_22' title="bbox 518 2095 2107 2167">
     <span class='ocr_line' id='line_1_22' title="bbox 518 2095 2107 2167; baseline 0.004 -22"><span class='ocrx_word' id='word_1_147' title='bbox 518 2095 711 2164; x_wconf 86' lang='grc' dir='ltr'>νοεράς</span> <span class='ocrx_word' id='word_1_148' title='bbox 759 2096 851 2148; x_wconf 71' lang='grc' dir='ltr'>καὶ</span> <span class='ocrx_word' id='word_1_149' title='bbox 903 2097 1234 2167; x_wconf 85' lang='grc' dir='ltr'>ἀσωμάτους</span> <span class='ocrx_word' id='word_1_150' title='bbox 1298 2099 1512 2161; x_wconf 85' lang='grc' dir='ltr'>ἐκείνας</span> <span class='ocrx_word' id='word_1_151' title='bbox 1573 2098 1952 2152; x_wconf 84' lang='grc' dir='ltr'>πολιτεύεσθαι</span> <span class='ocrx_word' id='word_1_152' title='bbox 2013 2115 2107 2152; x_wconf 85' lang='grc' dir='ltr'>κε-</span> 
     </span>
    </p>
   </div>
   <div class='ocr_carea' id='block_1_23' title="bbox 518 2173 2109 2252">
    <p class='ocr_par' dir='ltr' id='par_1_23' title="bbox 518 2173 2109 2252">
     <span class='ocr_line' id='line_1_23' title="bbox 518 2173 2109 2252; baseline 0.004 -25"><span class='ocrx_word' id='word_1_153' title='bbox 518 2173 821 2246; x_wconf 84' lang='grc' dir='ltr'>λευόμεθα;</span> <span class='ocrx_word' id='word_1_154' title='bbox 860 2179 983 2242; x_wconf 90' lang='grc' dir='ltr'>Πῶς</span> <span class='ocrx_word' id='word_1_155' title='bbox 1032 2175 1126 2234; x_wconf 85' lang='grc' dir='ltr'>οῦν</span> <span class='ocrx_word' id='word_1_156' title='bbox 1165 2182 1267 2236; x_wconf 85' lang='grc' dir='ltr'>οὐκ</span> <span class='ocrx_word' id='word_1_157' title='bbox 1298 2183 1524 2252; x_wconf 86' lang='grc' dir='ltr'>αἰσχρὸν</span> <span class='ocrx_word' id='word_1_158' title='bbox 1579 2183 1674 2235; x_wconf 79' lang='grc' dir='ltr'>καὶ</span> <span class='ocrx_word' id='word_1_159' title='bbox 1726 2181 1930 2252; x_wconf 85' lang='grc' dir='ltr'>πολλῆς</span> <span class='ocrx_word' id='word_1_160' title='bbox 1959 2181 2109 2246; x_wconf 78' lang='grc' dir='ltr'>ἀξιον</span> 
     </span>
    </p>
   </div>
   <div class='ocr_carea' id='block_1_24' title="bbox 519 2260 2107 2338">
    <p class='ocr_par' dir='ltr' id='par_1_24' title="bbox 519 2260 2107 2338">
     <span class='ocr_line' id='line_1_24' title="bbox 519 2260 2107 2338; baseline 0.005 -28"><span class='ocrx_word' id='word_1_161' title='bbox 519 2260 795 2324; x_wconf 74' lang='grc' dir='ltr'>κολάσεως</span> <span class='ocrx_word' id='word_1_162' title='bbox 843 2263 1100 2327; x_wconf 78' lang='grc' dir='ltr'>ἐλάττους</span> <span class='ocrx_word' id='word_1_163' title='bbox 1137 2266 1348 2318; x_wconf 83' lang='grc' dir='ltr'>ἐκείνου</span> <span class='ocrx_word' id='word_1_164' title='bbox 1395 2267 1629 2334; x_wconf 80' lang='grc' dir='ltr'>φανῆναι</span> <span class='ocrx_word' id='word_1_165' title='bbox 1666 2265 1865 2336; x_wconf 81' lang='grc' dir='ltr'>πολλῷ,</span> <span class='ocrx_word' id='word_1_166' title='bbox 1897 2266 1991 2322; x_wconf 72' lang='grc' dir='ltr'>καὶ</span> <span class='ocrx_word' id='word_1_167' title='bbox 2033 2265 2107 2338; x_wconf 81' lang='grc' dir='ltr'>μὴ</span> 
     </span>
    </p>
   </div>
   <div class='ocr_carea' id='block_1_25' title="bbox 522 2342 2109 2420">
    <p class='ocr_par' dir='ltr' id='par_1_25' title="bbox 522 2342 2109 2420">
     <span class='ocr_line' id='line_1_25' title="bbox 522 2342 2109 2420; baseline 0.005 -26"><span class='ocrx_word' id='word_1_168' title='bbox 522 2342 684 2412; x_wconf 89' lang='grc' dir='ltr'>μόνον</span> <span class='ocrx_word' id='word_1_169' title='bbox 717 2346 824 2397; x_wconf 88' lang='grc' dir='ltr'>τῶν</span> <span class='ocrx_word' id='word_1_170' title='bbox 871 2349 1387 2419; x_wconf 79' lang='grc' dir='ltr'>συγκεχωρημένων</span> <span class='ocrx_word' id='word_1_171' title='bbox 1444 2348 1518 2420; x_wconf 82' lang='grc' dir='ltr'>μὴ</span> <span class='ocrx_word' id='word_1_172' title='bbox 1552 2349 1800 2416; x_wconf 88' lang='grc' dir='ltr'>γίνεσθαι</span> <span class='ocrx_word' id='word_1_173' title='bbox 1848 2348 2109 2419; x_wconf 88' lang='grc' dir='ltr'>ὑψηλοτέ-</span> 
     </span>
    </p>
   </div>
   <div class='ocr_carea' id='block_1_26' title="bbox 522 2430 2107 2502">
    <p class='ocr_par' dir='ltr' id='par_1_26' title="bbox 522 2430 2107 2502">
     <span class='ocr_line' id='line_1_26' title="bbox 522 2430 2107 2502; baseline 0.003 -22"><span class='ocrx_word' id='word_1_174' title='bbox 522 2444 671 2498; x_wconf 86' lang='grc' dir='ltr'>ρους,</span> <span class='ocrx_word' id='word_1_175' title='bbox 706 2430 958 2502; x_wconf 89' lang='grc' dir='ltr'>καθάπερ</span> <span class='ocrx_word' id='word_1_176' title='bbox 991 2433 1218 2495; x_wconf 80' lang='grc' dir='ltr'>ἐκεῖνος,</span> <span class='ocrx_word' id='word_1_177' title='bbox 1267 2432 1402 2486; x_wconf 91' lang='grc' dir='ltr'>ἀλλά</span> <span class='ocrx_word' id='word_1_178' title='bbox 1433 2433 1527 2485; x_wconf 73' lang='grc' dir='ltr'>καὶ</span> <span class='ocrx_word' id='word_1_179' title='bbox 1559 2433 1668 2485; x_wconf 90' lang='grc' dir='ltr'>τῶν</span> <span class='ocrx_word' id='word_1_180' title='bbox 1714 2433 2107 2501; x_wconf 82' lang='grc' dir='ltr'>κεκωλυμένων</span> 
     </span>
    </p>
   </div>
   <div class='ocr_carea' id='block_1_27' title="bbox 518 2513 2107 2587">
    <p class='ocr_par' dir='ltr' id='par_1_27' title="bbox 518 2513 2107 2587">
     <span class='ocr_line' id='line_1_27' title="bbox 518 2513 2107 2587; baseline 0.003 -24"><span class='ocrx_word' id='word_1_181' title='bbox 518 2513 612 2564; x_wconf 78' lang='grc' dir='ltr'>καὶ</span> <span class='ocrx_word' id='word_1_182' title='bbox 640 2514 910 2583; x_wconf 81' lang='grc' dir='ltr'>τιμωρίαν</span> <span class='ocrx_word' id='word_1_183' title='bbox 959 2516 1190 2584; x_wconf 81' lang='grc' dir='ltr'>ἐχόντων</span> <span class='ocrx_word' id='word_1_184' title='bbox 1240 2516 1515 2587; x_wconf 82' lang='grc' dir='ltr'>ἀφόρητον</span> <span class='ocrx_word' id='word_1_185' title='bbox 1544 2515 1849 2579; x_wconf 78' lang='grc' dir='ltr'>ἀπτεσθαις</span> <span class='ocrx_word' id='word_1_186' title='bbox 1895 2517 1968 2568; x_wconf 89' lang='grc' dir='ltr'>Τὸ</span> <span class='ocrx_word' id='word_1_187' title='bbox 1998 2516 2107 2586; x_wconf 85' lang='grc' dir='ltr'>γάρ</span> 
     </span>
    </p>
   </div>
   <div class='ocr_carea' id='block_1_28' title="bbox 518 2594 2108 2669">
    <p class='ocr_par' dir='ltr' id='par_1_28' title="bbox 518 2594 2108 2669">
     <span class='ocr_line' id='line_1_28' title="bbox 518 2594 2108 2669; baseline 0.003 -24"><span class='ocrx_word' id='word_1_188' title='bbox 518 2594 696 2664; x_wconf 77' lang='grc' dir='ltr'>ἔρωτα</span> <span class='ocrx_word' id='word_1_189' title='bbox 727 2597 784 2647; x_wconf 87' lang='grc' dir='ltr'>ὲν</span> <span class='ocrx_word' id='word_1_190' title='bbox 812 2599 877 2666; x_wconf 82' lang='grc' dir='ltr'>τῇ</span> <span class='ocrx_word' id='word_1_191' title='bbox 909 2596 1053 2667; x_wconf 84' lang='grc' dir='ltr'>ψυχῇ</span> <span class='ocrx_word' id='word_1_192' title='bbox 1091 2599 1326 2669; x_wconf 86' lang='grc' dir='ltr'>πονηρὸν</span> <span class='ocrx_word' id='word_1_193' title='bbox 1355 2600 1598 2669; x_wconf 79' lang='grc' dir='ltr'>τρέφειν,</span> <span class='ocrx_word' id='word_1_194' title='bbox 1635 2601 1728 2652; x_wconf 74' lang='grc' dir='ltr'>καὶ</span> <span class='ocrx_word' id='word_1_195' title='bbox 1756 2598 1892 2669; x_wconf 82' lang='grc' dir='ltr'>πρὸς</span> <span class='ocrx_word' id='word_1_196' title='bbox 1921 2598 2108 2652; x_wconf 82' lang='grc' dir='ltr'>ἐπιθυ-</span> 
     </span>
    </p>
   </div>
   <div class='ocr_carea' id='block_1_29' title="bbox 520 2678 2108 2752">
    <p class='ocr_par' dir='ltr' id='par_1_29' title="bbox 520 2678 2108 2752">
     <span class='ocr_line' id='line_1_29' title="bbox 520 2678 2108 2752; baseline 0.003 -22"><span class='ocrx_word' id='word_1_197' title='bbox 520 2678 651 2749; x_wconf 88' lang='grc' dir='ltr'>μίαν</span> <span class='ocrx_word' id='word_1_198' title='bbox 687 2680 818 2752; x_wconf 84' lang='grc' dir='ltr'>ὀρᾷν</span> <span class='ocrx_word' id='word_1_199' title='bbox 841 2684 1095 2749; x_wconf 86' lang='grc' dir='ltr'>γυναῖκα,</span> <span class='ocrx_word' id='word_1_200' title='bbox 1124 2683 1216 2734; x_wconf 69' lang='grc' dir='ltr'>καὶ¹</span> <span class='ocrx_word' id='word_1_201' title='bbox 1249 2682 1688 2752; x_wconf 82' lang='grc' dir='ltr'>καταμανθάνειν</span> <span class='ocrx_word' id='word_1_202' title='bbox 1725 2683 1920 2746; x_wconf 87' lang='grc' dir='ltr'>κάλλος</span> <span class='ocrx_word' id='word_1_203' title='bbox 1951 2682 2108 2735; x_wconf 85' lang='grc' dir='ltr'>ἀλλό-</span> 
     </span>
    </p>
   </div>
   <div class='ocr_carea' id='block_1_30' title="bbox 518 2764 2108 2835">
    <p class='ocr_par' dir='ltr' id='par_1_30' title="bbox 518 2764 2108 2835">
     <span class='ocr_line' id='line_1_30' title="bbox 518 2764 2108 2835; baseline 0.004 -22"><span class='ocrx_word' id='word_1_204' title='bbox 518 2778 689 2831; x_wconf 87' lang='grc' dir='ltr'>τριον,</span> <span class='ocrx_word' id='word_1_205' title='bbox 741 2764 834 2816; x_wconf 68' lang='grc' dir='ltr'>καί⁸</span> <span class='ocrx_word' id='word_1_206' title='bbox 891 2765 1274 2834; x_wconf 88' lang='grc' dir='ltr'>καταισχύνειν</span> <span class='ocrx_word' id='word_1_207' title='bbox 1333 2766 1434 2835; x_wconf 82' lang='grc' dir='ltr'>μὲν</span> <span class='ocrx_word' id='word_1_208' title='bbox 1483 2765 1696 2830; x_wconf 79' lang='grc' dir='ltr'>ἐαυτὸν,</span> <span class='ocrx_word' id='word_1_209' title='bbox 1751 2765 2016 2835; x_wconf 86' lang='grc' dir='ltr'>βλάπτειν</span> <span class='ocrx_word' id='word_1_210' title='bbox 2049 2766 2108 2819; x_wconf 84' lang='grc' dir='ltr'>δὲ</span> 
     </span>
    </p>
   </div>
   <div class='ocr_carea' id='block_1_31' title="bbox 518 2846 2107 2922">
    <p class='ocr_par' dir='ltr' id='par_1_31' title="bbox 518 2846 2107 2922">
     <span class='ocr_line' id='line_1_31' title="bbox 518 2846 2107 2922; baseline 0.004 -25"><span class='ocrx_word' id='word_1_211' title='bbox 518 2846 644 2908; x_wconf 81' lang='grc' dir='ltr'>τοὺς</span> <span class='ocrx_word' id='word_1_212' title='bbox 673 2847 1125 2918; x_wconf 79' lang='grc' dir='ltr'>ἀσθενεστέρους,</span> <span class='ocrx_word' id='word_1_213' title='bbox 1171 2850 1266 2901; x_wconf 80' lang='grc' dir='ltr'>καὶ</span> <span class='ocrx_word' id='word_1_214' title='bbox 1316 2848 1517 2913; x_wconf 84' lang='grc' dir='ltr'>πολλάς</span> <span class='ocrx_word' id='word_1_215' title='bbox 1568 2849 1667 2920; x_wconf 80' lang='grc' dir='ltr'>μὲν</span> <span class='ocrx_word' id='word_1_216' title='bbox 1700 2850 1928 2921; x_wconf 81' lang='grc' dir='ltr'>Ἕλλησι</span> <span class='ocrx_word' id='word_1_217' title='bbox 1963 2867 2107 2922; x_wconf 86' lang='grc' dir='ltr'>παρ-</span> 
     </span>
    </p>
   </div>
   <div class='ocr_carea' id='block_1_32' title="bbox 519 2928 2106 2998">
    <p class='ocr_par' dir='ltr' id='par_1_32' title="bbox 519 2928 2106 2998">
     <span class='ocr_line' id='line_1_32' title="bbox 519 2928 2106 2998; baseline 0.005 -20"><span class='ocrx_word' id='word_1_218' title='bbox 519 2928 664 2996; x_wconf 89' lang='grc' dir='ltr'>έχειν</span> <span class='ocrx_word' id='word_1_219' title='bbox 705 2929 905 2994; x_wconf 84' lang='grc' dir='ltr'>λαϐάς,</span> <span class='ocrx_word' id='word_1_220' title='bbox 952 2931 1150 2993; x_wconf 73' lang='grc' dir='ltr'>πολλάς</span> <span class='ocrx_word' id='word_1_221' title='bbox 1178 2931 1234 2985; x_wconf 89' lang='grc' dir='ltr'>δὲ</span> <span class='ocrx_word' id='word_1_222' title='bbox 1271 2931 1574 2998; x_wconf 86' lang='grc' dir='ltr'>Ἰουδαίοις,</span> <span class='ocrx_word' id='word_1_223' title='bbox 1617 2933 1711 2985; x_wconf 88' lang='grc' dir='ltr'>καί</span> <span class='ocrx_word' id='word_1_224' title='bbox 1757 2932 1884 2996; x_wconf 89' lang='grc' dir='ltr'>τούς</span> <span class='ocrx_word' id='word_1_225' title='bbox 1919 2949 1979 2985; x_wconf 90' lang='grc' dir='ltr'>τε</span> <span class='ocrx_word' id='word_1_226' title='bbox 2027 2935 2106 2986; x_wconf 76' lang='grc' dir='ltr'>οἰ-</span> 
     </span>
    </p>
   </div>
   <div class='ocr_carea' id='block_1_33' title="bbox 520 3011 2103 3087">
    <p class='ocr_par' dir='ltr' id='par_1_33' title="bbox 520 3011 2103 3087">
     <span class='ocr_line' id='line_1_33' title="bbox 520 3011 2103 3087; baseline 0.003 -23"><span class='ocrx_word' id='word_1_227' title='bbox 520 3011 700 3075; x_wconf 89' lang='grc' dir='ltr'>κείους</span> <span class='ocrx_word' id='word_1_228' title='bbox 736 3015 862 3077; x_wconf 88' lang='grc' dir='ltr'>τούς</span> <span class='ocrx_word' id='word_1_229' title='bbox 895 3031 953 3066; x_wconf 91' lang='grc' dir='ltr'>τε</span> <span class='ocrx_word' id='word_1_230' title='bbox 985 3015 1299 3086; x_wconf 86' lang='grc' dir='ltr'>ἀλλοτρίους</span> <span class='ocrx_word' id='word_1_231' title='bbox 1328 3015 1732 3081; x_wconf 68' lang='grc' dir='ltr'>ὑποσκελίζειν,</span> <span class='ocrx_word' id='word_1_232' title='bbox 1774 3017 1867 3070; x_wconf 74' lang='grc' dir='ltr'>καὶ</span> <span class='ocrx_word' id='word_1_233' title='bbox 1901 3016 2103 3087; x_wconf 81' lang='grc' dir='ltr'>πολλὴν</span> 
     </span>
    </p>
   </div>
   <div class='ocr_carea' id='block_1_34' title="bbox 519 3094 2104 3172">
    <p class='ocr_par' dir='ltr' id='par_1_34' title="bbox 519 3094 2104 3172">
     <span class='ocr_line' id='line_1_34' title="bbox 519 3094 2104 3172; baseline 0.003 -25"><span class='ocrx_word' id='word_1_234' title='bbox 519 3094 619 3164; x_wconf 83' lang='grc' dir='ltr'>τῆς</span> <span class='ocrx_word' id='word_1_235' title='bbox 650 3095 744 3149; x_wconf 90' lang='grc' dir='ltr'>τοῦ</span> <span class='ocrx_word' id='word_1_236' title='bbox 776 3097 911 3150; x_wconf 80' lang='grc' dir='ltr'>Θεοῦ</span> <span class='ocrx_word' id='word_1_237' title='bbox 946 3098 1106 3168; x_wconf 79' lang='grc' dir='ltr'>δόξης</span> <span class='ocrx_word' id='word_1_238' title='bbox 1142 3097 1578 3162; x_wconf 71' lang='grc' dir='ltr'>κατασκευάζειν</span> <span class='ocrx_word' id='word_1_239' title='bbox 1604 3099 1972 3172; x_wconf 79' lang='grc' dir='ltr'>βλασφημίαν,</span> <span class='ocrx_word' id='word_1_240' title='bbox 2011 3103 2104 3154; x_wconf 74' lang='grc' dir='ltr'>καὶ</span> 
     </span>
    </p>
   </div>
   <div class='ocr_carea' id='block_1_35' title="bbox 517 3179 2102 3255">
    <p class='ocr_par' dir='ltr' id='par_1_35' title="bbox 517 3179 2102 3255">
     <span class='ocr_line' id='line_1_35' title="bbox 517 3179 2102 3255; baseline 0.003 -23"><span class='ocrx_word' id='word_1_241' title='bbox 517 3179 904 3251; x_wconf 82' lang='grc' dir='ltr'>δουλοπρεπεῖς</span> <span class='ocrx_word' id='word_1_242' title='bbox 945 3181 1301 3252; x_wconf 77' lang='grc' dir='ltr'>ἀναδέχεσθαι</span> <span class='ocrx_word' id='word_1_243' title='bbox 1353 3183 1657 3250; x_wconf 86' lang='grc' dir='ltr'>διακονίας,</span> <span class='ocrx_word' id='word_1_244' title='bbox 1705 3185 1968 3255; x_wconf 76' lang='grc' dir='ltr'>καὶπρὸς</span> <span class='ocrx_word' id='word_1_245' title='bbox 2012 3184 2102 3237; x_wconf 83' lang='grc' dir='ltr'>τὸν</span> 
     </span>
    </p>
   </div>
   <div class='ocr_carea' id='block_1_36' title="bbox 518 3261 2098 3337">
    <p class='ocr_par' dir='ltr' id='par_1_36' title="bbox 518 3261 2098 3337">
     <span class='ocr_line' id='line_1_36' title="bbox 518 3261 2098 3337; baseline 0.003 -23"><span class='ocrx_word' id='word_1_246' title='bbox 518 3261 627 3315; x_wconf 89' lang='grc' dir='ltr'>τῶν</span> <span class='ocrx_word' id='word_1_247' title='bbox 659 3263 924 3333; x_wconf 83' lang='grc' dir='ltr'>βιωτικῶν</span> <span class='ocrx_word' id='word_1_248' title='bbox 952 3267 1294 3336; x_wconf 82' lang='grc' dir='ltr'>πραγμάτων</span> <span class='ocrx_word' id='word_1_249' title='bbox 1325 3265 1550 3337; x_wconf 89' lang='grc' dir='ltr'>θόρυϐον</span> <span class='ocrx_word' id='word_1_250' title='bbox 1574 3268 1802 3331; x_wconf 74' lang='grc' dir='ltr'>ἑαυτοὺς</span> <span class='ocrx_word' id='word_1_251' title='bbox 1831 3267 2098 3331; x_wconf 83' lang='grc' dir='ltr'>εἰσωθεῖν,</span> 
     </span>
    </p>
   </div>
   <div class='ocr_carea' id='block_1_37' title="bbox 520 3346 2103 3423">
    <p class='ocr_par' dir='ltr' id='par_1_37' title="bbox 520 3346 2103 3423">
     <span class='ocr_line' id='line_1_37' title="bbox 520 3346 2103 3423; baseline 0.003 -24"><span class='ocrx_word' id='word_1_252' title='bbox 520 3347 614 3400; x_wconf 82' lang='grc' dir='ltr'>καί</span> <span class='ocrx_word' id='word_1_253' title='bbox 658 3346 757 3418; x_wconf 84' lang='grc' dir='ltr'>τὴν</span> <span class='ocrx_word' id='word_1_254' title='bbox 803 3347 1144 3419; x_wconf 83' lang='grc' dir='ltr'>δωρηθεῖσαν</span> <span class='ocrx_word' id='word_1_255' title='bbox 1175 3351 1307 3421; x_wconf 80' lang='grc' dir='ltr'>ἡμῖν</span> <span class='ocrx_word' id='word_1_256' title='bbox 1357 3350 1671 3419; x_wconf 83' lang='grc' dir='ltr'>ἐλευθερίαν</span> <span class='ocrx_word' id='word_1_257' title='bbox 1714 3352 1998 3422; x_wconf 87' lang='grc' dir='ltr'>προπίνειν</span> <span class='ocrx_word' id='word_1_258' title='bbox 2026 3352 2103 3423; x_wconf 80' lang='grc' dir='ltr'>τῷ</span> 
     </span>
    </p>
   </div>
   <div class='ocr_carea' id='block_1_38' title="bbox 517 3429 2099 3505">
    <p class='ocr_par' dir='ltr' id='par_1_38' title="bbox 517 3429 2099 3505">
     <span class='ocr_line' id='line_1_38' title="bbox 517 3429 2099 3505; baseline 0.004 -23"><span class='ocrx_word' id='word_1_259' title='bbox 517 3429 771 3501; x_wconf 83' lang='grc' dir='ltr'>διαϐόλῳ,</span> <span class='ocrx_word' id='word_1_260' title='bbox 822 3433 918 3484; x_wconf 78' lang='grc' dir='ltr'>καὶ</span> <span class='ocrx_word' id='word_1_261' title='bbox 965 3431 1172 3505; x_wconf 90' lang='grc' dir='ltr'>ταύτης</span> <span class='ocrx_word' id='word_1_262' title='bbox 1219 3433 1611 3505; x_wconf 87' lang='grc' dir='ltr'>χαλεπωτάτην</span> <span class='ocrx_word' id='word_1_263' title='bbox 1673 3434 2099 3489; x_wconf 88' lang='grc' dir='ltr'>ἀντικαταλλάτ-</span> 
     </span>
    </p>
   </div>
   <div class='ocr_carea' id='block_1_39' title="bbox 518 3513 2099 3589">
    <p class='ocr_par' dir='ltr' id='par_1_39' title="bbox 518 3513 2099 3589">
     <span class='ocr_line' id='line_1_39' title="bbox 518 3513 2099 3589; baseline 0.003 -22"><span class='ocrx_word' id='word_1_264' title='bbox 518 3513 705 3568; x_wconf 86' lang='grc' dir='ltr'>τεσθαι</span> <span class='ocrx_word' id='word_1_265' title='bbox 759 3515 1086 3587; x_wconf 88' lang='grc' dir='ltr'>τυραννίδα,</span> <span class='ocrx_word' id='word_1_266' title='bbox 1139 3518 1234 3570; x_wconf 76' lang='grc' dir='ltr'>καὶ</span> <span class='ocrx_word' id='word_1_267' title='bbox 1287 3518 1688 3587; x_wconf 90' lang='grc' dir='ltr'>καταγέλαστον</span> <span class='ocrx_word' id='word_1_268' title='bbox 1744 3521 1842 3589; x_wconf 85' lang='grc' dir='ltr'>μὲν</span> <span class='ocrx_word' id='word_1_269' title='bbox 1888 3519 2059 3588; x_wconf 85' lang='grc' dir='ltr'>φίλοις</span> <span class='ocrx_word' id='word_1_270' title='bbox 2085 3558 2099 3581; x_wconf 95' lang='grc'>,</span> 
     </span>
    </p>
   </div>
   <div class='ocr_carea' id='block_1_40' title="bbox 519 3597 2102 3674">
    <p class='ocr_par' dir='ltr' id='par_1_40' title="bbox 519 3597 2102 3674">
     <span class='ocr_line' id='line_1_40' title="bbox 519 3597 2102 3674; baseline 0.003 -24"><span class='ocrx_word' id='word_1_271' title='bbox 519 3597 882 3651; x_wconf 83' lang='grc' dir='ltr'>ἐπονείδιστον</span> <span class='ocrx_word' id='word_1_272' title='bbox 914 3600 971 3653; x_wconf 80' lang='grc' dir='ltr'>δὲ</span> <span class='ocrx_word' id='word_1_273' title='bbox 1007 3599 1222 3670; x_wconf 78' lang='grc' dir='ltr'>ἐχθροῖς</span> <span class='ocrx_word' id='word_1_274' title='bbox 1261 3597 1424 3668; x_wconf 79' lang='grc' dir='ltr'>εἶναι,</span> <span class='ocrx_word' id='word_1_275' title='bbox 1467 3604 1561 3656; x_wconf 74' lang='grc' dir='ltr'>καὶ</span> <span class='ocrx_word' id='word_1_276' title='bbox 1597 3604 1840 3674; x_wconf 83' lang='grc' dir='ltr'>πονηρὰν</span> <span class='ocrx_word' id='word_1_277' title='bbox 1887 3604 1985 3674; x_wconf 83' lang='grc' dir='ltr'>μὲν</span> <span class='ocrx_word' id='word_1_278' title='bbox 2023 3605 2102 3674; x_wconf 80' lang='grc' dir='ltr'>τῷ</span> 
     </span>
    </p>
   </div>
   <div class='ocr_carea' id='block_1_41' title="bbox 518 3682 2103 3756">
    <p class='ocr_par' dir='ltr' id='par_1_41' title="bbox 518 3682 2103 3756">
     <span class='ocr_line' id='line_1_41' title="bbox 518 3682 2103 3756; baseline 0.001 -20"><span class='ocrx_word' id='word_1_279' title='bbox 518 3682 685 3753; x_wconf 86' lang='grc' dir='ltr'>κοινῷ</span> <span class='ocrx_word' id='word_1_280' title='bbox 711 3683 811 3754; x_wconf 84' lang='grc' dir='ltr'>τῆς</span> <span class='ocrx_word' id='word_1_281' title='bbox 847 3684 1178 3755; x_wconf 86' lang='grc' dir='ltr'>Ἐκκλησίας</span> <span class='ocrx_word' id='word_1_282' title='bbox 1221 3685 1645 3756; x_wconf 89' lang='grc' dir='ltr'>προστρίϐεσθαι</span> <span class='ocrx_word' id='word_1_283' title='bbox 1689 3687 1869 3753; x_wconf 79' lang='grc' dir='ltr'>δόξαν,</span> <span class='ocrx_word' id='word_1_284' title='bbox 1912 3704 2103 3740; x_wconf 87' lang='grc' dir='ltr'>καται-</span> 
     </span>
    </p>
   </div>
   <div class='ocr_carea' id='block_1_42' title="bbox 521 3765 2102 3840">
    <p class='ocr_par' dir='ltr' id='par_1_42' title="bbox 521 3765 2102 3840">
     <span class='ocr_line' id='line_1_42' title="bbox 521 3765 2102 3840; baseline 0.004 -22"><span class='ocrx_word' id='word_1_285' title='bbox 521 3765 840 3836; x_wconf 81' lang='grc' dir='ltr'>σχύνειν-δὲ</span> <span class='ocrx_word' id='word_1_286' title='bbox 889 3768 950 3820; x_wconf 86' lang='grc' dir='ltr'>τὸ</span> <span class='ocrx_word' id='word_1_287' title='bbox 989 3769 1188 3839; x_wconf 78' lang='grc' dir='ltr'>σεμνὸν</span> <span class='ocrx_word' id='word_1_288' title='bbox 1218 3770 1319 3838; x_wconf 84' lang='grc' dir='ltr'>τῆς</span> <span class='ocrx_word' id='word_1_289' title='bbox 1373 3770 1671 3838; x_wconf 88' lang='grc' dir='ltr'>παρθενίας</span> <span class='ocrx_word' id='word_1_290' title='bbox 1725 3771 1960 3840; x_wconf 81' lang='grc' dir='ltr'>ἀξίωμα,</span> <span class='ocrx_word' id='word_1_291' title='bbox 2007 3773 2102 3824; x_wconf 77' lang='grc' dir='ltr'>καὶ</span> 
     </span>
    </p>
   </div>
   <div class='ocr_carea' id='block_1_43' title="bbox 519 3850 2100 3925">
    <p class='ocr_par' dir='ltr' id='par_1_43' title="bbox 519 3850 2100 3925">
     <span class='ocr_line' id='line_1_43' title="bbox 519 3850 2100 3925; baseline 0.003 -23"><span class='ocrx_word' id='word_1_292' title='bbox 519 3852 632 3911; x_wconf 88' lang='grc' dir='ltr'>τοῖς</span> <span class='ocrx_word' id='word_1_293' title='bbox 666 3850 1005 3918; x_wconf 90' lang='grc' dir='ltr'>ἀσελγαίνειν</span> <span class='ocrx_word' id='word_1_294' title='bbox 1045 3851 1390 3922; x_wconf 78' lang='grc' dir='ltr'>βουλομένοις</span> <span class='ocrx_word' id='word_1_295' title='bbox 1426 3853 1624 3916; x_wconf 85' lang='grc' dir='ltr'>πολλάς</span> <span class='ocrx_word' id='word_1_296' title='bbox 1663 3855 1921 3924; x_wconf 86' lang='grc' dir='ltr'>παρέχειν</span> <span class='ocrx_word' id='word_1_297' title='bbox 1966 3872 2100 3925; x_wconf 91' lang='grc' dir='ltr'>προ-</span> 
     </span>
    </p>
   </div>
   <div class='ocr_carea' id='block_1_44' title="bbox 522 3931 2100 4005">
    <p class='ocr_par' dir='ltr' id='par_1_44' title="bbox 522 3931 2100 4005">
     <span class='ocr_line' id='line_1_44' title="bbox 522 3931 2100 4005; baseline 0.004 -21"><span class='ocrx_word' id='word_1_298' title='bbox 522 3931 736 4000; x_wconf 86' lang='grc' dir='ltr'>φάσεις,</span> <span class='ocrx_word' id='word_1_299' title='bbox 784 3934 878 3986; x_wconf 73' lang='grc' dir='ltr'>καὶ</span> <span class='ocrx_word' id='word_1_300' title='bbox 927 3934 1092 4005; x_wconf 72' lang='grc' dir='ltr'>ἕτερα</span> <span class='ocrx_word' id='word_1_301' title='bbox 1131 3935 1354 3989; x_wconf 86' lang='grc' dir='ltr'>πλείονα</span> <span class='ocrx_word' id='word_1_302' title='bbox 1415 3937 1620 3990; x_wconf 91' lang='grc' dir='ltr'>τούτων</span> <span class='ocrx_word' id='word_1_303' title='bbox 1669 3939 2100 4002; x_wconf 66' lang='grc' dir='ltr'>κατασκευάζειν</span> 
     </span>
    </p>
   </div>
   <div class='ocr_carea' id='block_1_45' title="bbox 518 4015 2098 4093">
    <p class='ocr_par' dir='ltr' id='par_1_45' title="bbox 518 4015 2098 4093">
     <span class='ocr_line' id='line_1_45' title="bbox 518 4015 2098 4093; baseline 0.006 -27"><span class='ocrx_word' id='word_1_304' title='bbox 518 4015 666 4068; x_wconf 84' lang='grc' dir='ltr'>δεινά</span> <span class='ocrx_word' id='word_1_305' title='bbox 711 4017 950 4086; x_wconf 78' lang='grc' dir='ltr'>(ᾶπαντα</span> <span class='ocrx_word' id='word_1_306' title='bbox 991 4018 1100 4088; x_wconf 78' lang='grc' dir='ltr'>γάρ</span> <span class='ocrx_word' id='word_1_307' title='bbox 1141 4018 1265 4072; x_wconf 77' lang='grc' dir='ltr'>οὔτε</span> <span class='ocrx_word' id='word_1_308' title='bbox 1297 4021 1548 4082; x_wconf 88' lang='grc' dir='ltr'>συνιδεῖν,</span> <span class='ocrx_word' id='word_1_309' title='bbox 1577 4019 1700 4073; x_wconf 80' lang='grc' dir='ltr'>οὐτε</span> <span class='ocrx_word' id='word_1_310' title='bbox 1730 4019 1874 4092; x_wconf 82' lang='grc' dir='ltr'>λόγῳ</span> <span class='ocrx_word' id='word_1_311' title='bbox 1926 4040 2098 4093; x_wconf 84' lang='grc' dir='ltr'>παρα-</span> 
     </span>
    </p>
   </div>
   <div class='ocr_carea' id='block_1_46' title="bbox 521 4100 2100 4175">
    <p class='ocr_par' dir='ltr' id='par_1_46' title="bbox 521 4100 2100 4175">
     <span class='ocr_line' id='line_1_46' title="bbox 521 4100 2100 4175; baseline 0.004 -24"><span class='ocrx_word' id='word_1_312' title='bbox 521 4101 717 4170; x_wconf 87' lang='grc' dir='ltr'>στῆσαι</span> <span class='ocrx_word' id='word_1_313' title='bbox 765 4100 1012 4166; x_wconf 86' lang='grc' dir='ltr'>δυνατὸν,</span> <span class='ocrx_word' id='word_1_314' title='bbox 1060 4103 1160 4156; x_wconf 86' lang='grc' dir='ltr'>ὅσα</span> <span class='ocrx_word' id='word_1_315' title='bbox 1215 4103 1303 4156; x_wconf 86' lang='grc' dir='ltr'>διά</span> <span class='ocrx_word' id='word_1_316' title='bbox 1359 4105 1467 4156; x_wconf 90' lang='grc' dir='ltr'>τῶν</span> <span class='ocrx_word' id='word_1_317' title='bbox 1526 4105 1868 4175; x_wconf 86' lang='grc' dir='ltr'>πραγμάτων</span> <span class='ocrx_word' id='word_1_318' title='bbox 1923 4107 2100 4160; x_wconf 86' lang='grc' dir='ltr'>αὐτῶν</span> 
     </span>
    </p>
   </div>
   <div class='ocr_carea' id='block_1_47' title="bbox 518 4183 2098 4259">
    <p class='ocr_par' dir='ltr' id='par_1_47' title="bbox 518 4183 2098 4259">
     <span class='ocr_line' id='line_1_47' title="bbox 518 4183 2098 4259; baseline 0.004 -25"><span class='ocrx_word' id='word_1_319' title='bbox 518 4183 894 4254; x_wconf 89' lang='grc' dir='ltr'>ὑπομένουσι),</span> <span class='ocrx_word' id='word_1_320' title='bbox 941 4187 1040 4238; x_wconf 82' lang='grc' dir='ltr'>καὶ</span> <span class='ocrx_word' id='word_1_321' title='bbox 1081 4187 1193 4240; x_wconf 82' lang='grc' dir='ltr'>τῶν</span> <span class='ocrx_word' id='word_1_322' title='bbox 1249 4187 1454 4259; x_wconf 90' lang='grc' dir='ltr'>σφόδρα</span> <span class='ocrx_word' id='word_1_323' title='bbox 1508 4188 1902 4258; x_wconf 79' lang='grc' dir='ltr'>κεκωλυμένων</span> <span class='ocrx_word' id='word_1_324' title='bbox 1951 4190 2098 4250; x_wconf 80' lang='grc' dir='ltr'>ἐστὶ,</span> 
     </span>
    </p>
   </div>
   <div class='ocr_carea' id='block_1_48' title="bbox 519 4266 2103 4342">
    <p class='ocr_par' dir='ltr' id='par_1_48' title="bbox 519 4266 2103 4342">
     <span class='ocr_line' id='line_1_48' title="bbox 519 4266 2103 4342; baseline 0.003 -23"><span class='ocrx_word' id='word_1_325' title='bbox 519 4267 614 4320; x_wconf 77' lang='grc' dir='ltr'>καὶ</span> <span class='ocrx_word' id='word_1_326' title='bbox 655 4266 764 4322; x_wconf 89' lang='grc' dir='ltr'>τῶν</span> <span class='ocrx_word' id='word_1_327' title='bbox 816 4267 1036 4322; x_wconf 84' lang='grc' dir='ltr'>κόλασιν</span> <span class='ocrx_word' id='word_1_328' title='bbox 1090 4269 1325 4338; x_wconf 79' lang='grc' dir='ltr'>ἐχόντων</span> <span class='ocrx_word' id='word_1_329' title='bbox 1377 4270 1676 4342; x_wconf 83' lang='grc' dir='ltr'>ἀφόρητον.</span> <span class='ocrx_word' id='word_1_330' title='bbox 1709 4272 1872 4324; x_wconf 85' lang='grc' dir='ltr'>Ὥστε</span> <span class='ocrx_word' id='word_1_331' title='bbox 1924 4274 1973 4325; x_wconf 85' lang='grc' dir='ltr'>εί</span> <span class='ocrx_word' id='word_1_332' title='bbox 2009 4274 2103 4326; x_wconf 73' lang='grc' dir='ltr'>καὶ</span> 
     </span>
    </p>
   </div>
   <div class='ocr_carea' id='block_1_49' title="bbox 526 4351 2104 4425">
    <p class='ocr_par' dir='ltr' id='par_1_49' title="bbox 526 4351 2104 4425">
     <span class='ocr_line' id='line_1_49' title="bbox 526 4351 2104 4425; baseline 0.003 -21"><span class='ocrx_word' id='word_1_333' title='bbox 526 4351 701 4421; x_wconf 89' lang='grc' dir='ltr'>μικρά</span> <span class='ocrx_word' id='word_1_334' title='bbox 746 4352 833 4416; x_wconf 88' lang='grc' dir='ltr'>τίς</span> <span class='ocrx_word' id='word_1_335' title='bbox 880 4355 1030 4406; x_wconf 89' lang='grc' dir='ltr'>ἐστιν</span> <span class='ocrx_word' id='word_1_336' title='bbox 1081 4355 1279 4425; x_wconf 76' lang='grc' dir='ltr'>ἡδονὴ,</span> <span class='ocrx_word' id='word_1_337' title='bbox 1336 4355 1510 4409; x_wconf 89' lang='grc' dir='ltr'>ταῦτα</span> <span class='ocrx_word' id='word_1_338' title='bbox 1564 4356 1739 4409; x_wconf 82' lang='grc' dir='ltr'>πάντα</span> <span class='ocrx_word' id='word_1_339' title='bbox 1794 4357 2104 4420; x_wconf 83' lang='grc' dir='ltr'>ἀντιθέντες</span> 
     </span>
    </p>
   </div>
   <div class='ocr_carea' id='block_1_50' title="bbox 1181 313 3060 376">
    <p class='ocr_par' dir='ltr' id='par_1_50' title="bbox 1181 313 3060 376">
     <span class='ocr_line' id='line_1_50' title="bbox 1181 313 3060 376; baseline 0.003 -7"><span class='ocrx_word' id='word_1_340' title='bbox 1181 315 1241 369; x_wconf 90' lang='lat' dir='ltr'>S.</span> <span class='ocrx_word' id='word_1_341' title='bbox 1279 313 1566 371; x_wconf 63' lang='lat' dir='ltr'>JOANNIS</span> <span class='ocrx_word' id='word_1_342' title='bbox 1604 315 2097 375; x_wconf 72' lang='lat' dir='ltr'>CIIRYSOSTOMI</span> <span class='ocrx_word' id='word_1_343' title='bbox 2137 317 2462 374; x_wconf 77' lang='lat' dir='ltr'>ARCIIIEP.</span> <span class='ocrx_word' id='word_1_344' title='bbox 2503 316 3060 376; x_wconf 80' lang='lat' dir='ltr'>CONSTANTINUP.</span> 
     </span>
    </p>
   </div>
   <div class='ocr_carea' id='block_1_51' title="bbox 3675 316 3782 374">
    <p class='ocr_par' dir='ltr' id='par_1_51' title="bbox 3675 316 3782 374">
     <span class='ocr_line' id='line_1_51' title="bbox 3675 316 3782 374; baseline 0.009 -1"><span class='ocrx_word' id='word_1_345' title='bbox 3675 316 3782 374; x_wconf 74' lang='lat' dir='ltr'>5N</span> 
     </span>
    </p>
   </div>
   <div class='ocr_carea' id='block_1_52' title="bbox 2205 431 3788 509">
    <p class='ocr_par' dir='ltr' id='par_1_52' title="bbox 2205 431 3788 509">
     <span class='ocr_line' id='line_1_52' title="bbox 2205 431 3788 509; baseline -0.003 -20"><span class='ocrx_word' id='word_1_346' title='bbox 2205 437 2410 509; x_wconf 81' lang='grc' dir='ltr'>ἐκείνῃ,</span> <span class='ocrx_word' id='word_1_347' title='bbox 2442 437 2532 490; x_wconf 85' lang='grc' dir='ltr'>τόν</span> <span class='ocrx_word' id='word_1_348' title='bbox 2565 436 2799 505; x_wconf 87' lang='grc' dir='ltr'>γέλωτα,</span> <span class='ocrx_word' id='word_1_349' title='bbox 2845 434 2944 506; x_wconf 81' lang='grc' dir='ltr'>τὴν</span> <span class='ocrx_word' id='word_1_350' title='bbox 2989 431 3276 504; x_wconf 88' lang='grc' dir='ltr'>αἰσχύνην,</span> <span class='ocrx_word' id='word_1_351' title='bbox 3309 432 3410 504; x_wconf 79' lang='grc' dir='ltr'>τὴν</span> <span class='ocrx_word' id='word_1_352' title='bbox 3433 431 3542 486; x_wconf 82' lang='grc' dir='ltr'>τῶν</span> <span class='ocrx_word' id='word_1_353' title='bbox 3571 431 3788 485; x_wconf 78' lang='grc' dir='ltr'>πολλῶν</span> 
     </span>
    </p>
   </div>
   <div class='ocr_carea' id='block_1_53' title="bbox 2204 515 3783 590">
    <p class='ocr_par' dir='ltr' id='par_1_53' title="bbox 2204 515 3783 590">
     <span class='ocr_line' id='line_1_53' title="bbox 2204 515 3783 590; baseline -0.003 -18"><span class='ocrx_word' id='word_1_354' title='bbox 2204 519 2459 590; x_wconf 78' lang='grc' dir='ltr'>ὑποψίαν,</span> <span class='ocrx_word' id='word_1_355' title='bbox 2489 521 2587 584; x_wconf 89' lang='grc' dir='ltr'>τάς</span> <span class='ocrx_word' id='word_1_356' title='bbox 2623 519 2984 590; x_wconf 84' lang='grc' dir='ltr'>κατηγορίας,</span> <span class='ocrx_word' id='word_1_357' title='bbox 3017 519 3086 572; x_wconf 92' lang='grc' dir='ltr'>τά</span> <span class='ocrx_word' id='word_1_358' title='bbox 3120 517 3449 588; x_wconf 84' lang='grc' dir='ltr'>σκώμματα,</span> <span class='ocrx_word' id='word_1_359' title='bbox 3490 516 3559 570; x_wconf 85' lang='grc' dir='ltr'>τά</span> <span class='ocrx_word' id='word_1_360' title='bbox 3584 515 3783 586; x_wconf 85' lang='grc' dir='ltr'>ὀνείδη,</span> 
     </span>
    </p>
   </div>
   <div class='ocr_carea' id='block_1_54' title="bbox 2203 597 3781 674">
    <p class='ocr_par' dir='ltr' id='par_1_54' title="bbox 2203 597 3781 674">
     <span class='ocr_line' id='line_1_54' title="bbox 2203 597 3781 674; baseline -0.004 -18"><span class='ocrx_word' id='word_1_361' title='bbox 2203 603 2295 656; x_wconf 79' lang='grc' dir='ltr'>τὸν</span> <span class='ocrx_word' id='word_1_362' title='bbox 2318 602 2574 674; x_wconf 81' lang='grc' dir='ltr'>σκώληκα</span> <span class='ocrx_word' id='word_1_363' title='bbox 2595 602 2686 656; x_wconf 81' lang='grc' dir='ltr'>τὸν</span> <span class='ocrx_word' id='word_1_364' title='bbox 2708 603 3084 672; x_wconf 82' lang='grc' dir='ltr'>ἀτελεύτητον,</span> <span class='ocrx_word' id='word_1_365' title='bbox 3106 601 3167 654; x_wconf 83' lang='grc' dir='ltr'>τὸ</span> <span class='ocrx_word' id='word_1_366' title='bbox 3193 601 3382 664; x_wconf 84' lang='grc' dir='ltr'>σκότος</span> <span class='ocrx_word' id='word_1_367' title='bbox 3405 600 3470 651; x_wconf 79' lang='grc' dir='ltr'>τὸ</span> <span class='ocrx_word' id='word_1_368' title='bbox 3494 597 3781 668; x_wconf 82' lang='grc' dir='ltr'>ἐξώτερον,</span> 
     </span>
    </p>
   </div>
   <div class='ocr_carea' id='block_1_55' title="bbox 2204 682 3788 758">
    <p class='ocr_par' dir='ltr' id='par_1_55' title="bbox 2204 682 3788 758">
     <span class='ocr_line' id='line_1_55' title="bbox 2204 682 3788 758; baseline -0.003 -20"><span class='ocrx_word' id='word_1_369' title='bbox 2204 687 2264 739; x_wconf 85' lang='grc' dir='ltr'>τὸ</span> <span class='ocrx_word' id='word_1_370' title='bbox 2294 686 2404 758; x_wconf 91' lang='grc' dir='ltr'>πῦρ</span> <span class='ocrx_word' id='word_1_371' title='bbox 2432 688 2493 740; x_wconf 84' lang='grc' dir='ltr'>τὸ</span> <span class='ocrx_word' id='word_1_372' title='bbox 2519 687 2798 749; x_wconf 81' lang='grc' dir='ltr'>ἄσϐεστον,</span> <span class='ocrx_word' id='word_1_373' title='bbox 2828 686 2926 756; x_wconf 80' lang='grc' dir='ltr'>τὴν</span> <span class='ocrx_word' id='word_1_374' title='bbox 2954 685 3149 753; x_wconf 81' lang='grc' dir='ltr'>θλίψιν,</span> <span class='ocrx_word' id='word_1_375' title='bbox 3180 684 3280 755; x_wconf 81' lang='grc' dir='ltr'>τὴν</span> <span class='ocrx_word' id='word_1_376' title='bbox 3308 682 3691 754; x_wconf 85' lang='grc' dir='ltr'>στενοχωρίαν,</span> <span class='ocrx_word' id='word_1_377' title='bbox 3726 683 3788 734; x_wconf 76' lang='grc' dir='ltr'>τὸ</span> 
     </span>
    </p>
   </div>
   <div class='ocr_carea' id='block_1_56' title="bbox 2206 766 3788 843">
    <p class='ocr_par' dir='ltr' id='par_1_56' title="bbox 2206 766 3788 843">
     <span class='ocr_line' id='line_1_56' title="bbox 2206 766 3788 843; baseline -0.005 -18"><span class='ocrx_word' id='word_1_378' title='bbox 2206 772 2427 843; x_wconf 87' lang='grc' dir='ltr'>βρύγμα</span> <span class='ocrx_word' id='word_1_379' title='bbox 2446 772 2554 825; x_wconf 90' lang='grc' dir='ltr'>τῶν</span> <span class='ocrx_word' id='word_1_380' title='bbox 2577 771 2825 832; x_wconf 83' lang='grc' dir='ltr'>ὀδόντων,</span> <span class='ocrx_word' id='word_1_381' title='bbox 2842 769 2909 823; x_wconf 88' lang='grc' dir='ltr'>τά</span> <span class='ocrx_word' id='word_1_382' title='bbox 2927 769 3102 838; x_wconf 80' lang='grc' dir='ltr'>δεσμὰ</span> <span class='ocrx_word' id='word_1_383' title='bbox 3123 768 3193 822; x_wconf 85' lang='grc' dir='ltr'>τά</span> <span class='ocrx_word' id='word_1_384' title='bbox 3214 769 3406 833; x_wconf 80' lang='grc' dir='ltr'>ἄλυτα,</span> <span class='ocrx_word' id='word_1_385' title='bbox 3421 768 3513 821; x_wconf 80' lang='grc' dir='ltr'>καὶ</span> <span class='ocrx_word' id='word_1_386' title='bbox 3533 766 3788 836; x_wconf 85' lang='grc' dir='ltr'>καθάπερ</span> 
     </span>
    </p>
   </div>
   <div class='ocr_carea' id='block_1_57' title="bbox 2205 849 3790 923">
    <p class='ocr_par' dir='ltr' id='par_1_57' title="bbox 2205 849 3790 923">
     <span class='ocr_line' id='line_1_57' title="bbox 2205 849 3790 923; baseline -0.005 -15"><span class='ocrx_word' id='word_1_387' title='bbox 2205 858 2262 909; x_wconf 85' lang='grc' dir='ltr'>ἐν</span> <span class='ocrx_word' id='word_1_388' title='bbox 2282 855 2576 923; x_wconf 87' lang='grc' dir='ltr'>πλάστιγγι</span> <span class='ocrx_word' id='word_1_389' title='bbox 2592 852 2921 915; x_wconf 77' lang='grc' dir='ltr'>καταθέντες</span> <span class='ocrx_word' id='word_1_390' title='bbox 2937 852 3033 906; x_wconf 79' lang='grc' dir='ltr'>καὶ</span> <span class='ocrx_word' id='word_1_391' title='bbox 3051 851 3272 922; x_wconf 84' lang='grc' dir='ltr'>ἀντιστή</span> <span class='ocrx_word' id='word_1_392' title='bbox 3280 867 3491 914; x_wconf 88' lang='grc' dir='ltr'>σαντες,</span> <span class='ocrx_word' id='word_1_393' title='bbox 3510 849 3790 920; x_wconf 79' lang='grc' dir='ltr'>ἀποπηδή-</span> 
     </span>
    </p>
   </div>
   <div class='ocr_carea' id='block_1_58' title="bbox 2207 932 3789 1008">
    <p class='ocr_par' dir='ltr' id='par_1_58' title="bbox 2207 932 3789 1008">
     <span class='ocr_line' id='line_1_58' title="bbox 2207 932 3789 1008; baseline -0.004 -16"><span class='ocrx_word' id='word_1_394' title='bbox 2207 956 2386 1008; x_wconf 90' lang='grc' dir='ltr'>σωμεν</span> <span class='ocrx_word' id='word_1_395' title='bbox 2408 938 2506 1007; x_wconf 87' lang='grc' dir='ltr'>ὀψὲ</span> <span class='ocrx_word' id='word_1_396' title='bbox 2537 935 2667 1006; x_wconf 88' lang='grc' dir='ltr'>γοῦν</span> <span class='ocrx_word' id='word_1_397' title='bbox 2700 952 2829 988; x_wconf 87' lang='grc' dir='ltr'>ποτε</span> <span class='ocrx_word' id='word_1_398' title='bbox 2851 935 2952 1005; x_wconf 86' lang='grc' dir='ltr'>τῆς</span> <span class='ocrx_word' id='word_1_399' title='bbox 2988 934 3382 1006; x_wconf 85' lang='grc' dir='ltr'>χαλεπωτάτης</span> <span class='ocrx_word' id='word_1_400' title='bbox 3417 935 3510 986; x_wconf 77' lang='grc' dir='ltr'>καὶ</span> <span class='ocrx_word' id='word_1_401' title='bbox 3537 932 3789 1006; x_wconf 81' lang='grc' dir='ltr'>ὀλεθρίας</span> 
     </span>
    </p>
   </div>
   <div class='ocr_carea' id='block_1_59' title="bbox 2203 1015 3788 1091">
    <p class='ocr_par' dir='ltr' id='par_1_59' title="bbox 2203 1015 3788 1091">
     <span class='ocr_line' id='line_1_59' title="bbox 2203 1015 3788 1091; baseline -0.006 -15"><span class='ocrx_word' id='word_1_402' title='bbox 2203 1023 2381 1085; x_wconf 88' lang='grc' dir='ltr'>νόσου,</span> <span class='ocrx_word' id='word_1_403' title='bbox 2427 1022 2516 1073; x_wconf 82' lang='grc' dir='ltr'>ἵνα</span> <span class='ocrx_word' id='word_1_404' title='bbox 2566 1019 2704 1091; x_wconf 84' lang='grc' dir='ltr'>μετὰ</span> <span class='ocrx_word' id='word_1_405' title='bbox 2737 1018 3006 1088; x_wconf 85' lang='grc' dir='ltr'>λαμπρῶν</span> <span class='ocrx_word' id='word_1_406' title='bbox 3058 1017 3382 1087; x_wconf 76' lang='grc' dir='ltr'>ἀπέλθωμεν</span> <span class='ocrx_word' id='word_1_407' title='bbox 3426 1018 3543 1070; x_wconf 83' lang='grc' dir='ltr'>ἐκεῖ</span> <span class='ocrx_word' id='word_1_408' title='bbox 3584 1015 3788 1085; x_wconf 81' lang='grc' dir='ltr'>στεφά-</span> 
     </span>
    </p>
   </div>
   <div class='ocr_carea' id='block_1_60' title="bbox 2205 1097 3788 1172">
    <p class='ocr_par' dir='ltr' id='par_1_60' title="bbox 2205 1097 3788 1172">
     <span class='ocr_line' id='line_1_60' title="bbox 2205 1097 3788 1172; baseline -0.006 -15"><span class='ocrx_word' id='word_1_409' title='bbox 2205 1123 2332 1166; x_wconf 89' lang='grc' dir='ltr'>νων,</span> <span class='ocrx_word' id='word_1_410' title='bbox 2367 1106 2464 1158; x_wconf 79' lang='grc' dir='ltr'>καὶ</span> <span class='ocrx_word' id='word_1_411' title='bbox 2499 1102 2818 1172; x_wconf 88' lang='grc' dir='ltr'>δυνηθῶμεν</span> <span class='ocrx_word' id='word_1_412' title='bbox 2873 1100 3180 1171; x_wconf 80' lang='grc' dir='ltr'>ἐλευθέροις</span> <span class='ocrx_word' id='word_1_413' title='bbox 3227 1101 3459 1168; x_wconf 86' lang='grc' dir='ltr'>στόμασι</span> <span class='ocrx_word' id='word_1_414' title='bbox 3507 1097 3648 1169; x_wconf 79' lang='grc' dir='ltr'>πρὸς</span> <span class='ocrx_word' id='word_1_415' title='bbox 3696 1097 3788 1149; x_wconf 82' lang='grc' dir='ltr'>τὸν</span> 
     </span>
    </p>
   </div>
   <div class='ocr_carea' id='block_1_61' title="bbox 2204 1179 3790 1260">
    <p class='ocr_par' dir='ltr' id='par_1_61' title="bbox 2204 1179 3790 1260">
     <span class='ocr_line' id='line_1_61' title="bbox 2204 1179 3790 1260; baseline -0.006 -18"><span class='ocrx_word' id='word_1_416' title='bbox 2204 1188 2439 1260; x_wconf 81' lang='grc' dir='ltr'>Χριστὸν</span> <span class='ocrx_word' id='word_1_417' title='bbox 2463 1189 2660 1251; x_wconf 84' lang='grc' dir='ltr'>εἰπεῖν,</span> <span class='ocrx_word' id='word_1_418' title='bbox 2692 1187 2775 1239; x_wconf 87' lang='grc' dir='ltr'>ὃτι</span> <span class='ocrx_word' id='word_1_419' title='bbox 2797 1185 2896 1238; x_wconf 89' lang='grc' dir='ltr'>Διά</span> <span class='ocrx_word' id='word_1_420' title='bbox 2931 1184 2992 1238; x_wconf 83' lang='grc' dir='ltr'>σὲ</span> <span class='ocrx_word' id='word_1_421' title='bbox 3026 1185 3121 1236; x_wconf 72' lang='grc' dir='ltr'>καὶ</span> <span class='ocrx_word' id='word_1_422' title='bbox 3143 1182 3240 1253; x_wconf 85' lang='grc' dir='ltr'>τὴν</span> <span class='ocrx_word' id='word_1_423' title='bbox 3269 1181 3425 1247; x_wconf 81' lang='grc' dir='ltr'>δόξαν</span> <span class='ocrx_word' id='word_1_424' title='bbox 3449 1180 3546 1252; x_wconf 84' lang='grc' dir='ltr'>τὴν</span> <span class='ocrx_word' id='word_1_425' title='bbox 3573 1180 3672 1251; x_wconf 79' lang='grc' dir='ltr'>σὴν</span> <span class='ocrx_word' id='word_1_426' title='bbox 3691 1179 3790 1232; x_wconf 70' lang='grc' dir='ltr'>καὶ</span> 
     </span>
    </p>
   </div>
   <div class='ocr_carea' id='block_1_62' title="bbox 2207 1263 3788 1340">
    <p class='ocr_par' dir='ltr' id='par_1_62' title="bbox 2207 1263 3788 1340">
     <span class='ocr_line' id='line_1_62' title="bbox 2207 1263 3788 1340; baseline -0.006 -17"><span class='ocrx_word' id='word_1_427' title='bbox 2207 1269 2496 1340; x_wconf 88' lang='grc' dir='ltr'>συνηθείας</span> <span class='ocrx_word' id='word_1_428' title='bbox 2516 1268 3026 1338; x_wconf 85' lang='grc' dir='ltr'>κατεφρονήσαμεν,</span> <span class='ocrx_word' id='word_1_429' title='bbox 3047 1264 3200 1338; x_wconf 67' lang='grc'>[248]</span> <span class='ocrx_word' id='word_1_430' title='bbox 3224 1265 3317 1318; x_wconf 72' lang='grc' dir='ltr'>καὶ</span> <span class='ocrx_word' id='word_1_431' title='bbox 3331 1263 3526 1333; x_wconf 76' lang='grc' dir='ltr'>ἡδονῆς</span> <span class='ocrx_word' id='word_1_432' title='bbox 3547 1263 3788 1333; x_wconf 85' lang='grc' dir='ltr'>ἐκρατή-</span> 
     </span>
    </p>
   </div>
   <div class='ocr_carea' id='block_1_63' title="bbox 2207 1344 3792 1424">
    <p class='ocr_par' dir='ltr' id='par_1_63' title="bbox 2207 1344 3792 1424">
     <span class='ocr_line' id='line_1_63' title="bbox 2207 1344 3792 1424; baseline -0.008 -16"><span class='ocrx_word' id='word_1_433' title='bbox 2207 1371 2400 1424; x_wconf 90' lang='grc' dir='ltr'>σαμεν,</span> <span class='ocrx_word' id='word_1_434' title='bbox 2435 1351 2530 1406; x_wconf 75' lang='grc' dir='ltr'>καὶ</span> <span class='ocrx_word' id='word_1_435' title='bbox 2560 1352 2658 1422; x_wconf 83' lang='grc' dir='ltr'>τὴν</span> <span class='ocrx_word' id='word_1_436' title='bbox 2695 1350 2873 1420; x_wconf 82' lang='grc' dir='ltr'>ψυχὴν</span> <span class='ocrx_word' id='word_1_437' title='bbox 2901 1349 3199 1420; x_wconf 84' lang='grc' dir='ltr'>ἐθλίψαμεν</span> <span class='ocrx_word' id='word_1_438' title='bbox 3226 1347 3324 1418; x_wconf 82' lang='grc' dir='ltr'>τὴν</span> <span class='ocrx_word' id='word_1_439' title='bbox 3357 1346 3656 1417; x_wconf 79' lang='grc' dir='ltr'>ἡμετέραν,</span> <span class='ocrx_word' id='word_1_440' title='bbox 3691 1344 3792 1397; x_wconf 64' lang='grc' dir='ltr'>καί⁵</span> 
     </span>
    </p>
   </div>
   <div class='ocr_carea' id='block_1_64' title="bbox 2206 1427 3791 1505">
    <p class='ocr_par' dir='ltr' id='par_1_64' title="bbox 2206 1427 3791 1505">
     <span class='ocr_line' id='line_1_64' title="bbox 2206 1427 3791 1505; baseline -0.006 -15"><span class='ocrx_word' id='word_1_441' title='bbox 2206 1439 2386 1490; x_wconf 83' lang='grc' dir='ltr'>πᾶσαν</span> <span class='ocrx_word' id='word_1_442' title='bbox 2426 1435 2609 1505; x_wconf 89' lang='grc' dir='ltr'>φιλίαν</span> <span class='ocrx_word' id='word_1_443' title='bbox 2650 1434 2972 1498; x_wconf 86' lang='grc' dir='ltr'>ἐκϐαλόντες</span> <span class='ocrx_word' id='word_1_444' title='bbox 3017 1433 3113 1485; x_wconf 77' lang='grc' dir='ltr'>καὶ</span> <span class='ocrx_word' id='word_1_445' title='bbox 3143 1429 3436 1502; x_wconf 85' lang='grc' dir='ltr'>πρόληψιν,</span> <span class='ocrx_word' id='word_1_446' title='bbox 3469 1429 3530 1481; x_wconf 84' lang='grc' dir='ltr'>σέ</span> <span class='ocrx_word' id='word_1_447' title='bbox 3559 1430 3658 1482; x_wconf 74' lang='grc' dir='ltr'>καὶ</span> <span class='ocrx_word' id='word_1_448' title='bbox 3697 1427 3791 1480; x_wconf 81' lang='grc' dir='ltr'>τὸν</span> 
     </span>
    </p>
   </div>
   <div class='ocr_carea' id='block_1_65' title="bbox 2207 1513 3790 1588">
    <p class='ocr_par' dir='ltr' id='par_1_65' title="bbox 2207 1513 3790 1588">
     <span class='ocr_line' id='line_1_65' title="bbox 2207 1513 3790 1588; baseline -0.005 -15"><span class='ocrx_word' id='word_1_449' title='bbox 2207 1521 2285 1583; x_wconf 85' lang='grc' dir='ltr'>είς</span> <span class='ocrx_word' id='word_1_450' title='bbox 2317 1523 2376 1572; x_wconf 84' lang='grc' dir='ltr'>σὲ</span> <span class='ocrx_word' id='word_1_451' title='bbox 2413 1519 2578 1572; x_wconf 85' lang='grc' dir='ltr'>πόθον</span> <span class='ocrx_word' id='word_1_452' title='bbox 2608 1518 2862 1571; x_wconf 82' lang='grc' dir='ltr'>ἀπάντων</span> <span class='ocrx_word' id='word_1_453' title='bbox 2894 1516 3382 1588; x_wconf 87' lang='grc' dir='ltr'>προτετιμήκαμεν</span> <span class='ocrx_word' id='word_1_454' title='bbox 3421 1513 3790 1582; x_wconf 81' lang='grc' dir='ltr'>πραγμάτων.</span> 
     </span>
    </p>
   </div>
   <div class='ocr_carea' id='block_1_66' title="bbox 2207 1591 3794 1672">
    <p class='ocr_par' dir='ltr' id='par_1_66' title="bbox 2207 1591 3794 1672">
     <span class='ocr_line' id='line_1_66' title="bbox 2207 1591 3794 1672; baseline -0.008 -15"><span class='ocrx_word' id='word_1_455' title='bbox 2207 1603 2364 1657; x_wconf 80' lang='grc' dir='ltr'>Οὕτω</span> <span class='ocrx_word' id='word_1_456' title='bbox 2407 1601 2516 1672; x_wconf 84' lang='grc' dir='ltr'>γὰρ</span> <span class='ocrx_word' id='word_1_457' title='bbox 2553 1599 2916 1671; x_wconf 83' lang='grc' dir='ltr'>κερδανοῦμεν</span> <span class='ocrx_word' id='word_1_458' title='bbox 2967 1599 3114 1668; x_wconf 80' lang='grc' dir='ltr'>ἡμᾶς</span> <span class='ocrx_word' id='word_1_459' title='bbox 3163 1597 3383 1659; x_wconf 80' lang='grc' dir='ltr'>αὐτοὺς,</span> <span class='ocrx_word' id='word_1_460' title='bbox 3423 1591 3794 1665; x_wconf 83' lang='grc' dir='ltr'>κερδανοῦμεν</span> 
     </span>
    </p>
   </div>
   <div class='ocr_carea' id='block_1_67' title="bbox 2209 1675 3797 1753">
    <p class='ocr_par' dir='ltr' id='par_1_67' title="bbox 2209 1675 3797 1753">
     <span class='ocr_line' id='line_1_67' title="bbox 2209 1675 3797 1753; baseline -0.008 -13"><span class='ocrx_word' id='word_1_461' title='bbox 2209 1687 2267 1740; x_wconf 88' lang='grc' dir='ltr'>δέ</span> <span class='ocrx_word' id='word_1_462' title='bbox 2298 1686 2397 1748; x_wconf 91' lang='grc' dir='ltr'>τάς</span> <span class='ocrx_word' id='word_1_463' title='bbox 2417 1685 2607 1747; x_wconf 89' lang='grc' dir='ltr'>ἀθλίας</span> <span class='ocrx_word' id='word_1_464' title='bbox 2627 1684 2861 1746; x_wconf 87' lang='grc' dir='ltr'>ἐκείνας,</span> <span class='ocrx_word' id='word_1_465' title='bbox 2885 1679 3252 1753; x_wconf 89' lang='grc' dir='ltr'>κερδανοῦμεν</span> <span class='ocrx_word' id='word_1_466' title='bbox 3274 1679 3330 1732; x_wconf 84' lang='grc' dir='ltr'>δέ</span> <span class='ocrx_word' id='word_1_467' title='bbox 3352 1679 3480 1742; x_wconf 84' lang='grc' dir='ltr'>τοὺς</span> <span class='ocrx_word' id='word_1_468' title='bbox 3508 1675 3797 1730; x_wconf 86' lang='grc' dir='ltr'>σκανδαλι-</span> 
     </span>
    </p>
   </div>
   <div class='ocr_carea' id='block_1_68' title="bbox 2210 1762 3792 1840">
    <p class='ocr_par' dir='ltr' id='par_1_68' title="bbox 2210 1762 3792 1840">
     <span class='ocr_line' id='line_1_68' title="bbox 2210 1762 3792 1840; baseline -0.006 -18"><span class='ocrx_word' id='word_1_469' title='bbox 2210 1768 2491 1840; x_wconf 82' lang='grc' dir='ltr'>ζομένους,</span> <span class='ocrx_word' id='word_1_470' title='bbox 2517 1767 2616 1821; x_wconf 75' lang='grc' dir='ltr'>καὶ</span> <span class='ocrx_word' id='word_1_471' title='bbox 2647 1767 2776 1838; x_wconf 87' lang='grc' dir='ltr'>παρ’</span> <span class='ocrx_word' id='word_1_472' title='bbox 2791 1765 2990 1827; x_wconf 76' lang='grc' dir='ltr'>αὐτοὺς</span> <span class='ocrx_word' id='word_1_473' title='bbox 3011 1762 3322 1834; x_wconf 84' lang='grc' dir='ltr'>στησόμεθα</span> <span class='ocrx_word' id='word_1_474' title='bbox 3336 1763 3463 1825; x_wconf 80' lang='grc' dir='ltr'>τοὺς</span> <span class='ocrx_word' id='word_1_475' title='bbox 3481 1762 3792 1832; x_wconf 83' lang='grc' dir='ltr'>μάρτυρας,</span> 
     </span>
    </p>
   </div>
   <div class='ocr_carea' id='block_1_69' title="bbox 2209 1842 3796 1926">
    <p class='ocr_par' dir='ltr' id='par_1_69' title="bbox 2209 1842 3796 1926">
     <span class='ocr_line' id='line_1_69' title="bbox 2209 1842 3796 1926; baseline -0.009 -18"><span class='ocrx_word' id='word_1_476' title='bbox 2209 1855 2304 1908; x_wconf 73' lang='grc' dir='ltr'>καὶ</span> <span class='ocrx_word' id='word_1_477' title='bbox 2345 1854 2443 1926; x_wconf 79' lang='grc' dir='ltr'>τὴν</span> <span class='ocrx_word' id='word_1_478' title='bbox 2469 1851 2693 1923; x_wconf 81' lang='grc' dir='ltr'>πρώτην</span> <span class='ocrx_word' id='word_1_479' title='bbox 2726 1847 3009 1919; x_wconf 80' lang='grc' dir='ltr'>ληψόμεθα</span> <span class='ocrx_word' id='word_1_480' title='bbox 3033 1847 3207 1912; x_wconf 84' lang='grc' dir='ltr'>τάξιν.</span> <span class='ocrx_word' id='word_1_481' title='bbox 3232 1846 3352 1900; x_wconf 87' lang='grc' dir='ltr'>Τῶν</span> <span class='ocrx_word' id='word_1_482' title='bbox 3374 1845 3484 1916; x_wconf 83' lang='grc' dir='ltr'>γάρ</span> <span class='ocrx_word' id='word_1_483' title='bbox 3507 1845 3606 1914; x_wconf 84' lang='grc' dir='ltr'>τὴν</span> <span class='ocrx_word' id='word_1_484' title='bbox 3638 1842 3796 1914; x_wconf 85' lang='grc' dir='ltr'>μεγί-</span> 
     </span>
    </p>
   </div>
   <div class='ocr_carea' id='block_1_70' title="bbox 2210 1926 3796 2007">
    <p class='ocr_par' dir='ltr' id='par_1_70' title="bbox 2210 1926 3796 2007">
     <span class='ocr_line' id='line_1_70' title="bbox 2210 1926 3796 2007; baseline -0.008 -16"><span class='ocrx_word' id='word_1_485' title='bbox 2210 1954 2344 2007; x_wconf 88' lang='grc' dir='ltr'>στην</span> <span class='ocrx_word' id='word_1_486' title='bbox 2359 1935 2708 2007; x_wconf 89' lang='grc' dir='ltr'>ἀθλησάντων</span> <span class='ocrx_word' id='word_1_487' title='bbox 2723 1932 2948 2002; x_wconf 83' lang='grc' dir='ltr'>ἄθλησιν</span> <span class='ocrx_word' id='word_1_488' title='bbox 2968 1931 3204 2002; x_wconf 82' lang='grc' dir='ltr'>ἐκείνην,</span> <span class='ocrx_word' id='word_1_489' title='bbox 3217 1930 3310 1983; x_wconf 80' lang='grc' dir='ltr'>καὶ</span> <span class='ocrx_word' id='word_1_490' title='bbox 3328 1931 3429 1992; x_wconf 88' lang='grc' dir='ltr'>τάς</span> <span class='ocrx_word' id='word_1_491' title='bbox 3453 1926 3796 1999; x_wconf 73' lang='grc' dir='ltr'>καρτερικάς</span> 
     </span>
    </p>
   </div>
   <div class='ocr_carea' id='block_1_71' title="bbox 2208 2011 3800 2089">
    <p class='ocr_par' dir='ltr' id='par_1_71' title="bbox 2208 2011 3800 2089">
     <span class='ocr_line' id='line_1_71' title="bbox 2208 2011 3800 2089; baseline -0.006 -16"><span class='ocrx_word' id='word_1_492' title='bbox 2208 2019 2537 2089; x_wconf 79' lang='grc' dir='ltr'>ἐνεγκόντων</span> <span class='ocrx_word' id='word_1_493' title='bbox 2563 2018 2777 2079; x_wconf 87' lang='grc' dir='ltr'>ὀδύνας,</span> <span class='ocrx_word' id='word_1_494' title='bbox 2807 2017 2908 2070; x_wconf 91' lang='grc' dir='ltr'>οὐκ</span> <span class='ocrx_word' id='word_1_495' title='bbox 2968 2015 3229 2068; x_wconf 88' lang='grc' dir='ltr'>ἐλάττονα</span> <span class='ocrx_word' id='word_1_496' title='bbox 3253 2013 3472 2083; x_wconf 85' lang='grc' dir='ltr'>τίθεμαι</span> <span class='ocrx_word' id='word_1_497' title='bbox 3504 2011 3800 2080; x_wconf 79' lang='grc' dir='ltr'>ἄνθρωπον</span> 
     </span>
    </p>
   </div>
   <div class='ocr_carea' id='block_1_72' title="bbox 2207 2095 3799 2172">
    <p class='ocr_par' dir='ltr' id='par_1_72' title="bbox 2207 2095 3799 2172">
     <span class='ocr_line' id='line_1_72' title="bbox 2207 2095 3799 2172; baseline -0.006 -15"><span class='ocrx_word' id='word_1_498' title='bbox 2207 2103 2300 2157; x_wconf 84' lang='grc' dir='ltr'>τὸν</span> <span class='ocrx_word' id='word_1_499' title='bbox 2329 2101 2600 2172; x_wconf 72' lang='grc' dir='ltr'>ἐπιθυμίᾳ</span> <span class='ocrx_word' id='word_1_500' title='bbox 2627 2099 2993 2170; x_wconf 87' lang='grc' dir='ltr'>κατεχόμενον</span> <span class='ocrx_word' id='word_1_501' title='bbox 3021 2097 3247 2168; x_wconf 75' lang='grc' dir='ltr'>παλαιᾷ,</span> <span class='ocrx_word' id='word_1_502' title='bbox 3266 2098 3360 2150; x_wconf 82' lang='grc' dir='ltr'>καὶ</span> <span class='ocrx_word' id='word_1_503' title='bbox 3383 2099 3441 2150; x_wconf 82' lang='grc' dir='ltr'>ἐν</span> <span class='ocrx_word' id='word_1_504' title='bbox 3468 2095 3662 2166; x_wconf 76' lang='grc' dir='ltr'>ηδίστῃ</span> <span class='ocrx_word' id='word_1_505' title='bbox 3684 2096 3799 2148; x_wconf 76' lang='grc' dir='ltr'>τινὶ</span> 
     </span>
    </p>
   </div>
   <div class='ocr_carea' id='block_1_73' title="bbox 2209 2174 3801 2258">
    <p class='ocr_par' dir='ltr' id='par_1_73' title="bbox 2209 2174 3801 2258">
     <span class='ocr_line' id='line_1_73' title="bbox 2209 2174 3801 2258; baseline -0.006 -18"><span class='ocrx_word' id='word_1_506' title='bbox 2209 2187 2302 2240; x_wconf 72' lang='grc' dir='ltr'>καὶ</span> <span class='ocrx_word' id='word_1_507' title='bbox 2330 2185 2535 2258; x_wconf 79' lang='grc' dir='ltr'>ἀρχαίᾳ</span> <span class='ocrx_word' id='word_1_508' title='bbox 2563 2182 3110 2257; x_wconf 86' lang='grc' dir='ltr'>προκατειλημμένον</span> <span class='ocrx_word' id='word_1_509' title='bbox 3140 2179 3416 2251; x_wconf 81' lang='grc' dir='ltr'>συνηθείᾳ,</span> <span class='ocrx_word' id='word_1_510' title='bbox 3439 2174 3558 2232; x_wconf 81' lang='grc' dir='ltr'>εἶτα</span> <span class='ocrx_word' id='word_1_511' title='bbox 3579 2179 3671 2232; x_wconf 79' lang='grc' dir='ltr'>διά</span> <span class='ocrx_word' id='word_1_512' title='bbox 3703 2179 3801 2232; x_wconf 74' lang='grc' dir='ltr'>τὸν</span> 
     </span>
    </p>
   </div>
   <div class='ocr_carea' id='block_1_74' title="bbox 2207 2261 3805 2338">
    <p class='ocr_par' dir='ltr' id='par_1_74' title="bbox 2207 2261 3805 2338">
     <span class='ocr_line' id='line_1_74' title="bbox 2207 2261 3805 2338; baseline -0.006 -14"><span class='ocrx_word' id='word_1_513' title='bbox 2207 2270 2302 2324; x_wconf 91' lang='grc' dir='ltr'>τοῦ</span> <span class='ocrx_word' id='word_1_514' title='bbox 2318 2270 2454 2323; x_wconf 84' lang='grc' dir='ltr'>Θεοῦ</span> <span class='ocrx_word' id='word_1_515' title='bbox 2479 2268 2644 2338; x_wconf 85' lang='grc' dir='ltr'>φόϐον</span> <span class='ocrx_word' id='word_1_516' title='bbox 2661 2267 3025 2321; x_wconf 85' lang='grc' dir='ltr'>διακόπτοντα</span> <span class='ocrx_word' id='word_1_517' title='bbox 3046 2264 3114 2318; x_wconf 84' lang='grc' dir='ltr'>τὰ</span> <span class='ocrx_word' id='word_1_518' title='bbox 3141 2263 3334 2334; x_wconf 80' lang='grc' dir='ltr'>δεσμά,</span> <span class='ocrx_word' id='word_1_519' title='bbox 3354 2264 3446 2316; x_wconf 75' lang='grc' dir='ltr'>καὶ</span> <span class='ocrx_word' id='word_1_520' title='bbox 3475 2261 3618 2334; x_wconf 79' lang='grc' dir='ltr'>πρὸς</span> <span class='ocrx_word' id='word_1_521' title='bbox 3634 2263 3700 2316; x_wconf 81' lang='grc' dir='ltr'>τὸ</span> <span class='ocrx_word' id='word_1_522' title='bbox 3719 2262 3805 2329; x_wconf 77' lang='grc' dir='ltr'>τῷ</span> 
     </span>
    </p>
   </div>
   <div class='ocr_carea' id='block_1_75' title="bbox 2207 2345 3802 2424">
    <p class='ocr_par' dir='ltr' id='par_1_75' title="bbox 2207 2345 3802 2424">
     <span class='ocr_line' id='line_1_75' title="bbox 2207 2345 3802 2424; baseline -0.006 -17"><span class='ocrx_word' id='word_1_523' title='bbox 2207 2353 2327 2424; x_wconf 86' lang='grc' dir='ltr'><strong>Θεῷ</strong></span> <span class='ocrx_word' id='word_1_524' title='bbox 2346 2352 2536 2406; x_wconf 79' lang='grc' dir='ltr'>δοκοῦν</span> <span class='ocrx_word' id='word_1_525' title='bbox 2557 2350 2942 2422; x_wconf 84' lang='grc' dir='ltr'>ἀνατρέχοντα.</span> <span class='ocrx_word' id='word_1_526' title='bbox 2958 2348 3070 2402; x_wconf 74' lang='grc' dir='ltr'>Καὶ</span> <span class='ocrx_word' id='word_1_527' title='bbox 3085 2346 3193 2418; x_wconf 82' lang='grc' dir='ltr'>γὰρ</span> <span class='ocrx_word' id='word_1_528' title='bbox 3207 2347 3315 2401; x_wconf 91' lang='grc' dir='ltr'>τῶν</span> <span class='ocrx_word' id='word_1_529' title='bbox 3337 2345 3542 2416; x_wconf 81' lang='grc' dir='ltr'>σφόδρα</span> <span class='ocrx_word' id='word_1_530' title='bbox 3565 2345 3687 2398; x_wconf 82' lang='grc' dir='ltr'>ἐστὶ</span> <span class='ocrx_word' id='word_1_531' title='bbox 3705 2364 3802 2415; x_wconf 72' lang='grc' dir='ltr'>χαι</span> 
     </span>
    </p>
   </div>
   <div class='ocr_carea' id='block_1_76' title="bbox 2207 2428 3805 2504">
    <p class='ocr_par' dir='ltr' id='par_1_76' title="bbox 2207 2428 3805 2504">
     <span class='ocr_line' id='line_1_76' title="bbox 2207 2428 3805 2504; baseline -0.005 -14"><span class='ocrx_word' id='word_1_532' title='bbox 2207 2437 2558 2500; x_wconf 90' lang='grc' dir='ltr'>λεπωτάτων,</span> <span class='ocrx_word' id='word_1_533' title='bbox 2581 2433 2923 2504; x_wconf 87' lang='grc' dir='ltr'>συμπάθειάν</span> <span class='ocrx_word' id='word_1_534' title='bbox 2943 2448 3003 2484; x_wconf 86' lang='grc' dir='ltr'>τε</span> <span class='ocrx_word' id='word_1_535' title='bbox 3019 2432 3114 2484; x_wconf 78' lang='grc' dir='ltr'>καὶ</span> <span class='ocrx_word' id='word_1_536' title='bbox 3129 2430 3512 2500; x_wconf 84' lang='grc' dir='ltr'>φιλοστοργίαν</span> <span class='ocrx_word' id='word_1_537' title='bbox 3539 2428 3805 2482; x_wconf 78' lang='grc' dir='ltr'>ἐκϐαλεῖν</span> 
     </span>
    </p>
   </div>
   <div class='ocr_carea' id='block_1_77' title="bbox 2208 2512 3804 2593">
    <p class='ocr_par' dir='ltr' id='par_1_77' title="bbox 2208 2512 3804 2593">
     <span class='ocr_line' id='line_1_77' title="bbox 2208 2512 3804 2593; baseline -0.006 -19"><span class='ocrx_word' id='word_1_538' title='bbox 2208 2521 2442 2593; x_wconf 90' lang='grc' dir='ltr'>ἀρχαίαν</span> <span class='ocrx_word' id='word_1_539' title='bbox 2451 2560 2463 2584; x_wconf 89' lang='grc'>,</span> <span class='ocrx_word' id='word_1_540' title='bbox 2479 2519 2682 2581; x_wconf 76' lang='grc' dir='ltr'>καὶτὰς</span> <span class='ocrx_word' id='word_1_541' title='bbox 2695 2515 3068 2576; x_wconf 88' lang='grc' dir='ltr'>πολυπλόκους</span> <span class='ocrx_word' id='word_1_542' title='bbox 3079 2513 3335 2582; x_wconf 87' lang='grc' dir='ltr'>διακόψαι</span> <span class='ocrx_word' id='word_1_543' title='bbox 3352 2512 3543 2576; x_wconf 76' lang='grc' dir='ltr'>λαϐάς,</span> <span class='ocrx_word' id='word_1_544' title='bbox 3556 2513 3653 2566; x_wconf 76' lang='grc' dir='ltr'>καὶ</span> <span class='ocrx_word' id='word_1_545' title='bbox 3667 2530 3804 2566; x_wconf 81' lang='grc' dir='ltr'>πτε-</span> 
     </span>
    </p>
   </div>
   <div class='ocr_carea' id='block_1_78' title="bbox 2212 2597 3801 2676">
    <p class='ocr_par' dir='ltr' id='par_1_78' title="bbox 2212 2597 3801 2676">
     <span class='ocr_line' id='line_1_78' title="bbox 2212 2597 3801 2676; baseline -0.003 -20"><span class='ocrx_word' id='word_1_546' title='bbox 2212 2605 2502 2676; x_wconf 79' lang='grc' dir='ltr'>ροφυῆσαί,</span> <span class='ocrx_word' id='word_1_547' title='bbox 2517 2605 2610 2656; x_wconf 81' lang='grc' dir='ltr'>καὶ</span> <span class='ocrx_word' id='word_1_548' title='bbox 2631 2601 2766 2674; x_wconf 84' lang='grc' dir='ltr'>πρὸς</span> <span class='ocrx_word' id='word_1_549' title='bbox 2793 2600 2892 2663; x_wconf 88' lang='grc' dir='ltr'>τάς</span> <span class='ocrx_word' id='word_1_550' title='bbox 2916 2599 3204 2670; x_wconf 81' lang='grc' dir='ltr'>οὐρανίους</span> <span class='ocrx_word' id='word_1_551' title='bbox 3219 2598 3411 2668; x_wconf 85' lang='grc' dir='ltr'>ἀψῖδας</span> <span class='ocrx_word' id='word_1_552' title='bbox 3433 2597 3801 2670; x_wconf 84' lang='grc' dir='ltr'>ἀναδραμεῖν.</span> 
     </span>
    </p>
   </div>
   <div class='ocr_carea' id='block_1_79' title="bbox 2209 2681 3802 2758">
    <p class='ocr_par' dir='ltr' id='par_1_79' title="bbox 2209 2681 3802 2758">
     <span class='ocr_line' id='line_1_79' title="bbox 2209 2681 3802 2758; baseline -0.005 -17"><span class='ocrx_word' id='word_1_553' title='bbox 2209 2688 2321 2740; x_wconf 78' lang='grc' dir='ltr'>Καὶ</span> <span class='ocrx_word' id='word_1_554' title='bbox 2337 2686 2589 2758; x_wconf 85' lang='grc' dir='ltr'>καθάπερ</span> <span class='ocrx_word' id='word_1_555' title='bbox 2608 2685 2836 2748; x_wconf 87' lang='grc' dir='ltr'>ἐκείνοις</span> <span class='ocrx_word' id='word_1_556' title='bbox 2850 2683 3047 2754; x_wconf 86' lang='grc' dir='ltr'>δριμὺς</span> <span class='ocrx_word' id='word_1_557' title='bbox 3063 2682 3093 2734; x_wconf 91' lang='grc' dir='ltr'>ὀ</span> <span class='ocrx_word' id='word_1_558' title='bbox 3111 2681 3293 2744; x_wconf 90' lang='grc' dir='ltr'>πόνος,</span> <span class='ocrx_word' id='word_1_559' title='bbox 3311 2681 3455 2734; x_wconf 82' lang='grc' dir='ltr'>οῦτω</span> <span class='ocrx_word' id='word_1_560' title='bbox 3469 2683 3565 2734; x_wconf 77' lang='grc' dir='ltr'>καὶ</span> <span class='ocrx_word' id='word_1_561' title='bbox 3581 2682 3802 2744; x_wconf 84' lang='grc' dir='ltr'>τούτοις</span> 
     </span>
    </p>
   </div>
   <div class='ocr_carea' id='block_1_80' title="bbox 2211 2766 3802 2843">
    <p class='ocr_par' dir='ltr' id='par_1_80' title="bbox 2211 2766 3802 2843">
     <span class='ocr_line' id='line_1_80' title="bbox 2211 2766 3802 2843; baseline -0.005 -17"><span class='ocrx_word' id='word_1_562' title='bbox 2211 2771 2536 2843; x_wconf 89' lang='grc' dir='ltr'>μακροτέρα</span> <span class='ocrx_word' id='word_1_563' title='bbox 2563 2773 2594 2842; x_wconf 86' lang='grc' dir='ltr'>ἠ</span> <span class='ocrx_word' id='word_1_564' title='bbox 2625 2769 2806 2840; x_wconf 88' lang='grc' dir='ltr'>ὀδύνη.</span> <span class='ocrx_word' id='word_1_565' title='bbox 2839 2767 2931 2820; x_wconf 87' lang='grc' dir='ltr'>Διό</span> <span class='ocrx_word' id='word_1_566' title='bbox 2963 2767 3060 2820; x_wconf 69' lang='grc' dir='ltr'>καί¹</span> <span class='ocrx_word' id='word_1_567' title='bbox 3091 2768 3141 2819; x_wconf 84' lang='grc' dir='ltr'>οἰ</span> <span class='ocrx_word' id='word_1_568' title='bbox 3183 2767 3436 2836; x_wconf 88' lang='grc' dir='ltr'>στέφανοι</span> <span class='ocrx_word' id='word_1_569' title='bbox 3469 2766 3632 2819; x_wconf 88' lang='grc' dir='ltr'>πάλιν</span> <span class='ocrx_word' id='word_1_570' title='bbox 3665 2767 3802 2828; x_wconf 74' lang='grc' dir='ltr'>[σοι.</span> 
     </span>
    </p>
   </div>
   <div class='ocr_carea' id='block_1_81' title="bbox 2209 2849 3802 2925">
    <p class='ocr_par' dir='ltr' id='par_1_81' title="bbox 2209 2849 3802 2925">
     <span class='ocr_line' id='line_1_81' title="bbox 2209 2849 3802 2925; baseline -0.004 -17"><span class='ocrx_word' id='word_1_571' title='bbox 2209 2855 2395 2925; x_wconf 86' lang='grc' dir='ltr'>ἐπειδὴ</span> <span class='ocrx_word' id='word_1_572' title='bbox 2425 2854 2520 2907; x_wconf 73' lang='grc' dir='ltr'>καὶ</span> <span class='ocrx_word' id='word_1_573' title='bbox 2544 2855 2612 2907; x_wconf 89' lang='grc' dir='ltr'>τά</span> <span class='ocrx_word' id='word_1_574' title='bbox 2640 2851 2994 2921; x_wconf 88' lang='grc' dir='ltr'>παλαίσματα</span> <span class='ocrx_word' id='word_1_575' title='bbox 3021 2851 3206 2912; x_wconf 82' lang='grc' dir='ltr'>αὐτοῖς</span> <span class='ocrx_word' id='word_1_576' title='bbox 3241 2849 3560 2922; x_wconf 87' lang='grc' dir='ltr'>παράλληλα</span> <span class='ocrx_word' id='word_1_577' title='bbox 3590 2851 3802 2902; x_wconf 86' lang='grc' dir='ltr'>κεῖται.</span> 
     </span>
    </p>
   </div>
   <div class='ocr_carea' id='block_1_82' title="bbox 2210 2931 3805 3008">
    <p class='ocr_par' dir='ltr' id='par_1_82' title="bbox 2210 2931 3805 3008">
     <span class='ocr_line' id='line_1_82' title="bbox 2210 2931 3805 3008; baseline -0.005 -16"><span class='ocrx_word' id='word_1_578' title='bbox 2210 2940 2273 2992; x_wconf 86' lang='grc' dir='ltr'>Εί</span> <span class='ocrx_word' id='word_1_579' title='bbox 2305 2938 2415 3008; x_wconf 86' lang='grc' dir='ltr'>γὰρ</span> <span class='ocrx_word' id='word_1_580' title='bbox 2442 2939 2470 2990; x_wconf 91' lang='grc' dir='ltr'>ὀ</span> <span class='ocrx_word' id='word_1_581' title='bbox 2509 2933 2791 3004; x_wconf 81' lang='grc' dir='ltr'>ἐξαγαγὼν</span> <span class='ocrx_word' id='word_1_582' title='bbox 2819 2934 2998 3006; x_wconf 88' lang='grc' dir='ltr'>τίμιον</span> <span class='ocrx_word' id='word_1_583' title='bbox 3025 2932 3087 2996; x_wconf 80' lang='grc' dir='ltr'>ἐξ</span> <span class='ocrx_word' id='word_1_584' title='bbox 3126 2931 3348 2996; x_wconf 78' lang='grc' dir='ltr'>ἀναξίου</span> <span class='ocrx_word' id='word_1_585' title='bbox 3379 2933 3456 2995; x_wconf 83' lang='grc' dir='ltr'>ὡς</span> <span class='ocrx_word' id='word_1_586' title='bbox 3494 2933 3673 3003; x_wconf 86' lang='grc' dir='ltr'>στόμα</span> <span class='ocrx_word' id='word_1_587' title='bbox 3701 2932 3805 2985; x_wconf 79' lang='grc' dir='ltr'>τοῦ</span> 
     </span>
    </p>
   </div>
   <div class='ocr_carea' id='block_1_83' title="bbox 2208 3011 3804 3084">
    <p class='ocr_par' dir='ltr' id='par_1_83' title="bbox 2208 3011 3804 3084">
     <span class='ocr_line' id='line_1_83' title="bbox 2208 3011 3804 3084; baseline -0.005 -13"><span class='ocrx_word' id='word_1_588' title='bbox 2208 3017 2342 3072; x_wconf 86' lang='grc' dir='ltr'>Θεοῦ</span> <span class='ocrx_word' id='word_1_589' title='bbox 2389 3017 2559 3078; x_wconf 68' lang='grc' dir='ltr'>ἔσται,</span> <span class='ocrx_word' id='word_1_590' title='bbox 2595 3017 2624 3068; x_wconf 91' lang='lat'>6</span> <span class='ocrx_word' id='word_1_591' title='bbox 2656 3015 2752 3068; x_wconf 76' lang='grc' dir='ltr'>καὶ</span> <span class='ocrx_word' id='word_1_592' title='bbox 2779 3013 2969 3068; x_wconf 81' lang='grc' dir='ltr'>ἑαυτὸν</span> <span class='ocrx_word' id='word_1_593' title='bbox 2999 3011 3390 3084; x_wconf 83' lang='grc' dir='ltr'>ἐλευθερώσας,</span> <span class='ocrx_word' id='word_1_594' title='bbox 3419 3013 3511 3065; x_wconf 80' lang='grc' dir='ltr'>καὶ</span> <span class='ocrx_word' id='word_1_595' title='bbox 3560 3012 3804 3083; x_wconf 83' lang='grc' dir='ltr'>μυρίους</span> 
     </span>
    </p>
   </div>
   <div class='ocr_carea' id='block_1_84' title="bbox 2209 3095 3800 3168">
    <p class='ocr_par' dir='ltr' id='par_1_84' title="bbox 2209 3095 3800 3168">
     <span class='ocr_line' id='line_1_84' title="bbox 2209 3095 3800 3168; baseline -0.006 -13"><span class='ocrx_word' id='word_1_596' title='bbox 2209 3101 2399 3163; x_wconf 82' lang='grc' dir='ltr'>ἄλλους</span> <span class='ocrx_word' id='word_1_597' title='bbox 2445 3098 2757 3164; x_wconf 76' lang='grc' dir='ltr'>ἀπαλλάξας</span> <span class='ocrx_word' id='word_1_598' title='bbox 2814 3095 3177 3168; x_wconf 87' lang='grc' dir='ltr'>κατηγορίας,</span> <span class='ocrx_word' id='word_1_599' title='bbox 3219 3095 3472 3166; x_wconf 83' lang='grc' dir='ltr'>ἐννόησον</span> <span class='ocrx_word' id='word_1_600' title='bbox 3514 3096 3640 3148; x_wconf 81' lang='grc' dir='ltr'>ὅσον</span> <span class='ocrx_word' id='word_1_601' title='bbox 3699 3095 3800 3165; x_wconf 73' lang='grc' dir='ltr'>λή-</span> 
     </span>
    </p>
   </div>
   <div class='ocr_carea' id='block_1_85' title="bbox 2207 3178 3806 3254">
    <p class='ocr_par' dir='ltr' id='par_1_85' title="bbox 2207 3178 3806 3254">
     <span class='ocr_line' id='line_1_85' title="bbox 2207 3178 3806 3254; baseline -0.004 -16"><span class='ocrx_word' id='word_1_602' title='bbox 2207 3185 2366 3254; x_wconf 87' lang='grc' dir='ltr'>ψεται</span> <span class='ocrx_word' id='word_1_603' title='bbox 2393 3183 2482 3236; x_wconf 74' lang='grc' dir='ltr'>τὸν</span> <span class='ocrx_word' id='word_1_604' title='bbox 2523 3181 2735 3253; x_wconf 84' lang='grc' dir='ltr'>μισθὸν,</span> <span class='ocrx_word' id='word_1_605' title='bbox 2771 3181 2864 3232; x_wconf 65' lang='grc' dir='ltr'>κα)⁵</span> <span class='ocrx_word' id='word_1_606' title='bbox 2903 3182 2969 3251; x_wconf 82' lang='grc' dir='ltr'>τῇ</span> <span class='ocrx_word' id='word_1_607' title='bbox 3019 3179 3128 3230; x_wconf 87' lang='grc' dir='ltr'>τῶν</span> <span class='ocrx_word' id='word_1_608' title='bbox 3173 3178 3422 3232; x_wconf 84' lang='grc' dir='ltr'>ἐπάθλων</span> <span class='ocrx_word' id='word_1_609' title='bbox 3453 3178 3633 3231; x_wconf 84' lang='grc' dir='ltr'>ἐλπίδι</span> <span class='ocrx_word' id='word_1_610' title='bbox 3665 3196 3806 3231; x_wconf 74' lang='grc' dir='ltr'>κουο</span> 
     </span>
    </p>
   </div>
   <div class='ocr_carea' id='block_1_86' title="bbox 2209 3261 3804 3338">
    <p class='ocr_par' dir='ltr' id='par_1_86' title="bbox 2209 3261 3804 3338">
     <span class='ocr_line' id='line_1_86' title="bbox 2209 3261 3804 3338; baseline -0.004 -18"><span class='ocrx_word' id='word_1_611' title='bbox 2209 3267 2495 3338; x_wconf 79' lang='grc' dir='ltr'>φιζόμενος</span> <span class='ocrx_word' id='word_1_612' title='bbox 2555 3263 2966 3336; x_wconf 84' lang='grc' dir='ltr'>καταφρόνησον</span> <span class='ocrx_word' id='word_1_613' title='bbox 3037 3261 3326 3334; x_wconf 86' lang='grc' dir='ltr'>συνηθείας</span> <span class='ocrx_word' id='word_1_614' title='bbox 3377 3264 3658 3333; x_wconf 82' lang='grc' dir='ltr'>πονηρᾶς,</span> <span class='ocrx_word' id='word_1_615' title='bbox 3712 3263 3804 3315; x_wconf 84' lang='grc' dir='ltr'>ἵνα</span> 
     </span>
    </p>
   </div>
   <div class='ocr_carea' id='block_1_87' title="bbox 2208 3345 3806 3421">
    <p class='ocr_par' dir='ltr' id='par_1_87' title="bbox 2208 3345 3806 3421">
     <span class='ocr_line' id='line_1_87' title="bbox 2208 3345 3806 3421; baseline -0.004 -14"><span class='ocrx_word' id='word_1_616' title='bbox 2208 3352 2350 3407; x_wconf 84' lang='grc' dir='ltr'>κατά</span> <span class='ocrx_word' id='word_1_617' title='bbox 2387 3351 2447 3404; x_wconf 84' lang='grc' dir='ltr'>τὸ</span> <span class='ocrx_word' id='word_1_618' title='bbox 2491 3349 2571 3421; x_wconf 80' lang='grc' dir='ltr'>τῷ</span> <span class='ocrx_word' id='word_1_619' title='bbox 2615 3349 2734 3420; x_wconf 86' lang='grc' dir='ltr'>Θεῴ</span> <span class='ocrx_word' id='word_1_620' title='bbox 2790 3347 2978 3401; x_wconf 80' lang='grc' dir='ltr'>δοκοῦν</span> <span class='ocrx_word' id='word_1_621' title='bbox 3027 3345 3342 3420; x_wconf 83' lang='grc' dir='ltr'>διαδραμὼν</span> <span class='ocrx_word' id='word_1_622' title='bbox 3389 3347 3482 3400; x_wconf 81' lang='grc' dir='ltr'>τὸν</span> <span class='ocrx_word' id='word_1_623' title='bbox 3543 3345 3806 3418; x_wconf 79' lang='grc' dir='ltr'>παρόντα</span> 
     </span>
    </p>
   </div>
   <div class='ocr_carea' id='block_1_88' title="bbox 2209 3430 3808 3508">
    <p class='ocr_par' dir='ltr' id='par_1_88' title="bbox 2209 3430 3808 3508">
     <span class='ocr_line' id='line_1_88' title="bbox 2209 3430 3808 3508; baseline -0.001 -21"><span class='ocrx_word' id='word_1_624' title='bbox 2209 3437 2342 3508; x_wconf 83' lang='grc' dir='ltr'>βίον,</span> <span class='ocrx_word' id='word_1_625' title='bbox 2379 3433 2516 3506; x_wconf 88' lang='grc' dir='ltr'>μετά</span> <span class='ocrx_word' id='word_1_626' title='bbox 2549 3431 2788 3504; x_wconf 85' lang='grc' dir='ltr'>καθαροῦ</span> <span class='ocrx_word' id='word_1_627' title='bbox 2821 3431 3123 3494; x_wconf 87' lang='grc' dir='ltr'>συνειδότος</span> <span class='ocrx_word' id='word_1_628' title='bbox 3160 3432 3333 3501; x_wconf 77' lang='grc' dir='ltr'>αὐτὴν</span> <span class='ocrx_word' id='word_1_629' title='bbox 3375 3430 3491 3502; x_wconf 77' lang='grc' dir='ltr'>ἴδῃς</span> <span class='ocrx_word' id='word_1_630' title='bbox 3522 3432 3667 3496; x_wconf 85' lang='grc' dir='ltr'>ἐκεῖ,</span> <span class='ocrx_word' id='word_1_631' title='bbox 3701 3433 3808 3485; x_wconf 72' lang='grc' dir='ltr'>καὶ</span> 
     </span>
    </p>
   </div>
   <div class='ocr_carea' id='block_1_89' title="bbox 2205 3513 3810 3592">
    <p class='ocr_par' dir='ltr' id='par_1_89' title="bbox 2205 3513 3810 3592">
     <span class='ocr_line' id='line_1_89' title="bbox 2205 3513 3810 3592; baseline -0.003 -19"><span class='ocrx_word' id='word_1_632' title='bbox 2205 3524 2306 3592; x_wconf 80' lang='grc' dir='ltr'>τῆς</span> <span class='ocrx_word' id='word_1_633' title='bbox 2347 3519 2656 3588; x_wconf 85' lang='grc' dir='ltr'>ἁγιωτάτης</span> <span class='ocrx_word' id='word_1_634' title='bbox 2695 3515 2864 3587; x_wconf 85' lang='grc' dir='ltr'>αὐτῆς</span> <span class='ocrx_word' id='word_1_635' title='bbox 2906 3514 3224 3586; x_wconf 77' lang='grc' dir='ltr'>ἀπολαύσῃς</span> <span class='ocrx_word' id='word_1_636' title='bbox 3257 3513 3492 3584; x_wconf 84' lang='grc' dir='ltr'>ὁμιλίας.</span> <span class='ocrx_word' id='word_1_637' title='bbox 3528 3513 3659 3568; x_wconf 85' lang='grc' dir='ltr'>Τῶν</span> <span class='ocrx_word' id='word_1_638' title='bbox 3686 3517 3810 3586; x_wconf 77' lang='grc' dir='ltr'>γάρ</span> 
     </span>
    </p>
   </div>
   <div class='ocr_carea' id='block_1_90' title="bbox 2209 3598 3803 3675">
    <p class='ocr_par' dir='ltr' id='par_1_90' title="bbox 2209 3598 3803 3675">
     <span class='ocr_line' id='line_1_90' title="bbox 2209 3598 3803 3675; baseline -0.004 -18"><span class='ocrx_word' id='word_1_639' title='bbox 2209 3602 2535 3675; x_wconf 89' lang='grc' dir='ltr'>σωματικῶν</span> <span class='ocrx_word' id='word_1_640' title='bbox 2587 3600 2858 3654; x_wconf 81' lang='grc' dir='ltr'>λυθέντων</span> <span class='ocrx_word' id='word_1_641' title='bbox 2896 3598 3106 3663; x_wconf 86' lang='grc' dir='ltr'>παθῶν,</span> <span class='ocrx_word' id='word_1_642' title='bbox 3157 3601 3254 3652; x_wconf 73' lang='grc' dir='ltr'>καί⁹</span> <span class='ocrx_word' id='word_1_643' title='bbox 3301 3598 3398 3668; x_wconf 80' lang='grc' dir='ltr'>τῆς</span> <span class='ocrx_word' id='word_1_644' title='bbox 3450 3603 3803 3671; x_wconf 71' lang='grc' dir='ltr'>τυραννικῆς</span> 
     </span>
    </p>
   </div>
   <div class='ocr_carea' id='block_1_91' title="bbox 2209 3682 3806 3756">
    <p class='ocr_par' dir='ltr' id='par_1_91' title="bbox 2209 3682 3806 3756">
     <span class='ocr_line' id='line_1_91' title="bbox 2209 3682 3806 3756; baseline -0.003 -15"><span class='ocrx_word' id='word_1_645' title='bbox 2209 3687 2527 3756; x_wconf 87' lang='grc' dir='ltr'>σϐεσθείσης</span> <span class='ocrx_word' id='word_1_646' title='bbox 2567 3684 2885 3755; x_wconf 84' lang='grc' dir='ltr'>ἐπιθυμίας,</span> <span class='ocrx_word' id='word_1_647' title='bbox 2931 3683 3084 3736; x_wconf 82' lang='grc' dir='ltr'>οὐδὲν</span> <span class='ocrx_word' id='word_1_648' title='bbox 3129 3683 3192 3736; x_wconf 82' lang='grc' dir='ltr'>τὸ</span> <span class='ocrx_word' id='word_1_649' title='bbox 3238 3682 3445 3736; x_wconf 88' lang='grc' dir='ltr'>κωλύον</span> <span class='ocrx_word' id='word_1_650' title='bbox 3489 3683 3700 3753; x_wconf 76' lang='grc' dir='ltr'>ἄνδρας</span> <span class='ocrx_word' id='word_1_651' title='bbox 3737 3701 3806 3738; x_wconf 75' lang='grc' dir='ltr'>τε</span> 
     </span>
    </p>
   </div>
   <div class='ocr_carea' id='block_1_92' title="bbox 2205 3762 3810 3842">
    <p class='ocr_par' dir='ltr' id='par_1_92' title="bbox 2205 3762 3810 3842">
     <span class='ocr_line' id='line_1_92' title="bbox 2205 3762 3810 3842; baseline -0.003 -17"><span class='ocrx_word' id='word_1_652' title='bbox 2205 3769 2339 3842; x_wconf 89' lang='grc' dir='ltr'>ὀμοῦ</span> <span class='ocrx_word' id='word_1_653' title='bbox 2387 3771 2479 3824; x_wconf 77' lang='grc' dir='ltr'>καὶ</span> <span class='ocrx_word' id='word_1_654' title='bbox 2508 3771 2772 3838; x_wconf 88' lang='grc' dir='ltr'>γυναῖκας</span> <span class='ocrx_word' id='word_1_655' title='bbox 2821 3762 2960 3820; x_wconf 75' lang='grc' dir='ltr'>εἶναι</span> <span class='ocrx_word' id='word_1_656' title='bbox 3008 3767 3144 3832; x_wconf 86' lang='grc' dir='ltr'>ἐκεῖ,</span> <span class='ocrx_word' id='word_1_657' title='bbox 3177 3767 3356 3836; x_wconf 82' lang='grc' dir='ltr'>πάσης</span> <span class='ocrx_word' id='word_1_658' title='bbox 3389 3766 3488 3836; x_wconf 80' lang='grc' dir='ltr'>μὲν</span> <span class='ocrx_word' id='word_1_659' title='bbox 3539 3766 3810 3820; x_wconf 64' lang='grc' dir='ltr'>ἐκποδιέλν</span> 
     </span>
    </p>
   </div>
   <div class='ocr_carea' id='block_1_93' title="bbox 2207 3849 3806 3927">
    <p class='ocr_par' dir='ltr' id='par_1_93' title="bbox 2207 3849 3806 3927">
     <span class='ocr_line' id='line_1_93' title="bbox 2207 3849 3806 3927; baseline -0.003 -20"><span class='ocrx_word' id='word_1_660' title='bbox 2207 3857 2446 3927; x_wconf 68' lang='grc' dir='ltr'>πονηρᾶς</span> <span class='ocrx_word' id='word_1_661' title='bbox 2474 3851 2641 3922; x_wconf 83' lang='grc' dir='ltr'>οὐσης</span> <span class='ocrx_word' id='word_1_662' title='bbox 2687 3850 2946 3922; x_wconf 61' lang='grc' dir='ltr'>ὑποψίας,</span> <span class='ocrx_word' id='word_1_663' title='bbox 2985 3851 3086 3921; x_wconf 84' lang='grc' dir='ltr'>τὴν</span> <span class='ocrx_word' id='word_1_664' title='bbox 3111 3850 3168 3903; x_wconf 88' lang='grc' dir='ltr'>δέ</span> <span class='ocrx_word' id='word_1_665' title='bbox 3199 3849 3306 3903; x_wconf 89' lang='grc' dir='ltr'>τῶν</span> <span class='ocrx_word' id='word_1_666' title='bbox 3339 3849 3589 3920; x_wconf 80' lang='grc' dir='ltr'>ἀγγέλων</span> <span class='ocrx_word' id='word_1_667' title='bbox 3632 3851 3806 3903; x_wconf 82' lang='grc' dir='ltr'>πολι-</span> 
     </span>
    </p>
   </div>
   <div class='ocr_carea' id='block_1_94' title="bbox 2205 3934 3808 4008">
    <p class='ocr_par' dir='ltr' id='par_1_94' title="bbox 2205 3934 3808 4008">
     <span class='ocr_line' id='line_1_94' title="bbox 2205 3934 3808 4008; baseline -0.003 -15"><span class='ocrx_word' id='word_1_668' title='bbox 2205 3940 2377 4003; x_wconf 89' lang='grc' dir='ltr'>τείαν,</span> <span class='ocrx_word' id='word_1_669' title='bbox 2407 3937 2497 3990; x_wconf 76' lang='grc' dir='ltr'>καὶ</span> <span class='ocrx_word' id='word_1_670' title='bbox 2535 3937 2642 3990; x_wconf 91' lang='grc' dir='ltr'>τῶν</span> <span class='ocrx_word' id='word_1_671' title='bbox 2669 3936 2872 4008; x_wconf 89' lang='grc' dir='ltr'>νοερῶν</span> <span class='ocrx_word' id='word_1_672' title='bbox 2898 3936 3178 4006; x_wconf 83' lang='grc' dir='ltr'>δυνάμεων</span> <span class='ocrx_word' id='word_1_673' title='bbox 3213 3935 3435 3988; x_wconf 89' lang='grc' dir='ltr'>ἐκείνων</span> <span class='ocrx_word' id='word_1_674' title='bbox 3474 3934 3808 4006; x_wconf 82' lang='grc' dir='ltr'>δυναμένων</span> 
     </span>
    </p>
   </div>
   <div class='ocr_carea' id='block_1_95' title="bbox 2205 4017 3807 4089">
    <p class='ocr_par' dir='ltr' id='par_1_95' title="bbox 2205 4017 3807 4089">
     <span class='ocr_line' id='line_1_95' title="bbox 2205 4017 3807 4089; baseline -0.002 -14"><span class='ocrx_word' id='word_1_675' title='bbox 2205 4020 2507 4085; x_wconf 76' lang='grc' dir='ltr'>διασώζειν,</span> <span class='ocrx_word' id='word_1_676' title='bbox 2534 4020 2642 4073; x_wconf 91' lang='grc' dir='ltr'>τῶν</span> <span class='ocrx_word' id='word_1_677' title='bbox 2675 4021 2754 4083; x_wconf 85' lang='grc' dir='ltr'>εἰς</span> <span class='ocrx_word' id='word_1_678' title='bbox 2789 4021 2887 4089; x_wconf 82' lang='grc' dir='ltr'>τὴν</span> <span class='ocrx_word' id='word_1_679' title='bbox 2922 4017 3199 4088; x_wconf 87' lang='grc' dir='ltr'>βασιλείαν</span> <span class='ocrx_word' id='word_1_680' title='bbox 3240 4017 3350 4070; x_wconf 91' lang='grc' dir='ltr'>τῶν</span> <span class='ocrx_word' id='word_1_681' title='bbox 3379 4017 3630 4088; x_wconf 81' lang='grc' dir='ltr'>οὐρανῶν</span> <span class='ocrx_word' id='word_1_682' title='bbox 3681 4021 3807 4071; x_wconf 83' lang='grc' dir='ltr'>εἰσ-</span> 
     </span>
    </p>
   </div>
   <div class='ocr_carea' id='block_1_96' title="bbox 2205 4101 3804 4177">
    <p class='ocr_par' dir='ltr' id='par_1_96' title="bbox 2205 4101 3804 4177">
     <span class='ocr_line' id='line_1_96' title="bbox 2205 4101 3804 4177; baseline -0.002 -18"><span class='ocrx_word' id='word_1_683' title='bbox 2205 4106 2489 4177; x_wconf 89' lang='grc' dir='ltr'>αγομένων</span> <span class='ocrx_word' id='word_1_684' title='bbox 2553 4105 2829 4167; x_wconf 86' lang='grc' dir='ltr'>ἀπάντων,</span> <span class='ocrx_word' id='word_1_685' title='bbox 2881 4103 3062 4174; x_wconf 86' lang='grc' dir='ltr'>χάριτι</span> <span class='ocrx_word' id='word_1_686' title='bbox 3111 4103 3206 4156; x_wconf 75' lang='grc' dir='ltr'>καὶ</span> <span class='ocrx_word' id='word_1_687' title='bbox 3263 4101 3642 4173; x_wconf 76' lang='grc' dir='ltr'>φιλανθρωπίᾳ</span> <span class='ocrx_word' id='word_1_688' title='bbox 3697 4103 3804 4156; x_wconf 83' lang='grc' dir='ltr'>τοῦ</span> 
     </span>
    </p>
   </div>
   <div class='ocr_carea' id='block_1_97' title="bbox 2206 4177 3802 4260">
    <p class='ocr_par' dir='ltr' id='par_1_97' title="bbox 2206 4177 3802 4260">
     <span class='ocr_line' id='line_1_97' title="bbox 2206 4177 3802 4260; baseline -0.001 -20"><span class='ocrx_word' id='word_1_689' title='bbox 2206 4187 2406 4260; x_wconf 82' lang='grc' dir='ltr'>Κυρίου</span> <span class='ocrx_word' id='word_1_690' title='bbox 2451 4187 2606 4258; x_wconf 82' lang='grc' dir='ltr'>ἡμῶν</span> <span class='ocrx_word' id='word_1_691' title='bbox 2647 4186 2826 4256; x_wconf 86' lang='grc' dir='ltr'>Ἰησοῦ</span> <span class='ocrx_word' id='word_1_692' title='bbox 2877 4184 3147 4257; x_wconf 85' lang='grc' dir='ltr'>Χριστοῦ,</span> <span class='ocrx_word' id='word_1_693' title='bbox 3187 4185 3305 4256; x_wconf 81' lang='grc' dir='ltr'>μεθ’</span> <span class='ocrx_word' id='word_1_694' title='bbox 3339 4177 3398 4236; x_wconf 81' lang='grc' dir='ltr'>οὑ</span> <span class='ocrx_word' id='word_1_695' title='bbox 3444 4184 3524 4255; x_wconf 85' lang='grc' dir='ltr'>τῷ</span> <span class='ocrx_word' id='word_1_696' title='bbox 3576 4185 3802 4258; x_wconf 79' lang='grc' dir='ltr'>Πατρὶ,</span> 
     </span>
    </p>
   </div>
   <div class='ocr_carea' id='block_1_98' title="bbox 2209 4269 3807 4342">
    <p class='ocr_par' dir='ltr' id='par_1_98' title="bbox 2209 4269 3807 4342">
     <span class='ocr_line' id='line_1_98' title="bbox 2209 4269 3807 4342; baseline -0.001 -16"><span class='ocrx_word' id='word_1_697' title='bbox 2209 4273 2324 4342; x_wconf 73' lang='grc' dir='ltr'>ἅμα</span> <span class='ocrx_word' id='word_1_698' title='bbox 2357 4270 2436 4342; x_wconf 82' lang='grc' dir='ltr'>τῷ</span> <span class='ocrx_word' id='word_1_699' title='bbox 2467 4271 2606 4341; x_wconf 83' lang='grc' dir='ltr'>ἁγίῳ</span> <span class='ocrx_word' id='word_1_700' title='bbox 2637 4269 2936 4341; x_wconf 83' lang='grc' dir='ltr'>Πνεύματι,</span> <span class='ocrx_word' id='word_1_701' title='bbox 2964 4269 3115 4336; x_wconf 83' lang='grc' dir='ltr'>δόξα,</span> <span class='ocrx_word' id='word_1_702' title='bbox 3137 4269 3292 4341; x_wconf 82' lang='grc' dir='ltr'>τιμὴ,</span> <span class='ocrx_word' id='word_1_703' title='bbox 3324 4269 3524 4340; x_wconf 89' lang='grc' dir='ltr'>κράτος</span> <span class='ocrx_word' id='word_1_704' title='bbox 3552 4271 3633 4334; x_wconf 84' lang='grc' dir='ltr'>εἰς</span> <span class='ocrx_word' id='word_1_705' title='bbox 3662 4271 3807 4336; x_wconf 76' lang='grc' dir='ltr'>τοὺς</span> 
     </span>
    </p>
   </div>
   <div class='ocr_carea' id='block_1_99' title="bbox 2211 4353 3044 4426">
    <p class='ocr_par' dir='ltr' id='par_1_99' title="bbox 2211 4353 3044 4426">
     <span class='ocr_line' id='line_1_99' title="bbox 2211 4353 3044 4426; baseline -0.001 -17"><span class='ocrx_word' id='word_1_706' title='bbox 2211 4357 2414 4419; x_wconf 88' lang='grc' dir='ltr'>αἰῶνας</span> <span class='ocrx_word' id='word_1_707' title='bbox 2446 4355 2554 4408; x_wconf 84' lang='grc' dir='ltr'>τῶν</span> <span class='ocrx_word' id='word_1_708' title='bbox 2585 4353 2815 4408; x_wconf 85' lang='grc' dir='ltr'>αἰώνων.</span> <span class='ocrx_word' id='word_1_709' title='bbox 2853 4355 3044 4426; x_wconf 77' lang='grc' dir='ltr'>Ἀμήν.</span> 
     </span>
    </p>
   </div>
   <div class='ocr_carea' id='block_1_100' title="bbox 1185 4563 3101 4622">
    <p class='ocr_par' dir='ltr' id='par_1_100' title="bbox 1185 4563 3101 4622">
     <span class='ocr_line' id='line_1_100' title="bbox 1185 4563 3101 4622; baseline -0.002 -3"><span class='ocrx_word' id='word_1_710' title='bbox 1185 4566 1344 4620; x_wconf 83' lang='grc' dir='ltr'>ΠΕΡΙ</span> <span class='ocrx_word' id='word_1_711' title='bbox 1379 4567 1517 4622; x_wconf 82' lang='grc' dir='ltr'>ΤΟΥ</span> <span class='ocrx_word' id='word_1_712' title='bbox 1550 4567 1681 4618; x_wconf 83' lang='grc' dir='ltr'>ΤΑΣ</span> <span class='ocrx_word' id='word_1_713' title='bbox 1714 4567 2118 4620; x_wconf 80' lang='grc' dir='ltr'>ΚΑΝΟΝῙΚΑΣ</span> <span class='ocrx_word' id='word_1_714' title='bbox 2147 4565 2253 4619; x_wconf 84' lang='grc' dir='ltr'>ΜΗ</span> <span class='ocrx_word' id='word_1_715' title='bbox 2280 4564 2656 4618; x_wconf 81' lang='grc' dir='ltr'>ΣΥΝΟΙΚΕΙΝ</span> <span class='ocrx_word' id='word_1_716' title='bbox 2685 4563 3027 4617; x_wconf 80' lang='grc' dir='ltr'>ΑΝΔΡΑΣΙΝ</span> <span class='ocrx_word' id='word_1_717' title='bbox 3051 4575 3101 4617; x_wconf 74' lang='grc' dir='ltr'>ι.</span> 
     </span>
    </p>
   </div>
   <div class='ocr_carea' id='block_1_101' title="bbox 588 4677 2097 4754">
    <p class='ocr_par' dir='ltr' id='par_1_101' title="bbox 588 4677 2097 4754">
     <span class='ocr_line' id='line_1_101' title="bbox 588 4677 2097 4754; baseline 0.001 -21"><span class='ocrx_word' id='word_1_718' title='bbox 588 4683 658 4733; x_wconf 84' lang='grc' dir='ltr'>α’.</span> <span class='ocrx_word' id='word_1_719' title='bbox 694 4678 883 4748; x_wconf 85' lang='grc' dir='ltr'>Οῖμοι,</span> <span class='ocrx_word' id='word_1_720' title='bbox 903 4677 1082 4750; x_wconf 75' lang='grc' dir='ltr'>ψυχήι</span> <span class='ocrx_word' id='word_1_721' title='bbox 1123 4679 1262 4752; x_wconf 87' lang='grc' dir='ltr'>μετά</span> <span class='ocrx_word' id='word_1_722' title='bbox 1285 4680 1391 4751; x_wconf 84' lang='grc' dir='ltr'>γὰρ</span> <span class='ocrx_word' id='word_1_723' title='bbox 1417 4681 1511 4733; x_wconf 90' lang='grc' dir='ltr'>τοῦ</span> <span class='ocrx_word' id='word_1_724' title='bbox 1544 4682 1820 4754; x_wconf 75' lang='grc' dir='ltr'>προφήτου</span> <span class='ocrx_word' id='word_1_725' title='bbox 1852 4681 1948 4734; x_wconf 74' lang='grc' dir='ltr'>καὶ</span> <span class='ocrx_word' id='word_1_726' title='bbox 1975 4681 2097 4752; x_wconf 76' lang='grc' dir='ltr'>ἐμοὶ</span> 
     </span>
    </p>
   </div>
   <div class='ocr_carea' id='block_1_102' title="bbox 517 4759 2096 4833">
    <p class='ocr_par' dir='ltr' id='par_1_102' title="bbox 517 4759 2096 4833">
     <span class='ocr_line' id='line_1_102' title="bbox 517 4759 2096 4833; baseline 0.001 -17"><span class='ocrx_word' id='word_1_727' title='bbox 517 4761 614 4816; x_wconf 90' lang='grc' dir='ltr'>νῦν</span> <span class='ocrx_word' id='word_1_728' title='bbox 653 4759 912 4833; x_wconf 81' lang='grc' dir='ltr'>εὐκαιρον</span> <span class='ocrx_word' id='word_1_729' title='bbox 943 4762 1099 4816; x_wconf 90' lang='grc' dir='ltr'>τοῦτο</span> <span class='ocrx_word' id='word_1_730' title='bbox 1149 4767 1341 4827; x_wconf 82' lang='grc' dir='ltr'>εἰπεῖν,</span> <span class='ocrx_word' id='word_1_731' title='bbox 1392 4766 1486 4817; x_wconf 79' lang='grc' dir='ltr'>καὶ</span> <span class='ocrx_word' id='word_1_732' title='bbox 1529 4765 1674 4830; x_wconf 81' lang='grc' dir='ltr'>ἀπαξ</span> <span class='ocrx_word' id='word_1_733' title='bbox 1730 4767 1824 4818; x_wconf 78' lang='grc' dir='ltr'>καὶ</span> <span class='ocrx_word' id='word_1_734' title='bbox 1874 4765 1956 4828; x_wconf 76' lang='grc' dir='ltr'>δὶς</span> <span class='ocrx_word' id='word_1_735' title='bbox 2001 4766 2096 4818; x_wconf 81' lang='grc' dir='ltr'>καὶ</span> 
     </span>
    </p>
   </div>
   <div class='ocr_carea' id='block_1_103' title="bbox 520 4845 2096 4919">
    <p class='ocr_par' dir='ltr' id='par_1_103' title="bbox 520 4845 2096 4919">
     <span class='ocr_line' id='line_1_103' title="bbox 520 4845 2096 4919; baseline 0.003 -19"><span class='ocrx_word' id='word_1_736' title='bbox 520 4846 796 4908; x_wconf 81' lang='grc' dir='ltr'>πολλάκις,</span> <span class='ocrx_word' id='word_1_737' title='bbox 829 4845 1018 4916; x_wconf 81' lang='grc' dir='ltr'>Οἵμοι,</span> <span class='ocrx_word' id='word_1_738' title='bbox 1065 4847 1240 4918; x_wconf 74' lang='grc' dir='ltr'>ψυχηῑ</span> <span class='ocrx_word' id='word_1_739' title='bbox 1288 4850 1517 4919; x_wconf 74' lang='grc' dir='ltr'>πρᾶγμα</span> <span class='ocrx_word' id='word_1_740' title='bbox 1567 4849 1771 4919; x_wconf 78' lang='grc' dir='ltr'>ἡλίκον,</span> <span class='ocrx_word' id='word_1_741' title='bbox 1821 4850 1915 4903; x_wconf 74' lang='grc' dir='ltr'>καὶ</span> <span class='ocrx_word' id='word_1_742' title='bbox 1964 4851 2096 4919; x_wconf 83' lang='grc' dir='ltr'>ὅσης</span> 
     </span>
    </p>
   </div>
   <div class='ocr_carea' id='block_1_104' title="bbox 516 4929 2097 5003">
    <p class='ocr_par' dir='ltr' id='par_1_104' title="bbox 516 4929 2097 5003">
     <span class='ocr_line' id='line_1_104' title="bbox 516 4929 2097 5003; baseline 0.003 -21"><span class='ocrx_word' id='word_1_743' title='bbox 516 4929 686 5000; x_wconf 88' lang='grc' dir='ltr'>γέμον</span> <span class='ocrx_word' id='word_1_744' title='bbox 729 4929 1087 4999; x_wconf 88' lang='grc' dir='ltr'>φιλοσοφίαςί</span> <span class='ocrx_word' id='word_1_745' title='bbox 1127 4932 1190 4984; x_wconf 89' lang='lat' dir='ltr'>&#39;H</span> <span class='ocrx_word' id='word_1_746' title='bbox 1249 4930 1516 5002; x_wconf 84' lang='grc' dir='ltr'>παρθενία</span> <span class='ocrx_word' id='word_1_747' title='bbox 1564 4931 1954 5003; x_wconf 83' lang='grc' dir='ltr'>καθύϐρισται,</span> <span class='ocrx_word' id='word_1_748' title='bbox 2003 4936 2097 4987; x_wconf 67' lang='grc' dir='ltr'>καὶ</span> 
     </span>
    </p>
   </div>
   <div class='ocr_carea' id='block_1_105' title="bbox 515 5013 2096 5087">
    <p class='ocr_par' dir='ltr' id='par_1_105' title="bbox 515 5013 2096 5087">
     <span class='ocr_line' id='line_1_105' title="bbox 515 5013 2096 5087; baseline 0.003 -21"><span class='ocrx_word' id='word_1_749' title='bbox 515 5015 577 5066; x_wconf 77' lang='grc' dir='ltr'>τὸ</span> <span class='ocrx_word' id='word_1_750' title='bbox 627 5013 862 5084; x_wconf 85' lang='grc' dir='ltr'>διεῖργον</span> <span class='ocrx_word' id='word_1_751' title='bbox 919 5015 1092 5084; x_wconf 77' lang='grc' dir='ltr'>αὐτὴν</span> <span class='ocrx_word' id='word_1_752' title='bbox 1155 5015 1263 5068; x_wconf 80' lang='grc' dir='ltr'>ἀπὸ</span> <span class='ocrx_word' id='word_1_753' title='bbox 1311 5016 1404 5068; x_wconf 82' lang='grc' dir='ltr'>τοῦ</span> <span class='ocrx_word' id='word_1_754' title='bbox 1459 5018 1640 5086; x_wconf 57' lang='grc' dir='ltr'>γάμου</span> <span class='ocrx_word' id='word_1_755' title='bbox 1697 5017 2096 5087; x_wconf 87' lang='grc' dir='ltr'>καταπέτασμα</span> 
     </span>
    </p>
   </div>
   <div class='ocr_carea' id='block_1_106' title="bbox 515 5095 2092 5170">
    <p class='ocr_par' dir='ltr' id='par_1_106' title="bbox 515 5095 2092 5170">
     <span class='ocr_line' id='line_1_106' title="bbox 515 5095 2092 5170; baseline 0.002 -21"><span class='ocrx_word' id='word_1_756' title='bbox 515 5096 816 5167; x_wconf 84' lang='grc' dir='ltr'>ἀνῄρηται,</span> <span class='ocrx_word' id='word_1_757' title='bbox 850 5095 956 5149; x_wconf 79' lang='grc' dir='ltr'>ὑπὸ</span> <span class='ocrx_word' id='word_1_758' title='bbox 1005 5097 1378 5168; x_wconf 85' lang='grc' dir='ltr'>ἀναισχύντων</span> <span class='ocrx_word' id='word_1_759' title='bbox 1432 5100 1817 5152; x_wconf 85' lang='grc' dir='ltr'>κατασπασθέν</span> <span class='ocrx_word' id='word_1_760' title='bbox 1872 5099 2092 5170; x_wconf 88' lang='grc' dir='ltr'>χειρῶν,</span> 
     </span>
    </p>
   </div>
   <div class='ocr_carea' id='block_1_107' title="bbox 517 5178 2096 5253">
    <p class='ocr_par' dir='ltr' id='par_1_107' title="bbox 517 5178 2096 5253">
     <span class='ocr_line' id='line_1_107' title="bbox 517 5178 2096 5253; baseline 0.002 -21"><span class='ocrx_word' id='word_1_761' title='bbox 517 5181 612 5232; x_wconf 76' lang='grc' dir='ltr'>καὶ</span> <span class='ocrx_word' id='word_1_762' title='bbox 636 5178 704 5231; x_wconf 89' lang='grc' dir='ltr'>τά</span> <span class='ocrx_word' id='word_1_763' title='bbox 734 5178 865 5246; x_wconf 83' lang='grc' dir='ltr'>ἆγια</span> <span class='ocrx_word' id='word_1_764' title='bbox 905 5180 1015 5233; x_wconf 87' lang='grc' dir='ltr'>τῶν</span> <span class='ocrx_word' id='word_1_765' title='bbox 1051 5181 1222 5250; x_wconf 81' lang='grc' dir='ltr'>ἁγίων</span> <span class='ocrx_word' id='word_1_766' title='bbox 1250 5183 1580 5250; x_wconf 81' lang='grc' dir='ltr'>πεπάτηται,</span> <span class='ocrx_word' id='word_1_767' title='bbox 1600 5183 1692 5234; x_wconf 81' lang='grc' dir='ltr'>καὶ</span> <span class='ocrx_word' id='word_1_768' title='bbox 1713 5184 1780 5235; x_wconf 88' lang='grc' dir='ltr'>τά</span> <span class='ocrx_word' id='word_1_769' title='bbox 1810 5185 1983 5253; x_wconf 87' lang='grc' dir='ltr'>σεμνά</span> <span class='ocrx_word' id='word_1_770' title='bbox 2004 5183 2096 5236; x_wconf 80' lang='grc' dir='ltr'>καὶ</span> 
     </span>
    </p>
   </div>
   <div class='ocr_carea' id='block_1_108' title="bbox 515 5263 2094 5336">
    <p class='ocr_par' dir='ltr' id='par_1_108' title="bbox 515 5263 2094 5336">
     <span class='ocr_line' id='line_1_108' title="bbox 515 5263 2094 5336; baseline 0.003 -22"><span class='ocrx_word' id='word_1_771' title='bbox 515 5263 720 5334; x_wconf 83' lang='grc' dir='ltr'>φρίκης</span> <span class='ocrx_word' id='word_1_772' title='bbox 749 5264 987 5334; x_wconf 83' lang='grc' dir='ltr'>γέμοντα</span> <span class='ocrx_word' id='word_1_773' title='bbox 1027 5265 1217 5333; x_wconf 86' lang='grc' dir='ltr'>γέγονε</span> <span class='ocrx_word' id='word_1_774' title='bbox 1249 5266 1451 5336; x_wconf 86' lang='grc' dir='ltr'>βέϐηλα</span> <span class='ocrx_word' id='word_1_775' title='bbox 1486 5267 1579 5319; x_wconf 71' lang='grc' dir='ltr'>καὶ</span> <span class='ocrx_word' id='word_1_776' title='bbox 1614 5268 1746 5320; x_wconf 83' lang='grc' dir='ltr'>πᾶσι</span> <span class='ocrx_word' id='word_1_777' title='bbox 1798 5266 1958 5336; x_wconf 79' lang='grc' dir='ltr'>βατὰ,</span> <span class='ocrx_word' id='word_1_778' title='bbox 2002 5271 2094 5320; x_wconf 87' lang='grc' dir='ltr'>καὶ</span> 
     </span>
    </p>
   </div>
   <div class='ocr_carea' id='block_1_109' title="bbox 514 5346 2095 5420">
    <p class='ocr_par' dir='ltr' id='par_1_109' title="bbox 514 5346 2095 5420">
     <span class='ocr_line' id='line_1_109' title="bbox 514 5346 2095 5420; baseline 0.003 -21"><span class='ocrx_word' id='word_1_779' title='bbox 514 5349 547 5417; x_wconf 82' lang='grc' dir='ltr'><strong>ἡ</strong></span> <span class='ocrx_word' id='word_1_780' title='bbox 579 5346 672 5400; x_wconf 90' lang='grc' dir='ltr'>τοῦ</span> <span class='ocrx_word' id='word_1_781' title='bbox 707 5347 886 5417; x_wconf 86' lang='grc' dir='ltr'>γάμου</span> <span class='ocrx_word' id='word_1_782' title='bbox 942 5349 1244 5420; x_wconf 82' lang='grc' dir='ltr'>σεμνοτέρα</span> <span class='ocrx_word' id='word_1_783' title='bbox 1286 5348 1540 5403; x_wconf 88' lang='grc' dir='ltr'>τοσοῦτον</span> <span class='ocrx_word' id='word_1_784' title='bbox 1589 5349 1952 5418; x_wconf 87' lang='grc' dir='ltr'>καθειλκύσθη</span> <span class='ocrx_word' id='word_1_785' title='bbox 2003 5351 2095 5404; x_wconf 81' lang='grc' dir='ltr'>καὶ</span> 
     </span>
    </p>
   </div>
   <div class='ocr_carea' id='block_1_110' title="bbox 512 5431 2095 5506">
    <p class='ocr_par' dir='ltr' id='par_1_110' title="bbox 512 5431 2095 5506">
     <span class='ocr_line' id='line_1_110' title="bbox 512 5431 2095 5506; baseline 0.004 -24"><span class='ocrx_word' id='word_1_786' title='bbox 512 5431 822 5502; x_wconf 75' lang='grc' dir='ltr'>κατηνέχθη</span> <span class='ocrx_word' id='word_1_787' title='bbox 851 5433 1021 5498; x_wconf 90' lang='grc' dir='ltr'>κάτω,</span> <span class='ocrx_word' id='word_1_788' title='bbox 1047 5433 1122 5496; x_wconf 75' lang='grc' dir='ltr'>ὡς</span> <span class='ocrx_word' id='word_1_789' title='bbox 1151 5433 1248 5496; x_wconf 89' lang='grc' dir='ltr'>τάς</span> <span class='ocrx_word' id='word_1_790' title='bbox 1274 5433 1664 5504; x_wconf 79' lang='grc' dir='ltr'>γεγαμημένας</span> <span class='ocrx_word' id='word_1_791' title='bbox 1698 5436 2095 5506; x_wconf 77' lang='grc' dir='ltr'>μακαρίζεσθαι</span> 
     </span>
    </p>
   </div>
   <div class='ocr_carea' id='block_1_111' title="bbox 517 5514 2093 5591">
    <p class='ocr_par' dir='ltr' id='par_1_111' title="bbox 517 5514 2093 5591">
     <span class='ocr_line' id='line_1_111' title="bbox 517 5514 2093 5591; baseline 0.004 -26"><span class='ocrx_word' id='word_1_792' title='bbox 517 5514 743 5582; x_wconf 62' lang='grc' dir='ltr'>μᾷλλον.</span> <span class='ocrx_word' id='word_1_793' title='bbox 779 5516 890 5568; x_wconf 71' lang='grc' dir='ltr'>Ἀεὶ</span> <span class='ocrx_word' id='word_1_794' title='bbox 936 5516 1036 5586; x_wconf 79' lang='grc' dir='ltr'>μὲν</span> <span class='ocrx_word' id='word_1_795' title='bbox 1075 5518 1183 5588; x_wconf 76' lang='grc' dir='ltr'>γὰρ</span> <span class='ocrx_word' id='word_1_796' title='bbox 1227 5520 1259 5586; x_wconf 87' lang='grc' dir='ltr'><strong>ή</strong></span> <span class='ocrx_word' id='word_1_797' title='bbox 1292 5519 1556 5589; x_wconf 86' lang='grc' dir='ltr'>παρθενία</span> <span class='ocrx_word' id='word_1_798' title='bbox 1603 5520 1741 5587; x_wconf 82' lang='grc' dir='ltr'>μετά</span> <span class='ocrx_word' id='word_1_799' title='bbox 1791 5521 1884 5572; x_wconf 88' lang='grc' dir='ltr'>τού</span> <span class='ocrx_word' id='word_1_800' title='bbox 1917 5522 2093 5591; x_wconf 85' lang='grc' dir='ltr'>γάμου</span> 
     </span>
    </p>
   </div>
   <div class='ocr_carea' id='block_1_112' title="bbox 514 5597 2093 5676">
    <p class='ocr_par' dir='ltr' id='par_1_112' title="bbox 514 5597 2093 5676">
     <span class='ocr_line' id='line_1_112' title="bbox 514 5597 2093 5676; baseline 0.005 -27"><span class='ocrx_word' id='word_1_801' title='bbox 514 5600 816 5671; x_wconf 85' lang='grc' dir='ltr'>ταττομένη</span> <span class='ocrx_word' id='word_1_802' title='bbox 851 5599 918 5653; x_wconf 82' lang='grc' dir='ltr'>τά</span> <span class='ocrx_word' id='word_1_803' title='bbox 946 5605 1188 5670; x_wconf 86' lang='grc' dir='ltr'>πρωτεῖα</span> <span class='ocrx_word' id='word_1_804' title='bbox 1216 5597 1351 5672; x_wconf 80' lang='grc' dir='ltr'>εἶχε,</span> <span class='ocrx_word' id='word_1_805' title='bbox 1383 5601 1532 5673; x_wconf 66' lang='grc'>[249]</span> <span class='ocrx_word' id='word_1_806' title='bbox 1565 5604 1656 5655; x_wconf 71' lang='grc' dir='ltr'>καὶ</span> <span class='ocrx_word' id='word_1_807' title='bbox 1683 5602 1780 5674; x_wconf 82' lang='grc' dir='ltr'>τὴν</span> <span class='ocrx_word' id='word_1_808' title='bbox 1805 5605 2093 5676; x_wconf 88' lang='grc' dir='ltr'>προεδρίαν</span> 
     </span>
    </p>
   </div>
   <div class='ocr_carea' id='block_1_113' title="bbox 497 5683 2097 5758">
    <p class='ocr_par' dir='ltr' id='par_1_113' title="bbox 497 5683 2097 5758">
     <span class='ocr_line' id='line_1_113' title="bbox 497 5683 2097 5758; baseline 0.006 -24"><span class='ocrx_word' id='word_1_809' title='bbox 497 5683 736 5754; x_wconf 67' lang='grc' dir='ltr'>,ἃπασαν</span> <span class='ocrx_word' id='word_1_810' title='bbox 753 5701 765 5714; x_wconf 90' lang='grc'><strong>·</strong></span> <span class='ocrx_word' id='word_1_811' title='bbox 803 5685 922 5736; x_wconf 71' lang='grc' dir='ltr'>νυνὶ</span> <span class='ocrx_word' id='word_1_812' title='bbox 952 5685 1008 5739; x_wconf 84' lang='grc' dir='ltr'>δὲ</span> <span class='ocrx_word' id='word_1_813' title='bbox 1035 5685 1154 5738; x_wconf 86' lang='grc' dir='ltr'>οὐδέ</span> <span class='ocrx_word' id='word_1_814' title='bbox 1195 5686 1260 5738; x_wconf 84' lang='grc' dir='ltr'>ἐν</span> <span class='ocrx_word' id='word_1_815' title='bbox 1277 5689 1343 5757; x_wconf 85' lang='grc' dir='ltr'>τῇ</span> <span class='ocrx_word' id='word_1_816' title='bbox 1370 5687 1597 5757; x_wconf 74' lang='grc' dir='ltr'>δευτέρα</span> <span class='ocrx_word' id='word_1_817' title='bbox 1625 5688 1775 5753; x_wconf 79' lang='grc' dir='ltr'>τάξει</span> <span class='ocrx_word' id='word_1_818' title='bbox 1804 5687 1985 5758; x_wconf 88' lang='grc' dir='ltr'>μένειν</span> <span class='ocrx_word' id='word_1_819' title='bbox 2012 5690 2097 5743; x_wconf 90' lang='grc' dir='ltr'>δε-</span> 
     </span>
    </p>
   </div>
   <div class='ocr_carea' id='block_1_114' title="bbox 513 5765 2096 5844">
    <p class='ocr_par' dir='ltr' id='par_1_114' title="bbox 513 5765 2096 5844">
     <span class='ocr_line' id='line_1_114' title="bbox 513 5765 2096 5844; baseline 0.004 -25"><span class='ocrx_word' id='word_1_820' title='bbox 513 5765 766 5837; x_wconf 79' lang='grc' dir='ltr'>δύνηται,</span> <span class='ocrx_word' id='word_1_821' title='bbox 815 5768 952 5823; x_wconf 85' lang='grc' dir='ltr'>ἀλλά</span> <span class='ocrx_word' id='word_1_822' title='bbox 1000 5770 1191 5842; x_wconf 79' lang='grc' dir='ltr'>πόρρω</span> <span class='ocrx_word' id='word_1_823' title='bbox 1228 5787 1331 5824; x_wconf 90' lang='grc' dir='ltr'>που</span> <span class='ocrx_word' id='word_1_824' title='bbox 1389 5771 1484 5823; x_wconf 77' lang='grc' dir='ltr'>καὶ</span> <span class='ocrx_word' id='word_1_825' title='bbox 1536 5771 1671 5842; x_wconf 75' lang='grc' dir='ltr'>πρὸς</span> <span class='ocrx_word' id='word_1_826' title='bbox 1713 5771 1811 5840; x_wconf 86' lang='grc' dir='ltr'>τὴν</span> <span class='ocrx_word' id='word_1_827' title='bbox 1859 5773 2096 5844; x_wconf 79' lang='grc' dir='ltr'>ἐσχάτην</span> 
     </span>
    </p>
   </div>
   <div class='ocr_carea' id='block_1_115' title="bbox 573 5899 2094 5974">
    <p class='ocr_par' dir='ltr' id='par_1_115' title="bbox 573 5899 2094 5974">
     <span class='ocr_line' id='line_1_115' title="bbox 573 5899 2094 5974; baseline 0.001 -25"><span class='ocrx_word' id='word_1_828' title='bbox 573 5899 591 5922; x_wconf 84' lang='grc'><strong><em>³</em></strong></span> <span class='ocrx_word' id='word_1_829' title='bbox 613 5902 809 5974; x_wconf 67' lang='grc' dir='ltr'>Τὶιυμιε</span> <span class='ocrx_word' id='word_1_830' title='bbox 828 5905 954 5964; x_wconf 84' lang='lat' dir='ltr'>apud</span> <span class='ocrx_word' id='word_1_831' title='bbox 982 5905 1130 5974; x_wconf 52' lang='grc' dir='ltr'>βαι-Η.</span> <span class='ocrx_word' id='word_1_832' title='bbox 1161 5906 1314 5966; x_wconf 72' lang='grc' dir='ltr'>ξηρὸς</span> <span class='ocrx_word' id='word_1_833' title='bbox 1355 5906 1437 5974; x_wconf 79' lang='grc' dir='ltr'>τὰς</span> <span class='ocrx_word' id='word_1_834' title='bbox 1475 5904 1695 5974; x_wconf 65' lang='grc' dir='ltr'>ἐχούσαςΔ</span> <span class='ocrx_word' id='word_1_835' title='bbox 1716 5903 2094 5974; x_wconf 62' lang='grc' dir='ltr'>ἄνδραςσυνεισ-</span> 
     </span>
    </p>
   </div>
   <div class='ocr_carea' id='block_1_116' title="bbox 511 5959 2088 6025">
    <p class='ocr_par' dir='ltr' id='par_1_116' title="bbox 511 5959 2088 6025">
     <span class='ocr_line' id='line_1_116' title="bbox 511 5959 2088 6025; baseline 0.004 -17"><span class='ocrx_word' id='word_1_836' title='bbox 511 5959 699 6025; x_wconf 72' lang='grc' dir='ltr'>ᾆκτους,</span> <span class='ocrx_word' id='word_1_837' title='bbox 729 5965 820 6010; x_wconf 76' lang='lat' dir='ltr'>Inc</span> <span class='ocrx_word' id='word_1_838' title='bbox 842 5959 936 6020; x_wconf 76' lang='lat' dir='ltr'>ésl,</span> <span class='ocrx_word' id='word_1_839' title='bbox 962 5969 1208 6014; x_wconf 73' lang='lat' dir='ltr'>Adversus</span> <span class='ocrx_word' id='word_1_840' title='bbox 1238 5959 1327 6013; x_wconf 57' lang='grc' dir='ltr'>’ρας</span> <span class='ocrx_word' id='word_1_841' title='bbox 1349 5965 1432 6025; x_wconf 77' lang='lat' dir='ltr'>qui</span> <span class='ocrx_word' id='word_1_842' title='bbox 1459 5959 1588 6013; x_wconf 55' lang='lat' dir='ltr'>rr’a‘os</span> <span class='ocrx_word' id='word_1_843' title='bbox 1628 5959 1978 6017; x_wconf 65' lang='lat' dir='ltr'>introdt&#39;aclilios</span> <span class='ocrx_word' id='word_1_844' title='bbox 1999 5966 2088 6014; x_wconf 83' lang='lat' dir='ltr'>ha-</span> 
     </span>
    </p>
   </div>
   <div class='ocr_carea' id='block_1_117' title="bbox 512 6020 1821 6090">
    <p class='ocr_par' dir='ltr' id='par_1_117' title="bbox 512 6020 1821 6090">
     <span class='ocr_line' id='line_1_117' title="bbox 512 6020 1821 6090; baseline 0.005 -22"><span class='ocrx_word' id='word_1_845' title='bbox 512 6020 633 6070; x_wconf 69' lang='lat'>6.07:1.</span> <span class='ocrx_word' id='word_1_846' title='bbox 667 6022 814 6071; x_wconf 64' lang='lat' dir='ltr'>lniIio</span> <span class='ocrx_word' id='word_1_847' title='bbox 837 6027 1299 6090; x_wconf 56' lang='lat' dir='ltr'>Suvi!.oiy.oc,~{wp},</span> <span class='ocrx_word' id='word_1_848' title='bbox 1321 6020 1467 6087; x_wconf 60' lang='grc' dir='ltr'>οἴμοι,</span> <span class='ocrx_word' id='word_1_849' title='bbox 1495 6028 1625 6086; x_wconf 82' lang='grc' dir='ltr'>μετοὶ.</span> <span class='ocrx_word' id='word_1_850' title='bbox 1817 6043 1821 6050; x_wconf 93' lang='grc'>·</span> 
     </span>
    </p>
   </div>
   <div class='ocr_carea' id='block_1_118' title="bbox 2197 4675 3803 4752">
    <p class='ocr_par' dir='ltr' id='par_1_118' title="bbox 2197 4675 3803 4752">
     <span class='ocr_line' id='line_1_118' title="bbox 2197 4675 3803 4752; baseline 0.001 -19"><span class='ocrx_word' id='word_1_851' title='bbox 2197 4679 2528 4752; x_wconf 82' lang='grc' dir='ltr'>ἀπελήλαται</span> <span class='ocrx_word' id='word_1_852' title='bbox 2555 4678 2740 4744; x_wconf 83' lang='grc' dir='ltr'>τάξιν·</span> <span class='ocrx_word' id='word_1_853' title='bbox 2775 4679 2869 4731; x_wconf 75' lang='grc' dir='ltr'>καὶ</span> <span class='ocrx_word' id='word_1_854' title='bbox 2897 4678 2955 4730; x_wconf 87' lang='grc' dir='ltr'>τὸ</span> <span class='ocrx_word' id='word_1_855' title='bbox 2989 4677 3054 4748; x_wconf 84' lang='grc' dir='ltr'>δὴ</span> <span class='ocrx_word' id='word_1_856' title='bbox 3091 4677 3120 4718; x_wconf 71' lang='grc' dir='ltr'>δ</span> <span class='ocrx_word' id='word_1_857' title='bbox 3162 4675 3561 4748; x_wconf 80' lang='grc' dir='ltr'>χαλεπώτερον,</span> <span class='ocrx_word' id='word_1_858' title='bbox 3594 4679 3686 4732; x_wconf 84' lang='grc' dir='ltr'>δτι</span> <span class='ocrx_word' id='word_1_859' title='bbox 3733 4683 3803 4734; x_wconf 86' lang='grc' dir='ltr'>οὐ</span> 
     </span>
    </p>
   </div>
   <div class='ocr_carea' id='block_1_119' title="bbox 2196 4759 3807 4836">
    <p class='ocr_par' dir='ltr' id='par_1_119' title="bbox 2196 4759 3807 4836">
     <span class='ocr_line' id='line_1_119' title="bbox 2196 4759 3807 4836; baseline 0 -18"><span class='ocrx_word' id='word_1_860' title='bbox 2196 4765 2443 4836; x_wconf 87' lang='grc' dir='ltr'>πολέμιοί</span> <span class='ocrx_word' id='word_1_861' title='bbox 2475 4780 2618 4826; x_wconf 90' lang='grc' dir='ltr'>τινες</span> <span class='ocrx_word' id='word_1_862' title='bbox 2642 4763 2762 4816; x_wconf 88' lang='grc' dir='ltr'>οὐδὲ</span> <span class='ocrx_word' id='word_1_863' title='bbox 2786 4762 2990 4834; x_wconf 74' lang='grc' dir='ltr'>ἐχθροὶ,</span> <span class='ocrx_word' id='word_1_864' title='bbox 3019 4760 3134 4815; x_wconf 85' lang='grc' dir='ltr'>ἀλλ’</span> <span class='ocrx_word' id='word_1_865' title='bbox 3165 4763 3223 4814; x_wconf 88' lang='grc' dir='ltr'>αἰ</span> <span class='ocrx_word' id='word_1_866' title='bbox 3250 4759 3506 4814; x_wconf 89' lang='grc' dir='ltr'>δοκοῦσαι</span> <span class='ocrx_word' id='word_1_867' title='bbox 3548 4762 3807 4832; x_wconf 81' lang='grc' dir='ltr'>μάλιστα</span> 
     </span>
    </p>
   </div>
   <div class='ocr_carea' id='block_1_120' title="bbox 2198 4844 3808 4920">
    <p class='ocr_par' dir='ltr' id='par_1_120' title="bbox 2198 4844 3808 4920">
     <span class='ocr_line' id='line_1_120' title="bbox 2198 4844 3808 4920; baseline -0.001 -19"><span class='ocrx_word' id='word_1_868' title='bbox 2198 4846 2519 4920; x_wconf 88' lang='grc' dir='ltr'>θεραπεύειν</span> <span class='ocrx_word' id='word_1_869' title='bbox 2543 4845 2712 4912; x_wconf 86' lang='grc' dir='ltr'>αὐτὴν</span> <span class='ocrx_word' id='word_1_870' title='bbox 2733 4845 2904 4910; x_wconf 83' lang='grc' dir='ltr'>οὑτως</span> <span class='ocrx_word' id='word_1_871' title='bbox 2929 4844 3396 4916; x_wconf 77' lang='grc' dir='ltr'>αὑτὴνδιέθηκαν.</span> <span class='ocrx_word' id='word_1_872' title='bbox 3415 4845 3509 4898; x_wconf 77' lang='grc' dir='ltr'>καὶ</span> <span class='ocrx_word' id='word_1_873' title='bbox 3536 4848 3594 4898; x_wconf 80' lang='grc' dir='ltr'>αι</span> <span class='ocrx_word' id='word_1_874' title='bbox 3619 4849 3808 4917; x_wconf 77' lang='grc' dir='ltr'>παρέ-</span> 
     </span>
    </p>
   </div>
   <div class='ocr_carea' id='block_1_121' title="bbox 2195 4928 3806 5002">
    <p class='ocr_par' dir='ltr' id='par_1_121' title="bbox 2195 4928 3806 5002">
     <span class='ocr_line' id='line_1_121' title="bbox 2195 4928 3806 5002; baseline -0.002 -17"><span class='ocrx_word' id='word_1_875' title='bbox 2195 4949 2386 5002; x_wconf 85' lang='grc' dir='ltr'>χουσαι</span> <span class='ocrx_word' id='word_1_876' title='bbox 2409 4931 2642 4999; x_wconf 88' lang='grc' dir='ltr'>μάλιστα</span> <span class='ocrx_word' id='word_1_877' title='bbox 2665 4929 2884 4983; x_wconf 87' lang='grc' dir='ltr'>πάντων</span> <span class='ocrx_word' id='word_1_878' title='bbox 2908 4931 3039 5001; x_wconf 81' lang='grc' dir='ltr'>ἡμῖν</span> <span class='ocrx_word' id='word_1_879' title='bbox 3055 4929 3190 5000; x_wconf 85' lang='grc' dir='ltr'>πρὸς</span> <span class='ocrx_word' id='word_1_880' title='bbox 3204 4930 3331 4994; x_wconf 79' lang='grc' dir='ltr'>τοὺς</span> <span class='ocrx_word' id='word_1_881' title='bbox 3364 4928 3624 4993; x_wconf 83' lang='grc' dir='ltr'>ἀπίστους</span> <span class='ocrx_word' id='word_1_882' title='bbox 3642 4932 3806 4984; x_wconf 78' lang='grc' dir='ltr'>ἐλευ-</span> 
     </span>
    </p>
   </div>
   <div class='ocr_carea' id='block_1_122' title="bbox 2197 5008 3802 5087">
    <p class='ocr_par' dir='ltr' id='par_1_122' title="bbox 2197 5008 3802 5087">
     <span class='ocr_line' id='line_1_122' title="bbox 2197 5008 3802 5087; baseline 0 -19"><span class='ocrx_word' id='word_1_883' title='bbox 2197 5015 2562 5087; x_wconf 88' lang='grc' dir='ltr'>θεροστομεῖν,</span> <span class='ocrx_word' id='word_1_884' title='bbox 2586 5008 2745 5068; x_wconf 73' lang='grc' dir='ltr'>αὗται</span> <span class='ocrx_word' id='word_1_885' title='bbox 2772 5013 3006 5082; x_wconf 86' lang='grc' dir='ltr'>μάλιστα</span> <span class='ocrx_word' id='word_1_886' title='bbox 3027 5013 3242 5066; x_wconf 87' lang='grc' dir='ltr'>πάντων</span> <span class='ocrx_word' id='word_1_887' title='bbox 3258 5011 3312 5085; x_wconf 76' lang='grc' dir='ltr'><strong>[ἡ</strong></span> <span class='ocrx_word' id='word_1_888' title='bbox 3322 5011 3434 5084; x_wconf 87' lang='grc' dir='ltr'>μῖν]</span> <span class='ocrx_word' id='word_1_889' title='bbox 3453 5013 3802 5085; x_wconf 68' lang='grc' dir='ltr'>ἀπέρριψαν</span> 
     </span>
    </p>
   </div>
   <div class='ocr_carea' id='block_1_123' title="bbox 2195 5096 3792 5171">
    <p class='ocr_par' dir='ltr' id='par_1_123' title="bbox 2195 5096 3792 5171">
     <span class='ocr_line' id='line_1_123' title="bbox 2195 5096 3792 5171; baseline -0.001 -20"><span class='ocrx_word' id='word_1_890' title='bbox 2195 5099 2352 5171; x_wconf 83' lang='grc' dir='ltr'>ήμῶν</span> <span class='ocrx_word' id='word_1_891' title='bbox 2366 5098 2435 5153; x_wconf 84' lang='grc' dir='ltr'>τά</span> <span class='ocrx_word' id='word_1_892' title='bbox 2450 5100 2712 5169; x_wconf 88' lang='grc' dir='ltr'>στόματα,</span> <span class='ocrx_word' id='word_1_893' title='bbox 2726 5098 2822 5150; x_wconf 77' lang='grc' dir='ltr'>καὶ</span> <span class='ocrx_word' id='word_1_894' title='bbox 2841 5096 3043 5168; x_wconf 78' lang='grc' dir='ltr'>πολλὴν</span> <span class='ocrx_word' id='word_1_895' title='bbox 3071 5096 3476 5150; x_wconf 85' lang='grc' dir='ltr'>κατεσκέδασαν</span> <span class='ocrx_word' id='word_1_896' title='bbox 3491 5099 3792 5169; x_wconf 82' lang='grc' dir='ltr'>αἰσχύνην.</span> 
     </span>
    </p>
   </div>
   <div class='ocr_carea' id='block_1_124' title="bbox 2266 5176 3795 5254">
    <p class='ocr_par' dir='ltr' id='par_1_124' title="bbox 2266 5176 3795 5254">
     <span class='ocr_line' id='line_1_124' title="bbox 2266 5176 3795 5254; baseline 0 -18"><span class='ocrx_word' id='word_1_897' title='bbox 2266 5183 2579 5254; x_wconf 88' lang='grc' dir='ltr'>Χρημάτων</span> <span class='ocrx_word' id='word_1_898' title='bbox 2637 5182 2735 5252; x_wconf 89' lang='grc' dir='ltr'>μέν</span> <span class='ocrx_word' id='word_1_899' title='bbox 2795 5182 2979 5234; x_wconf 77' lang='grc' dir='ltr'>ἕνεκεν</span> <span class='ocrx_word' id='word_1_900' title='bbox 3009 5192 3030 5219; x_wconf 75' lang='grc' dir='ltr'>ε</span> <span class='ocrx_word' id='word_1_901' title='bbox 3079 5180 3294 5247; x_wconf 88' lang='grc' dir='ltr'>ὀλίγους</span> <span class='ocrx_word' id='word_1_902' title='bbox 3351 5179 3472 5250; x_wconf 75' lang='grc' dir='ltr'>μὲν,</span> <span class='ocrx_word' id='word_1_903' title='bbox 3529 5176 3683 5252; x_wconf 79' lang='grc' dir='ltr'>εἶχον</span> <span class='ocrx_word' id='word_1_904' title='bbox 3734 5184 3795 5236; x_wconf 71' lang='grc' dir='ltr'>δὲ</span> 
     </span>
    </p>
   </div>
   <div class='ocr_carea' id='block_1_125' title="bbox 2195 5263 3794 5336">
    <p class='ocr_par' dir='ltr' id='par_1_125' title="bbox 2195 5263 3794 5336">
     <span class='ocr_line' id='line_1_125' title="bbox 2195 5263 3794 5336; baseline -0.003 -16"><span class='ocrx_word' id='word_1_905' title='bbox 2195 5267 2343 5336; x_wconf 85' lang='grc' dir='ltr'>ὅμως</span> <span class='ocrx_word' id='word_1_906' title='bbox 2371 5265 2540 5330; x_wconf 83' lang='grc' dir='ltr'>δεῖξαί</span> <span class='ocrx_word' id='word_1_907' title='bbox 2592 5282 2746 5329; x_wconf 89' lang='grc' dir='ltr'>τινας</span> <span class='ocrx_word' id='word_1_908' title='bbox 2770 5263 3032 5335; x_wconf 78' lang='grc' dir='ltr'>Ἕλληνες</span> <span class='ocrx_word' id='word_1_909' title='bbox 3078 5265 3209 5334; x_wconf 86' lang='grc' dir='ltr'>παρ’</span> <span class='ocrx_word' id='word_1_910' title='bbox 3251 5263 3435 5327; x_wconf 86' lang='grc' dir='ltr'>αὐτοῖς</span> <span class='ocrx_word' id='word_1_911' title='bbox 3482 5264 3794 5336; x_wconf 77' lang='grc' dir='ltr'>φιλοσοφή-</span> 
     </span>
    </p>
   </div>
   <div class='ocr_carea' id='block_1_126' title="bbox 2198 5346 3787 5420">
    <p class='ocr_par' dir='ltr' id='par_1_126' title="bbox 2198 5346 3787 5420">
     <span class='ocr_line' id='line_1_126' title="bbox 2198 5346 3787 5420; baseline 0 -19"><span class='ocrx_word' id='word_1_912' title='bbox 2198 5367 2415 5412; x_wconf 87' lang='grc' dir='ltr'>σαντας,</span> <span class='ocrx_word' id='word_1_913' title='bbox 2445 5349 2538 5404; x_wconf 79' lang='grc' dir='ltr'>καὶ</span> <span class='ocrx_word' id='word_1_914' title='bbox 2563 5349 2733 5420; x_wconf 85' lang='grc' dir='ltr'>ὀργῆς</span> <span class='ocrx_word' id='word_1_915' title='bbox 2757 5349 2813 5402; x_wconf 88' lang='grc' dir='ltr'>δέ</span> <span class='ocrx_word' id='word_1_916' title='bbox 2845 5365 2991 5411; x_wconf 88' lang='grc' dir='ltr'>τινες</span> <span class='ocrx_word' id='word_1_917' title='bbox 3017 5348 3074 5400; x_wconf 86' lang='grc' dir='ltr'>ἐν</span> <span class='ocrx_word' id='word_1_918' title='bbox 3102 5346 3331 5411; x_wconf 85' lang='grc' dir='ltr'>ἐκείνοις</span> <span class='ocrx_word' id='word_1_919' title='bbox 3365 5348 3787 5417; x_wconf 79' lang='grc' dir='ltr'>περιεγένοντο·</span> 
     </span>
    </p>
   </div>
   <div class='ocr_carea' id='block_1_127' title="bbox 2198 5431 3793 5504">
    <p class='ocr_par' dir='ltr' id='par_1_127' title="bbox 2198 5431 3793 5504">
     <span class='ocr_line' id='line_1_127' title="bbox 2198 5431 3793 5504; baseline -0.001 -17"><span class='ocrx_word' id='word_1_920' title='bbox 2198 5434 2495 5504; x_wconf 84' lang='grc' dir='ltr'>παρθενίας</span> <span class='ocrx_word' id='word_1_921' title='bbox 2535 5434 2590 5488; x_wconf 81' lang='grc' dir='ltr'>δὲ</span> <span class='ocrx_word' id='word_1_922' title='bbox 2641 5434 2798 5496; x_wconf 85' lang='grc' dir='ltr'>ἄνθος</span> <span class='ocrx_word' id='word_1_923' title='bbox 2841 5431 3079 5503; x_wconf 87' lang='grc' dir='ltr'>οὐδαμοῦ</span> <span class='ocrx_word' id='word_1_924' title='bbox 3125 5431 3255 5502; x_wconf 82' lang='grc' dir='ltr'>παρ’</span> <span class='ocrx_word' id='word_1_925' title='bbox 3290 5433 3496 5496; x_wconf 85' lang='grc' dir='ltr'>αὐτοῖς,</span> <span class='ocrx_word' id='word_1_926' title='bbox 3545 5432 3662 5485; x_wconf 85' lang='grc' dir='ltr'>ἀλλ’</span> <span class='ocrx_word' id='word_1_927' title='bbox 3693 5435 3793 5486; x_wconf 82' lang='grc' dir='ltr'>ἀεὶ</span> 
     </span>
    </p>
   </div>
   <div class='ocr_carea' id='block_1_128' title="bbox 2197 5516 3793 5590">
    <p class='ocr_par' dir='ltr' id='par_1_128' title="bbox 2197 5516 3793 5590">
     <span class='ocr_line' id='line_1_128' title="bbox 2197 5516 3793 5590; baseline 0.001 -20"><span class='ocrx_word' id='word_1_928' title='bbox 2197 5518 2548 5590; x_wconf 85' lang='grc' dir='ltr'>παρεχώρουν</span> <span class='ocrx_word' id='word_1_929' title='bbox 2599 5517 2830 5571; x_wconf 82' lang='grc' dir='ltr'>ἐνταῦθα</span> <span class='ocrx_word' id='word_1_930' title='bbox 2881 5517 2988 5570; x_wconf 88' lang='grc' dir='ltr'>τῶν</span> <span class='ocrx_word' id='word_1_931' title='bbox 3044 5516 3326 5586; x_wconf 78' lang='grc' dir='ltr'>πρωτείων</span> <span class='ocrx_word' id='word_1_932' title='bbox 3371 5518 3526 5586; x_wconf 75' lang='grc' dir='ltr'>ἡμῖν,</span> <span class='ocrx_word' id='word_1_933' title='bbox 3576 5517 3793 5586; x_wconf 79' lang='grc' dir='ltr'>ὁμολο-</span> 
     </span>
    </p>
   </div>
   <div class='ocr_carea' id='block_1_129' title="bbox 2196 5595 3791 5672">
    <p class='ocr_par' dir='ltr' id='par_1_129' title="bbox 2196 5595 3791 5672">
     <span class='ocr_line' id='line_1_129' title="bbox 2196 5595 3791 5672; baseline -0.001 -18"><span class='ocrx_word' id='word_1_934' title='bbox 2196 5602 2420 5670; x_wconf 86' lang='grc' dir='ltr'>γοῦντες</span> <span class='ocrx_word' id='word_1_935' title='bbox 2459 5601 2714 5672; x_wconf 86' lang='grc' dir='ltr'>ἀνωτέρω</span> <span class='ocrx_word' id='word_1_936' title='bbox 2758 5601 2859 5671; x_wconf 81' lang='grc' dir='ltr'>τῆς</span> <span class='ocrx_word' id='word_1_937' title='bbox 2893 5599 3110 5669; x_wconf 88' lang='grc' dir='ltr'>φύσεως</span> <span class='ocrx_word' id='word_1_938' title='bbox 3140 5595 3280 5652; x_wconf 79' lang='grc' dir='ltr'>εἰναι</span> <span class='ocrx_word' id='word_1_939' title='bbox 3310 5599 3370 5652; x_wconf 84' lang='grc' dir='ltr'>τὸ</span> <span class='ocrx_word' id='word_1_940' title='bbox 3415 5599 3791 5672; x_wconf 74' lang='grc' dir='ltr'>κατόρθωμα,</span> 
     </span>
    </p>
   </div>
   <div class='ocr_carea' id='block_1_130' title="bbox 2196 5683 3799 5756">
    <p class='ocr_par' dir='ltr' id='par_1_130' title="bbox 2196 5683 3799 5756">
     <span class='ocr_line' id='line_1_130' title="bbox 2196 5683 3799 5756; baseline 0.001 -18"><span class='ocrx_word' id='word_1_941' title='bbox 2196 5684 2290 5738; x_wconf 76' lang='grc' dir='ltr'>καὶ</span> <span class='ocrx_word' id='word_1_942' title='bbox 2317 5685 2418 5738; x_wconf 88' lang='grc' dir='ltr'>οὐκ</span> <span class='ocrx_word' id='word_1_943' title='bbox 2451 5685 2810 5756; x_wconf 85' lang='grc' dir='ltr'>ἀνθρώπινον.</span> <span class='ocrx_word' id='word_1_944' title='bbox 2837 5683 2939 5738; x_wconf 87' lang='grc' dir='ltr'>Διά</span> <span class='ocrx_word' id='word_1_945' title='bbox 2962 5683 3122 5738; x_wconf 89' lang='grc' dir='ltr'>τοῦτο</span> <span class='ocrx_word' id='word_1_946' title='bbox 3149 5683 3352 5755; x_wconf 82' lang='grc' dir='ltr'>σφόδρα</span> <span class='ocrx_word' id='word_1_947' title='bbox 3379 5683 3536 5752; x_wconf 78' lang='grc' dir='ltr'>ἡμῶν</span> <span class='ocrx_word' id='word_1_948' title='bbox 3570 5684 3636 5737; x_wconf 78' lang='grc' dir='ltr'>τὸ</span> <span class='ocrx_word' id='word_1_949' title='bbox 3673 5688 3799 5740; x_wconf 75' lang='grc' dir='ltr'>πᾶν</span> 
     </span>
    </p>
   </div>
   <div class='ocr_carea' id='block_1_131' title="bbox 2197 5766 3799 5839">
    <p class='ocr_par' dir='ltr' id='par_1_131' title="bbox 2197 5766 3799 5839">
     <span class='ocr_line' id='line_1_131' title="bbox 2197 5766 3799 5839; baseline 0.003 -20"><span class='ocrx_word' id='word_1_950' title='bbox 2197 5767 2348 5831; x_wconf 79' lang='grc' dir='ltr'>ἔθνος</span> <span class='ocrx_word' id='word_1_951' title='bbox 2388 5768 2726 5839; x_wconf 75' lang='grc' dir='ltr'>ἐθαύμαζον·</span> <span class='ocrx_word' id='word_1_952' title='bbox 2778 5767 2914 5821; x_wconf 90' lang='grc' dir='ltr'>ἀλλά</span> <span class='ocrx_word' id='word_1_953' title='bbox 2957 5766 3052 5820; x_wconf 90' lang='grc' dir='ltr'>νῦν</span> <span class='ocrx_word' id='word_1_954' title='bbox 3089 5767 3306 5829; x_wconf 85' lang='grc' dir='ltr'>οὐκέτι,</span> <span class='ocrx_word' id='word_1_955' title='bbox 3352 5767 3485 5819; x_wconf 78' lang='grc' dir='ltr'>ἀλλὰ</span> <span class='ocrx_word' id='word_1_956' title='bbox 3533 5785 3799 5839; x_wconf 72' lang='grc' dir='ltr'>καταγι-</span> 
     </span>
    </p>
   </div>
   <div class='ocr_carea' id='block_1_132' title="bbox 2197 5850 3800 5923">
    <p class='ocr_par' dir='ltr' id='par_1_132' title="bbox 2197 5850 3800 5923">
     <span class='ocr_line' id='line_1_132' title="bbox 2197 5850 3800 5923; baseline 0.002 -21"><span class='ocrx_word' id='word_1_957' title='bbox 2197 5851 2328 5904; x_wconf 89' lang='grc' dir='ltr'>λῶσι</span> <span class='ocrx_word' id='word_1_958' title='bbox 2367 5852 2469 5923; x_wconf 31' lang='grc' dir='ltr'>καὶ,</span> <span class='ocrx_word' id='word_1_959' title='bbox 2500 5850 2840 5922; x_wconf 80' lang='grc' dir='ltr'>κωμῳδοῦσι.</span> <span class='ocrx_word' id='word_1_960' title='bbox 2868 5851 2967 5905; x_wconf 88' lang='grc' dir='ltr'>Διά</span> <span class='ocrx_word' id='word_1_961' title='bbox 3003 5850 3162 5904; x_wconf 88' lang='grc' dir='ltr'>τοῦτο</span> <span class='ocrx_word' id='word_1_962' title='bbox 3204 5852 3297 5904; x_wconf 71' lang='grc' dir='ltr'>καὶ</span> <span class='ocrx_word' id='word_1_963' title='bbox 3339 5853 3368 5903; x_wconf 88' lang='grc' dir='ltr'>ὀ</span> <span class='ocrx_word' id='word_1_964' title='bbox 3395 5850 3652 5920; x_wconf 79' lang='grc' dir='ltr'>διάϐολος</span> <span class='ocrx_word' id='word_1_965' title='bbox 3698 5870 3800 5911; x_wconf 78' lang='grc' dir='ltr'>το-</span> 
     </span>
    </p>
   </div>
   <div class='ocr_carea' id='block_1_133' title="bbox 2258 5964 2723 6012">
    <p class='ocr_par' dir='ltr' id='par_1_133' title="bbox 2258 5964 2723 6012">
     <span class='ocr_line' id='line_1_133' title="bbox 2258 5964 2723 6012; baseline 0.011 -5"><span class='ocrx_word' id='word_1_966' title='bbox 2258 5964 2286 6003; x_wconf 80' lang='lat' dir='ltr'><strong>h</strong></span> <span class='ocrx_word' id='word_1_967' title='bbox 2312 5964 2461 6012; x_wconf 71' lang='lat' dir='ltr'>Savil.</span> <span class='ocrx_word' id='word_1_968' title='bbox 2481 5965 2561 6012; x_wconf 79' lang='grc' dir='ltr'>καὶ</span> <span class='ocrx_word' id='word_1_969' title='bbox 2579 5964 2634 6011; x_wconf 89' lang='grc' dir='ltr'>τό</span> <span class='ocrx_word' id='word_1_970' title='bbox 2657 5965 2723 6012; x_wconf 83' lang='grc' dir='ltr'>δέ.</span> 
     </span>
    </p>
   </div>
   <div class='ocr_carea' id='block_1_134' title="bbox 2256 6021 3444 6090">
    <p class='ocr_par' dir='ltr' id='par_1_134' title="bbox 2256 6021 3444 6090">
     <span class='ocr_line' id='line_1_134' title="bbox 2256 6021 3444 6090; baseline -0.002 -16"><span class='ocrx_word' id='word_1_971' title='bbox 2256 6028 2276 6056; x_wconf 72' lang='grc' dir='ltr'><strong>ε</strong></span> <span class='ocrx_word' id='word_1_972' title='bbox 2316 6028 2462 6075; x_wconf 74' lang='lat' dir='ltr'><strong>Savil.</strong></span> <span class='ocrx_word' id='word_1_973' title='bbox 2490 6028 2572 6089; x_wconf 83' lang='grc' dir='ltr'>μὲν</span> <span class='ocrx_word' id='word_1_974' title='bbox 2591 6027 2677 6090; x_wconf 84' lang='grc' dir='ltr'>γάρ</span> <span class='ocrx_word' id='word_1_975' title='bbox 2703 6028 2872 6075; x_wconf 80' lang='grc' dir='ltr'>ἕνεκεν.</span> <span class='ocrx_word' id='word_1_976' title='bbox 2895 6023 3023 6075; x_wconf 77' lang='lat' dir='ltr'><strong>Infra</strong></span> <span class='ocrx_word' id='word_1_977' title='bbox 3043 6021 3173 6075; x_wconf 85' lang='lat' dir='ltr'>idem</span> <span class='ocrx_word' id='word_1_978' title='bbox 3192 6025 3444 6085; x_wconf 78' lang='grc' dir='ltr'>Ἕλληνας.</span> 
     </span>
    </p>
   </div>
  </div>
