  <div class='ocr_page' id='page_1' title='image "/cluster/home/n/w/nwhite01/storage/ocr_20150623/47/nnc1.0046978321/476.png"; bbox 0 0 4036 6416; ppageno 0'>
   <div class='ocr_carea' id='block_1_1' title="bbox 287 398 390 451">
    <p class='ocr_par' dir='ltr' id='par_1_1' title="bbox 287 398 390 451">
     <span class='ocr_line' id='line_1_1' title="bbox 287 398 390 451; baseline -0.019 0"><span class='ocrx_word' id='word_1_1' title='bbox 287 398 390 451; x_wconf 70' lang='grc'><strong>515</strong></span> 
     </span>
    </p>
   </div>
   <div class='ocr_carea' id='block_1_2' title="bbox 280 504 1867 572">
    <p class='ocr_par' dir='ltr' id='par_1_2' title="bbox 280 504 1867 572">
     <span class='ocr_line' id='line_1_2' title="bbox 280 504 1867 572; baseline -0.004 -9"><span class='ocrx_word' id='word_1_2' title='bbox 280 535 351 551; x_wconf 84' lang='lat'><strong>—-—</strong></span> <span class='ocrx_word' id='word_1_3' title='bbox 377 508 523 563; x_wconf 83' lang='lat' dir='ltr'><strong>lianc</strong></span> <span class='ocrx_word' id='word_1_4' title='bbox 546 518 601 563; x_wconf 92' lang='lat' dir='ltr'><strong>et</strong></span> <span class='ocrx_word' id='word_1_5' title='bbox 626 523 720 563; x_wconf 87' lang='lat' dir='ltr'><strong>vos</strong></span> <span class='ocrx_word' id='word_1_6' title='bbox 744 518 797 563; x_wconf 91' lang='lat' dir='ltr'><strong>et</strong></span> <span class='ocrx_word' id='word_1_7' title='bbox 829 507 929 562; x_wconf 89' lang='lat' dir='ltr'><strong>hac</strong></span> <span class='ocrx_word' id='word_1_8' title='bbox 964 505 1357 570; x_wconf 82' lang='lat' dir='ltr'><strong>sublimiorem,</strong></span> <span class='ocrx_word' id='word_1_9' title='bbox 1384 504 1428 559; x_wconf 93' lang='lat' dir='ltr'><strong>si</strong></span> <span class='ocrx_word' id='word_1_10' title='bbox 1457 504 1759 572; x_wconf 73' lang='lat' dir='ltr'><strong>volueritis,</strong></span> <span class='ocrx_word' id='word_1_11' title='bbox 1788 508 1867 559; x_wconf 81' lang='lat' dir='ltr'><strong>er-</strong></span> 
     </span>
    </p>
   </div>
   <div class='ocr_carea' id='block_1_3' title="bbox 281 595 1865 667">
    <p class='ocr_par' dir='ltr' id='par_1_3' title="bbox 281 595 1865 667">
     <span class='ocr_line' id='line_1_3' title="bbox 281 595 1865 667; baseline -0.005 -10"><span class='ocrx_word' id='word_1_12' title='bbox 281 600 465 657; x_wconf 86' lang='lat' dir='ltr'><strong>feretis</strong></span> <span class='ocrx_word' id='word_1_13' title='bbox 492 602 809 656; x_wconf 88' lang='lat' dir='ltr'><strong>sententiam</strong></span> <span class='ocrx_word' id='word_1_14' title='bbox 842 598 911 653; x_wconf 88' lang='lat' dir='ltr'><strong>de</strong></span> <span class='ocrx_word' id='word_1_15' title='bbox 949 597 1319 667; x_wconf 86' lang='lat' dir='ltr'><strong>intempestiva</strong></span> <span class='ocrx_word' id='word_1_16' title='bbox 1357 595 1459 651; x_wconf 90' lang='lat' dir='ltr'><strong>hac</strong></span> <span class='ocrx_word' id='word_1_17' title='bbox 1487 596 1787 666; x_wconf 72' lang='lat' dir='ltr'><strong>voluptate,</strong></span> <span class='ocrx_word' id='word_1_18' title='bbox 1819 596 1865 649; x_wconf 88' lang='lat' dir='ltr'><strong>si</strong></span> 
     </span>
    </p>
   </div>
   <div class='ocr_carea' id='block_1_4' title="bbox 282 689 1860 764">
    <p class='ocr_par' dir='ltr' id='par_1_4' title="bbox 282 689 1860 764">
     <span class='ocr_line' id='line_1_4' title="bbox 282 689 1860 764; baseline -0.004 -16"><span class='ocrx_word' id='word_1_19' title='bbox 282 694 663 764; x_wconf 68' lang='lat' dir='ltr'><strong>aliquantisper</strong></span> <span class='ocrx_word' id='word_1_20' title='bbox 702 709 732 747; x_wconf 90' lang='lat' dir='ltr'><strong>a</strong></span> <span class='ocrx_word' id='word_1_21' title='bbox 774 693 912 747; x_wconf 90' lang='lat' dir='ltr'><strong>mala</strong></span> <span class='ocrx_word' id='word_1_22' title='bbox 950 689 1341 746; x_wconf 76' lang='lat' dir='ltr'><strong>consuetudine</strong></span> <span class='ocrx_word' id='word_1_23' title='bbox 1370 704 1465 743; x_wconf 89' lang='lat' dir='ltr'><strong>vos</strong></span> <span class='ocrx_word' id='word_1_24' title='bbox 1503 689 1860 756; x_wconf 87' lang='lat' dir='ltr'><strong>scjunxeritis.</strong></span> 
     </span>
    </p>
   </div>
   <div class='ocr_carea' id='block_1_5' title="bbox 280 780 1863 854">
    <p class='ocr_par' dir='ltr' id='par_1_5' title="bbox 280 780 1863 854">
     <span class='ocr_line' id='line_1_5' title="bbox 280 780 1863 854; baseline -0.003 -16"><span class='ocrx_word' id='word_1_25' title='bbox 280 787 533 854; x_wconf 85' lang='lat' dir='ltr'><strong>Quamvis</strong></span> <span class='ocrx_word' id='word_1_26' title='bbox 558 795 732 840; x_wconf 91' lang='lat' dir='ltr'><strong>autem</strong></span> <span class='ocrx_word' id='word_1_27' title='bbox 758 800 787 838; x_wconf 88' lang='lat' dir='ltr'><strong>a</strong></span> <span class='ocrx_word' id='word_1_28' title='bbox 817 784 1105 839; x_wconf 88' lang='lat' dir='ltr'><strong>Salomone</strong></span> <span class='ocrx_word' id='word_1_29' title='bbox 1132 781 1342 837; x_wconf 67' lang='lat' dir='ltr'><strong>saaculis</strong></span> <span class='ocrx_word' id='word_1_30' title='bbox 1371 780 1734 850; x_wconf 89' lang='lat' dir='ltr'><strong>superioribus</strong></span> <span class='ocrx_word' id='word_1_31' title='bbox 1758 796 1863 833; x_wconf 91' lang='lat' dir='ltr'><strong>non</strong></span> 
     </span>
    </p>
   </div>
   <div class='ocr_carea' id='block_1_6' title="bbox 280 874 1865 947">
    <p class='ocr_par' dir='ltr' id='par_1_6' title="bbox 280 874 1865 947">
     <span class='ocr_line' id='line_1_6' title="bbox 280 874 1865 947; baseline -0.003 -16"><span class='ocrx_word' id='word_1_32' title='bbox 280 888 388 932; x_wconf 90' lang='lat' dir='ltr'><strong>tam</strong></span> <span class='ocrx_word' id='word_1_33' title='bbox 443 879 607 932; x_wconf 89' lang='lat' dir='ltr'><strong>multa</strong></span> <span class='ocrx_word' id='word_1_34' title='bbox 660 878 933 947; x_wconf 70' lang='lat' dir='ltr'><strong>sapientia:</strong></span> <span class='ocrx_word' id='word_1_35' title='bbox 981 876 1290 945; x_wconf 75' lang='lat' dir='ltr'><strong>exigebatur</strong></span> <span class='ocrx_word' id='word_1_36' title='bbox 1335 874 1638 944; x_wconf 88' lang='lat' dir='ltr'><strong>diligentia;</strong></span> <span class='ocrx_word' id='word_1_37' title='bbox 1692 888 1865 941; x_wconf 85' lang='lat' dir='ltr'><strong>neque</strong></span> 
     </span>
    </p>
   </div>
   <div class='ocr_carea' id='block_1_7' title="bbox 279 965 1863 1037">
    <p class='ocr_par' dir='ltr' id='par_1_7' title="bbox 279 965 1863 1037">
     <span class='ocr_line' id='line_1_7' title="bbox 279 965 1863 1037; baseline -0.003 -15"><span class='ocrx_word' id='word_1_38' title='bbox 279 971 419 1023; x_wconf 90' lang='lat' dir='ltr'><strong>enim</strong></span> <span class='ocrx_word' id='word_1_39' title='bbox 456 970 674 1023; x_wconf 83' lang='lat' dir='ltr'><strong>delicias</strong></span> <span class='ocrx_word' id='word_1_40' title='bbox 715 970 801 1022; x_wconf 86' lang='lat' dir='ltr'><strong>lex</strong></span> <span class='ocrx_word' id='word_1_41' title='bbox 846 979 996 1023; x_wconf 92' lang='lat' dir='ltr'><strong>vetus</strong></span> <span class='ocrx_word' id='word_1_42' title='bbox 1032 967 1380 1037; x_wconf 86' lang='lat' dir='ltr'><strong>prohibebat,</strong></span> <span class='ocrx_word' id='word_1_43' title='bbox 1413 981 1586 1035; x_wconf 88' lang='lat' dir='ltr'><strong>neque</strong></span> <span class='ocrx_word' id='word_1_44' title='bbox 1616 965 1732 1019; x_wconf 89' lang='lat' dir='ltr'><strong>aliis</strong></span> <span class='ocrx_word' id='word_1_45' title='bbox 1762 965 1863 1018; x_wconf 90' lang='lat' dir='ltr'><strong>frui</strong></span> 
     </span>
    </p>
   </div>
   <div class='ocr_carea' id='block_1_8' title="bbox 280 1058 1862 1129">
    <p class='ocr_par' dir='ltr' id='par_1_8' title="bbox 280 1058 1862 1129">
     <span class='ocr_line' id='line_1_8' title="bbox 280 1058 1862 1129; baseline -0.001 -17"><span class='ocrx_word' id='word_1_46' title='bbox 280 1060 620 1129; x_wconf 83' lang='lat' dir='ltr'><strong>supervacuis</strong></span> <span class='ocrx_word' id='word_1_47' title='bbox 660 1060 869 1114; x_wconf 87' lang='lat' dir='ltr'><strong>dicebat</strong></span> <span class='ocrx_word' id='word_1_48' title='bbox 907 1076 1025 1114; x_wconf 86' lang='lat' dir='ltr'><strong>esse</strong></span> <span class='ocrx_word' id='word_1_49' title='bbox 1065 1074 1295 1120; x_wconf 85' lang='lat' dir='ltr'><strong>vanum;</strong></span> <span class='ocrx_word' id='word_1_50' title='bbox 1335 1066 1568 1111; x_wconf 85' lang='lat' dir='ltr'><strong>attamen</strong></span> <span class='ocrx_word' id='word_1_51' title='bbox 1610 1067 1665 1112; x_wconf 91' lang='lat' dir='ltr'><strong>et</strong></span> <span class='ocrx_word' id='word_1_52' title='bbox 1700 1058 1777 1112; x_wconf 89' lang='lat' dir='ltr'><strong>sic</strong></span> <span class='ocrx_word' id='word_1_53' title='bbox 1804 1072 1862 1112; x_wconf 91' lang='lat' dir='ltr'><strong>se</strong></span> 
     </span>
    </p>
   </div>
   <div class='ocr_carea' id='block_1_9' title="bbox 283 1148 1862 1219">
    <p class='ocr_par' dir='ltr' id='par_1_9' title="bbox 283 1148 1862 1219">
     <span class='ocr_line' id='line_1_9' title="bbox 283 1148 1862 1219; baseline 0.002 -19"><span class='ocrx_word' id='word_1_54' title='bbox 283 1148 599 1205; x_wconf 85' lang='lat' dir='ltr'><strong>habentibus</strong></span> <span class='ocrx_word' id='word_1_55' title='bbox 638 1150 795 1205; x_wconf 87' lang='lat' dir='ltr'><strong>rebus</strong></span> <span class='ocrx_word' id='word_1_56' title='bbox 833 1152 885 1204; x_wconf 93' lang='lat' dir='ltr'><strong>in</strong></span> <span class='ocrx_word' id='word_1_57' title='bbox 915 1150 1041 1219; x_wconf 89' lang='lat' dir='ltr'><strong>ipsis</strong></span> <span class='ocrx_word' id='word_1_58' title='bbox 1066 1149 1309 1204; x_wconf 90' lang='lat' dir='ltr'><strong>contueri</strong></span> <span class='ocrx_word' id='word_1_59' title='bbox 1349 1150 1516 1217; x_wconf 91' lang='lat' dir='ltr'><strong>potuit</strong></span> <span class='ocrx_word' id='word_1_60' title='bbox 1543 1164 1698 1217; x_wconf 87' lang='lat' dir='ltr'><strong>quam</strong></span> <span class='ocrx_word' id='word_1_61' title='bbox 1731 1149 1862 1203; x_wconf 86' lang='lat' dir='ltr'><strong>viles</strong></span> 
     </span>
    </p>
   </div>
   <div class='ocr_carea' id='block_1_10' title="bbox 280 1238 1859 1306">
    <p class='ocr_par' dir='ltr' id='par_1_10' title="bbox 280 1238 1859 1306">
     <span class='ocr_line' id='line_1_10' title="bbox 280 1238 1859 1306; baseline -0.002 -11"><span class='ocrx_word' id='word_1_62' title='bbox 280 1251 334 1295; x_wconf 90' lang='lat' dir='ltr'><strong>et</strong></span> <span class='ocrx_word' id='word_1_63' title='bbox 358 1240 575 1294; x_wconf 84' lang='lat' dir='ltr'><strong>vanitati</strong></span> <span class='ocrx_word' id='word_1_64' title='bbox 600 1241 841 1295; x_wconf 69' lang='lat' dir='ltr'><strong>obnoxia:</strong></span> <span class='ocrx_word' id='word_1_65' title='bbox 876 1256 961 1295; x_wconf 90' lang='lat' dir='ltr'><strong>res</strong></span> <span class='ocrx_word' id='word_1_66' title='bbox 996 1249 1193 1295; x_wconf 88' lang='lat' dir='ltr'><strong>essent.</strong></span> <span class='ocrx_word' id='word_1_67' title='bbox 1225 1240 1329 1293; x_wconf 86' lang='lat' dir='ltr'><strong>Nos</strong></span> <span class='ocrx_word' id='word_1_68' title='bbox 1354 1255 1481 1293; x_wconf 90' lang='lat' dir='ltr'><strong>vero</strong></span> <span class='ocrx_word' id='word_1_69' title='bbox 1506 1238 1573 1293; x_wconf 92' lang='lat' dir='ltr'><strong>ad</strong></span> <span class='ocrx_word' id='word_1_70' title='bbox 1607 1239 1859 1306; x_wconf 86' lang='lat' dir='ltr'><strong>majorem</strong></span> 
     </span>
    </p>
   </div>
   <div class='ocr_carea' id='block_1_11' title="bbox 281 1320 1858 1403">
    <p class='ocr_par' dir='ltr' id='par_1_11' title="bbox 281 1320 1858 1403">
     <span class='ocr_line' id='line_1_11' title="bbox 281 1320 1858 1403; baseline 0.001 -17"><span class='ocrx_word' id='word_1_71' title='bbox 281 1336 455 1389; x_wconf 88' lang='lat' dir='ltr'><strong>vocati</strong></span> <span class='ocrx_word' id='word_1_72' title='bbox 476 1336 657 1401; x_wconf 87' lang='lat' dir='ltr'><strong>vitam,</strong></span> <span class='ocrx_word' id='word_1_73' title='bbox 683 1344 738 1391; x_wconf 89' lang='lat' dir='ltr'><strong>et</strong></span> <span class='ocrx_word' id='word_1_74' title='bbox 761 1335 825 1389; x_wconf 84' lang='lat' dir='ltr'><strong>ad</strong></span> <span class='ocrx_word' id='word_1_75' title='bbox 850 1334 1194 1390; x_wconf 80' lang='lat' dir='ltr'><strong>excellentius</strong></span> <span class='ocrx_word' id='word_1_76' title='bbox 1216 1320 1476 1403; x_wconf 78' lang='lat' dir='ltr'><strong>fastigium</strong></span> <span class='ocrx_word' id='word_1_77' title='bbox 1501 1332 1858 1398; x_wconf 85' lang='lat' dir='ltr'><strong>ascendimus,</strong></span> 
     </span>
    </p>
   </div>
   <div class='ocr_carea' id='block_1_12' title="bbox 280 1423 1860 1495">
    <p class='ocr_par' dir='ltr' id='par_1_12' title="bbox 280 1423 1860 1495">
     <span class='ocr_line' id='line_1_12' title="bbox 280 1423 1860 1495; baseline -0.001 -16"><span class='ocrx_word' id='word_1_78' title='bbox 280 1436 335 1481; x_wconf 93' lang='lat' dir='ltr'><strong>et</strong></span> <span class='ocrx_word' id='word_1_79' title='bbox 363 1427 415 1479; x_wconf 92' lang='lat' dir='ltr'><strong>in</strong></span> <span class='ocrx_word' id='word_1_80' title='bbox 457 1426 745 1495; x_wconf 88' lang='lat' dir='ltr'><strong>majoribus</strong></span> <span class='ocrx_word' id='word_1_81' title='bbox 776 1440 1085 1480; x_wconf 84' lang='lat' dir='ltr'><strong>exercemur</strong></span> <span class='ocrx_word' id='word_1_82' title='bbox 1127 1425 1404 1495; x_wconf 68' lang='lat' dir='ltr'><strong>palaestris.</strong></span> <span class='ocrx_word' id='word_1_83' title='bbox 1433 1423 1501 1478; x_wconf 88' lang='lat' dir='ltr'><strong>Et</strong></span> <span class='ocrx_word' id='word_1_84' title='bbox 1527 1423 1652 1493; x_wconf 87' lang='lat' dir='ltr'><strong>quid</strong></span> <span class='ocrx_word' id='word_1_85' title='bbox 1680 1423 1821 1477; x_wconf 87' lang='lat' dir='ltr'><strong>aliud</strong></span> <span class='ocrx_word' id='word_1_86' title='bbox 1842 1462 1860 1490; x_wconf 90' lang='lat'><strong>,</strong></span> 
     </span>
    </p>
   </div>
   <div class='ocr_carea' id='block_1_13' title="bbox 279 1515 1862 1587">
    <p class='ocr_par' dir='ltr' id='par_1_13' title="bbox 279 1515 1862 1587">
     <span class='ocr_line' id='line_1_13' title="bbox 279 1515 1862 1587; baseline -0.001 -16"><span class='ocrx_word' id='word_1_87' title='bbox 279 1534 436 1586; x_wconf 90' lang='lat' dir='ltr'><strong>quam</strong></span> <span class='ocrx_word' id='word_1_88' title='bbox 465 1518 603 1586; x_wconf 87' lang='lat' dir='ltr'><strong>quod</strong></span> <span class='ocrx_word' id='word_1_89' title='bbox 647 1518 783 1571; x_wconf 91' lang='lat' dir='ltr'><strong>sicut</strong></span> <span class='ocrx_word' id='word_1_90' title='bbox 823 1533 1065 1587; x_wconf 70' lang='lat' dir='ltr'><strong>supernae</strong></span> <span class='ocrx_word' id='word_1_91' title='bbox 1094 1517 1325 1571; x_wconf 79' lang='lat' dir='ltr'><strong>Virtutes</strong></span> <span class='ocrx_word' id='word_1_92' title='bbox 1349 1557 1363 1581; x_wconf 93' lang='lat'><strong>,</strong></span> <span class='ocrx_word' id='word_1_93' title='bbox 1402 1515 1782 1569; x_wconf 89' lang='lat' dir='ltr'><strong>intellectuales</strong></span> <span class='ocrx_word' id='word_1_94' title='bbox 1807 1523 1862 1569; x_wconf 91' lang='lat' dir='ltr'><strong>et</strong></span> 
     </span>
    </p>
   </div>
   <div class='ocr_carea' id='block_1_14' title="bbox 279 1607 1859 1677">
    <p class='ocr_par' dir='ltr' id='par_1_14' title="bbox 279 1607 1859 1677">
     <span class='ocr_line' id='line_1_14' title="bbox 279 1607 1859 1677; baseline 0 -16"><span class='ocrx_word' id='word_1_95' title='bbox 279 1608 605 1677; x_wconf 56' lang='lat' dir='ltr'><strong>incorporea:</strong></span> <span class='ocrx_word' id='word_1_96' title='bbox 634 1609 738 1662; x_wconf 85' lang='lat' dir='ltr'><strong>ilhe</strong></span> <span class='ocrx_word' id='word_1_97' title='bbox 762 1610 898 1662; x_wconf 89' lang='lat' dir='ltr'><strong>viam</strong></span> <span class='ocrx_word' id='word_1_98' title='bbox 928 1609 1201 1663; x_wconf 86' lang='lat' dir='ltr'><strong>instituere</strong></span> <span class='ocrx_word' id='word_1_99' title='bbox 1225 1607 1511 1674; x_wconf 68' lang='lat' dir='ltr'><strong>iubemur?</strong></span> <span class='ocrx_word' id='word_1_100' title='bbox 1534 1608 1611 1663; x_wconf 86' lang='lat' dir='ltr'><strong>An</strong></span> <span class='ocrx_word' id='word_1_101' title='bbox 1633 1623 1737 1661; x_wconf 89' lang='lat' dir='ltr'><strong>non</strong></span> <span class='ocrx_word' id='word_1_102' title='bbox 1766 1608 1859 1676; x_wconf 86' lang='lat' dir='ltr'><strong>igi-</strong></span> 
     </span>
    </p>
   </div>
   <div class='ocr_carea' id='block_1_15' title="bbox 280 1698 1860 1770">
    <p class='ocr_par' dir='ltr' id='par_1_15' title="bbox 280 1698 1860 1770">
     <span class='ocr_line' id='line_1_15' title="bbox 280 1698 1860 1770; baseline -0.002 -15"><span class='ocrx_word' id='word_1_103' title='bbox 280 1708 366 1755; x_wconf 90' lang='lat' dir='ltr'><strong>tur</strong></span> <span class='ocrx_word' id='word_1_104' title='bbox 384 1711 466 1755; x_wconf 89' lang='lat' dir='ltr'><strong>est</strong></span> <span class='ocrx_word' id='word_1_105' title='bbox 487 1710 655 1770; x_wconf 88' lang='lat' dir='ltr'><strong>turpe,</strong></span> <span class='ocrx_word' id='word_1_106' title='bbox 680 1712 1023 1770; x_wconf 86' lang='lat' dir='ltr'><strong>extremoque</strong></span> <span class='ocrx_word' id='word_1_107' title='bbox 1043 1699 1303 1769; x_wconf 89' lang='lat' dir='ltr'><strong>supplicio</strong></span> <span class='ocrx_word' id='word_1_108' title='bbox 1323 1698 1559 1769; x_wconf 87' lang='lat' dir='ltr'><strong>dignum,</strong></span> <span class='ocrx_word' id='word_1_109' title='bbox 1584 1699 1675 1752; x_wconf 91' lang='lat' dir='ltr'><strong>illo</strong></span> <span class='ocrx_word' id='word_1_110' title='bbox 1694 1698 1860 1752; x_wconf 91' lang='lat' dir='ltr'><strong>multo</strong></span> 
     </span>
    </p>
   </div>
   <div class='ocr_carea' id='block_1_16' title="bbox 279 1787 1859 1861">
    <p class='ocr_par' dir='ltr' id='par_1_16' title="bbox 279 1787 1859 1861">
     <span class='ocr_line' id='line_1_16' title="bbox 279 1787 1859 1861; baseline -0.001 -17"><span class='ocrx_word' id='word_1_111' title='bbox 279 1792 512 1845; x_wconf 90' lang='lat' dir='ltr'><strong>minores</strong></span> <span class='ocrx_word' id='word_1_112' title='bbox 548 1807 839 1861; x_wconf 88' lang='lat' dir='ltr'><strong>apparere;</strong></span> <span class='ocrx_word' id='word_1_113' title='bbox 869 1800 924 1845; x_wconf 92' lang='lat' dir='ltr'><strong>et</strong></span> <span class='ocrx_word' id='word_1_114' title='bbox 966 1807 1071 1844; x_wconf 89' lang='lat' dir='ltr'><strong>non</strong></span> <span class='ocrx_word' id='word_1_115' title='bbox 1113 1790 1284 1843; x_wconf 91' lang='lat' dir='ltr'><strong>solum</strong></span> <span class='ocrx_word' id='word_1_116' title='bbox 1315 1787 1581 1842; x_wconf 85' lang='lat' dir='ltr'><strong>concessis</strong></span> <span class='ocrx_word' id='word_1_117' title='bbox 1609 1802 1715 1843; x_wconf 87' lang='lat' dir='ltr'><strong>non</strong></span> <span class='ocrx_word' id='word_1_118' title='bbox 1746 1787 1859 1842; x_wconf 87' lang='lat' dir='ltr'><strong>fieri</strong></span> 
     </span>
    </p>
   </div>
   <div class='ocr_carea' id='block_1_17' title="bbox 278 1880 1857 1950">
    <p class='ocr_par' dir='ltr' id='par_1_17' title="bbox 278 1880 1857 1950">
     <span class='ocr_line' id='line_1_17' title="bbox 278 1880 1857 1950; baseline -0.002 -13"><span class='ocrx_word' id='word_1_119' title='bbox 278 1884 633 1949; x_wconf 84' lang='lat' dir='ltr'><strong>sublimiores,</strong></span> <span class='ocrx_word' id='word_1_120' title='bbox 669 1894 726 1937; x_wconf 91' lang='lat' dir='ltr'><strong>ut</strong></span> <span class='ocrx_word' id='word_1_121' title='bbox 752 1884 859 1945; x_wconf 87' lang='lat' dir='ltr'><strong>ille,</strong></span> <span class='ocrx_word' id='word_1_122' title='bbox 894 1881 987 1936; x_wconf 85' lang='lat' dir='ltr'><strong>sed</strong></span> <span class='ocrx_word' id='word_1_123' title='bbox 1025 1889 1079 1935; x_wconf 90' lang='lat' dir='ltr'><strong>et</strong></span> <span class='ocrx_word' id='word_1_124' title='bbox 1106 1883 1264 1935; x_wconf 90' lang='lat' dir='ltr'><strong>vetita</strong></span> <span class='ocrx_word' id='word_1_125' title='bbox 1302 1880 1539 1950; x_wconf 79' lang='lat' dir='ltr'><strong>aggredi,</strong></span> <span class='ocrx_word' id='word_1_126' title='bbox 1569 1896 1687 1949; x_wconf 75' lang='lat' dir='ltr'><strong>qua:</strong></span> <span class='ocrx_word' id='word_1_127' title='bbox 1717 1880 1857 1934; x_wconf 88' lang='lat' dir='ltr'><strong>into-</strong></span> 
     </span>
    </p>
   </div>
   <div class='ocr_carea' id='block_1_18' title="bbox 278 1971 1859 2042">
    <p class='ocr_par' dir='ltr' id='par_1_18' title="bbox 278 1971 1859 2042">
     <span class='ocr_line' id='line_1_18' title="bbox 278 1971 1859 2042; baseline -0.003 -14"><span class='ocrx_word' id='word_1_128' title='bbox 278 1974 547 2028; x_wconf 75' lang='lat' dir='ltr'><strong>lerabilem</strong></span> <span class='ocrx_word' id='word_1_129' title='bbox 569 1989 779 2042; x_wconf 67' lang='lat' dir='ltr'><strong>pmnam</strong></span> <span class='ocrx_word' id='word_1_130' title='bbox 801 1972 1053 2027; x_wconf 81' lang='lat' dir='ltr'><strong>afferant?</strong></span> <span class='ocrx_word' id='word_1_131' title='bbox 1074 1971 1203 2026; x_wconf 87' lang='lat' dir='ltr'><strong>Nam</strong></span> <span class='ocrx_word' id='word_1_132' title='bbox 1229 1972 1277 2024; x_wconf 95' lang='lat' dir='ltr'><strong>in</strong></span> <span class='ocrx_word' id='word_1_133' title='bbox 1300 1974 1475 2025; x_wconf 90' lang='lat' dir='ltr'><strong>anima</strong></span> <span class='ocrx_word' id='word_1_134' title='bbox 1499 1973 1691 2024; x_wconf 89' lang='lat' dir='ltr'><strong>malum</strong></span> <span class='ocrx_word' id='word_1_135' title='bbox 1711 1986 1859 2025; x_wconf 90' lang='lat' dir='ltr'><strong>amo-</strong></span> 
     </span>
    </p>
   </div>
   <div class='ocr_carea' id='block_1_19' title="bbox 278 2063 1853 2135">
    <p class='ocr_par' dir='ltr' id='par_1_19' title="bbox 278 2063 1853 2135">
     <span class='ocr_line' id='line_1_19' title="bbox 278 2063 1853 2135; baseline -0.004 -15"><span class='ocrx_word' id='word_1_136' title='bbox 278 2084 389 2121; x_wconf 90' lang='lat' dir='ltr'><strong>rem</strong></span> <span class='ocrx_word' id='word_1_137' title='bbox 430 2082 642 2135; x_wconf 89' lang='lat' dir='ltr'><strong>pascere</strong></span> <span class='ocrx_word' id='word_1_138' title='bbox 662 2109 676 2131; x_wconf 92' lang='lat'><strong>,</strong></span> <span class='ocrx_word' id='word_1_139' title='bbox 705 2082 767 2120; x_wconf 82' lang='lat' dir='ltr'><strong>ex</strong></span> <span class='ocrx_word' id='word_1_140' title='bbox 800 2064 1223 2133; x_wconf 86' lang='lat' dir='ltr'><strong>concupiscentia</strong></span> <span class='ocrx_word' id='word_1_141' title='bbox 1265 2073 1506 2133; x_wconf 86' lang='lat' dir='ltr'><strong>Spectare</strong></span> <span class='ocrx_word' id='word_1_142' title='bbox 1544 2063 1818 2116; x_wconf 90' lang='lat' dir='ltr'><strong>mulierem</strong></span> <span class='ocrx_word' id='word_1_143' title='bbox 1838 2103 1853 2128; x_wconf 96' lang='lat'><strong>,</strong></span> 
     </span>
    </p>
   </div>
   <div class='ocr_carea' id='block_1_20' title="bbox 274 2154 1854 2227">
    <p class='ocr_par' dir='ltr' id='par_1_20' title="bbox 274 2154 1854 2227">
     <span class='ocr_line' id='line_1_20' title="bbox 274 2154 1854 2227; baseline -0.004 -14"><span class='ocrx_word' id='word_1_144' title='bbox 274 2158 535 2227; x_wconf 76' lang='lat' dir='ltr'><strong>Speculari</strong></span> <span class='ocrx_word' id='word_1_145' title='bbox 555 2158 777 2211; x_wconf 90' lang='lat' dir='ltr'><strong>alienam</strong></span> <span class='ocrx_word' id='word_1_146' title='bbox 806 2157 1203 2220; x_wconf 80' lang='lat' dir='ltr'><strong>formositatem,</strong></span> <span class='ocrx_word' id='word_1_147' title='bbox 1227 2156 1578 2209; x_wconf 77' lang='lat' dir='ltr'><strong>dehonestare</strong></span> <span class='ocrx_word' id='word_1_148' title='bbox 1601 2154 1854 2224; x_wconf 89' lang='lat' dir='ltr'><strong>seipsum,</strong></span> 
     </span>
    </p>
   </div>
   <div class='ocr_carea' id='block_1_21' title="bbox 276 2247 1857 2318">
    <p class='ocr_par' dir='ltr' id='par_1_21' title="bbox 276 2247 1857 2318">
     <span class='ocr_line' id='line_1_21' title="bbox 276 2247 1857 2318; baseline -0.003 -14"><span class='ocrx_word' id='word_1_149' title='bbox 276 2266 470 2305; x_wconf 90' lang='lat' dir='ltr'><strong>nocere</strong></span> <span class='ocrx_word' id='word_1_150' title='bbox 508 2249 907 2313; x_wconf 89' lang='lat' dir='ltr'><strong>infirmioribus,</strong></span> <span class='ocrx_word' id='word_1_151' title='bbox 936 2249 1127 2302; x_wconf 92' lang='lat' dir='ltr'><strong>multas</strong></span> <span class='ocrx_word' id='word_1_152' title='bbox 1152 2248 1433 2318; x_wconf 85' lang='lat' dir='ltr'><strong>gentilibus</strong></span> <span class='ocrx_word' id='word_1_153' title='bbox 1458 2257 1511 2301; x_wconf 89' lang='lat' dir='ltr'><strong>et</strong></span> <span class='ocrx_word' id='word_1_154' title='bbox 1537 2247 1733 2302; x_wconf 67' lang='lat' dir='ltr'><strong>Judmis</strong></span> <span class='ocrx_word' id='word_1_155' title='bbox 1762 2263 1857 2301; x_wconf 83' lang='lat' dir='ltr'><strong>an-</strong></span> 
     </span>
    </p>
   </div>
   <div class='ocr_carea' id='block_1_22' title="bbox 275 2340 1858 2410">
    <p class='ocr_par' dir='ltr' id='par_1_22' title="bbox 275 2340 1858 2410">
     <span class='ocr_line' id='line_1_22' title="bbox 275 2340 1858 2410; baseline 0.001 -17"><span class='ocrx_word' id='word_1_156' title='bbox 275 2357 362 2394; x_wconf 85' lang='lat' dir='ltr'><strong>sas</strong></span> <span class='ocrx_word' id='word_1_157' title='bbox 393 2342 649 2410; x_wconf 71' lang='lat' dir='ltr'><strong>prtebere,</strong></span> <span class='ocrx_word' id='word_1_158' title='bbox 678 2341 1001 2396; x_wconf 89' lang='lat' dir='ltr'><strong>domesticos</strong></span> <span class='ocrx_word' id='word_1_159' title='bbox 1026 2352 1080 2394; x_wconf 91' lang='lat' dir='ltr'><strong>et</strong></span> <span class='ocrx_word' id='word_1_160' title='bbox 1103 2340 1306 2394; x_wconf 92' lang='lat' dir='ltr'><strong>alienos</strong></span> <span class='ocrx_word' id='word_1_161' title='bbox 1331 2340 1694 2409; x_wconf 85' lang='lat' dir='ltr'><strong>supplantare,</strong></span> <span class='ocrx_word' id='word_1_162' title='bbox 1721 2340 1858 2395; x_wconf 86' lang='lat' dir='ltr'><strong>mul-</strong></span> 
     </span>
    </p>
   </div>
   <div class='ocr_carea' id='block_1_23' title="bbox 276 2430 1853 2501">
    <p class='ocr_par' dir='ltr' id='par_1_23' title="bbox 276 2430 1853 2501">
     <span class='ocr_line' id='line_1_23' title="bbox 276 2430 1853 2501; baseline 0 -17"><span class='ocrx_word' id='word_1_163' title='bbox 276 2440 487 2501; x_wconf 73' lang='lat' dir='ltr'><strong>tamque</strong></span> <span class='ocrx_word' id='word_1_164' title='bbox 511 2441 698 2486; x_wconf 87' lang='lat' dir='ltr'><strong>contra</strong></span> <span class='ocrx_word' id='word_1_165' title='bbox 737 2430 829 2486; x_wconf 92' lang='lat' dir='ltr'><strong>Dei</strong></span> <span class='ocrx_word' id='word_1_166' title='bbox 867 2431 1088 2500; x_wconf 87' lang='lat' dir='ltr'><strong>gloriam</strong></span> <span class='ocrx_word' id='word_1_167' title='bbox 1118 2444 1405 2498; x_wconf 90' lang='lat' dir='ltr'><strong>procurare</strong></span> <span class='ocrx_word' id='word_1_168' title='bbox 1429 2430 1809 2499; x_wconf 89' lang='lat' dir='ltr'><strong>blasphemiam</strong></span> <span class='ocrx_word' id='word_1_169' title='bbox 1835 2471 1853 2498; x_wconf 96' lang='lat'><strong>,</strong></span> 
     </span>
    </p>
   </div>
   <div class='ocr_carea' id='block_1_24' title="bbox 272 2521 1853 2591">
    <p class='ocr_par' dir='ltr' id='par_1_24' title="bbox 272 2521 1853 2591">
     <span class='ocr_line' id='line_1_24' title="bbox 272 2521 1853 2591; baseline 0 -15"><span class='ocrx_word' id='word_1_170' title='bbox 272 2522 455 2577; x_wconf 87' lang='lat' dir='ltr'><strong>servili</strong></span> <span class='ocrx_word' id='word_1_171' title='bbox 502 2523 796 2576; x_wconf 89' lang='lat' dir='ltr'><strong>ministerio</strong></span> <span class='ocrx_word' id='word_1_172' title='bbox 841 2523 1168 2591; x_wconf 87' lang='lat' dir='ltr'><strong>maneipatos</strong></span> <span class='ocrx_word' id='word_1_173' title='bbox 1212 2535 1365 2587; x_wconf 90' lang='lat' dir='ltr'><strong>esse,</strong></span> <span class='ocrx_word' id='word_1_174' title='bbox 1410 2521 1476 2575; x_wconf 87' lang='lat' dir='ltr'><strong>ad</strong></span> <span class='ocrx_word' id='word_1_175' title='bbox 1523 2521 1853 2576; x_wconf 71' lang='lat' dir='ltr'><strong>saecularium</strong></span> 
     </span>
    </p>
   </div>
   <div class='ocr_carea' id='block_1_25' title="bbox 274 2610 1855 2682">
    <p class='ocr_par' dir='ltr' id='par_1_25' title="bbox 274 2610 1855 2682">
     <span class='ocr_line' id='line_1_25' title="bbox 274 2610 1855 2682; baseline -0.001 -16"><span class='ocrx_word' id='word_1_176' title='bbox 274 2614 603 2682; x_wconf 83' lang='lat' dir='ltr'><strong>negotiorum</strong></span> <span class='ocrx_word' id='word_1_177' title='bbox 633 2615 840 2667; x_wconf 90' lang='lat' dir='ltr'><strong>turbam</strong></span> <span class='ocrx_word' id='word_1_178' title='bbox 871 2627 967 2667; x_wconf 90' lang='lat' dir='ltr'><strong>nos</strong></span> <span class='ocrx_word' id='word_1_179' title='bbox 997 2613 1140 2682; x_wconf 90' lang='lat' dir='ltr'><strong>ipsos</strong></span> <span class='ocrx_word' id='word_1_180' title='bbox 1163 2610 1454 2678; x_wconf 88' lang='lat' dir='ltr'><strong>intrudere,</strong></span> <span class='ocrx_word' id='word_1_181' title='bbox 1484 2611 1733 2665; x_wconf 88' lang='lat' dir='ltr'><strong>donatam</strong></span> <span class='ocrx_word' id='word_1_182' title='bbox 1760 2627 1855 2665; x_wconf 87' lang='lat' dir='ltr'><strong>no-</strong></span> 
     </span>
    </p>
   </div>
   <div class='ocr_carea' id='block_1_26' title="bbox 272 2704 1853 2775">
    <p class='ocr_par' dir='ltr' id='par_1_26' title="bbox 272 2704 1853 2775">
     <span class='ocr_line' id='line_1_26' title="bbox 272 2704 1853 2775; baseline 0 -16"><span class='ocrx_word' id='word_1_183' title='bbox 272 2706 353 2760; x_wconf 91' lang='lat' dir='ltr'><strong>bis</strong></span> <span class='ocrx_word' id='word_1_184' title='bbox 375 2706 670 2760; x_wconf 90' lang='lat' dir='ltr'><strong>libertatem</strong></span> <span class='ocrx_word' id='word_1_185' title='bbox 692 2704 903 2761; x_wconf 88' lang='lat' dir='ltr'><strong>diabolo</strong></span> <span class='ocrx_word' id='word_1_186' title='bbox 924 2704 1227 2775; x_wconf 89' lang='lat' dir='ltr'><strong>propinare,</strong></span> <span class='ocrx_word' id='word_1_187' title='bbox 1256 2714 1449 2759; x_wconf 91' lang='lat' dir='ltr'><strong>etcum</strong></span> <span class='ocrx_word' id='word_1_188' title='bbox 1472 2704 1853 2759; x_wconf 77' lang='lat' dir='ltr'><strong>immanissima</strong></span> 
     </span>
    </p>
   </div>
   <div class='ocr_carea' id='block_1_27' title="bbox 272 2796 1853 2868">
    <p class='ocr_par' dir='ltr' id='par_1_27' title="bbox 272 2796 1853 2868">
     <span class='ocr_line' id='line_1_27' title="bbox 272 2796 1853 2868; baseline -0.001 -16"><span class='ocrx_word' id='word_1_189' title='bbox 272 2799 550 2868; x_wconf 88' lang='lat' dir='ltr'><strong>tyrannide</strong></span> <span class='ocrx_word' id='word_1_190' title='bbox 574 2807 936 2863; x_wconf 90' lang='lat' dir='ltr'><strong>commutare;</strong></span> <span class='ocrx_word' id='word_1_191' title='bbox 961 2796 1239 2851; x_wconf 93' lang='lat' dir='ltr'><strong>ridiculum</strong></span> <span class='ocrx_word' id='word_1_192' title='bbox 1263 2796 1474 2866; x_wconf 90' lang='lat' dir='ltr'><strong>quidem</strong></span> <span class='ocrx_word' id='word_1_193' title='bbox 1500 2796 1704 2862; x_wconf 89' lang='lat' dir='ltr'><strong>amicis,</strong></span> <span class='ocrx_word' id='word_1_194' title='bbox 1732 2812 1853 2865; x_wconf 89' lang='lat' dir='ltr'><strong>pro-</strong></span> 
     </span>
    </p>
   </div>
   <div class='ocr_carea' id='block_1_28' title="bbox 272 2888 1852 2958">
    <p class='ocr_par' dir='ltr' id='par_1_28' title="bbox 272 2888 1852 2958">
     <span class='ocr_line' id='line_1_28' title="bbox 272 2888 1852 2958; baseline -0.002 -14"><span class='ocrx_word' id='word_1_195' title='bbox 272 2890 485 2945; x_wconf 89' lang='lat' dir='ltr'><strong>brosum</strong></span> <span class='ocrx_word' id='word_1_196' title='bbox 512 2906 639 2945; x_wconf 87' lang='lat' dir='ltr'><strong>vero</strong></span> <span class='ocrx_word' id='word_1_197' title='bbox 664 2890 887 2953; x_wconf 87' lang='lat' dir='ltr'><strong>inimicis</strong></span> <span class='ocrx_word' id='word_1_198' title='bbox 912 2904 1049 2953; x_wconf 88' lang='lat' dir='ltr'><strong>esse,</strong></span> <span class='ocrx_word' id='word_1_199' title='bbox 1080 2889 1269 2942; x_wconf 89' lang='lat' dir='ltr'><strong>malam</strong></span> <span class='ocrx_word' id='word_1_200' title='bbox 1294 2889 1436 2942; x_wconf 93' lang='lat' dir='ltr'><strong>omni</strong></span> <span class='ocrx_word' id='word_1_201' title='bbox 1466 2888 1716 2943; x_wconf 70' lang='lat' dir='ltr'><strong>Ecclesia:</strong></span> <span class='ocrx_word' id='word_1_202' title='bbox 1739 2891 1852 2958; x_wconf 90' lang='lat' dir='ltr'><strong>opi-</strong></span> 
     </span>
    </p>
   </div>
   <div class='ocr_carea' id='block_1_29' title="bbox 271 2980 1852 3051">
    <p class='ocr_par' dir='ltr' id='par_1_29' title="bbox 271 2980 1852 3051">
     <span class='ocr_line' id='line_1_29' title="bbox 271 2980 1852 3051; baseline -0.003 -14"><span class='ocrx_word' id='word_1_203' title='bbox 271 2984 481 3037; x_wconf 89' lang='lat' dir='ltr'><strong>nionem</strong></span> <span class='ocrx_word' id='word_1_204' title='bbox 504 2983 775 3049; x_wconf 88' lang='lat' dir='ltr'><strong>invehere,</strong></span> <span class='ocrx_word' id='word_1_205' title='bbox 800 2980 1123 3036; x_wconf 89' lang='lat' dir='ltr'><strong>eonfundere</strong></span> <span class='ocrx_word' id='word_1_206' title='bbox 1143 2980 1416 3035; x_wconf 88' lang='lat' dir='ltr'><strong>honestam</strong></span> <span class='ocrx_word' id='word_1_207' title='bbox 1441 2981 1752 3051; x_wconf 83' lang='lat' dir='ltr'><strong>virginitatis</strong></span> <span class='ocrx_word' id='word_1_208' title='bbox 1773 2981 1852 3034; x_wconf 88' lang='lat' dir='ltr'><strong>di-</strong></span> 
     </span>
    </p>
   </div>
   <div class='ocr_carea' id='block_1_30' title="bbox 268 3074 1847 3145">
    <p class='ocr_par' dir='ltr' id='par_1_30' title="bbox 268 3074 1847 3145">
     <span class='ocr_line' id='line_1_30' title="bbox 268 3074 1847 3145; baseline 0 -18"><span class='ocrx_word' id='word_1_209' title='bbox 268 3076 541 3144; x_wconf 88' lang='lat' dir='ltr'><strong>gnitatem,</strong></span> <span class='ocrx_word' id='word_1_210' title='bbox 567 3083 622 3129; x_wconf 91' lang='lat' dir='ltr'><strong>et</strong></span> <span class='ocrx_word' id='word_1_211' title='bbox 641 3074 1028 3129; x_wconf 81' lang='lat' dir='ltr'><strong>luxuriantibus</strong></span> <span class='ocrx_word' id='word_1_212' title='bbox 1050 3074 1241 3127; x_wconf 90' lang='lat' dir='ltr'><strong>multas</strong></span> <span class='ocrx_word' id='word_1_213' title='bbox 1261 3074 1502 3145; x_wconf 59' lang='lat' dir='ltr'><strong>praebere</strong></span> <span class='ocrx_word' id='word_1_214' title='bbox 1522 3074 1847 3140; x_wconf 90' lang='lat' dir='ltr'><strong>occasiones,</strong></span> 
     </span>
    </p>
   </div>
   <div class='ocr_carea' id='block_1_31' title="bbox 268 3164 1851 3235">
    <p class='ocr_par' dir='ltr' id='par_1_31' title="bbox 268 3164 1851 3235">
     <span class='ocr_line' id='line_1_31' title="bbox 268 3164 1851 3235; baseline 0 -16"><span class='ocrx_word' id='word_1_215' title='bbox 268 3167 474 3235; x_wconf 85' lang='lat' dir='ltr'><strong>aliaque</strong></span> <span class='ocrx_word' id='word_1_216' title='bbox 509 3165 591 3219; x_wconf 92' lang='lat' dir='ltr'><strong>his</strong></span> <span class='ocrx_word' id='word_1_217' title='bbox 629 3164 779 3235; x_wconf 89' lang='lat' dir='ltr'><strong>plura</strong></span> <span class='ocrx_word' id='word_1_218' title='bbox 819 3164 996 3219; x_wconf 90' lang='lat' dir='ltr'><strong>facere</strong></span> <span class='ocrx_word' id='word_1_219' title='bbox 1035 3164 1255 3234; x_wconf 86' lang='lat' dir='ltr'><strong>gravia;</strong></span> <span class='ocrx_word' id='word_1_220' title='bbox 1295 3178 1468 3234; x_wconf 90' lang='lat' dir='ltr'><strong>neque</strong></span> <span class='ocrx_word' id='word_1_221' title='bbox 1506 3164 1646 3218; x_wconf 92' lang='lat' dir='ltr'><strong>enim</strong></span> <span class='ocrx_word' id='word_1_222' title='bbox 1675 3166 1851 3219; x_wconf 90' lang='lat' dir='ltr'><strong>omnia</strong></span> 
     </span>
    </p>
   </div>
   <div class='ocr_carea' id='block_1_32' title="bbox 268 3254 1853 3325">
    <p class='ocr_par' dir='ltr' id='par_1_32' title="bbox 268 3254 1853 3325">
     <span class='ocr_line' id='line_1_32' title="bbox 268 3254 1853 3325; baseline -0.001 -14"><span class='ocrx_word' id='word_1_223' title='bbox 268 3258 407 3311; x_wconf 87' lang='lat' dir='ltr'><strong>scire</strong></span> <span class='ocrx_word' id='word_1_224' title='bbox 449 3256 607 3321; x_wconf 92' lang='lat' dir='ltr'><strong>licet,</strong></span> <span class='ocrx_word' id='word_1_225' title='bbox 655 3263 746 3309; x_wconf 91' lang='lat' dir='ltr'><strong>aut</strong></span> <span class='ocrx_word' id='word_1_226' title='bbox 786 3254 964 3309; x_wconf 88' lang='lat' dir='ltr'><strong>verbis</strong></span> <span class='ocrx_word' id='word_1_227' title='bbox 999 3254 1328 3324; x_wconf 81' lang='lat' dir='ltr'><strong>exprimere,</strong></span> <span class='ocrx_word' id='word_1_228' title='bbox 1369 3269 1716 3323; x_wconf 71' lang='lat' dir='ltr'><strong>qumcumque</strong></span> <span class='ocrx_word' id='word_1_229' title='bbox 1758 3270 1853 3325; x_wconf 90' lang='lat' dir='ltr'><strong>per</strong></span> 
     </span>
    </p>
   </div>
   <div class='ocr_carea' id='block_1_33' title="bbox 272 3346 1851 3418">
    <p class='ocr_par' dir='ltr' id='par_1_33' title="bbox 272 3346 1851 3418">
     <span class='ocr_line' id='line_1_33' title="bbox 272 3346 1851 3418; baseline 0 -17"><span class='ocrx_word' id='word_1_230' title='bbox 272 3349 572 3416; x_wconf 89' lang='lat' dir='ltr'><strong>hujusmodi</strong></span> <span class='ocrx_word' id='word_1_231' title='bbox 615 3362 776 3418; x_wconf 87' lang='lat' dir='ltr'><strong>opera</strong></span> <span class='ocrx_word' id='word_1_232' title='bbox 818 3348 1080 3402; x_wconf 87' lang='lat' dir='ltr'><strong>sustinent</strong></span> <span class='ocrx_word' id='word_1_233' title='bbox 1110 3364 1124 3401; x_wconf 90' lang='lat'><strong>:</strong></span> <span class='ocrx_word' id='word_1_234' title='bbox 1154 3347 1268 3400; x_wconf 78' lang='lat' dir='ltr'><strong>hzec</strong></span> <span class='ocrx_word' id='word_1_235' title='bbox 1304 3356 1359 3401; x_wconf 91' lang='lat' dir='ltr'><strong>et</strong></span> <span class='ocrx_word' id='word_1_236' title='bbox 1395 3346 1547 3400; x_wconf 88' lang='lat' dir='ltr'><strong>valde</strong></span> <span class='ocrx_word' id='word_1_237' title='bbox 1591 3346 1851 3415; x_wconf 89' lang='lat' dir='ltr'><strong>prohibita</strong></span> 
     </span>
    </p>
   </div>
   <div class='ocr_carea' id='block_1_34' title="bbox 269 3438 1851 3506">
    <p class='ocr_par' dir='ltr' id='par_1_34' title="bbox 269 3438 1851 3506">
     <span class='ocr_line' id='line_1_34' title="bbox 269 3438 1851 3506; baseline -0.001 -11"><span class='ocrx_word' id='word_1_238' title='bbox 269 3452 415 3506; x_wconf 82' lang='lat' dir='ltr'><strong>sunt,</strong></span> <span class='ocrx_word' id='word_1_239' title='bbox 445 3450 499 3496; x_wconf 91' lang='lat' dir='ltr'><strong>et</strong></span> <span class='ocrx_word' id='word_1_240' title='bbox 528 3442 819 3496; x_wconf 89' lang='lat' dir='ltr'><strong>cruciatum</strong></span> <span class='ocrx_word' id='word_1_241' title='bbox 848 3440 1233 3495; x_wconf 89' lang='lat' dir='ltr'><strong>intolerabilem</strong></span> <span class='ocrx_word' id='word_1_242' title='bbox 1261 3455 1439 3495; x_wconf 89' lang='lat' dir='ltr'><strong>secum</strong></span> <span class='ocrx_word' id='word_1_243' title='bbox 1470 3438 1717 3495; x_wconf 78' lang='lat' dir='ltr'><strong>afferunt.</strong></span> <span class='ocrx_word' id='word_1_244' title='bbox 1749 3440 1851 3494; x_wconf 83' lang='lat' dir='ltr'><strong>Ita-</strong></span> 
     </span>
    </p>
   </div>
   <div class='ocr_carea' id='block_1_35' title="bbox 279 3530 1850 3602">
    <p class='ocr_par' dir='ltr' id='par_1_35' title="bbox 279 3530 1850 3602">
     <span class='ocr_line' id='line_1_35' title="bbox 279 3530 1850 3602; baseline 0.001 -19"><span class='ocrx_word' id='word_1_245' title='bbox 279 3550 372 3602; x_wconf 69' lang='lat' dir='ltr'><strong>]ue</strong></span> <span class='ocrx_word' id='word_1_246' title='bbox 404 3534 526 3587; x_wconf 90' lang='lat' dir='ltr'><strong>licet</strong></span> <span class='ocrx_word' id='word_1_247' title='bbox 552 3547 710 3601; x_wconf 90' lang='lat' dir='ltr'><strong>parva</strong></span> <span class='ocrx_word' id='word_1_248' title='bbox 740 3532 899 3587; x_wconf 86' lang='lat' dir='ltr'><strong>etiam</strong></span> <span class='ocrx_word' id='word_1_249' title='bbox 939 3530 1179 3600; x_wconf 88' lang='lat' dir='ltr'><strong>voluptas</strong></span> <span class='ocrx_word' id='word_1_250' title='bbox 1207 3532 1307 3595; x_wconf 90' lang='lat' dir='ltr'><strong>sit,</strong></span> <span class='ocrx_word' id='word_1_251' title='bbox 1338 3539 1672 3599; x_wconf 90' lang='lat' dir='ltr'><strong>opponantur</strong></span> <span class='ocrx_word' id='word_1_252' title='bbox 1696 3531 1745 3585; x_wconf 93' lang='lat' dir='ltr'><strong>ei</strong></span> <span class='ocrx_word' id='word_1_253' title='bbox 1773 3530 1850 3584; x_wconf 87' lang='lat' dir='ltr'><strong>ri-</strong></span> 
     </span>
    </p>
   </div>
   <div class='ocr_carea' id='block_1_36' title="bbox 268 3619 1846 3691">
    <p class='ocr_par' dir='ltr' id='par_1_36' title="bbox 268 3619 1846 3691">
     <span class='ocr_line' id='line_1_36' title="bbox 268 3619 1846 3691; baseline -0.002 -13"><span class='ocrx_word' id='word_1_254' title='bbox 268 3640 381 3689; x_wconf 81' lang='lat' dir='ltr'><strong>sus,</strong></span> <span class='ocrx_word' id='word_1_255' title='bbox 405 3622 666 3689; x_wconf 83' lang='lat' dir='ltr'><strong>confusio,</strong></span> <span class='ocrx_word' id='word_1_256' title='bbox 693 3623 980 3676; x_wconf 91' lang='lat' dir='ltr'><strong>multorum</strong></span> <span class='ocrx_word' id='word_1_257' title='bbox 1008 3622 1354 3691; x_wconf 76' lang='lat' dir='ltr'><strong>suSpiciones,</strong></span> <span class='ocrx_word' id='word_1_258' title='bbox 1386 3619 1846 3690; x_wconf 86' lang='lat' dir='ltr'><strong>reprehensiones,</strong></span> 
     </span>
    </p>
   </div>
   <div class='ocr_carea' id='block_1_37' title="bbox 270 3711 1845 3784">
    <p class='ocr_par' dir='ltr' id='par_1_37' title="bbox 270 3711 1845 3784">
     <span class='ocr_line' id='line_1_37' title="bbox 270 3711 1845 3784; baseline -0.005 -13"><span class='ocrx_word' id='word_1_259' title='bbox 270 3717 541 3783; x_wconf 89' lang='lat' dir='ltr'><strong>convicia,</strong></span> <span class='ocrx_word' id='word_1_260' title='bbox 574 3715 1010 3784; x_wconf 89' lang='lat' dir='ltr'><strong>exprobrationes</strong></span> <span class='ocrx_word' id='word_1_261' title='bbox 1033 3754 1049 3780; x_wconf 95' lang='lat'><strong>,</strong></span> <span class='ocrx_word' id='word_1_262' title='bbox 1084 3712 1281 3767; x_wconf 89' lang='lat' dir='ltr'><strong>vermis</strong></span> <span class='ocrx_word' id='word_1_263' title='bbox 1322 3712 1411 3780; x_wconf 91' lang='lat' dir='ltr'><strong>qui</strong></span> <span class='ocrx_word' id='word_1_264' title='bbox 1457 3726 1562 3764; x_wconf 92' lang='lat' dir='ltr'><strong>non</strong></span> <span class='ocrx_word' id='word_1_265' title='bbox 1603 3711 1845 3778; x_wconf 91' lang='lat' dir='ltr'><strong>moritur,</strong></span> 
     </span>
    </p>
   </div>
   <div class='ocr_carea' id='block_1_38' title="bbox 271 3800 1842 3875">
    <p class='ocr_par' dir='ltr' id='par_1_38' title="bbox 271 3800 1842 3875">
     <span class='ocr_line' id='line_1_38' title="bbox 271 3800 1842 3875; baseline -0.005 -13"><span class='ocrx_word' id='word_1_266' title='bbox 271 3809 503 3863; x_wconf 73' lang='lat' dir='ltr'><strong>tenebra:</strong></span> <span class='ocrx_word' id='word_1_267' title='bbox 530 3807 841 3871; x_wconf 80' lang='lat' dir='ltr'><strong>exteriores,</strong></span> <span class='ocrx_word' id='word_1_268' title='bbox 876 3805 1015 3875; x_wconf 87' lang='lat' dir='ltr'><strong>ignis</strong></span> <span class='ocrx_word' id='word_1_269' title='bbox 1051 3800 1511 3872; x_wconf 84' lang='lat' dir='ltr'><strong>inexstinguibilis,</strong></span> <span class='ocrx_word' id='word_1_270' title='bbox 1545 3801 1842 3865; x_wconf 90' lang='lat' dir='ltr'><strong>tribulatio,</strong></span> 
     </span>
    </p>
   </div>
   <div class='ocr_carea' id='block_1_39' title="bbox 269 3893 1848 3970">
    <p class='ocr_par' dir='ltr' id='par_1_39' title="bbox 269 3893 1848 3970">
     <span class='ocr_line' id='line_1_39' title="bbox 269 3893 1848 3970; baseline -0.004 -16"><span class='ocrx_word' id='word_1_271' title='bbox 269 3900 507 3970; x_wconf 85' lang='lat' dir='ltr'><strong>angustia</strong></span> <span class='ocrx_word' id='word_1_272' title='bbox 533 3941 548 3967; x_wconf 93' lang='lat'><strong>,</strong></span> <span class='ocrx_word' id='word_1_273' title='bbox 585 3898 782 3954; x_wconf 91' lang='lat' dir='ltr'><strong>stridor</strong></span> <span class='ocrx_word' id='word_1_274' title='bbox 815 3897 1055 3952; x_wconf 90' lang='lat' dir='ltr'><strong>dentium</strong></span> <span class='ocrx_word' id='word_1_275' title='bbox 1080 3938 1095 3962; x_wconf 91' lang='lat'><strong>,</strong></span> <span class='ocrx_word' id='word_1_276' title='bbox 1125 3896 1330 3949; x_wconf 88' lang='lat' dir='ltr'><strong>vincula</strong></span> <span class='ocrx_word' id='word_1_277' title='bbox 1368 3894 1701 3956; x_wconf 90' lang='lat' dir='ltr'><strong>insolubilia;</strong></span> <span class='ocrx_word' id='word_1_278' title='bbox 1736 3893 1848 3947; x_wconf 68' lang='lat' dir='ltr'><strong>hanc</strong></span> 
     </span>
    </p>
   </div>
   <div class='ocr_carea' id='block_1_40' title="bbox 810 390 3013 467">
    <p class='ocr_par' dir='ltr' id='par_1_40' title="bbox 810 390 3013 467">
     <span class='ocr_line' id='line_1_40' title="bbox 810 390 3013 467; baseline -0.001 -13"><span class='ocrx_word' id='word_1_279' title='bbox 810 395 995 467; x_wconf 80' lang='lat' dir='ltr'><strong>QUOD</strong></span> <span class='ocrx_word' id='word_1_280' title='bbox 1034 392 1447 451; x_wconf 80' lang='lat' dir='ltr'><strong>REGULARES</strong></span> <span class='ocrx_word' id='word_1_281' title='bbox 1485 392 1770 451; x_wconf 62' lang='lat' dir='ltr'><strong>FEMINE</strong></span> <span class='ocrx_word' id='word_1_282' title='bbox 1814 390 1986 450; x_wconf 79' lang='lat' dir='ltr'><strong>VIRIS</strong></span> <span class='ocrx_word' id='word_1_283' title='bbox 2021 393 2462 451; x_wconf 77' lang='lat' dir='ltr'><strong>COHABlTARE</strong></span> <span class='ocrx_word' id='word_1_284' title='bbox 2502 395 2637 451; x_wconf 80' lang='lat' dir='ltr'><strong>NON</strong></span> <span class='ocrx_word' id='word_1_285' title='bbox 2680 396 3013 452; x_wconf 78' lang='lat' dir='ltr'><strong>DEBEANT.</strong></span> 
     </span>
    </p>
   </div>
   <div class='ocr_carea' id='block_1_41' title="bbox 3447 402 3556 458">
    <p class='ocr_par' dir='ltr' id='par_1_41' title="bbox 3447 402 3556 458">
     <span class='ocr_line' id='line_1_41' title="bbox 3447 402 3556 458; baseline 0 -2"><span class='ocrx_word' id='word_1_286' title='bbox 3447 402 3556 458; x_wconf 65' lang='lat' dir='ltr'><strong>5M</strong></span> 
     </span>
    </p>
   </div>
   <div class='ocr_carea' id='block_1_42' title="bbox 1976 506 3556 581">
    <p class='ocr_par' dir='ltr' id='par_1_42' title="bbox 1976 506 3556 581">
     <span class='ocr_line' id='line_1_42' title="bbox 1976 506 3556 581; baseline 0.004 -21"><span class='ocrx_word' id='word_1_287' title='bbox 1976 508 2115 560; x_wconf 84' lang='lat' dir='ltr'><strong>sicut</strong></span> <span class='ocrx_word' id='word_1_288' title='bbox 2152 506 2205 560; x_wconf 92' lang='lat' dir='ltr'><strong>in</strong></span> <span class='ocrx_word' id='word_1_289' title='bbox 2240 515 2434 561; x_wconf 88' lang='lat' dir='ltr'><strong>statera</strong></span> <span class='ocrx_word' id='word_1_290' title='bbox 2462 509 2824 577; x_wconf 84' lang='lat' dir='ltr'><strong>appendamus</strong></span> <span class='ocrx_word' id='word_1_291' title='bbox 2844 552 2859 573; x_wconf 93' lang='lat'><strong>,</strong></span> <span class='ocrx_word' id='word_1_292' title='bbox 2890 509 3291 581; x_wconf 73' lang='lat' dir='ltr'><strong>resiliamusque</strong></span> <span class='ocrx_word' id='word_1_293' title='bbox 3320 511 3403 566; x_wconf 92' lang='lat' dir='ltr'><strong>vel</strong></span> <span class='ocrx_word' id='word_1_294' title='bbox 3433 528 3556 567; x_wconf 84' lang='lat' dir='ltr'><strong>sero</strong></span> 
     </span>
    </p>
   </div>
   <div class='ocr_carea' id='block_1_43' title="bbox 1973 599 3555 671">
    <p class='ocr_par' dir='ltr' id='par_1_43' title="bbox 1973 599 3555 671">
     <span class='ocr_line' id='line_1_43' title="bbox 1973 599 3555 671; baseline 0.004 -20"><span class='ocrx_word' id='word_1_295' title='bbox 1973 612 2005 651; x_wconf 87' lang='lat' dir='ltr'><strong>a</strong></span> <span class='ocrx_word' id='word_1_296' title='bbox 2045 599 2343 668; x_wconf 91' lang='lat' dir='ltr'><strong>pernicioso</strong></span> <span class='ocrx_word' id='word_1_297' title='bbox 2376 600 2793 671; x_wconf 84' lang='lat' dir='ltr'><strong>gravissimeque</strong></span> <span class='ocrx_word' id='word_1_298' title='bbox 2823 602 2923 655; x_wconf 91' lang='lat' dir='ltr'><strong>hoc</strong></span> <span class='ocrx_word' id='word_1_299' title='bbox 2962 601 3147 656; x_wconf 92' lang='lat' dir='ltr'><strong>morbo</strong></span> <span class='ocrx_word' id='word_1_300' title='bbox 3167 642 3182 668; x_wconf 95' lang='lat'><strong>,</strong></span> <span class='ocrx_word' id='word_1_301' title='bbox 3211 612 3272 656; x_wconf 92' lang='lat' dir='ltr'><strong>ut</strong></span> <span class='ocrx_word' id='word_1_302' title='bbox 3298 618 3419 657; x_wconf 91' lang='lat' dir='ltr'><strong>cum</strong></span> <span class='ocrx_word' id='word_1_303' title='bbox 3449 603 3555 658; x_wconf 81' lang='lat' dir='ltr'><strong>ful-</strong></span> 
     </span>
    </p>
   </div>
   <div class='ocr_carea' id='block_1_44' title="bbox 1971 690 3556 764">
    <p class='ocr_par' dir='ltr' id='par_1_44' title="bbox 1971 690 3556 764">
     <span class='ocr_line' id='line_1_44' title="bbox 1971 690 3556 764; baseline 0.005 -20"><span class='ocrx_word' id='word_1_304' title='bbox 1971 690 2219 759; x_wconf 82' lang='lat' dir='ltr'><strong>gentibus</strong></span> <span class='ocrx_word' id='word_1_305' title='bbox 2253 691 2466 747; x_wconf 90' lang='lat' dir='ltr'><strong>coronis</strong></span> <span class='ocrx_word' id='word_1_306' title='bbox 2505 691 2629 746; x_wconf 93' lang='lat' dir='ltr'><strong>illuc</strong></span> <span class='ocrx_word' id='word_1_307' title='bbox 2662 693 2951 762; x_wconf 89' lang='lat' dir='ltr'><strong>migremus</strong></span> <span class='ocrx_word' id='word_1_308' title='bbox 2972 735 2985 758; x_wconf 90' lang='lat'><strong>,</strong></span> <span class='ocrx_word' id='word_1_309' title='bbox 3018 704 3072 749; x_wconf 89' lang='lat' dir='ltr'><strong>et</strong></span> <span class='ocrx_word' id='word_1_310' title='bbox 3102 696 3363 764; x_wconf 88' lang='lat' dir='ltr'><strong>possimus</strong></span> <span class='ocrx_word' id='word_1_311' title='bbox 3387 697 3556 752; x_wconf 83' lang='lat' dir='ltr'><strong>libero</strong></span> 
     </span>
    </p>
   </div>
   <div class='ocr_carea' id='block_1_45' title="bbox 1972 781 3553 858">
    <p class='ocr_par' dir='ltr' id='par_1_45' title="bbox 1972 781 3553 858">
     <span class='ocr_line' id='line_1_45' title="bbox 1972 781 3553 858; baseline 0.003 -21"><span class='ocrx_word' id='word_1_312' title='bbox 1972 797 2066 837; x_wconf 90' lang='lat' dir='ltr'><strong>ore</strong></span> <span class='ocrx_word' id='word_1_313' title='bbox 2090 783 2156 838; x_wconf 89' lang='lat' dir='ltr'><strong>ad</strong></span> <span class='ocrx_word' id='word_1_314' title='bbox 2175 781 2440 838; x_wconf 90' lang='lat' dir='ltr'><strong>Christum</strong></span> <span class='ocrx_word' id='word_1_315' title='bbox 2464 784 2641 839; x_wconf 91' lang='lat' dir='ltr'><strong>dicere</strong></span> <span class='ocrx_word' id='word_1_316' title='bbox 2668 804 2679 838; x_wconf 91' lang='lat'><strong>:</strong></span> <span class='ocrx_word' id='word_1_317' title='bbox 2704 786 2926 855; x_wconf 82' lang='lat' dir='ltr'><strong>Propter</strong></span> <span class='ocrx_word' id='word_1_318' title='bbox 2946 796 2999 841; x_wconf 92' lang='lat' dir='ltr'><strong>te</strong></span> <span class='ocrx_word' id='word_1_319' title='bbox 3022 796 3074 841; x_wconf 89' lang='lat' dir='ltr'><strong>et</strong></span> <span class='ocrx_word' id='word_1_320' title='bbox 3099 796 3314 857; x_wconf 89' lang='lat' dir='ltr'><strong>propter</strong></span> <span class='ocrx_word' id='word_1_321' title='bbox 3330 789 3553 858; x_wconf 90' lang='lat' dir='ltr'><strong>gloriam</strong></span> 
     </span>
    </p>
   </div>
   <div class='ocr_carea' id='block_1_46' title="bbox 1972 876 3556 950">
    <p class='ocr_par' dir='ltr' id='par_1_46' title="bbox 1972 876 3556 950">
     <span class='ocr_line' id='line_1_46' title="bbox 1972 876 3556 950; baseline 0.004 -21"><span class='ocrx_word' id='word_1_322' title='bbox 1972 883 2114 929; x_wconf 88' lang='lat' dir='ltr'><strong>tuam</strong></span> <span class='ocrx_word' id='word_1_323' title='bbox 2144 885 2198 930; x_wconf 91' lang='lat' dir='ltr'><strong>et</strong></span> <span class='ocrx_word' id='word_1_324' title='bbox 2226 876 2607 932; x_wconf 81' lang='lat' dir='ltr'><strong>familiaritates</strong></span> <span class='ocrx_word' id='word_1_325' title='bbox 2628 880 3065 948; x_wconf 83' lang='lat' dir='ltr'><strong>contempsimus,</strong></span> <span class='ocrx_word' id='word_1_326' title='bbox 3093 889 3146 934; x_wconf 89' lang='lat' dir='ltr'><strong>et</strong></span> <span class='ocrx_word' id='word_1_327' title='bbox 3170 881 3423 950; x_wconf 90' lang='lat' dir='ltr'><strong>voluptati</strong></span> <span class='ocrx_word' id='word_1_328' title='bbox 3451 882 3556 935; x_wconf 82' lang='lat' dir='ltr'><strong>im-</strong></span> 
     </span>
    </p>
   </div>
   <div class='ocr_carea' id='block_1_47' title="bbox 1973 967 3555 1042">
    <p class='ocr_par' dir='ltr' id='par_1_47' title="bbox 1973 967 3555 1042">
     <span class='ocr_line' id='line_1_47' title="bbox 1973 967 3555 1042; baseline 0.006 -24"><span class='ocrx_word' id='word_1_329' title='bbox 1973 967 2291 1036; x_wconf 88' lang='lat' dir='ltr'><strong>peravimus,</strong></span> <span class='ocrx_word' id='word_1_330' title='bbox 2325 976 2379 1022; x_wconf 89' lang='lat' dir='ltr'><strong>et</strong></span> <span class='ocrx_word' id='word_1_331' title='bbox 2403 967 2633 1022; x_wconf 89' lang='lat' dir='ltr'><strong>animam</strong></span> <span class='ocrx_word' id='word_1_332' title='bbox 2664 979 2897 1024; x_wconf 89' lang='lat' dir='ltr'><strong>nostram</strong></span> <span class='ocrx_word' id='word_1_333' title='bbox 2919 970 3226 1037; x_wconf 81' lang='lat' dir='ltr'><strong>afﬂiximus,</strong></span> <span class='ocrx_word' id='word_1_334' title='bbox 3252 973 3555 1042; x_wconf 86' lang='lat' dir='ltr'><strong>rejectaque</strong></span> 
     </span>
    </p>
   </div>
   <div class='ocr_carea' id='block_1_48' title="bbox 1974 1060 3554 1132">
    <p class='ocr_par' dir='ltr' id='par_1_48' title="bbox 1974 1060 3554 1132">
     <span class='ocr_line' id='line_1_48' title="bbox 1974 1060 3554 1132; baseline 0.003 -20"><span class='ocrx_word' id='word_1_335' title='bbox 1974 1060 2119 1113; x_wconf 91' lang='lat' dir='ltr'><strong>omni</strong></span> <span class='ocrx_word' id='word_1_336' title='bbox 2155 1060 2384 1114; x_wconf 88' lang='lat' dir='ltr'><strong>amicitia</strong></span> <span class='ocrx_word' id='word_1_337' title='bbox 2416 1071 2469 1114; x_wconf 91' lang='lat' dir='ltr'><strong>et</strong></span> <span class='ocrx_word' id='word_1_338' title='bbox 2498 1062 2835 1130; x_wconf 70' lang='lat' dir='ltr'><strong>praejudicata</strong></span> <span class='ocrx_word' id='word_1_339' title='bbox 2861 1062 3110 1131; x_wconf 89' lang='lat' dir='ltr'><strong>opinione</strong></span> <span class='ocrx_word' id='word_1_340' title='bbox 3138 1073 3187 1117; x_wconf 91' lang='lat' dir='ltr'><strong>te</strong></span> <span class='ocrx_word' id='word_1_341' title='bbox 3211 1077 3554 1132; x_wconf 89' lang='lat' dir='ltr'><strong>amoremque</strong></span> 
     </span>
    </p>
   </div>
   <div class='ocr_carea' id='block_1_49' title="bbox 1970 1151 3553 1223">
    <p class='ocr_par' dir='ltr' id='par_1_49' title="bbox 1970 1151 3553 1223">
     <span class='ocr_line' id='line_1_49' title="bbox 1970 1151 3553 1223; baseline 0.003 -19"><span class='ocrx_word' id='word_1_342' title='bbox 1970 1151 2046 1205; x_wconf 92' lang='lat' dir='ltr'><strong>tui</strong></span> <span class='ocrx_word' id='word_1_343' title='bbox 2073 1151 2231 1205; x_wconf 87' lang='lat' dir='ltr'><strong>rebus</strong></span> <span class='ocrx_word' id='word_1_344' title='bbox 2256 1153 2502 1208; x_wconf 91' lang='lat' dir='ltr'><strong>omnibus</strong></span> <span class='ocrx_word' id='word_1_345' title='bbox 2528 1154 2929 1223; x_wconf 74' lang='lat' dir='ltr'><strong>prmposuimns.</strong></span> <span class='ocrx_word' id='word_1_346' title='bbox 2960 1154 3049 1209; x_wconf 90' lang='lat' dir='ltr'><strong>Sic</strong></span> <span class='ocrx_word' id='word_1_347' title='bbox 3069 1155 3207 1209; x_wconf 90' lang='lat' dir='ltr'><strong>enim</strong></span> <span class='ocrx_word' id='word_1_348' title='bbox 3232 1155 3553 1209; x_wconf 89' lang='lat' dir='ltr'><strong>lucrabimur</strong></span> 
     </span>
    </p>
   </div>
   <div class='ocr_carea' id='block_1_50' title="bbox 1969 1243 3552 1310">
    <p class='ocr_par' dir='ltr' id='par_1_50' title="bbox 1969 1243 3552 1310">
     <span class='ocr_line' id='line_1_50' title="bbox 1969 1243 3552 1310; baseline 0.003 -16"><span class='ocrx_word' id='word_1_349' title='bbox 1969 1257 2067 1295; x_wconf 86' lang='lat' dir='ltr'><strong>nos</strong></span> <span class='ocrx_word' id='word_1_350' title='bbox 2098 1243 2240 1310; x_wconf 81' lang='lat' dir='ltr'><strong>ipsos</strong></span> <span class='ocrx_word' id='word_1_351' title='bbox 2260 1285 2275 1307; x_wconf 94' lang='lat'><strong>,</strong></span> <span class='ocrx_word' id='word_1_352' title='bbox 2304 1243 2630 1299; x_wconf 81' lang='lat' dir='ltr'><strong>lucrabimur</strong></span> <span class='ocrx_word' id='word_1_353' title='bbox 2667 1245 2891 1300; x_wconf 88' lang='lat' dir='ltr'><strong>miseras</strong></span> <span class='ocrx_word' id='word_1_354' title='bbox 2927 1246 3074 1309; x_wconf 91' lang='lat' dir='ltr'><strong>illas,</strong></span> <span class='ocrx_word' id='word_1_355' title='bbox 3113 1246 3434 1300; x_wconf 85' lang='lat' dir='ltr'><strong>lucrabimur</strong></span> <span class='ocrx_word' id='word_1_356' title='bbox 3457 1261 3552 1300; x_wconf 89' lang='lat' dir='ltr'><strong>eos</strong></span> 
     </span>
    </p>
   </div>
   <div class='ocr_carea' id='block_1_51' title="bbox 1967 1334 3546 1407">
    <p class='ocr_par' dir='ltr' id='par_1_51' title="bbox 1967 1334 3546 1407">
     <span class='ocr_line' id='line_1_51' title="bbox 1967 1334 3546 1407; baseline 0.003 -21"><span class='ocrx_word' id='word_1_357' title='bbox 1967 1334 2058 1403; x_wconf 89' lang='lat' dir='ltr'><strong>qui</strong></span> <span class='ocrx_word' id='word_1_358' title='bbox 2085 1334 2508 1388; x_wconf 80' lang='lat' dir='ltr'><strong>scandalizantur</strong></span> <span class='ocrx_word' id='word_1_359' title='bbox 2531 1351 2546 1400; x_wconf 95' lang='lat'><strong>;</strong></span> <span class='ocrx_word' id='word_1_360' title='bbox 2578 1346 2630 1389; x_wconf 91' lang='lat' dir='ltr'><strong>et</strong></span> <span class='ocrx_word' id='word_1_361' title='bbox 2658 1351 2777 1390; x_wconf 91' lang='lat' dir='ltr'><strong>cum</strong></span> <span class='ocrx_word' id='word_1_362' title='bbox 2806 1336 3126 1407; x_wconf 88' lang='lat' dir='ltr'><strong>martyribus</strong></span> <span class='ocrx_word' id='word_1_363' title='bbox 3149 1336 3546 1398; x_wconf 88' lang='lat' dir='ltr'><strong>collocabimur,</strong></span> 
     </span>
    </p>
   </div>
   <div class='ocr_carea' id='block_1_52' title="bbox 1967 1424 3549 1497">
    <p class='ocr_par' dir='ltr' id='par_1_52' title="bbox 1967 1424 3549 1497">
     <span class='ocr_line' id='line_1_52' title="bbox 1967 1424 3549 1497; baseline 0.003 -20"><span class='ocrx_word' id='word_1_364' title='bbox 1967 1424 2244 1495; x_wconf 86' lang='lat' dir='ltr'><strong>primoque</strong></span> <span class='ocrx_word' id='word_1_365' title='bbox 2270 1425 2324 1480; x_wconf 90' lang='lat' dir='ltr'><strong>in</strong></span> <span class='ocrx_word' id='word_1_366' title='bbox 2351 1426 2538 1481; x_wconf 91' lang='lat' dir='ltr'><strong>ordine</strong></span> <span class='ocrx_word' id='word_1_367' title='bbox 2564 1428 2782 1482; x_wconf 87' lang='lat' dir='ltr'><strong>erimus.</strong></span> <span class='ocrx_word' id='word_1_368' title='bbox 2811 1427 2941 1481; x_wconf 88' lang='lat' dir='ltr'><strong>Nam</strong></span> <span class='ocrx_word' id='word_1_369' title='bbox 2969 1428 3052 1494; x_wconf 90' lang='lat' dir='ltr'><strong>iis,</strong></span> <span class='ocrx_word' id='word_1_370' title='bbox 3081 1428 3166 1497; x_wconf 91' lang='lat' dir='ltr'><strong>qui</strong></span> <span class='ocrx_word' id='word_1_371' title='bbox 3199 1430 3295 1483; x_wconf 92' lang='lat' dir='ltr'><strong>hoc</strong></span> <span class='ocrx_word' id='word_1_372' title='bbox 3320 1429 3549 1482; x_wconf 85' lang='lat' dir='ltr'><strong>maximo</strong></span> 
     </span>
    </p>
   </div>
   <div class='ocr_carea' id='block_1_53' title="bbox 1966 1517 3548 1585">
    <p class='ocr_par' dir='ltr' id='par_1_53' title="bbox 1966 1517 3548 1585">
     <span class='ocr_line' id='line_1_53' title="bbox 1966 1517 3548 1585; baseline 0.004 -16"><span class='ocrx_word' id='word_1_373' title='bbox 1966 1517 2258 1571; x_wconf 91' lang='lat' dir='ltr'><strong>certamine</strong></span> <span class='ocrx_word' id='word_1_374' title='bbox 2282 1517 2542 1584; x_wconf 89' lang='lat' dir='ltr'><strong>vicerunt,</strong></span> <span class='ocrx_word' id='word_1_375' title='bbox 2570 1529 2623 1572; x_wconf 88' lang='lat' dir='ltr'><strong>et</strong></span> <span class='ocrx_word' id='word_1_376' title='bbox 2650 1518 2858 1573; x_wconf 83' lang='lat' dir='ltr'><strong>fortiter</strong></span> <span class='ocrx_word' id='word_1_377' title='bbox 2879 1521 3145 1574; x_wconf 91' lang='lat' dir='ltr'><strong>cruciatus</strong></span> <span class='ocrx_word' id='word_1_378' title='bbox 3166 1521 3417 1585; x_wconf 89' lang='lat' dir='ltr'><strong>tulerunt,</strong></span> <span class='ocrx_word' id='word_1_379' title='bbox 3441 1536 3548 1575; x_wconf 88' lang='lat' dir='ltr'><strong>non</strong></span> 
     </span>
    </p>
   </div>
   <div class='ocr_carea' id='block_1_54' title="bbox 1966 1606 3547 1682">
    <p class='ocr_par' dir='ltr' id='par_1_54' title="bbox 1966 1606 3547 1682">
     <span class='ocr_line' id='line_1_54' title="bbox 1966 1606 3547 1682; baseline 0.004 -22"><span class='ocrx_word' id='word_1_380' title='bbox 1966 1606 2227 1662; x_wconf 86' lang='lat' dir='ltr'><strong>minorem</strong></span> <span class='ocrx_word' id='word_1_381' title='bbox 2256 1625 2397 1678; x_wconf 92' lang='lat' dir='ltr'><strong>pono</strong></span> <span class='ocrx_word' id='word_1_382' title='bbox 2424 1609 2696 1665; x_wconf 89' lang='lat' dir='ltr'><strong>hominem</strong></span> <span class='ocrx_word' id='word_1_383' title='bbox 2720 1613 3148 1682; x_wconf 88' lang='lat' dir='ltr'><strong>concupiscentia</strong></span> <span class='ocrx_word' id='word_1_384' title='bbox 3175 1613 3337 1667; x_wconf 86' lang='lat' dir='ltr'><strong>veteri</strong></span> <span class='ocrx_word' id='word_1_385' title='bbox 3364 1612 3547 1668; x_wconf 86' lang='lat' dir='ltr'><strong>deten-</strong></span> 
     </span>
    </p>
   </div>
   <div class='ocr_carea' id='block_1_55' title="bbox 1968 1699 3547 1773">
    <p class='ocr_par' dir='ltr' id='par_1_55' title="bbox 1968 1699 3547 1773">
     <span class='ocr_line' id='line_1_55' title="bbox 1968 1699 3547 1773; baseline 0.005 -22"><span class='ocrx_word' id='word_1_386' title='bbox 1968 1705 2078 1751; x_wconf 92' lang='lat' dir='ltr'><strong>tum</strong></span> <span class='ocrx_word' id='word_1_387' title='bbox 2104 1708 2158 1753; x_wconf 91' lang='lat' dir='ltr'><strong>et</strong></span> <span class='ocrx_word' id='word_1_388' title='bbox 2183 1699 2235 1753; x_wconf 90' lang='lat' dir='ltr'><strong>in</strong></span> <span class='ocrx_word' id='word_1_389' title='bbox 2260 1700 2574 1755; x_wconf 84' lang='lat' dir='ltr'><strong>suavissima</strong></span> <span class='ocrx_word' id='word_1_390' title='bbox 2600 1711 2654 1756; x_wconf 91' lang='lat' dir='ltr'><strong>et</strong></span> <span class='ocrx_word' id='word_1_391' title='bbox 2685 1704 2900 1772; x_wconf 90' lang='lat' dir='ltr'><strong>antiqua</strong></span> <span class='ocrx_word' id='word_1_392' title='bbox 2927 1704 3312 1759; x_wconf 86' lang='lat' dir='ltr'><strong>consuetudine</strong></span> <span class='ocrx_word' id='word_1_393' title='bbox 3343 1719 3547 1773; x_wconf 83' lang='lat' dir='ltr'><strong>praeoc-</strong></span> 
     </span>
    </p>
   </div>
   <div class='ocr_carea' id='block_1_56' title="bbox 1964 1789 3546 1862">
    <p class='ocr_par' dir='ltr' id='par_1_56' title="bbox 1964 1789 3546 1862">
     <span class='ocr_line' id='line_1_56' title="bbox 1964 1789 3546 1862; baseline 0.004 -21"><span class='ocrx_word' id='word_1_394' title='bbox 1964 1799 2211 1858; x_wconf 90' lang='lat' dir='ltr'><strong>cupatum</strong></span> <span class='ocrx_word' id='word_1_395' title='bbox 2235 1830 2249 1856; x_wconf 95' lang='lat'><strong>,</strong></span> <span class='ocrx_word' id='word_1_396' title='bbox 2278 1800 2332 1844; x_wconf 92' lang='lat' dir='ltr'><strong>et</strong></span> <span class='ocrx_word' id='word_1_397' title='bbox 2362 1789 2555 1846; x_wconf 91' lang='lat' dir='ltr'><strong>deinde</strong></span> <span class='ocrx_word' id='word_1_398' title='bbox 2595 1807 2688 1861; x_wconf 92' lang='lat' dir='ltr'><strong>per</strong></span> <span class='ocrx_word' id='word_1_399' title='bbox 2727 1793 2973 1847; x_wconf 90' lang='lat' dir='ltr'><strong>timorem</strong></span> <span class='ocrx_word' id='word_1_400' title='bbox 3002 1794 3096 1849; x_wconf 89' lang='lat' dir='ltr'><strong>Dei</strong></span> <span class='ocrx_word' id='word_1_401' title='bbox 3126 1794 3546 1862; x_wconf 86' lang='lat' dir='ltr'><strong>disrumpentem</strong></span> 
     </span>
    </p>
   </div>
   <div class='ocr_carea' id='block_1_57' title="bbox 1963 1880 3547 1954">
    <p class='ocr_par' dir='ltr' id='par_1_57' title="bbox 1963 1880 3547 1954">
     <span class='ocr_line' id='line_1_57' title="bbox 1963 1880 3547 1954; baseline 0.004 -21"><span class='ocrx_word' id='word_1_402' title='bbox 1963 1880 2193 1947; x_wconf 88' lang='lat' dir='ltr'><strong>vincula,</strong></span> <span class='ocrx_word' id='word_1_403' title='bbox 2215 1889 2269 1935; x_wconf 92' lang='lat' dir='ltr'><strong>et</strong></span> <span class='ocrx_word' id='word_1_404' title='bbox 2287 1881 2352 1935; x_wconf 89' lang='lat' dir='ltr'><strong>ad</strong></span> <span class='ocrx_word' id='word_1_405' title='bbox 2375 1881 2426 1936; x_wconf 92' lang='lat' dir='ltr'><strong>id</strong></span> <span class='ocrx_word' id='word_1_406' title='bbox 2447 1883 2587 1953; x_wconf 90' lang='lat' dir='ltr'><strong>quod</strong></span> <span class='ocrx_word' id='word_1_407' title='bbox 2622 1884 2726 1937; x_wconf 92' lang='lat' dir='ltr'><strong>Deo</strong></span> <span class='ocrx_word' id='word_1_408' title='bbox 2758 1884 3010 1954; x_wconf 87' lang='lat' dir='ltr'><strong>probatur</strong></span> <span class='ocrx_word' id='word_1_409' title='bbox 3036 1894 3418 1941; x_wconf 89' lang='lat' dir='ltr'><strong>recurrentem.</strong></span> <span class='ocrx_word' id='word_1_410' title='bbox 3448 1886 3547 1941; x_wconf 84' lang='lat' dir='ltr'><strong>Est</strong></span> 
     </span>
    </p>
   </div>
   <div class='ocr_carea' id='block_1_58' title="bbox 1963 1971 3543 2038">
    <p class='ocr_par' dir='ltr' id='par_1_58' title="bbox 1963 1971 3543 2038">
     <span class='ocr_line' id='line_1_58' title="bbox 1963 1971 3543 2038; baseline 0.003 -13"><span class='ocrx_word' id='word_1_411' title='bbox 1963 1971 2105 2025; x_wconf 92' lang='lat' dir='ltr'><strong>enim</strong></span> <span class='ocrx_word' id='word_1_412' title='bbox 2132 1982 2184 2028; x_wconf 90' lang='lat' dir='ltr'><strong>et</strong></span> <span class='ocrx_word' id='word_1_413' title='bbox 2212 1972 2314 2026; x_wconf 92' lang='lat' dir='ltr'><strong>hoc</strong></span> <span class='ocrx_word' id='word_1_414' title='bbox 2338 1974 2505 2027; x_wconf 91' lang='lat' dir='ltr'><strong>multo</strong></span> <span class='ocrx_word' id='word_1_415' title='bbox 2528 1975 2799 2030; x_wconf 87' lang='lat' dir='ltr'><strong>difficilius</strong></span> <span class='ocrx_word' id='word_1_416' title='bbox 2816 2016 2832 2038; x_wconf 86' lang='lat'><em>.</em></span> <span class='ocrx_word' id='word_1_417' title='bbox 2858 1975 3105 2031; x_wconf 77' lang='lat' dir='ltr'><strong>affectum</strong></span> <span class='ocrx_word' id='word_1_418' title='bbox 3129 1987 3183 2032; x_wconf 91' lang='lat' dir='ltr'><strong>et</strong></span> <span class='ocrx_word' id='word_1_419' title='bbox 3208 1976 3543 2031; x_wconf 90' lang='lat' dir='ltr'><strong>dilectionem</strong></span> 
     </span>
    </p>
   </div>
   <div class='ocr_carea' id='block_1_59' title="bbox 1962 2064 3543 2138">
    <p class='ocr_par' dir='ltr' id='par_1_59' title="bbox 1962 2064 3543 2138">
     <span class='ocr_line' id='line_1_59' title="bbox 1962 2064 3543 2138; baseline 0.001 -20"><span class='ocrx_word' id='word_1_420' title='bbox 1962 2064 2309 2121; x_wconf 85' lang='lat' dir='ltr'><strong>inveteratam</strong></span> <span class='ocrx_word' id='word_1_421' title='bbox 2350 2066 2571 2135; x_wconf 88' lang='lat' dir='ltr'><strong>ejicere,</strong></span> <span class='ocrx_word' id='word_1_422' title='bbox 2607 2077 2662 2122; x_wconf 93' lang='lat' dir='ltr'><strong>et</strong></span> <span class='ocrx_word' id='word_1_423' title='bbox 2702 2069 3023 2138; x_wconf 91' lang='lat' dir='ltr'><strong>multiplices</strong></span> <span class='ocrx_word' id='word_1_424' title='bbox 3061 2070 3371 2124; x_wconf 90' lang='lat' dir='ltr'><strong>occasiones</strong></span> <span class='ocrx_word' id='word_1_425' title='bbox 3402 2070 3543 2124; x_wconf 82' lang='lat' dir='ltr'><strong>avel-</strong></span> 
     </span>
    </p>
   </div>
   <div class='ocr_carea' id='block_1_60' title="bbox 1962 2155 3540 2228">
    <p class='ocr_par' dir='ltr' id='par_1_60' title="bbox 1962 2155 3540 2228">
     <span class='ocr_line' id='line_1_60' title="bbox 1962 2155 3540 2228; baseline 0.001 -18"><span class='ocrx_word' id='word_1_426' title='bbox 1962 2155 2105 2219; x_wconf 87' lang='lat' dir='ltr'><strong>lere;</strong></span> <span class='ocrx_word' id='word_1_427' title='bbox 2136 2165 2190 2211; x_wconf 84' lang='lat' dir='ltr'><strong>et</strong></span> <span class='ocrx_word' id='word_1_428' title='bbox 2214 2159 2498 2227; x_wconf 89' lang='lat' dir='ltr'><strong>assumptis</strong></span> <span class='ocrx_word' id='word_1_429' title='bbox 2523 2159 2620 2212; x_wconf 90' lang='lat' dir='ltr'><strong>alis</strong></span> <span class='ocrx_word' id='word_1_430' title='bbox 2646 2158 2711 2212; x_wconf 90' lang='lat' dir='ltr'><strong>ad</strong></span> <span class='ocrx_word' id='word_1_431' title='bbox 2741 2160 2982 2214; x_wconf 70' lang='lat' dir='ltr'><strong>etelestes</strong></span> <span class='ocrx_word' id='word_1_432' title='bbox 3011 2160 3219 2228; x_wconf 90' lang='lat' dir='ltr'><strong>apsides</strong></span> <span class='ocrx_word' id='word_1_433' title='bbox 3247 2175 3540 2214; x_wconf 89' lang='lat' dir='ltr'><strong>recurrere.</strong></span> 
     </span>
    </p>
   </div>
   <div class='ocr_carea' id='block_1_61' title="bbox 1962 2247 3545 2320">
    <p class='ocr_par' dir='ltr' id='par_1_61' title="bbox 1962 2247 3545 2320">
     <span class='ocr_line' id='line_1_61' title="bbox 1962 2247 3545 2320; baseline 0.002 -19"><span class='ocrx_word' id='word_1_434' title='bbox 1962 2247 2028 2301; x_wconf 89' lang='lat' dir='ltr'><strong>Et</strong></span> <span class='ocrx_word' id='word_1_435' title='bbox 2049 2248 2186 2302; x_wconf 89' lang='lat' dir='ltr'><strong>sicut</strong></span> <span class='ocrx_word' id='word_1_436' title='bbox 2209 2259 2499 2319; x_wconf 87' lang='lat' dir='ltr'><strong>martyrum</strong></span> <span class='ocrx_word' id='word_1_437' title='bbox 2524 2250 2675 2304; x_wconf 82' lang='lat' dir='ltr'><strong>velox</strong></span> <span class='ocrx_word' id='word_1_438' title='bbox 2706 2250 2873 2313; x_wconf 84' lang='lat' dir='ltr'><strong>labor,</strong></span> <span class='ocrx_word' id='word_1_439' title='bbox 2902 2251 2972 2304; x_wconf 91' lang='lat' dir='ltr'><strong>ita</strong></span> <span class='ocrx_word' id='word_1_440' title='bbox 2993 2258 3049 2304; x_wconf 91' lang='lat' dir='ltr'><strong>et</strong></span> <span class='ocrx_word' id='word_1_441' title='bbox 3073 2251 3261 2305; x_wconf 91' lang='lat' dir='ltr'><strong>horum</strong></span> <span class='ocrx_word' id='word_1_442' title='bbox 3288 2250 3545 2320; x_wconf 80' lang='lat' dir='ltr'><strong>prolixior</strong></span> 
     </span>
    </p>
   </div>
   <div class='ocr_carea' id='block_1_62' title="bbox 1959 2338 3542 2411">
    <p class='ocr_par' dir='ltr' id='par_1_62' title="bbox 1959 2338 3542 2411">
     <span class='ocr_line' id='line_1_62' title="bbox 1959 2338 3542 2411; baseline 0.003 -19"><span class='ocrx_word' id='word_1_443' title='bbox 1959 2338 2133 2394; x_wconf 92' lang='lat' dir='ltr'><strong>dolor.</strong></span> <span class='ocrx_word' id='word_1_444' title='bbox 2164 2340 2495 2409; x_wconf 84' lang='lat' dir='ltr'><strong>Quapropter</strong></span> <span class='ocrx_word' id='word_1_445' title='bbox 2522 2350 2577 2396; x_wconf 91' lang='lat' dir='ltr'><strong>et</strong></span> <span class='ocrx_word' id='word_1_446' title='bbox 2606 2356 2761 2411; x_wconf 89' lang='lat' dir='ltr'><strong>pares</strong></span> <span class='ocrx_word' id='word_1_447' title='bbox 2791 2357 3004 2396; x_wconf 77' lang='lat' dir='ltr'><strong>corona:</strong></span> <span class='ocrx_word' id='word_1_448' title='bbox 3022 2383 3037 2406; x_wconf 92' lang='lat'><strong>,</strong></span> <span class='ocrx_word' id='word_1_449' title='bbox 3066 2343 3316 2411; x_wconf 91' lang='lat' dir='ltr'><strong>quoniam</strong></span> <span class='ocrx_word' id='word_1_450' title='bbox 3345 2351 3399 2395; x_wconf 89' lang='lat' dir='ltr'><strong>et</strong></span> <span class='ocrx_word' id='word_1_451' title='bbox 3423 2357 3542 2396; x_wconf 88' lang='lat' dir='ltr'><strong>eer-</strong></span> 
     </span>
    </p>
   </div>
   <div class='ocr_carea' id='block_1_63' title="bbox 1961 2433 3542 2504">
    <p class='ocr_par' dir='ltr' id='par_1_63' title="bbox 1961 2433 3542 2504">
     <span class='ocr_line' id='line_1_63' title="bbox 1961 2433 3542 2504; baseline 0.003 -19"><span class='ocrx_word' id='word_1_452' title='bbox 1961 2433 2157 2486; x_wconf 90' lang='lat' dir='ltr'><strong>tamina</strong></span> <span class='ocrx_word' id='word_1_453' title='bbox 2188 2433 2325 2487; x_wconf 90' lang='lat' dir='ltr'><strong>inter</strong></span> <span class='ocrx_word' id='word_1_454' title='bbox 2349 2448 2408 2488; x_wconf 88' lang='lat' dir='ltr'><strong>se</strong></span> <span class='ocrx_word' id='word_1_455' title='bbox 2432 2442 2556 2489; x_wconf 91' lang='lat' dir='ltr'><strong>sunt</strong></span> <span class='ocrx_word' id='word_1_456' title='bbox 2588 2434 2799 2489; x_wconf 89' lang='lat' dir='ltr'><strong>similia.</strong></span> <span class='ocrx_word' id='word_1_457' title='bbox 2830 2433 2962 2488; x_wconf 87' lang='lat' dir='ltr'><strong>Nam</strong></span> <span class='ocrx_word' id='word_1_458' title='bbox 2991 2434 3037 2489; x_wconf 91' lang='lat' dir='ltr'><strong>si</strong></span> <span class='ocrx_word' id='word_1_459' title='bbox 3060 2435 3149 2504; x_wconf 93' lang='lat' dir='ltr'><strong>qui</strong></span> <span class='ocrx_word' id='word_1_460' title='bbox 3174 2434 3352 2489; x_wconf 91' lang='lat' dir='ltr'><strong>educit</strong></span> <span class='ocrx_word' id='word_1_461' title='bbox 3374 2446 3427 2489; x_wconf 90' lang='lat' dir='ltr'><strong>et</strong></span> <span class='ocrx_word' id='word_1_462' title='bbox 3451 2449 3542 2489; x_wconf 82' lang='lat' dir='ltr'><strong>se-</strong></span> 
     </span>
    </p>
   </div>
   <div class='ocr_carea' id='block_1_64' title="bbox 1960 2524 3539 2596">
    <p class='ocr_par' dir='ltr' id='par_1_64' title="bbox 1960 2524 3539 2596">
     <span class='ocr_line' id='line_1_64' title="bbox 1960 2524 3539 2596; baseline 0 -19"><span class='ocrx_word' id='word_1_463' title='bbox 1960 2532 2111 2594; x_wconf 88' lang='lat' dir='ltr'><strong>parat</strong></span> <span class='ocrx_word' id='word_1_464' title='bbox 2134 2525 2423 2593; x_wconf 88' lang='lat' dir='ltr'><strong>pretiosum</strong></span> <span class='ocrx_word' id='word_1_465' title='bbox 2458 2539 2487 2578; x_wconf 83' lang='lat' dir='ltr'><strong>a</strong></span> <span class='ocrx_word' id='word_1_466' title='bbox 2513 2525 2604 2579; x_wconf 90' lang='lat' dir='ltr'><strong>vili</strong></span> <span class='ocrx_word' id='word_1_467' title='bbox 2630 2524 2761 2596; x_wconf 80' lang='lat' dir='ltr'><strong>(Jer.</strong></span> <span class='ocrx_word' id='word_1_468' title='bbox 2794 2525 2878 2580; x_wconf 80' lang='grc'><strong>15.</strong></span> <span class='ocrx_word' id='word_1_469' title='bbox 2910 2524 3021 2595; x_wconf 80' lang='grc'><strong>19),</strong></span> <span class='ocrx_word' id='word_1_470' title='bbox 3048 2525 3183 2580; x_wconf 89' lang='lat' dir='ltr'><strong>sicut</strong></span> <span class='ocrx_word' id='word_1_471' title='bbox 3208 2539 3268 2579; x_wconf 91' lang='lat' dir='ltr'><strong>os</strong></span> <span class='ocrx_word' id='word_1_472' title='bbox 3299 2524 3393 2580; x_wconf 83' lang='lat' dir='ltr'><strong>Dei</strong></span> <span class='ocrx_word' id='word_1_473' title='bbox 3418 2525 3539 2589; x_wconf 90' lang='lat' dir='ltr'><strong>erit,</strong></span> 
     </span>
    </p>
   </div>
   <div class='ocr_carea' id='block_1_65' title="bbox 1958 2617 3543 2686">
    <p class='ocr_par' dir='ltr' id='par_1_65' title="bbox 1958 2617 3543 2686">
     <span class='ocr_line' id='line_1_65' title="bbox 1958 2617 3543 2686; baseline 0.001 -16"><span class='ocrx_word' id='word_1_474' title='bbox 1958 2617 2046 2686; x_wconf 92' lang='lat' dir='ltr'><strong>qui</strong></span> <span class='ocrx_word' id='word_1_475' title='bbox 2074 2627 2129 2671; x_wconf 90' lang='lat' dir='ltr'><strong>et</strong></span> <span class='ocrx_word' id='word_1_476' title='bbox 2164 2617 2397 2686; x_wconf 89' lang='lat' dir='ltr'><strong>seipsum</strong></span> <span class='ocrx_word' id='word_1_477' title='bbox 2434 2617 2771 2684; x_wconf 87' lang='lat' dir='ltr'><strong>liberaverit,</strong></span> <span class='ocrx_word' id='word_1_478' title='bbox 2808 2629 2862 2673; x_wconf 91' lang='lat' dir='ltr'><strong>et</strong></span> <span class='ocrx_word' id='word_1_479' title='bbox 2892 2619 3085 2672; x_wconf 90' lang='lat' dir='ltr'><strong>multos</strong></span> <span class='ocrx_word' id='word_1_480' title='bbox 3123 2618 3257 2673; x_wconf 87' lang='lat' dir='ltr'><strong>alios</strong></span> <span class='ocrx_word' id='word_1_481' title='bbox 3295 2618 3543 2672; x_wconf 91' lang='lat' dir='ltr'><strong>crimina-</strong></span> 
     </span>
    </p>
   </div>
   <div class='ocr_carea' id='block_1_66' title="bbox 1959 2708 3538 2778">
    <p class='ocr_par' dir='ltr' id='par_1_66' title="bbox 1959 2708 3538 2778">
     <span class='ocr_line' id='line_1_66' title="bbox 1959 2708 3538 2778; baseline 0 -17"><span class='ocrx_word' id='word_1_482' title='bbox 1959 2708 2104 2762; x_wconf 90' lang='lat' dir='ltr'><strong>tione</strong></span> <span class='ocrx_word' id='word_1_483' title='bbox 2140 2708 2432 2775; x_wconf 82' lang='lat' dir='ltr'><strong>exemerit,</strong></span> <span class='ocrx_word' id='word_1_484' title='bbox 2459 2709 2628 2778; x_wconf 87' lang='lat' dir='ltr'><strong>cogita</strong></span> <span class='ocrx_word' id='word_1_485' title='bbox 2669 2718 2919 2778; x_wconf 90' lang='lat' dir='ltr'><strong>quantam</strong></span> <span class='ocrx_word' id='word_1_486' title='bbox 2954 2709 3176 2777; x_wconf 88' lang='lat' dir='ltr'><strong>accipiet</strong></span> <span class='ocrx_word' id='word_1_487' title='bbox 3207 2708 3538 2771; x_wconf 90' lang='lat' dir='ltr'><strong>mercedem,</strong></span> 
     </span>
    </p>
   </div>
   <div class='ocr_carea' id='block_1_67' title="bbox 1956 2798 3538 2868">
    <p class='ocr_par' dir='ltr' id='par_1_67' title="bbox 1956 2798 3538 2868">
     <span class='ocr_line' id='line_1_67' title="bbox 1956 2798 3538 2868; baseline -0.001 -16"><span class='ocrx_word' id='word_1_488' title='bbox 1956 2805 2009 2853; x_wconf 86' lang='lat' dir='ltr'><strong>et</strong></span> <span class='ocrx_word' id='word_1_489' title='bbox 2042 2798 2377 2867; x_wconf 85' lang='lat' dir='ltr'><strong>praemiorum</strong></span> <span class='ocrx_word' id='word_1_490' title='bbox 2407 2814 2503 2868; x_wconf 91' lang='lat' dir='ltr'><strong>spe</strong></span> <span class='ocrx_word' id='word_1_491' title='bbox 2527 2799 2659 2854; x_wconf 89' lang='lat' dir='ltr'><strong>levis</strong></span> <span class='ocrx_word' id='word_1_492' title='bbox 2684 2811 2739 2854; x_wconf 91' lang='lat' dir='ltr'><strong>et</strong></span> <span class='ocrx_word' id='word_1_493' title='bbox 2771 2800 2989 2865; x_wconf 90' lang='lat' dir='ltr'><strong>alacris,</strong></span> <span class='ocrx_word' id='word_1_494' title='bbox 3024 2808 3307 2855; x_wconf 90' lang='lat' dir='ltr'><strong>contemne</strong></span> <span class='ocrx_word' id='word_1_495' title='bbox 3344 2800 3538 2854; x_wconf 88' lang='lat' dir='ltr'><strong>malam</strong></span> 
     </span>
    </p>
   </div>
   <div class='ocr_carea' id='block_1_68' title="bbox 1956 2890 3538 2960">
    <p class='ocr_par' dir='ltr' id='par_1_68' title="bbox 1956 2890 3538 2960">
     <span class='ocr_line' id='line_1_68' title="bbox 1956 2890 3538 2960; baseline 0.001 -17"><span class='ocrx_word' id='word_1_496' title='bbox 1956 2891 2413 2953; x_wconf 87' lang='lat' dir='ltr'><strong>consuetudinem,</strong></span> <span class='ocrx_word' id='word_1_497' title='bbox 2443 2900 2501 2945; x_wconf 92' lang='lat' dir='ltr'><strong>ut</strong></span> <span class='ocrx_word' id='word_1_498' title='bbox 2523 2890 2672 2960; x_wconf 91' lang='lat' dir='ltr'><strong>juxta</strong></span> <span class='ocrx_word' id='word_1_499' title='bbox 2700 2890 2795 2945; x_wconf 90' lang='lat' dir='ltr'><strong>Dei</strong></span> <span class='ocrx_word' id='word_1_500' title='bbox 2822 2890 3147 2945; x_wconf 90' lang='lat' dir='ltr'><strong>voluntatem</strong></span> <span class='ocrx_word' id='word_1_501' title='bbox 3182 2890 3405 2945; x_wconf 89' lang='lat' dir='ltr'><strong>decursa</strong></span> <span class='ocrx_word' id='word_1_502' title='bbox 3431 2892 3538 2945; x_wconf 86' lang='lat' dir='ltr'><strong>vita</strong></span> 
     </span>
    </p>
   </div>
   <div class='ocr_carea' id='block_1_69' title="bbox 1958 2979 3536 3050">
    <p class='ocr_par' dir='ltr' id='par_1_69' title="bbox 1958 2979 3536 3050">
     <span class='ocr_line' id='line_1_69' title="bbox 1958 2979 3536 3050; baseline 0.001 -16"><span class='ocrx_word' id='word_1_503' title='bbox 1958 2979 2077 3047; x_wconf 89' lang='lat' dir='ltr'><strong>hac,</strong></span> <span class='ocrx_word' id='word_1_504' title='bbox 2096 2995 2214 3035; x_wconf 90' lang='lat' dir='ltr'><strong>cum</strong></span> <span class='ocrx_word' id='word_1_505' title='bbox 2231 2996 2360 3050; x_wconf 89' lang='lat' dir='ltr'><strong>pura</strong></span> <span class='ocrx_word' id='word_1_506' title='bbox 2376 2980 2518 3035; x_wconf 93' lang='lat' dir='ltr'><strong>illam</strong></span> <span class='ocrx_word' id='word_1_507' title='bbox 2536 2981 2858 3035; x_wconf 87' lang='lat' dir='ltr'><strong>conscientia</strong></span> <span class='ocrx_word' id='word_1_508' title='bbox 2873 2981 2922 3034; x_wconf 92' lang='lat' dir='ltr'><strong>in</strong></span> <span class='ocrx_word' id='word_1_509' title='bbox 2938 2980 3080 3035; x_wconf 71' lang='lat' dir='ltr'><strong>cazlis</strong></span> <span class='ocrx_word' id='word_1_510' title='bbox 3095 2981 3293 3043; x_wconf 84' lang='lat' dir='ltr'><strong>videas,</strong></span> <span class='ocrx_word' id='word_1_511' title='bbox 3310 2982 3536 3037; x_wconf 88' lang='lat' dir='ltr'><strong>sanctis-</strong></span> 
     </span>
    </p>
   </div>
   <div class='ocr_carea' id='block_1_70' title="bbox 1957 3073 3536 3144">
    <p class='ocr_par' dir='ltr' id='par_1_70' title="bbox 1957 3073 3536 3144">
     <span class='ocr_line' id='line_1_70' title="bbox 1957 3073 3536 3144; baseline -0.004 -16"><span class='ocrx_word' id='word_1_512' title='bbox 1957 3074 2198 3143; x_wconf 86' lang='lat' dir='ltr'><strong>simaque</strong></span> <span class='ocrx_word' id='word_1_513' title='bbox 2227 3074 2367 3128; x_wconf 90' lang='lat' dir='ltr'><strong>illius</strong></span> <span class='ocrx_word' id='word_1_514' title='bbox 2394 3074 2800 3129; x_wconf 90' lang='lat' dir='ltr'><strong>conversatione</strong></span> <span class='ocrx_word' id='word_1_515' title='bbox 2826 3075 3039 3128; x_wconf 89' lang='lat' dir='ltr'><strong>fruaris.</strong></span> <span class='ocrx_word' id='word_1_516' title='bbox 3080 3073 3212 3128; x_wconf 88' lang='lat' dir='ltr'><strong>Nam</strong></span> <span class='ocrx_word' id='word_1_517' title='bbox 3237 3074 3323 3128; x_wconf 91' lang='lat' dir='ltr'><strong>ubi</strong></span> <span class='ocrx_word' id='word_1_518' title='bbox 3345 3089 3536 3144; x_wconf 68' lang='lat' dir='ltr'><strong>corpu—</strong></span> 
     </span>
    </p>
   </div>
   <div class='ocr_carea' id='block_1_71' title="bbox 1955 3164 3538 3237">
    <p class='ocr_par' dir='ltr' id='par_1_71' title="bbox 1955 3164 3538 3237">
     <span class='ocr_line' id='line_1_71' title="bbox 1955 3164 3538 3237; baseline 0.001 -18"><span class='ocrx_word' id='word_1_519' title='bbox 1955 3165 2097 3219; x_wconf 87' lang='lat' dir='ltr'><strong>rales</strong></span> <span class='ocrx_word' id='word_1_520' title='bbox 2121 3164 2431 3220; x_wconf 74' lang='lat' dir='ltr'><strong>affectiones</strong></span> <span class='ocrx_word' id='word_1_521' title='bbox 2455 3165 2641 3221; x_wconf 72' lang='lat' dir='ltr'><strong>solutae</strong></span> <span class='ocrx_word' id='word_1_522' title='bbox 2666 3164 2881 3233; x_wconf 85' lang='lat' dir='ltr'><strong>fuerint,</strong></span> <span class='ocrx_word' id='word_1_523' title='bbox 2910 3175 2963 3219; x_wconf 92' lang='lat' dir='ltr'><strong>et</strong></span> <span class='ocrx_word' id='word_1_524' title='bbox 2988 3166 3247 3220; x_wconf 83' lang='lat' dir='ltr'><strong>exstincta</strong></span> <span class='ocrx_word' id='word_1_525' title='bbox 3276 3166 3432 3220; x_wconf 91' lang='lat' dir='ltr'><strong>fuerit</strong></span> <span class='ocrx_word' id='word_1_526' title='bbox 3458 3176 3538 3237; x_wconf 89' lang='lat' dir='ltr'><strong>ty-</strong></span> 
     </span>
    </p>
   </div>
   <div class='ocr_carea' id='block_1_72' title="bbox 1956 3256 3537 3327">
    <p class='ocr_par' dir='ltr' id='par_1_72' title="bbox 1956 3256 3537 3327">
     <span class='ocr_line' id='line_1_72' title="bbox 1956 3256 3537 3327; baseline 0.003 -18"><span class='ocrx_word' id='word_1_527' title='bbox 1956 3256 2173 3310; x_wconf 90' lang='lat' dir='ltr'><strong>rannica</strong></span> <span class='ocrx_word' id='word_1_528' title='bbox 2197 3258 2649 3327; x_wconf 89' lang='lat' dir='ltr'><strong>concupiscentia,</strong></span> <span class='ocrx_word' id='word_1_529' title='bbox 2675 3257 2874 3312; x_wconf 90' lang='lat' dir='ltr'><strong>nullum</strong></span> <span class='ocrx_word' id='word_1_530' title='bbox 2901 3259 3001 3312; x_wconf 91' lang='lat' dir='ltr'><strong>erit</strong></span> <span class='ocrx_word' id='word_1_531' title='bbox 3024 3257 3355 3313; x_wconf 91' lang='lat' dir='ltr'><strong>obstaculum</strong></span> <span class='ocrx_word' id='word_1_532' title='bbox 3379 3258 3537 3313; x_wconf 93' lang='lat' dir='ltr'><strong>simul</strong></span> 
     </span>
    </p>
   </div>
   <div class='ocr_carea' id='block_1_73' title="bbox 1957 3348 3538 3415">
    <p class='ocr_par' dir='ltr' id='par_1_73' title="bbox 1957 3348 3538 3415">
     <span class='ocr_line' id='line_1_73' title="bbox 1957 3348 3538 3415; baseline 0.001 -15"><span class='ocrx_word' id='word_1_533' title='bbox 1957 3348 2028 3401; x_wconf 91' lang='lat' dir='ltr'><strong>ibi</strong></span> <span class='ocrx_word' id='word_1_534' title='bbox 2053 3362 2172 3402; x_wconf 89' lang='lat' dir='ltr'><strong>esse</strong></span> <span class='ocrx_word' id='word_1_535' title='bbox 2199 3349 2475 3404; x_wconf 91' lang='lat' dir='ltr'><strong>mulierem</strong></span> <span class='ocrx_word' id='word_1_536' title='bbox 2505 3358 2560 3404; x_wconf 90' lang='lat' dir='ltr'><strong>et</strong></span> <span class='ocrx_word' id='word_1_537' title='bbox 2585 3350 2774 3415; x_wconf 89' lang='lat' dir='ltr'><strong>virum,</strong></span> <span class='ocrx_word' id='word_1_538' title='bbox 2798 3364 2829 3404; x_wconf 93' lang='lat' dir='ltr'><strong>e</strong></span> <span class='ocrx_word' id='word_1_539' title='bbox 2851 3348 3028 3404; x_wconf 90' lang='lat' dir='ltr'><strong>medio</strong></span> <span class='ocrx_word' id='word_1_540' title='bbox 3052 3348 3271 3403; x_wconf 89' lang='lat' dir='ltr'><strong>sublatis</strong></span> <span class='ocrx_word' id='word_1_541' title='bbox 3291 3350 3538 3404; x_wconf 89' lang='lat' dir='ltr'><strong>omnibus</strong></span> 
     </span>
    </p>
   </div>
   <div class='ocr_carea' id='block_1_74' title="bbox 1954 3438 3538 3510">
    <p class='ocr_par' dir='ltr' id='par_1_74' title="bbox 1954 3438 3538 3510">
     <span class='ocr_line' id='line_1_74' title="bbox 1954 3438 3538 3510; baseline 0.002 -20"><span class='ocrx_word' id='word_1_542' title='bbox 1954 3438 2347 3507; x_wconf 89' lang='lat' dir='ltr'><strong>suspicionibus</strong></span> <span class='ocrx_word' id='word_1_543' title='bbox 2384 3440 2534 3493; x_wconf 90' lang='lat' dir='ltr'><strong>malis</strong></span> <span class='ocrx_word' id='word_1_544' title='bbox 2559 3482 2574 3503; x_wconf 90' lang='lat'><strong>,</strong></span> <span class='ocrx_word' id='word_1_545' title='bbox 2609 3449 2665 3494; x_wconf 90' lang='lat' dir='ltr'><strong>et</strong></span> <span class='ocrx_word' id='word_1_546' title='bbox 2700 3455 2860 3510; x_wconf 90' lang='lat' dir='ltr'><strong>agere</strong></span> <span class='ocrx_word' id='word_1_547' title='bbox 2898 3448 2953 3494; x_wconf 88' lang='lat' dir='ltr'><strong>et</strong></span> <span class='ocrx_word' id='word_1_548' title='bbox 2990 3454 3203 3495; x_wconf 87' lang='lat' dir='ltr'><strong>servare</strong></span> <span class='ocrx_word' id='word_1_549' title='bbox 3230 3456 3350 3494; x_wconf 89' lang='lat' dir='ltr'><strong>cum</strong></span> <span class='ocrx_word' id='word_1_550' title='bbox 3381 3440 3538 3495; x_wconf 87' lang='lat' dir='ltr'><strong>liceat</strong></span> 
     </span>
    </p>
   </div>
   <div class='ocr_carea' id='block_1_75' title="bbox 1955 3528 3534 3600">
    <p class='ocr_par' dir='ltr' id='par_1_75' title="bbox 1955 3528 3534 3600">
     <span class='ocr_line' id='line_1_75' title="bbox 1955 3528 3534 3600; baseline 0.001 -18"><span class='ocrx_word' id='word_1_551' title='bbox 1955 3528 2224 3595; x_wconf 91' lang='lat' dir='ltr'><strong>omnibus,</strong></span> <span class='ocrx_word' id='word_1_552' title='bbox 2254 3530 2343 3600; x_wconf 90' lang='lat' dir='ltr'><strong>qui</strong></span> <span class='ocrx_word' id='word_1_553' title='bbox 2380 3529 2435 3584; x_wconf 89' lang='lat' dir='ltr'><strong>in</strong></span> <span class='ocrx_word' id='word_1_554' title='bbox 2462 3545 2684 3600; x_wconf 86' lang='lat' dir='ltr'><strong>regnum</strong></span> <span class='ocrx_word' id='word_1_555' title='bbox 2715 3530 2969 3585; x_wconf 75' lang='lat' dir='ltr'><strong>caelorum</strong></span> <span class='ocrx_word' id='word_1_556' title='bbox 3000 3530 3423 3595; x_wconf 88' lang='lat' dir='ltr'><strong>introducuntur,</strong></span> <span class='ocrx_word' id='word_1_557' title='bbox 3454 3531 3534 3583; x_wconf 79' lang='lat' dir='ltr'><strong>vi~</strong></span> 
     </span>
    </p>
   </div>
   <div class='ocr_carea' id='block_1_76' title="bbox 1955 3621 3530 3692">
    <p class='ocr_par' dir='ltr' id='par_1_76' title="bbox 1955 3621 3530 3692">
     <span class='ocr_line' id='line_1_76' title="bbox 1955 3621 3530 3692; baseline 0.003 -17"><span class='ocrx_word' id='word_1_558' title='bbox 1955 3630 2085 3682; x_wconf 87' lang='lat' dir='ltr'><strong>tam,</strong></span> <span class='ocrx_word' id='word_1_559' title='bbox 2102 3636 2259 3690; x_wconf 91' lang='lat' dir='ltr'><strong>quam</strong></span> <span class='ocrx_word' id='word_1_560' title='bbox 2284 3628 2447 3691; x_wconf 88' lang='lat' dir='ltr'><strong>agunt</strong></span> <span class='ocrx_word' id='word_1_561' title='bbox 2469 3622 2732 3692; x_wconf 76' lang='lat' dir='ltr'><strong>apgeli,et</strong></span> <span class='ocrx_word' id='word_1_562' title='bbox 2752 3621 3138 3676; x_wconf 86' lang='lat' dir='ltr'><strong>intellectuales</strong></span> <span class='ocrx_word' id='word_1_563' title='bbox 3160 3621 3262 3675; x_wconf 82' lang='lat' dir='ltr'><strong>illae</strong></span> <span class='ocrx_word' id='word_1_564' title='bbox 3278 3621 3530 3679; x_wconf 85' lang='lat' dir='ltr'><strong>Virtutes.</strong></span> 
     </span>
    </p>
   </div>
   <div class='ocr_carea' id='block_1_77' title="bbox 1953 3710 3532 3781">
    <p class='ocr_par' dir='ltr' id='par_1_77' title="bbox 1953 3710 3532 3781">
     <span class='ocr_line' id='line_1_77' title="bbox 1953 3710 3532 3781; baseline 0 -18"><span class='ocrx_word' id='word_1_565' title='bbox 1953 3711 2120 3781; x_wconf 83' lang='lat' dir='ltr'><strong>gratia</strong></span> <span class='ocrx_word' id='word_1_566' title='bbox 2147 3719 2201 3764; x_wconf 92' lang='lat' dir='ltr'><strong>et</strong></span> <span class='ocrx_word' id='word_1_567' title='bbox 2227 3710 2551 3780; x_wconf 82' lang='lat' dir='ltr'><strong>benignitate</strong></span> <span class='ocrx_word' id='word_1_568' title='bbox 2577 3711 2786 3766; x_wconf 91' lang='lat' dir='ltr'><strong>Domini</strong></span> <span class='ocrx_word' id='word_1_569' title='bbox 2812 3711 2979 3765; x_wconf 91' lang='lat' dir='ltr'><strong>nostri</strong></span> <span class='ocrx_word' id='word_1_570' title='bbox 3008 3710 3132 3767; x_wconf 85' lang='lat' dir='ltr'><strong>Jesu</strong></span> <span class='ocrx_word' id='word_1_571' title='bbox 3168 3710 3384 3775; x_wconf 89' lang='lat' dir='ltr'><strong>Christi,</strong></span> <span class='ocrx_word' id='word_1_572' title='bbox 3414 3725 3532 3764; x_wconf 92' lang='lat' dir='ltr'><strong>cum</strong></span> 
     </span>
    </p>
   </div>
   <div class='ocr_carea' id='block_1_78' title="bbox 1953 3804 3537 3874">
    <p class='ocr_par' dir='ltr' id='par_1_78' title="bbox 1953 3804 3537 3874">
     <span class='ocr_line' id='line_1_78' title="bbox 1953 3804 3537 3874; baseline 0 -17"><span class='ocrx_word' id='word_1_573' title='bbox 1953 3819 2058 3873; x_wconf 91' lang='lat' dir='ltr'><strong>quo</strong></span> <span class='ocrx_word' id='word_1_574' title='bbox 2099 3804 2241 3858; x_wconf 82' lang='lat' dir='ltr'><strong>Patri</strong></span> <span class='ocrx_word' id='word_1_575' title='bbox 2284 3819 2388 3859; x_wconf 91' lang='lat' dir='ltr'><strong>una</strong></span> <span class='ocrx_word' id='word_1_576' title='bbox 2431 3820 2554 3859; x_wconf 91' lang='lat' dir='ltr'><strong>cum</strong></span> <span class='ocrx_word' id='word_1_577' title='bbox 2592 3804 2793 3874; x_wconf 92' lang='lat' dir='ltr'><strong>Spiritu</strong></span> <span class='ocrx_word' id='word_1_578' title='bbox 2830 3813 3016 3860; x_wconf 87' lang='lat' dir='ltr'><strong>sancto</strong></span> <span class='ocrx_word' id='word_1_579' title='bbox 3052 3804 3248 3874; x_wconf 89' lang='lat' dir='ltr'><strong>gloria,</strong></span> <span class='ocrx_word' id='word_1_580' title='bbox 3279 3806 3449 3858; x_wconf 89' lang='lat' dir='ltr'><strong>honor</strong></span> <span class='ocrx_word' id='word_1_581' title='bbox 3483 3814 3537 3857; x_wconf 86' lang='lat' dir='ltr'><strong>et</strong></span> 
     </span>
    </p>
   </div>
   <div class='ocr_carea' id='block_1_79' title="bbox 1956 3893 3121 3962">
    <p class='ocr_par' dir='ltr' id='par_1_79' title="bbox 1956 3893 3121 3962">
     <span class='ocr_line' id='line_1_79' title="bbox 1956 3893 3121 3962; baseline -0.002 -15"><span class='ocrx_word' id='word_1_582' title='bbox 1956 3893 2235 3962; x_wconf 86' lang='lat' dir='ltr'><strong>imperium</strong></span> <span class='ocrx_word' id='word_1_583' title='bbox 2261 3894 2313 3947; x_wconf 92' lang='lat' dir='ltr'><strong>in</strong></span> <span class='ocrx_word' id='word_1_584' title='bbox 2338 3894 2531 3949; x_wconf 59' lang='lat' dir='ltr'><strong>sarcula</strong></span> <span class='ocrx_word' id='word_1_585' title='bbox 2561 3895 2898 3950; x_wconf 71' lang='lat' dir='ltr'><strong>saaculorum.</strong></span> <span class='ocrx_word' id='word_1_586' title='bbox 2930 3894 3121 3948; x_wconf 82' lang='lat' dir='ltr'><strong>Amen.</strong></span> 
     </span>
    </p>
   </div>
   <div class='ocr_carea' id='block_1_80' title="bbox 596 4097 3214 4183">
    <p class='ocr_par' dir='ltr' id='par_1_80' title="bbox 596 4097 3214 4183">
     <span class='ocr_line' id='line_1_80' title="bbox 596 4097 3214 4183; baseline -0.003 -14"><span class='ocrx_word' id='word_1_587' title='bbox 596 4106 811 4183; x_wconf 87' lang='lat' dir='ltr'><strong>QUOD</strong></span> <span class='ocrx_word' id='word_1_588' title='bbox 853 4102 1322 4168; x_wconf 76' lang='lat' dir='ltr'><strong>REGULARES</strong></span> <span class='ocrx_word' id='word_1_589' title='bbox 1363 4100 1692 4161; x_wconf 63' lang='lat' dir='ltr'><strong>FEMINJE</strong></span> <span class='ocrx_word' id='word_1_590' title='bbox 1736 4101 1949 4162; x_wconf 85' lang='lat' dir='ltr'><strong>VlRlS</strong></span> <span class='ocrx_word' id='word_1_591' title='bbox 1992 4101 2507 4164; x_wconf 81' lang='lat' dir='ltr'><strong>COHABITARE</strong></span> <span class='ocrx_word' id='word_1_592' title='bbox 2548 4103 2713 4165; x_wconf 90' lang='lat' dir='ltr'><strong>NON</strong></span> <span class='ocrx_word' id='word_1_593' title='bbox 2752 4103 3124 4164; x_wconf 85' lang='lat' dir='ltr'><strong>DEBEANT</strong></span> <span class='ocrx_word' id='word_1_594' title='bbox 3172 4097 3214 4160; x_wconf 85' lang='grc'><strong>¹.</strong></span> 
     </span>
    </p>
   </div>
   <div class='ocr_carea' id='block_1_81' title="bbox 340 4271 1849 4341">
    <p class='ocr_par' dir='ltr' id='par_1_81' title="bbox 340 4271 1849 4341">
     <span class='ocr_line' id='line_1_81' title="bbox 340 4271 1849 4341; baseline -0.012 -3"><span class='ocrx_word' id='word_1_595' title='bbox 340 4285 391 4338; x_wconf 79' lang='grc' dir='ltr'><strong>Ι.</strong></span> <span class='ocrx_word' id='word_1_596' title='bbox 421 4281 536 4336; x_wconf 83' lang='lat' dir='ltr'><strong>Heu</strong></span> <span class='ocrx_word' id='word_1_597' title='bbox 567 4294 683 4341; x_wconf 89' lang='lat' dir='ltr'><strong>me,</strong></span> <span class='ocrx_word' id='word_1_598' title='bbox 715 4290 749 4330; x_wconf 90' lang='grc' dir='ltr'><strong>ο</strong></span> <span class='ocrx_word' id='word_1_599' title='bbox 785 4274 993 4328; x_wconf 89' lang='lat' dir='ltr'><strong>anima!</strong></span> <span class='ocrx_word' id='word_1_600' title='bbox 1030 4273 1108 4327; x_wconf 88' lang='lat' dir='ltr'><strong>sic</strong></span> <span class='ocrx_word' id='word_1_601' title='bbox 1148 4271 1290 4326; x_wconf 90' lang='lat' dir='ltr'><strong>enim</strong></span> <span class='ocrx_word' id='word_1_602' title='bbox 1326 4284 1426 4340; x_wconf 89' lang='lat' dir='ltr'><strong>ego</strong></span> <span class='ocrx_word' id='word_1_603' title='bbox 1461 4282 1670 4338; x_wconf 92' lang='lat' dir='ltr'><strong>quoque</strong></span> <span class='ocrx_word' id='word_1_604' title='bbox 1708 4282 1849 4322; x_wconf 90' lang='lat' dir='ltr'><strong>nunc</strong></span> 
     </span>
    </p>
   </div>
   <div class='ocr_carea' id='block_1_82' title="bbox 267 4362 1848 4444">
    <p class='ocr_par' dir='ltr' id='par_1_82' title="bbox 267 4362 1848 4444">
     <span class='ocr_line' id='line_1_82' title="bbox 267 4362 1848 4444; baseline -0.01 -13"><span class='ocrx_word' id='word_1_605' title='bbox 267 4393 387 4431; x_wconf 91' lang='lat' dir='ltr'><strong>cum</strong></span> <span class='ocrx_word' id='word_1_606' title='bbox 414 4372 672 4444; x_wconf 86' lang='lat' dir='ltr'><strong>propheta</strong></span> <span class='ocrx_word' id='word_1_607' title='bbox 699 4368 1007 4437; x_wconf 86' lang='lat' dir='ltr'><strong>tempestive</strong></span> <span class='ocrx_word' id='word_1_608' title='bbox 1031 4365 1173 4430; x_wconf 90' lang='lat' dir='ltr'><strong>dico,</strong></span> <span class='ocrx_word' id='word_1_609' title='bbox 1204 4372 1259 4420; x_wconf 90' lang='lat' dir='ltr'><strong>et</strong></span> <span class='ocrx_word' id='word_1_610' title='bbox 1283 4362 1451 4417; x_wconf 90' lang='lat' dir='ltr'><strong>semel</strong></span> <span class='ocrx_word' id='word_1_611' title='bbox 1476 4371 1531 4416; x_wconf 91' lang='lat' dir='ltr'><strong>et</strong></span> <span class='ocrx_word' id='word_1_612' title='bbox 1568 4362 1761 4416; x_wconf 90' lang='lat' dir='ltr'><strong>iterum</strong></span> <span class='ocrx_word' id='word_1_613' title='bbox 1784 4376 1848 4416; x_wconf 90' lang='lat' dir='ltr'><strong>ac</strong></span> 
     </span>
    </p>
   </div>
   <div class='ocr_carea' id='block_1_83' title="bbox 269 4452 1845 4538">
    <p class='ocr_par' dir='ltr' id='par_1_83' title="bbox 269 4452 1845 4538">
     <span class='ocr_line' id='line_1_83' title="bbox 269 4452 1845 4538; baseline -0.011 -16"><span class='ocrx_word' id='word_1_614' title='bbox 269 4467 483 4538; x_wconf 79' lang='lat' dir='ltr'><strong>saepius,</strong></span> <span class='ocrx_word' id='word_1_615' title='bbox 516 4463 627 4518; x_wconf 87' lang='lat' dir='ltr'><strong>Heu</strong></span> <span class='ocrx_word' id='word_1_616' title='bbox 654 4476 761 4524; x_wconf 92' lang='lat' dir='ltr'><strong>me,</strong></span> <span class='ocrx_word' id='word_1_617' title='bbox 790 4474 823 4512; x_wconf 94' lang='lat' dir='ltr'><strong>o</strong></span> <span class='ocrx_word' id='word_1_618' title='bbox 848 4458 1047 4524; x_wconf 90' lang='lat' dir='ltr'><strong>anima,</strong></span> <span class='ocrx_word' id='word_1_619' title='bbox 1074 4455 1231 4525; x_wconf 91' lang='lat' dir='ltr'><strong>quale</strong></span> <span class='ocrx_word' id='word_1_620' title='bbox 1258 4452 1550 4523; x_wconf 88' lang='lat' dir='ltr'><strong>negotium,</strong></span> <span class='ocrx_word' id='word_1_621' title='bbox 1574 4461 1627 4506; x_wconf 92' lang='lat' dir='ltr'><strong>et</strong></span> <span class='ocrx_word' id='word_1_622' title='bbox 1651 4462 1845 4520; x_wconf 90' lang='lat' dir='ltr'><strong>quanta</strong></span> 
     </span>
    </p>
   </div>
   <div class='ocr_carea' id='block_1_84' title="bbox 269 4541 1842 4626">
    <p class='ocr_par' dir='ltr' id='par_1_84' title="bbox 269 4541 1842 4626">
     <span class='ocr_line' id='line_1_84' title="bbox 269 4541 1842 4626; baseline -0.011 -15"><span class='ocrx_word' id='word_1_623' title='bbox 269 4559 509 4626; x_wconf 87' lang='lat' dir='ltr'><strong>indigens</strong></span> <span class='ocrx_word' id='word_1_624' title='bbox 552 4548 913 4623; x_wconf 77' lang='lat' dir='ltr'><strong>pltilOSOphia!</strong></span> <span class='ocrx_word' id='word_1_625' title='bbox 955 4546 1245 4617; x_wconf 81' lang='lat' dir='ltr'><strong>Virginitas</strong></span> <span class='ocrx_word' id='word_1_626' title='bbox 1283 4543 1475 4613; x_wconf 88' lang='lat' dir='ltr'><strong>injuria</strong></span> <span class='ocrx_word' id='word_1_627' title='bbox 1511 4551 1594 4595; x_wconf 89' lang='lat' dir='ltr'><strong>est</strong></span> <span class='ocrx_word' id='word_1_628' title='bbox 1620 4541 1842 4605; x_wconf 80' lang='lat' dir='ltr'><strong>affecta;</strong></span> 
     </span>
    </p>
   </div>
   <div class='ocr_carea' id='block_1_85' title="bbox 268 4633 1843 4715">
    <p class='ocr_par' dir='ltr' id='par_1_85' title="bbox 268 4633 1843 4715">
     <span class='ocr_line' id='line_1_85' title="bbox 268 4633 1843 4715; baseline -0.01 -15"><span class='ocrx_word' id='word_1_629' title='bbox 268 4649 442 4702; x_wconf 83' lang='lat' dir='ltr'><strong>velum</strong></span> <span class='ocrx_word' id='word_1_630' title='bbox 475 4643 617 4715; x_wconf 86' lang='lat' dir='ltr'><strong>quod</strong></span> <span class='ocrx_word' id='word_1_631' title='bbox 654 4657 770 4697; x_wconf 89' lang='lat' dir='ltr'><strong>eam</strong></span> <span class='ocrx_word' id='word_1_632' title='bbox 804 4655 834 4694; x_wconf 92' lang='lat' dir='ltr'><strong>a</strong></span> <span class='ocrx_word' id='word_1_633' title='bbox 874 4638 1069 4707; x_wconf 90' lang='lat' dir='ltr'><strong>nuptiis</strong></span> <span class='ocrx_word' id='word_1_634' title='bbox 1096 4637 1410 4705; x_wconf 88' lang='lat' dir='ltr'><strong>separabat,</strong></span> <span class='ocrx_word' id='word_1_635' title='bbox 1437 4633 1700 4689; x_wconf 91' lang='lat' dir='ltr'><strong>sublatum</strong></span> <span class='ocrx_word' id='word_1_636' title='bbox 1728 4643 1843 4699; x_wconf 88' lang='lat' dir='ltr'><strong>est,</strong></span> 
     </span>
    </p>
   </div>
   <div class='ocr_carea' id='block_1_86' title="bbox 265 4728 1845 4807">
    <p class='ocr_par' dir='ltr' id='par_1_86' title="bbox 265 4728 1845 4807">
     <span class='ocr_line' id='line_1_86' title="bbox 265 4728 1845 4807; baseline -0.011 -10"><span class='ocrx_word' id='word_1_637' title='bbox 265 4752 320 4798; x_wconf 91' lang='lat' dir='ltr'><strong>et</strong></span> <span class='ocrx_word' id='word_1_638' title='bbox 352 4741 418 4795; x_wconf 91' lang='lat' dir='ltr'><strong>ab</strong></span> <span class='ocrx_word' id='word_1_639' title='bbox 460 4733 931 4807; x_wconf 89' lang='lat' dir='ltr'><strong>impudentissimis</strong></span> <span class='ocrx_word' id='word_1_640' title='bbox 964 4730 1211 4786; x_wconf 87' lang='lat' dir='ltr'><strong>manibus</strong></span> <span class='ocrx_word' id='word_1_641' title='bbox 1246 4728 1591 4783; x_wconf 89' lang='lat' dir='ltr'><strong>dilaceratum</strong></span> <span class='ocrx_word' id='word_1_642' title='bbox 1620 4742 1633 4780; x_wconf 91' lang='lat'><strong>:</strong></span> <span class='ocrx_word' id='word_1_643' title='bbox 1662 4734 1845 4780; x_wconf 88' lang='lat' dir='ltr'><strong>sancta</strong></span> 
     </span>
    </p>
   </div>
   <div class='ocr_carea' id='block_1_87' title="bbox 266 4816 1847 4888">
    <p class='ocr_par' dir='ltr' id='par_1_87' title="bbox 266 4816 1847 4888">
     <span class='ocr_line' id='line_1_87' title="bbox 266 4816 1847 4888; baseline -0.011 0"><span class='ocrx_word' id='word_1_644' title='bbox 266 4842 571 4888; x_wconf 82' lang='lat' dir='ltr'><strong>sanctorum</strong></span> <span class='ocrx_word' id='word_1_645' title='bbox 616 4826 922 4884; x_wconf 87' lang='lat' dir='ltr'><strong>conculcata</strong></span> <span class='ocrx_word' id='word_1_646' title='bbox 969 4831 1131 4888; x_wconf 89' lang='lat' dir='ltr'><strong>sunt,</strong></span> <span class='ocrx_word' id='word_1_647' title='bbox 1176 4820 1398 4874; x_wconf 87' lang='lat' dir='ltr'><strong>honesta</strong></span> <span class='ocrx_word' id='word_1_648' title='bbox 1438 4827 1492 4873; x_wconf 91' lang='lat' dir='ltr'><strong>et</strong></span> <span class='ocrx_word' id='word_1_649' title='bbox 1534 4816 1847 4873; x_wconf 75' lang='lat' dir='ltr'><strong>reverentia:</strong></span> 
     </span>
    </p>
   </div>
   <div class='ocr_carea' id='block_1_88' title="bbox 268 4906 1848 4996">
    <p class='ocr_par' dir='ltr' id='par_1_88' title="bbox 268 4906 1848 4996">
     <span class='ocr_line' id='line_1_88' title="bbox 268 4906 1848 4996; baseline -0.01 -19"><span class='ocrx_word' id='word_1_650' title='bbox 268 4929 422 4996; x_wconf 86' lang='lat' dir='ltr'><strong>plena</strong></span> <span class='ocrx_word' id='word_1_651' title='bbox 469 4921 745 4993; x_wconf 90' lang='lat' dir='ltr'><strong>profanata</strong></span> <span class='ocrx_word' id='word_1_652' title='bbox 782 4926 837 4971; x_wconf 92' lang='lat' dir='ltr'><strong>et</strong></span> <span class='ocrx_word' id='word_1_653' title='bbox 876 4914 1123 4970; x_wconf 90' lang='lat' dir='ltr'><strong>omnibus</strong></span> <span class='ocrx_word' id='word_1_654' title='bbox 1158 4913 1359 4982; x_wconf 83' lang='lat' dir='ltr'><strong>pervia.</strong></span> <span class='ocrx_word' id='word_1_655' title='bbox 1399 4911 1529 4977; x_wconf 56' lang='lat' dir='ltr'><strong>Qua).</strong></span> <span class='ocrx_word' id='word_1_656' title='bbox 1572 4906 1848 4963; x_wconf 88' lang='lat' dir='ltr'><strong>honestior</strong></span> 
     </span>
    </p>
   </div>
   <div class='ocr_carea' id='block_1_89' title="bbox 266 5002 1847 5084">
    <p class='ocr_par' dir='ltr' id='par_1_89' title="bbox 266 5002 1847 5084">
     <span class='ocr_line' id='line_1_89' title="bbox 266 5002 1847 5084; baseline -0.012 -14"><span class='ocrx_word' id='word_1_657' title='bbox 266 5016 446 5084; x_wconf 90' lang='lat' dir='ltr'><strong>nuptis</strong></span> <span class='ocrx_word' id='word_1_658' title='bbox 475 5021 609 5077; x_wconf 90' lang='lat' dir='ltr'><strong>erat,</strong></span> <span class='ocrx_word' id='word_1_659' title='bbox 638 5010 773 5064; x_wconf 89' lang='lat' dir='ltr'><strong>adeo</strong></span> <span class='ocrx_word' id='word_1_660' title='bbox 793 5008 1044 5075; x_wconf 89' lang='lat' dir='ltr'><strong>depressa</strong></span> <span class='ocrx_word' id='word_1_661' title='bbox 1072 5012 1154 5058; x_wconf 91' lang='lat' dir='ltr'><strong>est</strong></span> <span class='ocrx_word' id='word_1_662' title='bbox 1177 5012 1232 5057; x_wconf 93' lang='lat' dir='ltr'><strong>et</strong></span> <span class='ocrx_word' id='word_1_663' title='bbox 1256 5002 1551 5067; x_wconf 86' lang='lat' dir='ltr'><strong>humiliata,</strong></span> <span class='ocrx_word' id='word_1_664' title='bbox 1576 5008 1632 5053; x_wconf 91' lang='lat' dir='ltr'><strong>ut</strong></span> <span class='ocrx_word' id='word_1_665' title='bbox 1656 5007 1847 5070; x_wconf 84' lang='lat' dir='ltr'><strong>nuptas</strong></span> 
     </span>
    </p>
   </div>
   <div class='ocr_carea' id='block_1_90' title="bbox 267 5091 1846 5177">
    <p class='ocr_par' dir='ltr' id='par_1_90' title="bbox 267 5091 1846 5177">
     <span class='ocr_line' id='line_1_90' title="bbox 267 5091 1846 5177; baseline -0.009 -16"><span class='ocrx_word' id='word_1_666' title='bbox 267 5107 434 5177; x_wconf 89' lang='lat' dir='ltr'><strong>magis</strong></span> <span class='ocrx_word' id='word_1_667' title='bbox 456 5103 634 5158; x_wconf 90' lang='lat' dir='ltr'><strong>dicere</strong></span> <span class='ocrx_word' id='word_1_668' title='bbox 660 5101 844 5155; x_wconf 88' lang='lat' dir='ltr'><strong>beatas</strong></span> <span class='ocrx_word' id='word_1_669' title='bbox 870 5099 1045 5153; x_wconf 89' lang='lat' dir='ltr'><strong>liceat.</strong></span> <span class='ocrx_word' id='word_1_670' title='bbox 1072 5097 1295 5164; x_wconf 87' lang='lat' dir='ltr'><strong>Semper</strong></span> <span class='ocrx_word' id='word_1_671' title='bbox 1324 5091 1537 5163; x_wconf 84' lang='lat' dir='ltr'><strong>quidem</strong></span> <span class='ocrx_word' id='word_1_672' title='bbox 1571 5091 1846 5160; x_wconf 89' lang='lat' dir='ltr'><strong>virginitas</strong></span> 
     </span>
    </p>
   </div>
   <div class='ocr_carea' id='block_1_91' title="bbox 265 5182 1845 5263">
    <p class='ocr_par' dir='ltr' id='par_1_91' title="bbox 265 5182 1845 5263">
     <span class='ocr_line' id='line_1_91' title="bbox 265 5182 1845 5263; baseline -0.011 -12"><span class='ocrx_word' id='word_1_673' title='bbox 265 5214 385 5251; x_wconf 83' lang='lat' dir='ltr'><strong>cum</strong></span> <span class='ocrx_word' id='word_1_674' title='bbox 412 5194 659 5263; x_wconf 89' lang='lat' dir='ltr'><strong>conjugio</strong></span> <span class='ocrx_word' id='word_1_675' title='bbox 685 5198 989 5259; x_wconf 90' lang='lat' dir='ltr'><strong>comparata</strong></span> <span class='ocrx_word' id='word_1_676' title='bbox 1021 5188 1217 5257; x_wconf 85' lang='lat' dir='ltr'><strong>primas</strong></span> <span class='ocrx_word' id='word_1_677' title='bbox 1245 5194 1424 5254; x_wconf 88' lang='lat' dir='ltr'><strong>partes</strong></span> <span class='ocrx_word' id='word_1_678' title='bbox 1451 5182 1619 5237; x_wconf 89' lang='lat' dir='ltr'><strong>tenuit</strong></span> <span class='ocrx_word' id='word_1_679' title='bbox 1647 5192 1701 5235; x_wconf 91' lang='lat' dir='ltr'><strong>et</strong></span> <span class='ocrx_word' id='word_1_680' title='bbox 1725 5196 1845 5235; x_wconf 91' lang='lat' dir='ltr'><strong>om-</strong></span> 
     </span>
    </p>
   </div>
   <div class='ocr_carea' id='block_1_92' title="bbox 266 5275 1846 5357">
    <p class='ocr_par' dir='ltr' id='par_1_92' title="bbox 266 5275 1846 5357">
     <span class='ocr_line' id='line_1_92' title="bbox 266 5275 1846 5357; baseline -0.011 -12"><span class='ocrx_word' id='word_1_681' title='bbox 266 5304 388 5346; x_wconf 89' lang='lat' dir='ltr'><strong>nem</strong></span> <span class='ocrx_word' id='word_1_682' title='bbox 423 5288 733 5357; x_wconf 86' lang='lat' dir='ltr'><strong>dignttatem</strong></span> <span class='ocrx_word' id='word_1_683' title='bbox 764 5301 777 5337; x_wconf 89' lang='lat'>:</span> <span class='ocrx_word' id='word_1_684' title='bbox 808 5297 947 5335; x_wconf 92' lang='lat' dir='ltr'><strong>nunc</strong></span> <span class='ocrx_word' id='word_1_685' title='bbox 984 5290 1162 5335; x_wconf 90' lang='lat' dir='ltr'><strong>autem</strong></span> <span class='ocrx_word' id='word_1_686' title='bbox 1202 5293 1370 5348; x_wconf 90' lang='lat' dir='ltr'><strong>neque</strong></span> <span class='ocrx_word' id='word_1_687' title='bbox 1406 5278 1459 5330; x_wconf 92' lang='lat' dir='ltr'><strong>in</strong></span> <span class='ocrx_word' id='word_1_688' title='bbox 1498 5275 1733 5330; x_wconf 89' lang='lat' dir='ltr'><strong>secundo</strong></span> <span class='ocrx_word' id='word_1_689' title='bbox 1758 5290 1846 5329; x_wconf 88' lang='lat' dir='ltr'><strong>or-</strong></span> 
     </span>
    </p>
   </div>
   <div class='ocr_carea' id='block_1_93' title="bbox 264 5364 1846 5447">
    <p class='ocr_par' dir='ltr' id='par_1_93' title="bbox 264 5364 1846 5447">
     <span class='ocr_line' id='line_1_93' title="bbox 264 5364 1846 5447; baseline -0.013 -10"><span class='ocrx_word' id='word_1_690' title='bbox 264 5384 390 5436; x_wconf 91' lang='lat' dir='ltr'><strong>dine</strong></span> <span class='ocrx_word' id='word_1_691' title='bbox 416 5392 632 5435; x_wconf 90' lang='lat' dir='ltr'><strong>manere</strong></span> <span class='ocrx_word' id='word_1_692' title='bbox 658 5376 851 5447; x_wconf 88' lang='lat' dir='ltr'><strong>potuit,</strong></span> <span class='ocrx_word' id='word_1_693' title='bbox 876 5372 971 5429; x_wconf 87' lang='lat' dir='ltr'><strong>sed</strong></span> <span class='ocrx_word' id='word_1_694' title='bbox 1000 5370 1155 5426; x_wconf 89' lang='lat' dir='ltr'><strong>valde</strong></span> <span class='ocrx_word' id='word_1_695' title='bbox 1180 5367 1363 5438; x_wconf 92' lang='lat' dir='ltr'><strong>procul</strong></span> <span class='ocrx_word' id='word_1_696' title='bbox 1388 5376 1444 5421; x_wconf 90' lang='lat' dir='ltr'><strong>et</strong></span> <span class='ocrx_word' id='word_1_697' title='bbox 1468 5366 1622 5436; x_wconf 90' lang='lat' dir='ltr'><strong>plane</strong></span> <span class='ocrx_word' id='word_1_698' title='bbox 1646 5370 1699 5419; x_wconf 90' lang='lat' dir='ltr'><strong>in</strong></span> <span class='ocrx_word' id='word_1_699' title='bbox 1724 5364 1846 5418; x_wconf 93' lang='lat' dir='ltr'><strong>ulti-</strong></span> 
     </span>
    </p>
   </div>
   <div class='ocr_carea' id='block_1_94' title="bbox 266 5459 1844 5530">
    <p class='ocr_par' dir='ltr' id='par_1_94' title="bbox 266 5459 1844 5530">
     <span class='ocr_line' id='line_1_94' title="bbox 266 5459 1844 5530; baseline -0.012 -3"><span class='ocrx_word' id='word_1_700' title='bbox 266 5488 414 5529; x_wconf 90' lang='lat' dir='ltr'><strong>mum</strong></span> <span class='ocrx_word' id='word_1_701' title='bbox 453 5469 719 5525; x_wconf 87' lang='lat' dir='ltr'><strong>concessit</strong></span> <span class='ocrx_word' id='word_1_702' title='bbox 748 5465 1019 5528; x_wconf 89' lang='lat' dir='ltr'><strong>ordinem;</strong></span> <span class='ocrx_word' id='word_1_703' title='bbox 1044 5472 1099 5517; x_wconf 89' lang='lat' dir='ltr'><strong>et</strong></span> <span class='ocrx_word' id='word_1_704' title='bbox 1126 5460 1264 5530; x_wconf 88' lang='lat' dir='ltr'><strong>quod</strong></span> <span class='ocrx_word' id='word_1_705' title='bbox 1290 5460 1456 5513; x_wconf 92' lang='lat' dir='ltr'><strong>multo</strong></span> <span class='ocrx_word' id='word_1_706' title='bbox 1480 5459 1710 5527; x_wconf 88' lang='lat' dir='ltr'><strong>gravius,</strong></span> <span class='ocrx_word' id='word_1_707' title='bbox 1738 5472 1844 5510; x_wconf 93' lang='lat' dir='ltr'><strong>non</strong></span> 
     </span>
    </p>
   </div>
   <div class='ocr_carea' id='block_1_95' title="bbox 267 5547 1845 5631">
    <p class='ocr_par' dir='ltr' id='par_1_95' title="bbox 267 5547 1845 5631">
     <span class='ocr_line' id='line_1_95' title="bbox 267 5547 1845 5631; baseline -0.013 -11"><span class='ocrx_word' id='word_1_708' title='bbox 267 5566 474 5631; x_wconf 87' lang='lat' dir='ltr'><strong>hostes,</strong></span> <span class='ocrx_word' id='word_1_709' title='bbox 494 5576 667 5631; x_wconf 90' lang='lat' dir='ltr'><strong>neque</strong></span> <span class='ocrx_word' id='word_1_710' title='bbox 691 5557 912 5624; x_wconf 89' lang='lat' dir='ltr'><strong>inimici,</strong></span> <span class='ocrx_word' id='word_1_711' title='bbox 935 5554 1029 5610; x_wconf 90' lang='lat' dir='ltr'><strong>sed</strong></span> <span class='ocrx_word' id='word_1_712' title='bbox 1054 5555 1182 5624; x_wconf 69' lang='lat' dir='ltr'><strong>ipsa:</strong></span> <span class='ocrx_word' id='word_1_713' title='bbox 1204 5552 1538 5623; x_wconf 88' lang='lat' dir='ltr'><strong>potissimum</strong></span> <span class='ocrx_word' id='word_1_714' title='bbox 1559 5563 1677 5619; x_wconf 62' lang='lat' dir='ltr'><strong>qua:</strong></span> <span class='ocrx_word' id='word_1_715' title='bbox 1700 5547 1845 5601; x_wconf 89' lang='lat' dir='ltr'><strong>illam</strong></span> 
     </span>
    </p>
   </div>
   <div class='ocr_carea' id='block_1_96' title="bbox 334 5676 1848 5756">
    <p class='ocr_par' dir='ltr' id='par_1_96' title="bbox 334 5676 1848 5756">
     <span class='ocr_line' id='line_1_96' title="bbox 334 5676 1848 5756; baseline -0.013 -10"><span class='ocrx_word' id='word_1_716' title='bbox 334 5698 350 5729; x_wconf 75' lang='grc' dir='ltr'>ί</span> <span class='ocrx_word' id='word_1_717' title='bbox 386 5696 571 5745; x_wconf 85' lang='lat' dir='ltr'><strong>Titulus</strong></span> <span class='ocrx_word' id='word_1_718' title='bbox 592 5693 717 5756; x_wconf 88' lang='lat' dir='ltr'><strong>apud</strong></span> <span class='ocrx_word' id='word_1_719' title='bbox 739 5688 916 5756; x_wconf 42' lang='lat' dir='ltr'><strong>savii,</strong></span> <span class='ocrx_word' id='word_1_720' title='bbox 935 5687 1271 5756; x_wconf 63' lang='lat' dir='ltr'><strong>adversuseas</strong></span> <span class='ocrx_word' id='word_1_721' title='bbox 1294 5681 1377 5756; x_wconf 63' lang='lat' dir='ltr'><strong>qui</strong></span> <span class='ocrx_word' id='word_1_722' title='bbox 1407 5680 1531 5756; x_wconf 66' lang='lat' dir='ltr'><strong>circa</strong></span> <span class='ocrx_word' id='word_1_723' title='bbox 1545 5676 1848 5756; x_wconf 45' lang='lat' dir='ltr'><strong>.introductt&#39;:</strong></span> 
     </span>
    </p>
   </div>
   <div class='ocr_carea' id='block_1_97' title="bbox 267 5742 1847 5813">
    <p class='ocr_par' dir='ltr' id='par_1_97' title="bbox 267 5742 1847 5813">
     <span class='ocr_line' id='line_1_97' title="bbox 267 5742 1847 5813; baseline -0.013 -5"><span class='ocrx_word' id='word_1_724' title='bbox 267 5758 354 5807; x_wconf 76' lang='lat' dir='ltr'><strong>tios</strong></span> <span class='ocrx_word' id='word_1_725' title='bbox 377 5742 565 5807; x_wconf 58' lang='lat' dir='ltr'><strong>habent.</strong></span> <span class='ocrx_word' id='word_1_726' title='bbox 587 5742 677 5806; x_wconf 68' lang='lat' dir='ltr'><strong>sed</strong></span> <span class='ocrx_word' id='word_1_727' title='bbox 702 5758 749 5804; x_wconf 89' lang='lat' dir='ltr'><strong>in</strong></span> <span class='ocrx_word' id='word_1_728' title='bbox 773 5742 987 5813; x_wconf 80' lang='lat' dir='ltr'><strong>margine</strong></span> <span class='ocrx_word' id='word_1_729' title='bbox 1014 5749 1153 5797; x_wconf 60' lang='lat' dir='ltr'><strong>sat-il.</strong></span> <span class='ocrx_word' id='word_1_730' title='bbox 1175 5742 1432 5795; x_wconf 24' lang='lat' dir='ltr'><strong>idem‘fere</strong></span> <span class='ocrx_word' id='word_1_731' title='bbox 1453 5742 1618 5813; x_wconf 75' lang='lat' dir='ltr'><strong>titulus</strong></span> <span class='ocrx_word' id='word_1_732' title='bbox 1641 5742 1847 5813; x_wconf 77' lang='lat' dir='ltr'><strong>habetur</strong></span> 
     </span>
    </p>
   </div>
   <div class='ocr_carea' id='block_1_98' title="bbox 269 5804 1847 5882">
    <p class='ocr_par' dir='ltr' id='par_1_98' title="bbox 269 5804 1847 5882">
     <span class='ocr_line' id='line_1_98' title="bbox 269 5804 1847 5882; baseline -0.011 -14"><span class='ocrx_word' id='word_1_733' title='bbox 269 5804 352 5882; x_wconf 66' lang='lat' dir='ltr'><strong>qui</strong></span> <span class='ocrx_word' id='word_1_734' title='bbox 374 5804 711 5868; x_wconf 11' lang='lat' dir='ltr'><strong>inﬁttorelliana</strong></span> <span class='ocrx_word' id='word_1_735' title='bbox 736 5804 967 5882; x_wconf 60' lang='lat' dir='ltr'><strong>mitione,</strong></span> <span class='ocrx_word' id='word_1_736' title='bbox 1002 5822 1245 5882; x_wconf 75' lang='lat' dir='ltr'><strong>quemque</strong></span> <span class='ocrx_word' id='word_1_737' title='bbox 1273 5820 1359 5882; x_wconf 84' lang='lat' dir='ltr'><strong>nos</strong></span> <span class='ocrx_word' id='word_1_738' title='bbox 1376 5806 1683 5882; x_wconf 61' lang='lat' dir='ltr'><strong>retinendum</strong></span> <span class='ocrx_word' id='word_1_739' title='bbox 1702 5804 1847 5852; x_wconf 78' lang='lat' dir='ltr'><strong>duxi-</strong></span> 
     </span>
    </p>
   </div>
   <div class='ocr_carea' id='block_1_99' title="bbox 272 5868 1687 5943">
    <p class='ocr_par' dir='ltr' id='par_1_99' title="bbox 272 5868 1687 5943">
     <span class='ocr_line' id='line_1_99' title="bbox 272 5868 1687 5943; baseline -0.013 -12"><span class='ocrx_word' id='word_1_740' title='bbox 272 5868 393 5931; x_wconf 78' lang='lat' dir='ltr'><strong>tiius.</strong></span> <span class='ocrx_word' id='word_1_741' title='bbox 419 5889 627 5943; x_wconf 87' lang='lat' dir='ltr'><strong>Uterque</strong></span> <span class='ocrx_word' id='word_1_742' title='bbox 650 5892 769 5928; x_wconf 91' lang='lat' dir='ltr'><strong>vero</strong></span> <span class='ocrx_word' id='word_1_743' title='bbox 791 5868 991 5939; x_wconf 73' lang='lat' dir='ltr'><strong>quadrat</strong></span> <span class='ocrx_word' id='word_1_744' title='bbox 1013 5868 1072 5921; x_wconf 76' lang='lat' dir='ltr'><strong>ad</strong></span> <span class='ocrx_word' id='word_1_745' title='bbox 1095 5868 1433 5933; x_wconf 74' lang='lat' dir='ltr'><strong>argumentum</strong></span> <span class='ocrx_word' id='word_1_746' title='bbox 1450 5868 1687 5931; x_wconf 77' lang='lat' dir='ltr'><strong>Opuscub.</strong></span> 
     </span>
    </p>
   </div>
   <div class='ocr_carea' id='block_1_100' title="bbox 582 5957 1313 6023">
    <p class='ocr_par' dir='ltr' id='par_1_100' title="bbox 582 5957 1313 6023">
     <span class='ocr_line' id='line_1_100' title="bbox 582 5957 1313 6023; baseline -0.004 -2"><span class='ocrx_word' id='word_1_747' title='bbox 582 5964 848 6023; x_wconf 73' lang='grc' dir='ltr'><strong>ΡΑτηοι.</strong></span> <span class='ocrx_word' id='word_1_748' title='bbox 898 5962 1012 6021; x_wconf 75' lang='lat' dir='ltr'><strong>Gn.</strong></span> <span class='ocrx_word' id='word_1_749' title='bbox 1061 5957 1313 6021; x_wconf 81' lang='lat' dir='ltr'><strong>XLVII.</strong></span> 
     </span>
    </p>
   </div>
   <div class='ocr_carea' id='block_1_101' title="bbox 1954 4268 3531 4341">
    <p class='ocr_par' dir='ltr' id='par_1_101' title="bbox 1954 4268 3531 4341">
     <span class='ocr_line' id='line_1_101' title="bbox 1954 4268 3531 4341; baseline 0.003 -19"><span class='ocrx_word' id='word_1_750' title='bbox 1954 4269 2131 4323; x_wconf 91' lang='lat' dir='ltr'><strong>colere</strong></span> <span class='ocrx_word' id='word_1_751' title='bbox 2173 4268 2489 4324; x_wconf 84' lang='lat' dir='ltr'><strong>videbantur</strong></span> <span class='ocrx_word' id='word_1_752' title='bbox 2524 4285 2643 4325; x_wconf 89' lang='lat' dir='ltr'><strong>eam</strong></span> <span class='ocrx_word' id='word_1_753' title='bbox 2678 4272 2757 4326; x_wconf 91' lang='lat' dir='ltr'><strong>sie</strong></span> <span class='ocrx_word' id='word_1_754' title='bbox 2797 4271 3087 4328; x_wconf 83' lang='lat' dir='ltr'><strong>aﬂ‘ecerunt</strong></span> <span class='ocrx_word' id='word_1_755' title='bbox 3112 4313 3125 4336; x_wconf 94' lang='lat'><strong>,</strong></span> <span class='ocrx_word' id='word_1_756' title='bbox 3159 4280 3211 4325; x_wconf 91' lang='lat' dir='ltr'><strong>et</strong></span> <span class='ocrx_word' id='word_1_757' title='bbox 3236 4285 3314 4325; x_wconf 79' lang='lat' dir='ltr'><strong>ea:</strong></span> <span class='ocrx_word' id='word_1_758' title='bbox 3340 4271 3531 4341; x_wconf 80' lang='lat' dir='ltr'><strong>quibus</strong></span> 
     </span>
    </p>
   </div>
   <div class='ocr_carea' id='block_1_102' title="bbox 1952 4358 3529 4431">
    <p class='ocr_par' dir='ltr' id='par_1_102' title="bbox 1952 4358 3529 4431">
     <span class='ocr_line' id='line_1_102' title="bbox 1952 4358 3529 4431; baseline 0.002 -19"><span class='ocrx_word' id='word_1_759' title='bbox 1952 4358 2070 4413; x_wconf 90' lang='lat' dir='ltr'><strong>fulti</strong></span> <span class='ocrx_word' id='word_1_760' title='bbox 2097 4358 2351 4414; x_wconf 90' lang='lat' dir='ltr'><strong>adversus</strong></span> <span class='ocrx_word' id='word_1_761' title='bbox 2379 4360 2622 4415; x_wconf 85' lang='lat' dir='ltr'><strong>infideles</strong></span> <span class='ocrx_word' id='word_1_762' title='bbox 2658 4360 2915 4417; x_wconf 88' lang='lat' dir='ltr'><strong>hactenus</strong></span> <span class='ocrx_word' id='word_1_763' title='bbox 2959 4363 3125 4417; x_wconf 89' lang='lat' dir='ltr'><strong>libere</strong></span> <span class='ocrx_word' id='word_1_764' title='bbox 3162 4361 3529 4431; x_wconf 90' lang='lat' dir='ltr'><strong>loquebamur,</strong></span> 
     </span>
    </p>
   </div>
   <div class='ocr_carea' id='block_1_103' title="bbox 1952 4452 3532 4524">
    <p class='ocr_par' dir='ltr' id='par_1_103' title="bbox 1952 4452 3532 4524">
     <span class='ocr_line' id='line_1_103' title="bbox 1952 4452 3532 4524; baseline 0.002 -18"><span class='ocrx_word' id='word_1_765' title='bbox 1952 4452 2057 4507; x_wconf 67' lang='lat' dir='ltr'><strong>illa:</strong></span> <span class='ocrx_word' id='word_1_766' title='bbox 2081 4454 2210 4523; x_wconf 70' lang='lat' dir='ltr'><strong>ipsa:</strong></span> <span class='ocrx_word' id='word_1_767' title='bbox 2234 4470 2327 4508; x_wconf 90' lang='lat' dir='ltr'><strong>ora</strong></span> <span class='ocrx_word' id='word_1_768' title='bbox 2353 4465 2533 4509; x_wconf 91' lang='lat' dir='ltr'><strong>nostra</strong></span> <span class='ocrx_word' id='word_1_769' title='bbox 2561 4454 2791 4511; x_wconf 84' lang='lat' dir='ltr'><strong>maxime</strong></span> <span class='ocrx_word' id='word_1_770' title='bbox 2814 4457 3083 4520; x_wconf 91' lang='lat' dir='ltr'><strong>obturant,</strong></span> <span class='ocrx_word' id='word_1_771' title='bbox 3112 4464 3165 4509; x_wconf 89' lang='lat' dir='ltr'><strong>et</strong></span> <span class='ocrx_word' id='word_1_772' title='bbox 3197 4454 3363 4508; x_wconf 89' lang='lat' dir='ltr'><strong>multa</strong></span> <span class='ocrx_word' id='word_1_773' title='bbox 3384 4454 3532 4524; x_wconf 91' lang='lat' dir='ltr'><strong>igno-</strong></span> 
     </span>
    </p>
   </div>
   <div class='ocr_carea' id='block_1_104' title="bbox 1951 4547 2469 4601">
    <p class='ocr_par' dir='ltr' id='par_1_104' title="bbox 1951 4547 2469 4601">
     <span class='ocr_line' id='line_1_104' title="bbox 1951 4547 2469 4601; baseline 0.002 -1"><span class='ocrx_word' id='word_1_774' title='bbox 1951 4547 2115 4601; x_wconf 90' lang='lat' dir='ltr'><strong>minia</strong></span> <span class='ocrx_word' id='word_1_775' title='bbox 2141 4547 2469 4601; x_wconf 82' lang='lat' dir='ltr'><strong>suﬂ&#39;undunt.</strong></span> 
     </span>
    </p>
   </div>
   <div class='ocr_carea' id='block_1_105' title="bbox 2022 4637 3533 4711">
    <p class='ocr_par' dir='ltr' id='par_1_105' title="bbox 2022 4637 3533 4711">
     <span class='ocr_line' id='line_1_105' title="bbox 2022 4637 3533 4711; baseline -0.003 -15"><span class='ocrx_word' id='word_1_776' title='bbox 2022 4642 2175 4711; x_wconf 83' lang='lat' dir='ltr'><strong>Apud</strong></span> <span class='ocrx_word' id='word_1_777' title='bbox 2197 4639 2398 4694; x_wconf 75' lang='lat' dir='ltr'><strong>Gra&#39;cos</strong></span> <span class='ocrx_word' id='word_1_778' title='bbox 2419 4657 2509 4695; x_wconf 77' lang='lat' dir='ltr'><strong>seu</strong></span> <span class='ocrx_word' id='word_1_779' title='bbox 2532 4640 2737 4710; x_wconf 79' lang='lat' dir='ltr'><strong>gentiles</strong></span> <span class='ocrx_word' id='word_1_780' title='bbox 2756 4639 2971 4709; x_wconf 80' lang='lat' dir='ltr'><strong>virgines</strong></span> <span class='ocrx_word' id='word_1_781' title='bbox 2989 4655 3088 4691; x_wconf 84' lang='lat' dir='ltr'><strong>non</strong></span> <span class='ocrx_word' id='word_1_782' title='bbox 3113 4647 3276 4693; x_wconf 80' lang='lat' dir='ltr'><strong>erant.</strong></span> <span class='ocrx_word' id='word_1_783' title='bbox 3298 4668 3369 4678; x_wconf 91' lang='lat'><strong>—</strong></span> <span class='ocrx_word' id='word_1_784' title='bbox 3391 4637 3533 4692; x_wconf 88' lang='lat' dir='ltr'><strong>Inter</strong></span> 
     </span>
    </p>
   </div>
   <div class='ocr_carea' id='block_1_106' title="bbox 1952 4726 3529 4802">
    <p class='ocr_par' dir='ltr' id='par_1_106' title="bbox 1952 4726 3529 4802">
     <span class='ocr_line' id='line_1_106' title="bbox 1952 4726 3529 4802; baseline -0.007 -11"><span class='ocrx_word' id='word_1_785' title='bbox 1952 4734 2167 4791; x_wconf 69' lang='lat' dir='ltr'><strong>Crtecos</strong></span> <span class='ocrx_word' id='word_1_786' title='bbox 2197 4733 2215 4765; x_wconf 76' lang='grc' dir='ltr'>ί</span> <span class='ocrx_word' id='word_1_787' title='bbox 2254 4748 2384 4787; x_wconf 89' lang='lat' dir='ltr'><strong>sane</strong></span> <span class='ocrx_word' id='word_1_788' title='bbox 2438 4732 2655 4802; x_wconf 89' lang='lat' dir='ltr'><strong>quidam</strong></span> <span class='ocrx_word' id='word_1_789' title='bbox 2688 4731 2811 4785; x_wconf 86' lang='lat' dir='ltr'><strong>licet</strong></span> <span class='ocrx_word' id='word_1_790' title='bbox 2867 4733 3018 4799; x_wconf 85' lang='lat' dir='ltr'><strong>pauci</strong></span> <span class='ocrx_word' id='word_1_791' title='bbox 3056 4729 3129 4783; x_wconf 88' lang='lat' dir='ltr'><strong>ita</strong></span> <span class='ocrx_word' id='word_1_792' title='bbox 3170 4726 3529 4798; x_wconf 69' lang='lat' dir='ltr'><strong>philomphati</strong></span> 
     </span>
    </p>
   </div>
   <div class='ocr_carea' id='block_1_107' title="bbox 1951 4819 3531 4895">
    <p class='ocr_par' dir='ltr' id='par_1_107' title="bbox 1951 4819 3531 4895">
     <span class='ocr_line' id='line_1_107' title="bbox 1951 4819 3531 4895; baseline -0.007 -13"><span class='ocrx_word' id='word_1_793' title='bbox 1951 4826 2181 4889; x_wconf 88' lang='lat' dir='ltr'><strong>fuerunt,</strong></span> <span class='ocrx_word' id='word_1_794' title='bbox 2208 4834 2265 4879; x_wconf 91' lang='lat' dir='ltr'><strong>ut</strong></span> <span class='ocrx_word' id='word_1_795' title='bbox 2289 4838 2448 4895; x_wconf 91' lang='lat' dir='ltr'><strong>opum</strong></span> <span class='ocrx_word' id='word_1_796' title='bbox 2477 4832 2658 4878; x_wconf 91' lang='lat' dir='ltr'><strong>essent</strong></span> <span class='ocrx_word' id='word_1_797' title='bbox 2677 4831 3088 4890; x_wconf 89' lang='lat' dir='ltr'><strong>contemptores,</strong></span> <span class='ocrx_word' id='word_1_798' title='bbox 3113 4829 3167 4875; x_wconf 90' lang='lat' dir='ltr'><strong>et</strong></span> <span class='ocrx_word' id='word_1_799' title='bbox 3188 4822 3319 4873; x_wconf 87' lang='lat' dir='ltr'><strong>iram</strong></span> <span class='ocrx_word' id='word_1_800' title='bbox 3344 4819 3531 4873; x_wconf 83' lang='lat' dir='ltr'><strong>vince-</strong></span> 
     </span>
    </p>
   </div>
   <div class='ocr_carea' id='block_1_108' title="bbox 1950 4908 3527 4987">
    <p class='ocr_par' dir='ltr' id='par_1_108' title="bbox 1950 4908 3527 4987">
     <span class='ocr_line' id='line_1_108' title="bbox 1950 4908 3527 4987; baseline -0.008 -13"><span class='ocrx_word' id='word_1_801' title='bbox 1950 4927 2100 4983; x_wconf 79' lang='lat' dir='ltr'><strong>rent;</strong></span> <span class='ocrx_word' id='word_1_802' title='bbox 2126 4916 2439 4987; x_wconf 89' lang='lat' dir='ltr'><strong>virginitatis</strong></span> <span class='ocrx_word' id='word_1_803' title='bbox 2465 4924 2611 4969; x_wconf 90' lang='lat' dir='ltr'><strong>certe</strong></span> <span class='ocrx_word' id='word_1_804' title='bbox 2632 4914 2732 4969; x_wconf 84' lang='lat' dir='ltr'><strong>ﬂos</strong></span> <span class='ocrx_word' id='word_1_805' title='bbox 2752 4913 2905 4967; x_wconf 90' lang='lat' dir='ltr'><strong>nullo</strong></span> <span class='ocrx_word' id='word_1_806' title='bbox 2930 4912 3090 4965; x_wconf 89' lang='lat' dir='ltr'><strong>modo</strong></span> <span class='ocrx_word' id='word_1_807' title='bbox 3109 4910 3251 4980; x_wconf 89' lang='lat' dir='ltr'><strong>apud</strong></span> <span class='ocrx_word' id='word_1_808' title='bbox 3273 4910 3391 4964; x_wconf 91' lang='lat' dir='ltr'><strong>illos</strong></span> <span class='ocrx_word' id='word_1_809' title='bbox 3414 4908 3527 4974; x_wconf 90' lang='lat' dir='ltr'><strong>fuit,</strong></span> 
     </span>
    </p>
   </div>
   <div class='ocr_carea' id='block_1_109' title="bbox 1950 5004 3529 5083">
    <p class='ocr_par' dir='ltr' id='par_1_109' title="bbox 1950 5004 3529 5083">
     <span class='ocr_line' id='line_1_109' title="bbox 1950 5004 3529 5083; baseline -0.007 -16"><span class='ocrx_word' id='word_1_810' title='bbox 1950 5013 2003 5067; x_wconf 92' lang='lat' dir='ltr'><strong>in</strong></span> <span class='ocrx_word' id='word_1_811' title='bbox 2026 5028 2128 5083; x_wconf 89' lang='lat' dir='ltr'><strong>qua</strong></span> <span class='ocrx_word' id='word_1_812' title='bbox 2153 5025 2364 5080; x_wconf 88' lang='lat' dir='ltr'><strong>semper</strong></span> <span class='ocrx_word' id='word_1_813' title='bbox 2383 5018 2762 5063; x_wconf 90' lang='lat' dir='ltr'><strong>concesserunt</strong></span> <span class='ocrx_word' id='word_1_814' title='bbox 2782 5006 2935 5060; x_wconf 91' lang='lat' dir='ltr'><strong>nobis</strong></span> <span class='ocrx_word' id='word_1_815' title='bbox 2957 5006 3179 5076; x_wconf 88' lang='lat' dir='ltr'><strong>primam</strong></span> <span class='ocrx_word' id='word_1_816' title='bbox 3202 5004 3529 5074; x_wconf 86' lang='lat' dir='ltr'><strong>dignitatem,</strong></span> 
     </span>
    </p>
   </div>
   <div class='ocr_carea' id='block_1_110' title="bbox 1950 5099 3529 5174">
    <p class='ocr_par' dir='ltr' id='par_1_110' title="bbox 1950 5099 3529 5174">
     <span class='ocr_line' id='line_1_110' title="bbox 1950 5099 3529 5174; baseline -0.008 -11"><span class='ocrx_word' id='word_1_817' title='bbox 1950 5108 2177 5163; x_wconf 89' lang='lat' dir='ltr'><strong>fatentes</strong></span> <span class='ocrx_word' id='word_1_818' title='bbox 2214 5122 2326 5161; x_wconf 89' lang='lat' dir='ltr'><strong>rem</strong></span> <span class='ocrx_word' id='word_1_819' title='bbox 2356 5120 2515 5174; x_wconf 87' lang='lat' dir='ltr'><strong>supra</strong></span> <span class='ocrx_word' id='word_1_820' title='bbox 2550 5113 2791 5159; x_wconf 81' lang='lat' dir='ltr'><strong>naturain</strong></span> <span class='ocrx_word' id='word_1_821' title='bbox 2828 5117 2949 5157; x_wconf 90' lang='lat' dir='ltr'><strong>esse</strong></span> <span class='ocrx_word' id='word_1_822' title='bbox 2976 5110 3033 5157; x_wconf 87' lang='lat' dir='ltr'><strong>et</strong></span> <span class='ocrx_word' id='word_1_823' title='bbox 3072 5116 3178 5155; x_wconf 89' lang='lat' dir='ltr'><strong>non</strong></span> <span class='ocrx_word' id='word_1_824' title='bbox 3220 5099 3529 5153; x_wconf 87' lang='lat' dir='ltr'><strong>humanam.</strong></span> 
     </span>
    </p>
   </div>
   <div class='ocr_carea' id='block_1_111' title="bbox 1950 5190 3532 5257">
    <p class='ocr_par' dir='ltr' id='par_1_111' title="bbox 1950 5190 3532 5257">
     <span class='ocr_line' id='line_1_111' title="bbox 1950 5190 3532 5257; baseline -0.006 -2"><span class='ocrx_word' id='word_1_825' title='bbox 1950 5201 2075 5257; x_wconf 85' lang='lat' dir='ltr'><strong>Ideo</strong></span> <span class='ocrx_word' id='word_1_826' title='bbox 2102 5200 2207 5255; x_wconf 90' lang='lat' dir='ltr'><strong>illis</strong></span> <span class='ocrx_word' id='word_1_827' title='bbox 2244 5198 2491 5253; x_wconf 89' lang='lat' dir='ltr'><strong>omnibus</strong></span> <span class='ocrx_word' id='word_1_828' title='bbox 2532 5212 2755 5250; x_wconf 75' lang='lat' dir='ltr'><strong>summa:</strong></span> <span class='ocrx_word' id='word_1_829' title='bbox 2797 5194 3134 5249; x_wconf 85' lang='lat' dir='ltr'><strong>admirationi</strong></span> <span class='ocrx_word' id='word_1_830' title='bbox 3173 5191 3405 5255; x_wconf 89' lang='lat' dir='ltr'><strong>fuimus;</strong></span> <span class='ocrx_word' id='word_1_831' title='bbox 3436 5190 3532 5245; x_wconf 87' lang='lat' dir='ltr'><strong>sed</strong></span> 
     </span>
    </p>
   </div>
   <div class='ocr_carea' id='block_1_112' title="bbox 1950 5282 3531 5359">
    <p class='ocr_par' dir='ltr' id='par_1_112' title="bbox 1950 5282 3531 5359">
     <span class='ocr_line' id='line_1_112' title="bbox 1950 5282 3531 5359; baseline -0.008 -11"><span class='ocrx_word' id='word_1_832' title='bbox 1950 5308 2092 5348; x_wconf 89' lang='lat' dir='ltr'><strong>nunc</strong></span> <span class='ocrx_word' id='word_1_833' title='bbox 2118 5308 2223 5347; x_wconf 91' lang='lat' dir='ltr'><strong>non</strong></span> <span class='ocrx_word' id='word_1_834' title='bbox 2251 5292 2408 5355; x_wconf 89' lang='lat' dir='ltr'><strong>item,</strong></span> <span class='ocrx_word' id='word_1_835' title='bbox 2438 5288 2564 5359; x_wconf 89' lang='lat' dir='ltr'><strong>quin</strong></span> <span class='ocrx_word' id='word_1_836' title='bbox 2606 5288 2780 5357; x_wconf 86' lang='lat' dir='ltr'><strong>potius</strong></span> <span class='ocrx_word' id='word_1_837' title='bbox 2810 5285 3055 5341; x_wconf 89' lang='lat' dir='ltr'><strong>derident</strong></span> <span class='ocrx_word' id='word_1_838' title='bbox 3080 5299 3180 5338; x_wconf 88' lang='lat' dir='ltr'><strong>nos</strong></span> <span class='ocrx_word' id='word_1_839' title='bbox 3204 5295 3259 5339; x_wconf 88' lang='lat' dir='ltr'><strong>et</strong></span> <span class='ocrx_word' id='word_1_840' title='bbox 3290 5285 3341 5337; x_wconf 91' lang='lat' dir='ltr'><strong>in</strong></span> <span class='ocrx_word' id='word_1_841' title='bbox 3375 5282 3531 5337; x_wconf 85' lang='lat' dir='ltr'><strong>fabu-</strong></span> 
     </span>
    </p>
   </div>
   <div class='ocr_carea' id='block_1_113' title="bbox 1952 5374 3531 5444">
    <p class='ocr_par' dir='ltr' id='par_1_113' title="bbox 1952 5374 3531 5444">
     <span class='ocr_line' id='line_1_113' title="bbox 1952 5374 3531 5444; baseline -0.008 -5"><span class='ocrx_word' id='word_1_842' title='bbox 1952 5387 2058 5439; x_wconf 89' lang='lat' dir='ltr'><strong>lam</strong></span> <span class='ocrx_word' id='word_1_843' title='bbox 2094 5392 2324 5439; x_wconf 89' lang='lat' dir='ltr'><strong>vertunt.</strong></span> <span class='ocrx_word' id='word_1_844' title='bbox 2355 5382 2478 5436; x_wconf 89' lang='lat' dir='ltr'><strong>Ideo</strong></span> <span class='ocrx_word' id='word_1_845' title='bbox 2510 5379 2752 5434; x_wconf 91' lang='lat' dir='ltr'><strong>diabolus</strong></span> <span class='ocrx_word' id='word_1_846' title='bbox 2796 5376 2868 5430; x_wconf 90' lang='lat' dir='ltr'><strong>ita</strong></span> <span class='ocrx_word' id='word_1_847' title='bbox 2904 5385 3089 5431; x_wconf 88' lang='lat' dir='ltr'><strong>contra</strong></span> <span class='ocrx_word' id='word_1_848' title='bbox 3136 5374 3280 5429; x_wconf 86' lang='lat' dir='ltr'><strong>hunc</strong></span> <span class='ocrx_word' id='word_1_849' title='bbox 3316 5388 3531 5444; x_wconf 87' lang='lat' dir='ltr'><strong>gregem</strong></span> 
     </span>
    </p>
   </div>
   <div class='ocr_carea' id='block_1_114' title="bbox 1950 5466 3531 5547">
    <p class='ocr_par' dir='ltr' id='par_1_114' title="bbox 1950 5466 3531 5547">
     <span class='ocr_line' id='line_1_114' title="bbox 1950 5466 3531 5547; baseline -0.008 -16"><span class='ocrx_word' id='word_1_850' title='bbox 1950 5477 2200 5547; x_wconf 90' lang='lat' dir='ltr'><strong>spiravit,</strong></span> <span class='ocrx_word' id='word_1_851' title='bbox 2232 5475 2481 5545; x_wconf 90' lang='lat' dir='ltr'><strong>quoniam</strong></span> <span class='ocrx_word' id='word_1_852' title='bbox 2508 5471 2729 5524; x_wconf 19' lang='lat' dir='ltr'><strong>vidit‘in</strong></span> <span class='ocrx_word' id='word_1_853' title='bbox 2768 5469 2866 5523; x_wconf 84' lang='lat' dir='ltr'><strong>hac</strong></span> <span class='ocrx_word' id='word_1_854' title='bbox 2905 5467 3239 5537; x_wconf 89' lang='lat' dir='ltr'><strong>potissimum</strong></span> <span class='ocrx_word' id='word_1_855' title='bbox 3269 5466 3531 5537; x_wconf 80' lang='lat' dir='ltr'><strong>phalange</strong></span> 
     </span>
    </p>
   </div>
   <div class='ocr_carea' id='block_1_115' title="bbox 1952 5561 3529 5639">
    <p class='ocr_par' dir='ltr' id='par_1_115' title="bbox 1952 5561 3529 5639">
     <span class='ocr_line' id='line_1_115' title="bbox 1952 5561 3529 5639; baseline -0.01 -15"><span class='ocrx_word' id='word_1_856' title='bbox 1952 5568 2207 5639; x_wconf 90' lang='lat' dir='ltr'><strong>fulgidum</strong></span> <span class='ocrx_word' id='word_1_857' title='bbox 2246 5566 2440 5620; x_wconf 89' lang='lat' dir='ltr'><strong>Christi</strong></span> <span class='ocrx_word' id='word_1_858' title='bbox 2483 5563 2770 5618; x_wconf 86' lang='lat' dir='ltr'><strong>exercitum</strong></span> <span class='ocrx_word' id='word_1_859' title='bbox 2817 5579 2829 5614; x_wconf 91' lang='lat'>:</span> <span class='ocrx_word' id='word_1_860' title='bbox 2868 5561 3052 5630; x_wconf 84' lang='lat' dir='ltr'><strong>sicque</strong></span> <span class='ocrx_word' id='word_1_861' title='bbox 3092 5561 3316 5613; x_wconf 90' lang='lat' dir='ltr'><strong>tentavit</strong></span> <span class='ocrx_word' id='word_1_862' title='bbox 3359 5565 3529 5626; x_wconf 83' lang='lat' dir='ltr'><strong>Ipsam</strong></span> 
     </span>
    </p>
   </div>
   <div class='ocr_carea' id='block_1_116' title="bbox 1950 5649 3531 5726">
    <p class='ocr_par' dir='ltr' id='par_1_116' title="bbox 1950 5649 3531 5726">
     <span class='ocr_line' id='line_1_116' title="bbox 1950 5649 3531 5726; baseline -0.01 -9"><span class='ocrx_word' id='word_1_863' title='bbox 1950 5659 2294 5724; x_wconf 90' lang='lat' dir='ltr'><strong>confundere,</strong></span> <span class='ocrx_word' id='word_1_864' title='bbox 2321 5667 2377 5711; x_wconf 92' lang='lat' dir='ltr'><strong>ut</strong></span> <span class='ocrx_word' id='word_1_865' title='bbox 2403 5656 2621 5726; x_wconf 89' lang='lat' dir='ltr'><strong>posthac</strong></span> <span class='ocrx_word' id='word_1_866' title='bbox 2643 5654 2832 5708; x_wconf 90' lang='lat' dir='ltr'><strong>melius</strong></span> <span class='ocrx_word' id='word_1_867' title='bbox 2854 5652 2941 5717; x_wconf 89' lang='lat' dir='ltr'><strong>sit,</strong></span> <span class='ocrx_word' id='word_1_868' title='bbox 2968 5668 3036 5706; x_wconf 90' lang='lat' dir='ltr'><strong>ne</strong></span> <span class='ocrx_word' id='word_1_869' title='bbox 3061 5651 3291 5721; x_wconf 90' lang='lat' dir='ltr'><strong>virgines</strong></span> <span class='ocrx_word' id='word_1_870' title='bbox 3315 5649 3531 5720; x_wconf 86' lang='lat' dir='ltr'><strong>quidem</strong></span> 
     </span>
    </p>
   </div>
   <div class='ocr_carea' id='block_1_117' title="bbox 2014 5784 3531 5851">
    <p class='ocr_par' dir='ltr' id='par_1_117' title="bbox 2014 5784 3531 5851">
     <span class='ocr_line' id='line_1_117' title="bbox 2014 5784 3531 5851; baseline -0.013 -5"><span class='ocrx_word' id='word_1_871' title='bbox 2014 5797 2030 5827; x_wconf 90' lang='grc'>¹</span> <span class='ocrx_word' id='word_1_872' title='bbox 2067 5802 2132 5845; x_wconf 82' lang='lat' dir='ltr'><strong>De</strong></span> <span class='ocrx_word' id='word_1_873' title='bbox 2151 5794 2425 5851; x_wconf 79' lang='lat' dir='ltr'><strong>virginitate</strong></span> <span class='ocrx_word' id='word_1_874' title='bbox 2448 5801 2475 5837; x_wconf 88' lang='lat' dir='ltr'><strong>a</strong></span> <span class='ocrx_word' id='word_1_875' title='bbox 2494 5786 2754 5851; x_wconf 78' lang='lat' dir='ltr'><strong>gentilibus</strong></span> <span class='ocrx_word' id='word_1_876' title='bbox 2771 5789 2817 5832; x_wconf 81' lang='lat' dir='ltr'><strong>in</strong></span> <span class='ocrx_word' id='word_1_877' title='bbox 2844 5784 3025 5831; x_wconf 83' lang='lat' dir='ltr'><strong>honore</strong></span> <span class='ocrx_word' id='word_1_878' title='bbox 3049 5785 3227 5842; x_wconf 76' lang='lat' dir='ltr'><strong>habita,</strong></span> <span class='ocrx_word' id='word_1_879' title='bbox 3249 5786 3361 5831; x_wconf 76' lang='lat' dir='ltr'><strong>vute</strong></span> <span class='ocrx_word' id='word_1_880' title='bbox 3387 5786 3531 5829; x_wconf 72' lang='lat' dir='ltr'><strong>Attia-</strong></span> 
     </span>
    </p>
   </div>
   <div class='ocr_carea' id='block_1_118' title="bbox 1952 5848 3137 5917">
    <p class='ocr_par' dir='ltr' id='par_1_118' title="bbox 1952 5848 3137 5917">
     <span class='ocr_line' id='line_1_118' title="bbox 1952 5848 3137 5917; baseline -0.015 -7"><span class='ocrx_word' id='word_1_881' title='bbox 1952 5864 2135 5910; x_wconf 81' lang='lat' dir='ltr'><strong>nasium</strong></span> <span class='ocrx_word' id='word_1_882' title='bbox 2161 5848 2326 5907; x_wconf 74' lang='lat' dir='ltr'><strong>iuliae</strong></span> <span class='ocrx_word' id='word_1_883' title='bbox 2349 5848 2583 5917; x_wconf 73' lang='lat' dir='ltr'><strong>Apologia:</strong></span> <span class='ocrx_word' id='word_1_884' title='bbox 2602 5848 2663 5897; x_wconf 85' lang='lat' dir='ltr'><strong>ad</strong></span> <span class='ocrx_word' id='word_1_885' title='bbox 2678 5853 2997 5898; x_wconf 59' lang='lat' dir='ltr'><strong>(basianuqu</strong></span> <span class='ocrx_word' id='word_1_886' title='bbox 3022 5852 3137 5901; x_wconf 75' lang='grc' dir='ltr'>ιιιψ.</span> 
     </span>
    </p>
   </div>
   <div class='ocr_carea' id='block_1_119' title="bbox 3047 5924 3124 5986">
    <p class='ocr_par' dir='ltr' id='par_1_119' title="bbox 3047 5924 3124 5986">
     <span class='ocr_line' id='line_1_119' title="bbox 3047 5924 3124 5986; baseline 0.013 -1"><span class='ocrx_word' id='word_1_887' title='bbox 3047 5924 3124 5986; x_wconf 87' lang='grc'><strong>30</strong></span> 
     </span>
    </p>
   </div>
  </div>
