4036 6416
541 363 644 424 515

539 497 684 549 esse,
718 497 836 554 qua:
875 481 948 536 ita
985 496 1096 536 rem
1140 481 1276 537 hanc
1306 483 1614 552 suscipiant.
1644 481 1814 537 Causa
1853 482 2114 538 malorum

537 574 776 630 omnium
801 615 816 640 ,
843 572 983 644 quod
1010 573 1224 627 nomine
1258 582 1410 627 tenus
1440 574 1610 626 solum
1639 588 1726 627 res
1753 575 2039 641 consistat,
2067 583 2121 629 et

538 667 807 736 negotium
830 675 994 721 totum
1023 668 1075 720 in
1103 682 1196 721 ore
1211 667 1669 735 circumscriptum
1692 668 1782 732 sit,
1805 665 1946 737 quod
1973 665 2117 722 scili-

538 769 625 814 cet
653 759 870 814 minima
897 759 1212 828 virginitatis
1238 773 1364 827 pars
1393 768 1510 822 est;
1540 775 1656 826 qua:
1683 769 1856 813 autem
1881 759 2002 830 plus
2027 775 2120 814 ne-

539 851 794 916 cessaria,
823 859 876 905 et
903 852 1069 919 ipsam
1101 853 1269 920 magis
1302 851 1694 916 demonstrant,
1723 853 1958 921 neglecta
1990 853 2116 917 sint,

539 954 597 1000 et
636 943 778 999 nulla
820 945 958 998 ratio
1009 945 1267 998 habeatur
1306 945 1569 1005 vestium.
1613 959 1730 1012 qua:
1762 945 2119 1014 virginitatem

540 1035 770 1101 decent,
799 1034 884 1090 vel
919 1034 1151 1099 silentii,
1181 1034 1263 1089 vel
1296 1033 1720 1104 compunctionis
1739 1077 1753 1102 ,
1781 1035 1863 1088 vel
1895 1036 2120 1104 alicbjus

540 1125 594 1181 id
617 1141 805 1196 genus.
835 1125 972 1192 Quin
1001 1134 1206 1180 temere
1236 1135 1501 1195 nugantur
1529 1127 1726 1191 omnia,
1755 1134 1808 1180 et
1837 1126 2012 1180 rident
2042 1129 2122 1180 in-

533 1218 857 1290 tempestive
881 1259 897 1283 ,
926 1227 980 1272 et
1011 1218 1396 1271 tumultuantur
1415 1259 1428 1282 ,
1459 1225 1512 1270 et
1538 1218 1589 1270 in
1617 1217 1819 1272 deliciis
1846 1218 2012 1286 magis
2039 1219 2118 1272 vi-

540 1319 672 1366 vunt
695 1352 710 1377 ,
742 1324 898 1379 quam
930 1309 1178 1363 mulieres
1205 1323 1324 1378 qua:
1359 1308 1410 1360 in
1445 1306 1645 1361 fornice
1686 1316 1964 1376 prostant,
1992 1306 2117 1361 dum

539 1410 865 1472 spectatores
893 1400 1097 1454 teclmis
1123 1400 1232 1452 suis
1263 1398 1490 1468 undique
1521 1397 1807 1467 pelliciunt,
1841 1407 1894 1451 et
1925 1397 1975 1450 in
2007 1412 2120 1450 me—

539 1492 792 1547 retricum
842 1489 1219 1560 turpitudinem
1263 1504 1321 1542 se
1357 1488 1623 1556 conjicere
1661 1496 1954 1552 conantur,
1985 1501 2047 1540 ac
2075 1487 2120 1539 si

541 1599 664 1639 cum
699 1583 804 1637 illis
833 1589 1172 1644 concertent,
1205 1579 1376 1650 deque
1422 1578 1757 1648 turpitudinis
1797 1578 1964 1647 gloria
1995 1591 2122 1631 con-

543 1673 779 1729 tendant.
806 1671 958 1729 Unde
977 1673 1139 1736 enim,
1162 1671 1248 1725 dic
1267 1670 1415 1735 mihi,
1441 1669 1733 1738 poterimus
1759 1677 1936 1738 postea
1962 1667 2118 1720 talem

541 1767 801 1837 virginem
828 1765 1013 1820 ordine
1041 1765 1248 1818 illarum
1276 1771 1329 1817 et
1354 1763 1606 1817 societate
1630 1762 1882 1826 eximere,
1911 1760 2120 1830 quando

541 1867 597 1914 et
624 1860 735 1928 ipsa
766 1857 904 1912 idem
936 1855 1093 1920 facit,
1125 1854 1264 1924 quod
1295 1854 1396 1908 illa:
1421 1871 1434 1917 ;
1463 1852 1673 1923 quando
1701 1853 1902 1906 scilicet
1938 1851 2121 1905 adole-

543 1959 784 2012 scentum
809 1948 970 2004 corda
997 1948 1048 2001 in
1080 1947 1314 2001 fraudem
1345 1946 1510 2011 illicit,
1545 1944 1754 2015 quando
1783 1943 2018 2012 petulans
2043 1951 2122 1996 est

544 2052 598 2098 et
633 2043 1024 2111 intemperans,
1053 2037 1264 2108 quando
1293 2037 1476 2092 eadem
1513 2052 1714 2092 venena
1749 2035 2002 2106 porrigit,
2034 2050 2122 2089 ea-

543 2135 663 2190 dem
697 2135 885 2204 pocula
925 2133 1145 2198 miscet,
1177 2130 1522 2199 eamdemque
1549 2138 1699 2199 parat
1726 2129 1987 2182 cicutam?
2016 2126 2122 2180 Sed

544 2242 649 2281 non
676 2225 804 2281 dicit
828 2243 842 2280 :
881 2223 1023 2289 Veni,
1047 2239 1218 2277 amore
1242 2223 1553 2276 involvantur
1577 2236 1595 2276 :
1627 2235 1723 2274 nec
1749 2221 1893 2285 dicit,
1922 2219 2123 2288 Δερενεὶ

543 2319 704 2373 cubile
730 2333 893 2370 meum
918 2331 1061 2368 croco
1099 2323 1146 2368 et
1183 2315 1360 2367 lectum
1403 2328 1566 2365 meum
1589 2313 1904 2364 cinnamomo
1930 2310 1948 2380 (
1967 2309 2120 2362 Prov.

545 2409 598 2462 7.
630 2409 716 2462 f7.
759 2407 883 2475 18).
923 2405 1134 2461 Utinam
1174 2402 1344 2457 cubile
1388 2411 1439 2455 et
1482 2401 1705 2466 lectum,
1736 2415 1840 2453 non
1871 2407 2045 2453 vestes
2071 2406 2124 2452 et

533 2500 769 2570 corpus!
808 2497 920 2552 Illac
947 2499 1088 2552 enim
1130 2495 1274 2551 domi
1313 2509 1489 2549 escam
1525 2494 1820 2558 occultant,
1849 2501 1902 2547 tu
1932 2491 2125 2560 ubique

545 2593 790 2662 laqueum
819 2588 1160 2654 circumfers,
1191 2598 1244 2642 et
1268 2587 1522 2657 expandis
1555 2586 1838 2656 voluptatis
1876 2585 1987 2639 alas
2027 2584 2119 2637 ob.

507 2748 515 2754 .
546 2682 826 2737 ambulans
865 2681 915 2734 in
955 2679 1091 2734 foro.
1129 2679 1234 2733 Sed
1268 2694 1372 2732 non
1409 2677 1620 2744 dixisti,
1650 2693 1822 2746 neque
1857 2675 2124 2731 contulisti

545 2775 708 2830 verba
745 2774 835 2828 illa
881 2772 1178 2827 meretricia
1200 2813 1214 2836 ,
1255 2770 1409 2836 Veni,
1446 2787 1616 2824 amore
1651 2769 1979 2822 involvamur.
2009 2768 2124 2822 Non

545 2868 726 2923 dixisti
753 2866 949 2936 lingua,
975 2865 1067 2919 sed
1093 2864 1268 2918 dixisti
1299 2862 1475 2916 habitu
1504 2879 1518 2914 :
1552 2877 1657 2914 non
1681 2861 1894 2930 loquuta
1921 2874 1980 2914 es
2007 2874 2121 2924 ore,

542 2958 641 3015 sed
667 2957 884 3027 loquuta
909 2971 968 3011 es
997 2969 1179 3026 gressu
1213 2971 1225 3007 :
1261 2968 1362 3008 non
1403 2953 1635 3006 invitasti
1665 2967 1823 3017 voce,
1854 2951 1948 3007 sed
1987 2950 2124 3005 invi-

546 3051 669 3106 tasti
693 3051 860 3104 oculis
889 3049 1084 3104 clarius
1112 3062 1264 3118 quam
1295 3061 1444 3119 voce.
1486 3048 1552 3100 At
1591 3054 1866 3116 postquam
1901 3058 2123 3099 vocave-

545 3157 669 3208 ras,
699 3156 804 3194 non
837 3150 889 3194 te
923 3139 1173 3193 obtulisti.
1213 3143 1395 3207 Neque
1422 3137 1497 3191 sic
1530 3151 1558 3189 a
1590 3144 1804 3205 peccato
1841 3135 2078 3189 liberaris
2108 3153 2122 3188 :

545 3244 628 3287 est
654 3233 794 3286 enim
815 3241 868 3286 et
895 3230 1009 3284 haec
1035 3231 1134 3284 alia
1161 3229 1522 3283 fornicationis
1549 3227 1774 3296 species.
1807 3225 1944 3279 Pura
1971 3241 2123 3278 man-

548 3324 664 3379 sisti
688 3323 756 3376 ab
783 3322 971 3392 injuria
998 3321 1236 3390 corporis
1273 3319 1482 3388 quidem
1503 3359 1519 3385 ,
1548 3318 1640 3372 sed
1670 3332 1774 3370 non
1813 3317 2034 3380 animae,
2071 3325 2125 3368 et

547 3414 866 3484 completum
897 3421 978 3468 est
1005 3429 1034 3466 a
1067 3420 1118 3466 te
1148 3421 1418 3481 peccatum
1441 3453 1454 3473 ,
1494 3411 1697 3465 etiamsi
1741 3423 1848 3463 non
1889 3423 1983 3478 per
2010 3406 2123 3461 coi-

549 3516 682 3566 tum,
711 3505 803 3558 sed
832 3519 927 3573 per
955 3511 1242 3572 aspectum.

629 3595 882 3664 Virginem
902 3611 1000 3647 non
1022 3594 1192 3646 decent
1213 3593 1376 3646 cultus
1397 3591 1622 3660 corporis
1649 3598 1693 3642 et
1715 3588 1862 3643 vestis
1885 3589 2118 3658 pretiosa.

546 3686 790 3754 ——Cujus
809 3685 949 3737 enim
965 3685 1130 3753 gratia
1148 3697 1304 3737 vocas
1323 3681 1738 3751 praetereuntes?
1767 3694 1861 3734 cur
1877 3678 2124 3733 accendis

549 3775 1048 3848 ignem?quomodo
1082 3785 1232 3844 putas
1271 3784 1324 3828 te
1355 3787 1541 3842 puram
1571 3787 1600 3824 a
1629 3779 1865 3840 peccato,
1889 3785 2009 3824 cum
2040 3779 2121 3823 to-

549 3880 658 3924 tum
692 3871 862 3938 ipsum
891 3882 1022 3937 opus
1047 3875 1262 3936 operata
1291 3866 1406 3920 sis?
1439 3865 1647 3919 Etenim
1673 3879 1792 3918 cum
1823 3863 2122 3918 adulterum

551 3961 742 4015 feceris
772 3958 1062 4028 perfectum
1086 3973 1228 4022 eum,
1253 3973 1409 4027 quem
1441 3966 1534 4011 tuo
1563 3957 1663 4010 isto
1695 3956 1872 4010 habitu
1900 3956 2120 4023 cepisti,

549 4051 814 4120 quomodo
831 4059 976 4119 potes
993 4065 1095 4102 non
1119 4064 1239 4105 esse
1249 4049 1506 4113 adultera,
1524 4063 1643 4102 cum
1659 4062 1793 4116 opus
1811 4057 1955 4102 tuum
1976 4047 2125 4099 adul-

549 4144 740 4197 terium
776 4157 895 4196 esse
927 4140 1384 4210 deprehendatur?
1415 4137 1559 4193 Illius
1585 4139 1790 4193 insania
1815 4147 1957 4192 tuum
1987 4153 2121 4205 Opus

550 4247 654 4291 est.
669 4233 910 4290 Profecto
926 4241 976 4288 te
988 4250 1102 4302 quae
1113 4233 1380 4287 adulteros
1397 4231 1720 4300 prteparasti,
1736 4229 1979 4284 adulterii
1994 4245 2121 4296 sup-

553 4328 765 4397 plicium
789 4326 1005 4380 minime
1032 4339 1186 4395 posse
1210 4323 1459 4394 effugere,
1481 4323 1608 4377 nulli
1627 4339 1730 4376 non
1759 4323 2118 4377 manifestum.

555 4422 635 4476 Tu
658 4421 886 4491 gladium
919 4419 1104 4474 acuisti
1125 4459 1140 4484 ,
1169 4428 1226 4472 tu
1245 4417 1485 4472 dextram
1515 4416 1766 4481 armasti,
1791 4425 1844 4469 tu
1866 4423 2121 4468 armatam

551 4515 790 4568 dextram
809 4512 860 4566 in
883 4511 1129 4566 miseram
1156 4511 1382 4563 animam
1415 4507 1664 4578 impulisti
1699 4525 1710 4560 :
1734 4505 1998 4576 quomodo
2027 4506 2124 4574 igi-

553 4617 640 4659 tur
671 4605 868 4674 poteris
896 4604 960 4658 ab
991 4602 1257 4656 homicidii
1280 4601 1537 4670 supplicio
1557 4598 1813 4653 liberari?
1839 4598 1933 4652 Dic
1956 4598 2118 4662 enim,

549 4709 811 4764 quosnam
860 4693 1116 4748 habemus
1162 4691 1284 4747 odio
1309 4699 1360 4746 et
1404 4690 1746 4744 aversamur?
1771 4703 1903 4758 quos
1945 4697 2122 4742 autem

549 4785 779 4855 puniunt
805 4784 1135 4855 legislatores
1174 4791 1226 4838 et
1258 4783 1503 4852 judices‘?
1533 4798 1658 4837 num
1686 4797 1779 4836 eos
1805 4783 1894 4851 qui
1938 4781 2124 4836 bibunt

550 4876 823 4930 mortifera
865 4889 1086 4938 venena,
1118 4890 1184 4928 an
1225 4875 1509 4929 miscentes
1555 4875 1793 4937 calicem,
1822 4882 1875 4927 et
1919 4889 2123 4942 praepa-

548 4976 730 5023 rantes
774 4982 857 5032 ea,
885 4976 1105 5036 arteque
1155 4981 1250 5020 sua
1293 4965 1574 5036 perdentcs
1626 4966 1789 5020 alios?
1821 4980 1997 5020 nonne
2044 4965 2125 5020 bi-

549 5057 740 5113 bentes
768 5057 981 5128 quidem
1009 5065 1190 5126 utpote
1217 5056 1401 5126 injuria
1427 5055 1643 5112 affectos
1664 5057 2000 5123 miseramur,
2029 5072 2123 5110 ve-

552 5149 754 5204 neﬁcos
782 5158 957 5203 autem
1001 5147 1248 5202 omnibus
1272 5147 1486 5201 calculis
1528 5145 1976 5201 condemnamus?
2015 5145 2125 5200 Nec

549 5237 749 5294 sufﬁcit
784 5239 864 5294 eis
913 5237 981 5294 ad
1024 5238 1416 5292 excusationem
1460 5236 1659 5303 dicere,
1705 5237 1818 5291 Non
1864 5238 2123 5307 meipsum

549 5330 685 5394 Iasi,
715 5329 810 5384 sed
843 5329 1004 5383 alium
1035 5328 1278 5398 perdidi;
1310 5327 1404 5382 sed
1436 5336 1650 5397 pr0pter
1685 5327 1785 5382 hoc
1826 5336 1971 5382 tanto
1999 5344 2123 5398 gra-

548 5421 751 5475 viorem
777 5420 929 5474 luunt
947 5434 1177 5488 poenam.
1210 5419 1288 5473 Tu
1315 5429 1490 5474 autem
1522 5419 1715 5474 misera
1741 5428 1794 5474 et
1817 5419 2123 5474 calamitosa

548 5512 810 5566 miscuisti
839 5512 1057 5568 calicem
1088 5511 1228 5565 hunc
1270 5512 1649 5580 perniciosum,
1691 5520 1745 5566 et
1773 5512 2038 5581 praebuisti
2071 5522 2126 5568 et

545 5602 740 5656 dedisti
783 5601 1124 5672 pharmacum
1173 5619 1186 5655 :
1235 5612 1288 5657 et
1323 5614 1600 5673 postquam
1632 5603 1764 5658 bibit
1805 5613 1856 5658 et
1888 5605 2124 5673 perditus

551 5705 654 5761 est,
680 5695 952 5751 defensam
985 5705 1037 5750 te
1065 5705 1236 5765 putas,
1268 5697 1388 5767 quia
1416 5712 1520 5751 non
1547 5697 1658 5767 ipsa
1683 5696 1901 5764 biberis,
1925 5696 2018 5751 sed
2043 5697 2125 5750 al-

551 5787 650 5841 teri
677 5787 966 5856 praebueris
1002 5790 1243 5844 venena?
1268 5789 1593 5860 Quamquam
1623 5797 1675 5844 et
1703 5803 1798 5845 vos
1827 5795 1972 5844 tanto
1999 5803 2116 5859 gra-

1258 365 1315 422 S.
1355 366 1629 423 JOANNIS
1667 365 2138 426 CIIBYSOSTOMI
2176 368 2491 430 ARCHIEP.
2531 373 3067 434 CONSTANTINOP.

3693 383 3797 442 5116

2222 487 2424 543 viorem
2477 489 2634 546 luetis
2687 507 2932 561 pmnam,
2985 510 3142 564 quam
3200 497 3625 569 pharmacopolm
3681 504 3794 567 illi,

2221 588 2420 647 quanto
2448 589 2503 636 ct
2522 597 2666 637 mors
2693 587 2924 653 gravior.
2952 586 3067 640 Non
3094 589 3236 642 enim
3267 604 3459 660 corpus
3486 593 3681 658 solum,
3702 593 3794 648 sed

2222 677 2275 722 et
2300 671 2531 724 animam
2553 673 2872 729 interimitis.
2898 677 2964 730 Et
2986 677 3060 730 illi
3085 677 3298 747 quidem
3326 695 3468 749 smpe
3486 683 3569 735 vel
3596 683 3793 747 furore,

2223 761 2306 814 vel
2333 762 2409 814 ira
2439 760 2542 816 hoc
2583 762 2804 831 faciunt,
2829 767 2910 819 vel
2935 768 3106 836 inopia
3133 785 3147 832 ;
3180 785 3274 823 vos
3298 781 3473 824 autem
3498 773 3564 825 ad
3595 773 3795 825 nullum

2225 849 2383 903 talem
2410 852 2696 921 confugere
2722 866 3032 922 praetextum
3064 859 3302 924 potestis.
3329 859 3507 929 Neque
3525 863 3669 915 enim
3700 863 3798 915 hoc

2222 938 2395 992 facitis
2435 941 2682 1006 inimicis,
2733 945 2815 997 vel
2859 945 2938 998 eis
2981 947 3068 1014 qui
3112 959 3436 1014 nocuerunt,
3464 953 3542 1005 vel
3577 953 3646 1005 ob
3677 954 3796 1004 ino-

2225 1030 2392 1097 piam,
2421 1031 2516 1085 sed
2555 1033 2624 1086 ob
2658 1035 2824 1088 solam
2851 1051 3036 1089 vanam
3074 1039 3296 1107 gloriam
3330 1042 3380 1094 in
3408 1043 3590 1096 alienis
3617 1045 3796 1097 luditis

2223 1123 2529 1188 animabus,
2560 1135 2614 1180 et
2633 1142 2696 1180 ex
2719 1128 2944 1183 aliorum
2975 1141 3146 1186 morte
3175 1133 3497 1202 voluptatem
3528 1140 3796 1206 propriam

2223 1217 2562 1270 constituitis.

2293 1305 2347 1358 2.
2385 1305 2489 1360 Sed
2525 1309 2703 1362 nescio
2734 1309 2890 1374 unde,
2921 1321 2978 1365 ut
3005 1312 3118 1366 haec
3144 1314 3395 1381 dicerem,
3427 1316 3525 1370 huc
3551 1332 3668 1370 Sum
3697 1335 3796 1387 ap-

2225 1396 2438 1463 pulsus;
2471 1408 2688 1466 propter
2708 1401 2847 1469 quod
2868 1402 3195 1456 redeundum
3221 1405 3285 1457 ad
3308 1405 3358 1458 id
3376 1406 3514 1460 unde
3529 1409 3796 1476 digressus

2224 1502 2361 1540 sum.
2390 1487 2520 1542 Nam
2546 1491 2694 1558 quasi
2726 1506 2830 1545 non
2848 1492 3156 1548 sufficerent
3178 1495 3293 1550 hac
3314 1497 3365 1549 in
3397 1499 3552 1552 totius
3582 1501 3796 1558 feminei

2224 1581 2435 1648 generis
2462 1581 2824 1637 confusionem
2843 1627 2857 1650 ,
2901 1595 2956 1639 et
2989 1586 3129 1640 aliud
3160 1588 3408 1656 quiddam
3439 1591 3607 1660 majus
3637 1608 3799 1647 exco-

2223 1673 2540 1740 gitaverunt.
2576 1675 2681 1729 Sed
2711 1692 2867 1730 nemo
2910 1677 3023 1732 hmo
3053 1679 3120 1733 de
3162 1681 3408 1734 omnibus
3435 1683 3571 1736 dicta
3603 1694 3750 1752 putet
3789 1702 3800 1738 τ

2225 1778 2330 1816 non
2373 1765 2514 1818 enim
2547 1775 2650 1819 tam
2683 1768 2843 1822 miser
2895 1784 3030 1834 sum,
3073 1779 3130 1823 ut
3171 1771 3324 1824 simul
3363 1775 3538 1826 omnia
3576 1776 3802 1828 commis

2225 1869 2399 1909 sceam
2429 1865 2483 1910 et
2507 1858 2843 1912 confundam.
2864 1860 2993 1914 Nam
3027 1861 3093 1915 de
3117 1862 3197 1915 his
3225 1879 3340 1928 qua:
3361 1864 3528 1932 culpis
3555 1865 3795 1920 obnoxia

2226 1957 2279 2000 et
2326 1947 2439 2001 bzec
2480 1947 2620 2002 dicta
2655 1960 2811 2012 sunt,
2847 1960 2900 2006 et
2942 1968 3059 2022 qua:
3104 1964 3287 2021 postea
3335 1954 3595 2008 dicentur.
3637 1957 3794 2023 Quasi

2228 2039 2386 2108 igitur
2409 2055 2510 2092 non
2543 2041 2670 2094 satis
2698 2041 2951 2097 damnosa
2997 2055 3178 2098 essent
3217 2044 3351 2111 hmo,
3389 2048 3529 2100 viros
3566 2049 3664 2100 sibi
3695 2050 3799 2100 mi-

2229 2131 2370 2183 nime
2421 2142 2673 2199 cognatos
2717 2147 2895 2186 secum
2940 2134 3233 2201 includunt,
3281 2145 3334 2189 et
3378 2137 3523 2190 omni
3561 2147 3802 2206 tempore

2227 2223 2631 2278 contubernales
2679 2224 2894 2290 faciunt,
2943 2227 3092 2294 quasi
3143 2226 3578 2281 demonstratum:
3617 2240 3669 2281 et
3706 2244 3803 2296 per

2227 2329 2288 2367 ea
2323 2331 2440 2384 qua:
2467 2315 2605 2369 dicta
2636 2326 2776 2380 sunt,
2807 2317 2944 2385 quod
2975 2319 3148 2371 invitae
3170 2317 3236 2371 ad
3258 2319 3608 2388 virginitatem
3633 2331 3802 2387 rapte

2228 2407 2355 2472 sint,
2382 2416 2435 2460 et
2472 2418 2763 2462 extremam
2803 2409 2906 2462 vim
2950 2409 3328 2474 sustinuerint,
3377 2419 3429 2462 et
3454 2409 3554 2463 hac
3591 2411 3803 2464 ratione

2227 2497 2573 2552 consolentur
2603 2501 2705 2552 vim
2741 2509 2792 2553 et
2816 2501 3208 2554 necessitatem.
3236 2501 3370 2566 Quid
3398 2501 3592 2569 igitur?
3621 2518 3799 2554 annon

2230 2585 2312 2641 his
2337 2587 2622 2654 deteriora,
2652 2604 2770 2643 cum
2800 2591 2912 2643 lucc
2933 2591 3224 2657 conligunt,
3253 2591 3498 2645 dicuntur
3520 2592 3587 2645 ab
3611 2588 3803 2645 amicis

2228 2689 2282 2732 et
2321 2679 2706 2736 familiaribus?
2743 2681 3187 2738 Permittendarne
3226 2693 3352 2738 sunt
3400 2684 3502 2738 illa:
3526 2685 3707 2738 vivere
3748 2695 3804 2738 et

2229 2773 2513 2841 respirare,
2544 2783 2597 2827 et
2624 2788 2727 2827 non
2760 2773 2934 2842 potius
2961 2774 3285 2829 dissecandae
3314 2775 3522 2840 mediae,
3549 2775 3635 2829 vel
3666 2777 3807 2828 vim:

2227 2880 2349 2920 cum
2399 2865 2503 2920 illis
2553 2867 2678 2935 ipsis
2727 2866 3082 2921 tumulandzc?
3126 2867 3331 2921 Etenim
3373 2877 3426 2922 et
3467 2867 3578 2921 haec
3622 2877 3678 2923 et
3717 2869 3807 2922 his

2230 2958 2398 3013 multo
2427 2959 2574 3027 plura
2611 2973 2797 3013 omnes
2835 2959 3034 3012 dicunt.
3061 2958 3324 3013 Caeterum
3369 2969 3422 3015 et
3449 2959 3699 3025 frequens
3749 2973 3808 3013 et

2229 3049 2566 3118 quotidianus
2603 3057 2684 3103 est
2709 3063 2894 3103 cursus
2931 3049 3268 3104 obstetricum
3307 3049 3372 3102 ad
3411 3050 3674 3119 virginum
3702 3049 3804 3101 do-

2229 3157 2370 3208 mus,
2402 3143 2550 3211 quasi
2579 3141 2643 3196 ad
2672 3143 2954 3212 parientes,
2982 3157 3084 3195 non
3103 3141 3241 3209 quod
3271 3141 3684 3197 obstetricentur
3706 3158 3808 3211 pa-

2229 3232 2404 3297 rienti,
2436 3233 2675 3300 quamvis
2713 3233 2932 3300 contigit
2969 3232 3020 3284 in
3058 3232 3319 3301 aliquibus
3347 3233 3504 3285 etiam
3536 3232 3677 3296 hoc,
3709 3233 3804 3287 sed

2229 3327 2369 3396 quod
2399 3326 2685 3396 probentur
2710 3334 2762 3380 et
2796 3325 3098 3394 judicentur
3144 3325 3280 3378 sicut
3323 3333 3515 3392 emptae
3557 3327 3804 3384 ancill-1‘.

2227 3433 2469 3488 quamam
2516 3426 2794 3486 corruptm,
2839 3416 2925 3470 vel
2969 3431 3087 3485 quae
3116 3415 3358 3478 intactze;
3384 3426 3437 3471 et
3471 3416 3557 3469 illa
3585 3418 3808 3483 quidem

2229 3499 2384 3562 facile
2430 3507 2629 3562 obediit
2675 3506 3007 3575 probationi,
3047 3507 3158 3561 htec
3196 3521 3326 3560 vero
3363 3507 3719 3571 contradixit,
3753 3518 3811 3560 et

2228 3599 2331 3654 hoc
2359 3600 2470 3668 ipso
2511 3598 2726 3654 confusa
2767 3599 2912 3661 abiit,
2943 3599 3148 3652 etiamsi
3179 3612 3286 3651 non
3323 3607 3571 3666 corrupta
3601 3599 3704 3658 sit;
3752 3611 3811 3650 et

2230 3691 2342 3744 hmc
2378 3689 2589 3760 quidem
2630 3689 2958 3758 deprehensa
2984 3698 3096 3753 est,
3125 3690 3213 3742 illa
3242 3705 3368 3744 vero
3398 3705 3533 3752 non;
3564 3689 3664 3742 sed
3691 3689 3811 3742 lucc

2230 3797 2333 3836 non
2376 3782 2549 3835 minus
2588 3795 2745 3850 quam
2787 3780 2871 3832 illa
2913 3777 3252 3833 confunditur
3277 3819 3292 3842 ,
3319 3793 3439 3832 cum
3485 3795 3590 3831 non
3637 3783 3810 3847 possit

2228 3871 2382 3941 digna
2415 3870 2518 3925 fide
2547 3887 2614 3925 ex
2659 3871 2892 3924 moribus
2915 3869 3268 3938 comprobari,
3298 3869 3390 3922 sed
3431 3883 3566 3937 Opus
3612 3869 3815 3922 habeat

2228 3973 2448 4018 externo
2486 3962 2743 4017 examinis
2775 3961 3095 4016 testimonio.
3140 3960 3359 4027 Quantis
3400 3961 3651 4030 lacrymis
3690 3961 3814 4014 haec

2229 4071 2334 4109 non
2362 4065 2485 4109 sunt
2523 4055 2698 4124 digna,
2743 4054 2952 4123 quantis
2994 4068 3098 4106 non
3143 4052 3298 4121 digna
3339 4052 3634 4105 mortibus?
3675 4052 3816 4119 Quis

2228 4155 2402 4199 autem
2431 4144 2507 4197 sic
2540 4143 2777 4212 lapideus
2810 4151 2864 4195 et
2899 4142 3082 4205 durus,
3113 4149 3170 4195 ut
3196 4156 3300 4194 non
3331 4142 3652 4195 accendatur
3685 4143 3815 4194 zelo

2229 4236 2362 4290 sicut
2393 4233 2658 4288 Phinees?
2686 4233 2754 4286 Et
2794 4233 2883 4287 ille
2919 4233 3129 4301 quidem
3171 4233 3217 4285 si
3257 4246 3354 4285 suo
3391 4241 3634 4300 tempore
3672 4233 3818 4284 hanc

2229 4325 2606 4394 turpitudinem
2645 4324 2885 4390 vidisset,
2914 4340 3018 4377 non
3056 4324 3184 4391 ipsis
3220 4324 3570 4392 pepercisset,
3610 4324 3707 4377 sed
3738 4326 3821 4377 fe-

2228 4417 2388 4470 cisset
2435 4416 2572 4470 idem
2614 4415 2753 4486 quod
2803 4415 2854 4468 in
2902 4414 3238 4470 Madianitide
3285 4415 3407 4468 olim
3457 4415 3583 4468 fecit
3617 4414 3818 4480 (Num.

2229 4506 2317 4561 25.
2366 4507 2452 4577 lxi)
2482 4525 2494 4579 _:
2529 4521 2623 4559 nos
2669 4517 2844 4559 autem
2889 4521 3008 4559 cum
3053 4504 3203 4558 nobis
3244 4521 3347 4557 non
3377 4505 3443 4557 sit
3483 4505 3821 4572 permissum

2228 4599 2464 4667 arripere
2511 4597 2772 4667 gladium,
2822 4612 2992 4666 neque
3029 4597 3211 4650 lancea
3245 4595 3531 4649 confodere
3583 4611 3680 4649 eos
3723 4597 3820 4664 qui

2228 4690 2328 4744 ista
2355 4698 2681 4760 perpetrant,
2708 4688 2881 4743 affecti
2906 4697 3050 4743 certe
3066 4704 3247 4742 sumus
3277 4690 3410 4742 sicut
3438 4699 3658 4742 sanctus
3685 4689 3785 4742 ille
3804 4729 3822 4753 ,

2229 4797 2334 4837 non
2363 4781 2584 4836 facimus
2611 4790 2786 4836 autem
2815 4781 3031 4845 eadem,
3073 4781 3168 4834 sed
3199 4780 3368 4834 dolori
3407 4781 3566 4834 aliter
3592 4797 3826 4836 succur-

2229 4874 2415 4937 rimus,
2456 4873 2745 4943 ploratibus
2785 4872 2990 4926 scilicet
3012 4886 3076 4925 ac
3116 4871 3383 4926 lamentis.
3428 4871 3618 4927 Venite
3644 4888 3823 4942 ergo,

2228 4963 2475 5018 dolorum
2502 4978 2565 5018 ac
2606 4963 2895 5034 gemituum
2932 4962 3090 5016 socia:
3116 4970 3288 5017 estote
3323 4971 3585 5031 quotquot
3615 4963 3683 5018 ab
3718 4965 3828 5018 hac

2229 5054 2576 5110 obscmnitate
2603 5054 2733 5108 estis
2758 5053 2978 5116 alienm;
3007 5068 3126 5105 nam
3156 5052 3479 5107 calamitosa:
3509 5062 3566 5107 et
3596 5056 3825 5108 misera:

2230 5148 2333 5202 illac
2383 5146 2517 5201 forte
2564 5147 2615 5200 in
2659 5154 2802 5200 tanta
2845 5154 2969 5199 sunt
3013 5145 3256 5212 miseria,
3303 5154 3361 5198 ut
3396 5145 3523 5199 mali
3565 5145 3828 5200 dolorem

2230 5240 2396 5294 ullum
2421 5253 2524 5292 non
2551 5238 2800 5292 sentiant.
2835 5237 2939 5291 Sed
2962 5251 3054 5290 vos
3077 5251 3195 5305 qua:
3225 5237 3361 5290 hanc
3383 5237 3705 5305 suscepistis
3741 5239 3828 5290 vi-

2232 5339 2357 5394 tam,
2388 5330 2562 5400 digna:
2589 5328 2739 5384 facta:
2766 5329 2999 5383 thalamo
3023 5337 3079 5382 et
3097 5342 3313 5398 sponso,
3334 5328 3609 5398 lampades
3638 5329 3833 5385 claras

2230 5424 2477 5494 gestatis,
2516 5429 2572 5477 et
2609 5422 2834 5477 honesto
2875 5421 3190 5490 virginitatis
3231 5430 3374 5474 serto
3403 5421 3574 5489 magis
3610 5431 3834 5475 ornaLe

2231 5531 2386 5584 quam
2409 5528 2606 5569 corona
2651 5514 2794 5584 regia
2816 5555 2831 5579 ,
2861 5512 3122 5584 lacrymas
3161 5511 3364 5567 fundite
3408 5513 3694 5568 nobiscum
3722 5556 3742 5579 ,
3776 5525 3840 5568 et

2231 5620 2411 5660 amare
2439 5605 2597 5659 simul
2646 5603 2874 5673 ejulate;
2920 5619 3041 5657 nam
3070 5603 3172 5658 hoc
3205 5619 3310 5656 non
3361 5618 3588 5672 parvum
3620 5616 3715 5660 est
3745 5623 3817 5659 ro

2231 5696 2465 5752 medium
2501 5705 2553 5751 et
2579 5695 2644 5750 ad
2690 5694 2958 5750 curandos
2997 5706 3090 5749 eos
3117 5695 3205 5764 qui
3245 5695 3614 5750 incurabilitcr
3642 5714 3838 5768 mgn-

2237 5798 2370 5859 tant,
2399 5801 2452 5847 et
2479 5791 2546 5846 ad
2577 5790 2994 5847 consolationem
3025 5789 3335 5852 lugentium.
3367 5789 3479 5844 Hoc
3508 5792 3692 5862 ipsum
3731 5795 3836 5848 ali-
