4036 6416
283 278 388 336 515
909 277 1096 342 QUOD
1136 276 1547 334 REGULARES
1588 274 1868 330 FEMINE
1904 274 1943 328 ν

2048 272 2085 329 S
2121 272 2564 332 COHABITARE
2599 272 2737 329 NON
2775 271 3107 326 DEBEANT.

280 395 468 448 σοῦτον
486 399 625 453 κατά
645 390 847 463 ταύτης
878 393 1167 446 ἐνέπνευσε
1189 395 1288 463 τῆς
1310 393 1530 464 ἀγέλης,
1555 389 1740 460 ἐπειδὴ
1763 390 1943 461 μάλισ-

279 493 348 530 τα
369 475 478 530 ἀπὸ
499 473 699 545 ταύτης
721 474 868 544 ἐώρα
886 473 985 544 τῆς
1008 473 1285 543 φάλαγγος
1307 474 1556 546 λαμπρὸν
1583 473 1677 527 τοῦ
1707 472 1942 545 Χριστοῦ

278 558 338 611 τὸ
372 558 758 627 στρατόπεδον,
783 558 877 610 καὶ
908 557 1080 621 οὕτως
1114 559 1280 627 αὐτὴν
1306 559 1628 629 ἐπεχείρησε
1653 555 1946 626 καταισχῦ-

277 657 387 706 ναι,
425 642 501 705 ώς
529 640 731 710 βέλτιον
759 636 899 695 εἶναι
944 641 1127 694 λοιπὸν
1164 642 1296 712 μηδὲ
1341 641 1641 712 παρθένους
1667 636 1807 692 εἶναι
1850 640 1944 702 τὰς

276 724 421 779 οὕτω
447 725 508 778 τὸ
530 726 760 796 πρᾶγμα
788 723 1026 795 μετιέναι
1045 724 1320 797 ἐπιχειρού
1330 742 1443 789 σας.
1467 725 1538 777 Τὸ
1558 724 1614 776 δὲ
1642 724 1812 777 αἴτιον
1836 722 1944 776 τῶν

281 807 466 861 κακῶν
494 808 768 870 ἀπάντων,
798 808 878 859 ὄτι
911 806 1072 878 μέχρι
1114 808 1482 879 προσηγορίας
1503 807 1562 860 τὸ
1595 809 1826 877 πρᾶγμα
1853 806 1947 857 έσ-

278 890 544 960 τηκε.καὶ
560 890 617 943 ἐν
637 890 713 961 τῷ
730 889 954 959 στόματι
997 902 1022 930 α
1061 891 1121 943 τὸ
1162 892 1269 943 πᾶν
1302 889 1757 962 περιγέγραπται,
1809 882 1943 959 ὅπερ

280 973 559 1042 ἐλάχιστον
579 972 741 1043 μέρος
764 972 1059 1044 παρθενίας
1085 974 1221 1025 ἐστί·
1251 972 1316 1026 τὰ
1342 972 1399 1025 δὲ
1425 973 1823 1043 ἀναγκαιότερα
1850 972 1944 1024 καὶ

282 1056 516 1126 μάλιστα
562 1056 732 1127 αὐτὴν
773 1054 1055 1108 δεικνύντα
1108 1056 1398 1127 ἡμέληται,
1454 1057 1547 1109 καὶ
1594 1055 1716 1109 οῦτε
1751 1055 1945 1124 στολῆς

278 1140 512 1209 κοσμίας
523 1140 676 1208 λόγος
693 1140 901 1205 αὑταῖς,
925 1141 1024 1210 οὐχ
1038 1140 1268 1210 ἡσυχίας
1297 1138 1583 1209 παρθένοις
1604 1139 1941 1209 πρεπούσης,

277 1224 339 1276 οὐ
370 1224 732 1292 κατανύξεως,
767 1226 867 1277 οὐκ
900 1223 1060 1279 ἄλλου
1093 1224 1203 1277 τῶν
1251 1223 1508 1277 τοιούτων
1549 1223 1781 1286 οὐδενός·
1811 1221 1945 1276 ἀλλά

279 1307 374 1360 καὶ
402 1308 724 1377 φθέγγονται
747 1307 982 1371 εὐκόλως
1008 1306 1223 1361 ἅπαντα
1243 1348 1257 1372 ,
1292 1308 1388 1361 καὶ
1419 1306 1647 1375 γελῶσιν
1678 1306 1942 1377 ἀκαίρως.

279 1391 374 1443 καὶ
402 1391 781 1445 κατακλῶνται
804 1392 899 1444 καὶ
930 1390 1259 1461 θρύπτονται
1286 1389 1485 1459 μᾶλλον
1503 1388 1610 1443 τῶν
1636 1389 1729 1442 ἐπὶ
1751 1389 1844 1441 τοῦ
1859 1389 1947 1441 τέ-

277 1490 407 1542 γους
444 1474 886 1545 μαλακιζομένων
934 1474 1233 1542 γυναικῶν,
1266 1472 1528 1526 πάντοθεν
1581 1472 1946 1542 μηχανήματα

277 1560 391 1620 τοῖς
416 1556 615 1627 ὁρῶσιν
663 1558 886 1610 ἐνιεῖσαι
925 1556 976 1619 1³,
1009 1557 1103 1609 καὶ
1147 1557 1226 1619 εἰς
1248 1554 1345 1626 τὴν
1378 1554 1487 1608 τῶν
1535 1553 1944 1624 πορνευομένων

279 1638 553 1707 γυναικῶν
572 1638 959 1709 ἀσχημοσύνην
979 1637 1227 1692 εἰσωθεῖν
1254 1636 1450 1700 ἑαυτὰς
1475 1634 1947 1706 βιάζονται,καθά-

280 1739 386 1793 περ
402 1720 776 1792 ἁμιλλώμεναι
797 1722 933 1791 πρὸς
949 1723 1165 1785 ἐκείνας
1187 1722 1280 1774 καὶ
1298 1720 1694 1789 φιλονεικοῦσαι
1709 1719 1777 1773 τά
1798 1736 1947 1789 πρω-

278 1807 397 1858 τεῖα
421 1806 502 1868 εἰς
527 1803 788 1874 αἰσχύνης
808 1803 966 1870 δόξαν
994 1803 1199 1856 λαϐεῖν.
1227 1803 1395 1856 Πόθεν
1422 1804 1546 1873 γάρ,
1572 1802 1690 1856 εἰπέ
1720 1801 1948 1872 μοι,λοι-

281 1887 381 1940 πὸν
402 1886 743 1958 δυνησόμεθα
766 1886 865 1957 τὴν
886 1885 1139 1955 τοιαύτην
1172 1886 1441 1956 παρθένον
1474 1888 1573 1955 τῆς
1609 1885 1811 1949 τάξεως
1838 1883 1947 1949 ἐξε-

280 1967 466 2021 λέσθαι
500 1968 599 2035 τῆς
634 1967 857 2020 ἐκείνων
879 1968 972 2021 καὶ
998 1967 1098 2038 τῆς
1127 1968 1433 2031 κοινωνίας,
1452 1969 1579 2021 ὅταν
1600 1969 1695 2021 καὶ
1721 1967 1858 2036 αὐτὴ
1884 1965 1944 2018 τὸ

279 2052 411 2104 αὐτὸ
460 2054 585 2120 ποιῇ
631 2050 899 2113 ἐκείναις,
938 2049 1073 2103 νέων
1109 2048 1432 2114 ἐξαπατῶσα
1470 2050 1697 2121 καρδίας
1730 2061 1777 2114 ο,
1816 2050 1943 2102 ὅταν

278 2133 700 2204 ἁνεπτερωμένη
834 2133 927 2186 καὶ
963 2132 1190 2197 ἄσωτος,
1230 2135 1358 2186 ὅταν
1403 2134 1470 2186 τὰ
1505 2133 1642 2186 αύτά
1676 2136 1943 2202 φάρμακα

276 2217 461 2287 τρίϐῃ,
494 2217 587 2269 κοιλ⁵
624 2215 691 2269 τὰ
719 2217 859 2269 αὐτὰ
886 2216 1157 2289 κεραννύῃ
1181 2221 1435 2287 ποτήρια,
1464 2217 1555 2270 καὶ
1577 2217 1637 2270 τὸ
1666 2215 1798 2269 αὐτὸ
1845 2233 1941 2269 και

278 2298 587 2371 τασκευάξῃ
644 2299 905 2363 κώνειιιν;
941 2298 1078 2351 Ἀλλ’
1117 2302 1177 2352 οὐ
1211 2300 1377 2368 λέγει·
1409 2302 1591 2368 Δεῦρο
1633 2300 1731 2353 καὶ
1771 2300 1944 2369 ἐγκυ-

277 2383 583 2452 λισϐῶμεν
595 2382 782 2447 ἔρωτι,
795 2383 934 2448 οὐδὲ,
943 2385 1244 2452 Ἕρῤαγκα
1254 2400 1281 2435 τ
1290 2382 1368 2450 ὴν
1381 2384 1547 2448 κοίτη
1554 2401 1590 2435 r
1598 2399 1717 2451 μου
1729 2382 1941 2449 κρόκῳ,

279 2465 379 2518 καί
396 2466 507 2531 τὴν
555 2467 777 2532 κλίνην
805 2482 924 2535 μου
957 2465 1328 2535 κινναμώμῳ·
1356 2466 1469 2519 εἴθε
1502 2466 1600 2536 τὴν
1635 2464 1821 2534 κοίτην
1851 2467 1945 2517 καὶ

278 2549 379 2619 τὴν
406 2548 612 2619 κλίνην,
633 2551 726 2601 καὶ
753 2548 913 2618 μὴτά
944 2549 1133 2619 ἰμάτια
1157 2554 1250 2606 καὶ
1285 2549 1348 2602 τὸ
1376 2549 1553 2619 σῶμα.
1587 2549 1822 2601 Ἐκεῖναι
1846 2550 1944 2619 μὲν

278 2629 386 2700 γάρ
419 2630 557 2682 οἴκοι
595 2629 655 2682 τὸ
700 2629 893 2699 δέλεαρ
939 2630 1415 2701 κατακρύπτουσι,
1453 2630 1517 2684 σὺ
1569 2629 1626 2683 δὲ
1670 2631 1942 2700 πανταχοῦ

280 2712 593 2782 περιφέρεις
620 2711 717 2783 τὴν
741 2713 964 2781 παγίδα,
999 2714 1091 2766 καὶ
1121 2714 1511 2767 ἀναπετάσασα
1542 2713 1639 2782 τῆς
1662 2713 1856 2784 ἡδονῆς
1877 2714 1944 2766 τά

280 2797 457 2867 πτερά
475 2796 756 2865 περιάγεις
774 2797 867 2849 ἐπί
889 2799 987 2866 τῆς
1012 2798 1236 2867 ἀγορᾶς.
1269 2796 1406 2849 Ἀλλ’
1427 2798 1486 2849 ού
1504 2796 1804 2867 διελέχθης.
1823 2796 1944 2849 οὐδὲ

279 2873 433 2940 εἶπες
449 2880 629 2931 ἐκεῖνα
645 2879 713 2930 τά
736 2878 968 2948 πορνικά
993 2880 1233 2951 ῥήματα,
1247 2880 1449 2947 Δεῦρο,
1463 2879 1559 2933 καί
1583 2879 1945 2948 ἐγκυλισθῶ-

277 2979 393 3031 μεν
405 2963 592 3030 ἔρωτι·
611 2962 709 3014 οὐκ
724 2959 873 3024 εἶπες
887 2960 913 2999 ἀ
931 2965 996 3034 τῇ
1013 2962 1247 3036 γλώττῃ,
1262 2962 1375 3016 ἀλλ’
1391 2957 1542 3025 εἶπες
1571 2957 1648 3032 τῷ
1680 2963 1939 3031 σχήματι·

279 3043 381 3096 οὐκ
424 3041 673 3111 ἐφθέγξω
704 3040 782 3111 τῷ
814 3042 1065 3113 στόματι,
1097 3042 1211 3096 ἀλλ’
1242 3041 1490 3111 ἐφθέγξω
1524 3041 1598 3111 τῷ
1631 3042 1940 3111 βαδίσματι·

279 3122 380 3176 οὐκ
405 3121 742 3192 ἐκάλεσαςτῇ
760 3124 931 3192 φωνῇ,
949 3122 1337 3186 ἀλλ’ἐκάλεσας
1362 3122 1543 3191 φωνῆς
1565 3121 1944 3193 λαμπρότερον

278 3205 368 3259 διὰ
384 3206 492 3258 τῶν
510 3204 822 3275 ὀφθαλμῶν.
855 3204 1015 3258 Ἀλλά
1038 3205 1316 3259 καλέσασα
1342 3206 1441 3258 οὐκ
1457 3205 1663 3269 ἔδωκας
1692 3208 1940 3275 σεαυτήν.

281 3289 418 3341 Οὐδέ
444 3287 614 3350 οὕτως
646 3287 950 3357 ἀπήλλαξαι
980 3288 1078 3357 τῆς
1108 3289 1402 3359 ἁμαρτίας.
1422 3288 1531 3341 Καὶ
1555 3287 1664 3358 γὰρ
1682 3286 1833 3360 [250]
1851 3287 1943 3342 καὶ

279 3370 439 3424 τοῦτο
460 3371 643 3442 ἓτερον
659 3367 797 3435 εἶδος
824 3372 1096 3442 πορνείας·
1117 3372 1332 3442 καθαρά
1354 3372 1452 3443 τῆς
1475 3370 1683 3441 ὕϐρεως
1699 3370 1942 3442 ἔμεινας,

281 3455 418 3509 ἀλλά
442 3455 541 3525 τῆς
572 3456 907 3525 σωματικῆς,
922 3455 982 3508 οὐ
999 3456 1096 3525 τῆς
1119 3455 1373 3526 ψυχικῆς·
1394 3456 1487 3508 καὶ
1502 3456 1612 3525 ἀπή
1623 3454 1835 3524 ρτισταί
1862 3472 1944 3507 σοι

279 3538 350 3591 τά
373 3538 472 3609 τῆς
502 3539 774 3609 ἁμαρτίας
796 3538 1057 3602 πάντα,εί
1084 3539 1176 3591 καὶ
1207 3538 1281 3610 μὴ
1308 3538 1395 3592 διά
1423 3540 1522 3610 τῆς
1552 3538 1772 3608 μίξεως,
1809 3538 1944 3592 ἀλλὰ

279 3618 368 3671 διὰ
397 3619 495 3688 τῆς
519 3618 714 3688 ὅψεως.

351 3704 506 3769 Τίνος
539 3706 647 3777 γὰρ
677 3706 882 3766 ἕνεκεν,
901 3705 1022 3758 εἰπέ
1052 3704 1361 3775 μοι,καλεῖς
1389 3705 1514 3767 τοὺς
1551 3704 1861 3772 παριόνταςς
1892 3706 1944 3757 τί

279 3795 335 3847 δὲ
395 3795 647 3859 ἐξάπτεις
676 3795 738 3847 τὸ
768 3795 897 3865 πῦρ;
930 3794 1047 3858 πῶς
1073 3795 1129 3847 δὲ
1159 3794 1399 3864 νομίζεις
1436 3788 1575 3846 εἶναι
1605 3793 1820 3864 καθαρά
1844 3795 1944 3862 τῆς

280 3878 576 3948 ἁμαρτίας,
609 3878 788 3930 πᾶσαν
836 3878 1002 3948 αὐτὴν
1050 3877 1431 3948 ἐργασαμένης
1458 3876 1567 3928 Καὶ
1612 3875 1718 3946 γάρ
1742 3875 1944 3929 τέλειον

281 3959 523 4028 εἰργάσω
563 3956 747 4026 μοιχὸν
769 3957 860 4009 τὸν
886 3956 1079 4010 ἁλόντα
1110 3974 1202 4009 σου
1227 3956 1305 4027 τῷ
1336 3957 1570 4025 σχήματι
1597 3954 1791 4025 τούτῳ·
1828 3955 1944 4020 πῶς

278 4036 372 4094 οὖν
393 4039 617 4093 δύνασαι
641 4039 714 4110 μὴ
730 4033 868 4091 εἶναι
885 4039 1147 4109 μοιχαλὶς,
1166 4040 1293 4091 ὅταν
1308 4037 1367 4090 τὸ
1397 4037 1555 4106 ἔργον
1584 4053 1675 4088 σου
1701 4038 1945 4106 μοιχείας

280 4124 640 4193 ἁλίσκηταιςὴ
674 4121 781 4191 γάρ
812 4120 1018 4174 ἐκείνου
1052 4121 1214 4192 μανία
1247 4121 1336 4173 σὸν
1355 4119 1513 4190 ἔργον
1541 4119 1814 4171 ἐσά.”οτι
1836 4120 1944 4190 γάρ

281 4207 316 4276 ἡ
347 4202 827 4265 κατασκευάζουσα
854 4203 1072 4272 μοιχοὺς
1100 4202 1342 4272 μοιχείας
1363 4201 1646 4267 διαφυγεῖν
1678 4202 1943 4271 τιμωρίαν

280 4289 382 4341 οὐκ
404 4289 470 4342 ἂν
499 4287 752 4358 δυνηθείη
778 4286 927 4353 ποτὲ,
949 4286 1110 4339 παντί
1138 4302 1238 4338 που
1257 4284 1413 4355 δῆλόν
1442 4287 1580 4336 ἐστι.
1613 4284 1682 4335 Σὺ
1712 4284 1771 4335 τὸ
1796 4284 1944 4352 ξίφος

282 4367 581 4437 ἡκόνησας,
613 4367 677 4419 σὺ
709 4366 806 4436 τὴν
854 4365 1031 4431 δεξιὰν
1060 4364 1336 4427 ῶπλισας,
1375 4364 1439 4417 σὺ
1472 4365 1569 4433 τὴν
1597 4362 1943 4434 ὡπλισμένην

280 4451 460 4515 δεξιὰν
490 4451 628 4503 κατά
658 4450 754 4520 τῆς
776 4449 964 4512 ἀθλίας
983 4447 1200 4519 ῶθησας
1222 4447 1419 4518 ψυχῆς⁹
1453 4445 1568 4509 πῶς
1596 4441 1689 4498 οὖν
1718 4444 1943 4499 δύνασαι

280 4530 382 4599 τῆς
415 4531 507 4584 ἐπὶ
536 4529 612 4599 τῷ
647 4529 789 4600 φόνῳ
817 4528 989 4599 τούτῳ
1010 4528 1279 4599 τιμωρίας
1300 4524 1776 4589 ἀπαλλάττεσθαι;
1808 4525 1942 4578 Εἰπὲ

281 4612 391 4682 γάρ
416 4629 527 4681 μοι,
550 4612 701 4674 τίνας
724 4610 988 4681 μισοῦμεν
1012 4613 1106 4665 καὶ
1125 4610 1578 4682 ἀποστρεφόμεθα
1597 4611 1629 4678 ἡ
1640 4610 1777 4676 μεῖς;
1794 4609 1943 4672 τίνας

281 4689 338 4742 δέ
361 4692 410 4743 οἱ
441 4689 722 4759 νομοθέται
743 4689 837 4742 καὶ
855 4689 1102 4742 δικασταί
1124 4689 1428 4753 κολάζουσι;
1452 4690 1575 4751 τοὺς
1594 4687 1845 4751 πίνοντας
1875 4688 1944 4741 τὰ

281 4772 582 4843 δηλητήρια
610 4774 942 4845 φάρμακα,ἦ
959 4774 1084 4837 τοὺς
1107 4773 1468 4845 κεραννύντας
1484 4774 1581 4843 τὴν
1611 4772 1829 4834 κύλικα,
1849 4773 1943 4826 καί⁵

284 4859 787 4922 κατασκευάζοντας
816 4858 984 4923 αὐτὰ,
1013 4859 1106 4910 καὶ
1142 4856 1231 4909 διὰ
1259 4856 1358 4924 τῆς
1386 4857 1576 4926 τέχνης
1605 4856 1942 4920 ἀπολλύντας

281 4941 380 5010 τῆς
408 4941 619 5006 αὐτῶν;
653 4942 773 5013 οὐχὶ
813 4944 936 5004 τοὺς
972 4941 1226 5002 πίνοντας
1257 4940 1353 5010 μὲν
1404 4940 1497 4992 καί
1546 4938 1801 5009 ἐλεοῦμεν
1845 4940 1941 4993 ἆτε

282 5024 662 5091 ἠδικημένους,
688 5024 927 5086 ἐκείνους
952 5023 1009 5075 δὲ
1046 5022 1244 5085 πάσαις
1268 5020 1699 5092 καταδικάζομεν
1722 5022 1938 5092 ψήφοις

284 5106 391 5159 Καὶ
416 5108 516 5160 οὐκ
538 5108 697 5177 ἀρκεῖ
721 5107 856 5178 πρὸς
883 5106 1174 5174 ἀπολογίαν
1203 5107 1383 5169 αὐτοῖς
1410 5106 1470 5158 τὸ
1490 5106 1690 5173 λέγειν,
1714 5106 1794 5158 ὅτι
1828 5106 1941 5159 Ούκ

283 5190 517 5260 ἐμαυτὸν
540 5189 768 5259 ἔϐλαψα,
791 5190 904 5244 ἀλλ’
932 5192 1114 5261 ἓτερον
1139 5188 1413 5241 ἀπώλεσα·
1436 5189 1571 5242 ἀλλά
1591 5190 1684 5242 καὶ
1714 5190 1779 5242 δι’
1811 5190 1941 5243 αὐτὸ

286 5270 382 5340 μὲν
405 5270 562 5323 τοῦτο
589 5268 972 5340 χαλεπωτέραν
1002 5268 1202 5321 διδόασι
1228 5267 1400 5337 δίκην.
1438 5268 1508 5320 Σὺ
1534 5267 1617 5327 δὲ,
1650 5267 1810 5321 ἀθλία
1846 5268 1939 5322 καί¹

284 5353 614 5426 ταλαίπωρε,
645 5354 924 5424 κεράσασα
970 5352 1067 5423 τὴν
1099 5351 1294 5405 κύλικα
1318 5350 1414 5421 τὴν
1438 5351 1684 5421 ὀλεθρίαν
1712 5351 1936 5422 ταύτην,

344 5511 370 5541 ⁸
392 5509 652 5575 εανίιγκαὶ
673 5513 721 5560 ἐν
740 5513 809 5573 τῷ
835 5513 1040 5575 σώματι,
1057 5512 1236 5575 Morel.
1259 5517 1423 5562 autem
1449 5512 1530 5560 καὶ
1559 5511 1607 5559 ἐν
1624 5513 1694 5574 τῷ
1716 5510 1937 5572 στόματι,
1974 5505 1993 5522 ³

281 5584 424 5636 qupng
450 5574 712 5636 lectionem
735 5572 934 5622 séculuh
954 5583 1031 5623 est
1054 5572 1320 5636 interpres.

342 5633 372 5674 Β
391 5634 540 5699 8ξινίι.
575 5634 800 5699 πάντοθεν
828 5637 1160 5699 μηχανώμεναι
1188 5632 1315 5699 ’τοῖς
1334 5637 1508 5699 ὁρῶσιν
1531 5634 1732 5699 ἐγγίσαι.
1759 5632 1933 5682 Morel.

276 5696 501 5759 πάντοθεν
523 5696 839 5759 μηχανήματα
859 5696 956 5753 τοῖς
996 5699 1170 5758 ὁρῶσιν
1206 5696 1417 5747 ἐνιεῖσαι.
1441 5696 1549 5746 Mox
1588 5696 1735 5745 Savil.
1759 5710 1933 5757 πεπορ-

280 5757 538 5890 νμέμξίιῗῖἰ.
563 5819 680 5890 νέων
700 5820 973 5890 ἐξάπτεσθαι
990 5820 1199 5884 καρδίας,
1226 5820 1367 5870 male.

342 5877 368 5918 δ
391 5879 519 5927 δατὶι
575 5881 704 5937 εἶπας
721 5880 813 5933 bis.

3603 277 3707 333 MO

2044 388 2140 443 καὶ
2162 388 2395 460 ὀρέξασα
2419 390 2515 442 καὶ
2542 388 2707 443 δοῦσα
2740 388 2799 440 τὸ
2826 388 3136 458 φάρμακον,
3167 387 3304 458 μετά
3326 387 3385 442 τδ
3408 392 3550 444 πιεῖν
3574 392 3711 445 ἐκεῖ·

2041 486 2131 524 νον
2173 471 2268 523 καὶ
2291 469 2585 524 ἀπολέσθαι
2611 469 2904 537 ἀπολογίαν
2936 471 3104 540 σαυτῇ
3125 468 3364 539 νομίζεις
3398 470 3708 526 ὑπολελεῖφ-

2044 551 2154 618 θαι,
2171 552 2231 606 τὸ
2251 554 2324 623 μὴ
2350 553 2487 623 αὑτὴ
2514 555 2678 616 πιεῖν,
2714 552 2828 606 ἀλλ’
2860 553 3033 622 ἑτέρῳ
3058 554 3358 622 παρασχεῖν
3386 550 3448 606 τὸ
3475 552 3709 624 δηλητή-

2044 654 2180 707 ριον;
2199 637 2389 690 Καίτοι
2410 654 2472 705 γε
2499 638 2656 708 ὑμεῖς
2672 636 2778 690 τῶν
2807 635 3263 707 φαρμακοπωλῶν
3283 635 3504 689 ἐκείνων
3522 639 3710 690 τοσού-

2042 734 2119 787 τῳ
2150 716 2535 788 χαλεπωτέραν
2562 715 2759 769 δώσετε
2793 715 2970 786 δίκην,
3002 716 3111 786 ὅσῳ
3132 716 3225 767 καί
3249 715 3277 767 ό
3294 713 3520 778 θάνατος
3548 715 3709 785 χαλε-

2043 799 2304 870 πώτερος.
2330 800 2403 853 Ού
2427 800 2535 871 γάρ
2559 798 2715 870 σῶμα
2744 800 2923 866 μόνον,
2948 797 3081 852 ἀλλά
3097 799 3190 851 καὶ
3213 798 3386 871 ψυχὴν
3414 801 3706 871 ἀναιρεῖτε·

2043 882 2282 934 κάκεῖνοι
2306 882 2403 951 μὲν
2432 881 2735 951 πολλάκιςὴ
2756 880 2975 951 θυμῷ,ἢ
3006 882 3141 952 ὀργῇ
3170 881 3328 935 τοῦτο
3355 882 3706 953 πράττουσιν,

2042 965 2075 1034 ἢ
2109 964 2405 1035 χρημάτων
2438 964 2703 1034 δεόμενοι·
2755 965 2912 1033 ὑμεῖς
2951 963 3006 1015 δὲ
3041 964 3161 1016 ούδέ
3190 966 3269 1027 είς
3317 965 3522 1036 ταύτην
3555 966 3710 1038 ἔχετε

2043 1050 2375 1115 καταφυγεῖν
2407 1046 2503 1115 τὴν
2533 1046 2821 1117 πρόφασιν.
2841 1044 2977 1099 Οὔτε
3011 1046 3120 1118 γὰρ
3147 1047 3371 1119 ἐχθροὺς
3394 1048 3711 1114 όντας,ούτε

2043 1131 2387 1201 ἠδικηκότας,
2420 1129 2542 1183 οὗτε
2571 1130 2868 1201 χρημάτων
2888 1129 3136 1200 δεόμεναι
3164 1131 3321 1184 τοῦτο
3353 1135 3710 1196 ποιεῖτε,ἀλλ’

2044 1213 2185 1284 ὑπὲρ
2209 1212 2508 1277 κενοδοξίας
2536 1213 2703 1284 μόνης
2731 1212 2810 1276 εἰς
2841 1212 2937 1276 τὰς
2954 1212 3239 1284 ἀλλοτρίας
3267 1215 3484 1279 παίζετε
3512 1216 3708 1288 ψυχὰς.

2042 1296 2230 1366 τέρψιν
2257 1297 2464 1350 οἰκείαν
2490 1296 2581 1349 τὸν
2613 1296 2815 1366 ἐτέρων
2846 1295 3165 1366 ποιούμεναι
3201 1297 3450 1351 θάνατον.

2115 1378 2182 1448 β’.
2227 1378 2390 1431 Ἀλλά
2430 1378 2538 1448 γὰρ
2570 1379 2670 1431 οὐκ
2690 1374 2807 1431 οἶδα
2855 1378 2973 1441 πῶς
3005 1379 3297 1449 ἐξηνέχθην
3330 1380 3501 1434 ταῦτα
3539 1382 3712 1434 εἰπεῖν

2044 1462 2277 1533 ἑτέρωσε
2306 1462 2510 1534 ὁρμῶν·
2544 1462 2733 1533 διόπερ
2764 1462 3075 1524 ἐπανιτέον,
3103 1462 3224 1515 ὅθεν
3253 1463 3467 1534 ἐξέϐην.
3501 1465 3712 1535 Ὠσπερ

2044 1540 2151 1612 γάρ
2189 1541 2286 1595 οὐκ
2315 1541 2624 1613 ἀρκούντων
2678 1540 2882 1593 τούτων
2929 1541 3285 1612 καταισχῦναι
3313 1542 3373 1595 τὸ
3402 1544 3510 1595 πᾶν
3540 1543 3712 1607 ἔθνος,

2043 1619 2138 1672 καὶ
2166 1620 2292 1674 ἄλλο
2319 1639 2370 1674 τι
2411 1620 2571 1674 πλέον
2602 1621 2919 1684 ἐπενόησαν.
2946 1619 3098 1676 Ἀλλὰ
3147 1621 3334 1692 μηδεὶς
3364 1623 3492 1692 περὶ
3522 1624 3713 1677 πασῶν

2042 1702 2213 1757 ταῦτα
2239 1705 2489 1777 εἰρῆσθαι
2534 1705 2819 1777 νομιζέτω·
2845 1706 2905 1757 ού
2931 1704 3040 1774 γὰρ
3068 1704 3239 1769 οὕτως
3262 1706 3445 1770 ἄθλιός
3472 1708 3609 1777 εἰμι,
3638 1708 3713 1770 ὡς

2043 1787 2179 1858 ὁμοῦ
2203 1789 2377 1842 πάντα
2403 1789 2593 1861 φύρειν
2614 1792 2706 1843 καὶ
2732 1792 2969 1859 συγχεῖν.
2987 1790 3123 1860 Περί
3137 1790 3244 1861 γὰρ
3266 1791 3373 1844 τῶν
3401 1791 3713 1845 ὑπευθύνων

2044 1872 2139 1924 καὶ
2162 1872 2331 1925 ταῦτα
2358 1872 2592 1943 εἴρηται,
2607 1872 2701 1926 καὶ
2724 1874 2792 1926 τὰ
2824 1872 2961 1943 μετά
2982 1871 3153 1926 ταῦτα
3174 1874 3471 1943 εἰρήσεται.
3502 1876 3671 1928 Ὣσπε
3681 1893 3712 1945 ρ

2042 1953 2150 2025 γὰρ
2170 1955 2268 2007 ούκ
2294 1955 2605 2024 ἀρκούντων
2628 1954 2832 2008 τούτων
2857 1956 2937 2018 εἰς
2966 1954 3191 2026 βλάϐην,
3210 1958 3413 2028 ἄνδρας
3441 1958 3593 2022 τινὰς
3618 1961 3712 2012 ού-

2042 2036 2273 2105 ὃαμόθεν
2303 2039 2493 2101 αὐταῖς
2521 2039 2897 2109 προσήκοντας
2917 2038 3177 2093 λαϐοῦσαι
3200 2042 3708 2107 συγκατακλείουσι,

2042 2120 2138 2172 καὶ
2160 2120 2250 2172 τὸν
2274 2122 2451 2173 πάντα
2476 2120 2837 2185 συνοικίζουσι
2867 2121 3079 2191 χρόνον,
3098 2121 3345 2195 καθάπερ
3371 2124 3713 2194 ἐνδεικνύμε-

2044 2203 2247 2254 ναίκαὶ
2282 2203 2369 2255 διά
2389 2203 2592 2257 τούτων
2624 2205 2719 2257 καὶ
2752 2203 2840 2257 διά
2869 2204 2976 2259 τῶν
3017 2206 3342 2277 εἰρημένων,
3374 2208 3457 2260 ὅτι
3482 2209 3711 2262 ἄκουσαι

2042 2284 2240 2355 ἐπὶτὴν
2252 2286 2547 2356 παρθενίαν
2568 2285 2924 2357 εἰλκύσθησαν
2942 2288 3033 2341 καὶ
3061 2288 3179 2359 βίαν
3233 2291 3589 2361 ὑπομείνασαι
3613 2293 3712 2361 τὴν

2042 2367 2298 2437 ἐσχάτην·
2312 2370 2407 2421 καί
2428 2369 2600 2443 ταύτῃ
2614 2369 3061 2441 παραμυθοῦνται
3077 2372 3174 2445 τὴν
3198 2372 3317 2443 βίαν
3333 2374 3531 2447 καὶτὴν
3546 2376 3710 2441 ἀνάγ-

2042 2449 2247 2520 κην.Τί
2277 2450 2541 2521 γάρςούχί
2571 2451 2774 2505 τούτων
2805 2453 2971 2523 χείρω
2991 2454 3141 2526 παρὰ
3163 2455 3399 2520 πάντων,
3429 2457 3557 2509 ὃταν
3581 2456 3710 2510 ταῦ-

2040 2549 2110 2584 τα
2131 2532 2367 2603 γίνηται,
2386 2532 2600 2601 λέγεται
2636 2536 2730 2587 καὶ
2764 2535 2912 2605 παρὰ
2935 2535 3105 2604 φίλων
3128 2538 3219 2590 καὶ
3240 2538 3475 2603 οἱκείων;
3497 2538 3713 2601 Ταύτας

2040 2613 2097 2666 δέ
2114 2613 2212 2686 ζῇν
2240 2616 2273 2687 ἢ
2307 2615 2563 2670 ἀναπνεῖν
2595 2617 2731 2679 ὅλως
2756 2616 2881 2683 ἔδει,
2917 2618 3051 2671 ἀλλά
3080 2630 3103 2658 ε
3136 2623 3209 2690 μὴ
3234 2620 3579 2691 διαπρίεσθαι
3618 2623 3712 2692 μέ-

2043 2713 2162 2761 σας,
2205 2696 2238 2767 ἡ
2269 2698 2692 2770 κατορύττεσθαι
2725 2698 2906 2764 ζώσας
2939 2702 3056 2770 μετ’
3084 2702 3308 2755 ἐκείνων
3346 2703 3561 2769 αὐτῶνς
3599 2705 3710 2757 Καὶ

2040 2779 2149 2848 γὰρ
2174 2780 2265 2832 καὶ
2292 2779 2465 2834 ταῦτα
2502 2781 2597 2834 καὶ
2626 2780 2832 2835 τούτων
2889 2784 3066 2853 πολλῷ
3120 2785 3339 2838 πλείονα
3361 2785 3595 2848 ἅπαντες
3623 2786 3708 2838 λέ-

2040 2876 2216 2927 γουσι·
2241 2864 2336 2915 καὶ
2364 2861 2515 2935 [251]
2531 2863 2728 2934 δρόμος
2755 2864 2941 2918 λοιπὸν
2973 2867 3092 2928 ταῖς
3124 2867 3311 2936 μαίαις
3330 2868 3450 2920 καθ’
3474 2868 3709 2938 ἑκάστην

2041 2950 2255 3021 ἡμέραν
2281 2953 2372 3005 ἐπὶ
2391 2953 2486 3016 τὰς
2514 2952 2620 3005 τῶν
2649 2953 2933 3024 παρθένων
2961 2955 3155 3020 οἰκίας,
3186 2955 3434 3029 καθάπερ
3461 2957 3596 3028 πρὸς
3609 2959 3706 3018 τὰς

2040 3032 2353 3099 ώδινούσας,
2369 3036 2467 3107 οὐχ
2488 3035 2627 3089 ὥστε
2656 3036 2905 3106 λοχεῦσαι
2931 3037 3217 3090 τίκτουσαν
3244 3040 3455 3107 (γέγονε
3480 3040 3577 3110 μὲν
3600 3040 3708 3109 γὰρ

2041 3116 2136 3169 καὶ
2167 3117 2258 3169 ἐπί
2290 3134 2452 3172 τινων
2475 3119 2570 3171 καὶ
2598 3117 2799 3187 τοῦτο),
2831 3119 2944 3173 ἀλλ’
2974 3119 3115 3173 ὥστε
3146 3120 3437 3189 διαγνῶναι
3460 3121 3710 3193 καθάπερ

2041 3198 2135 3251 ἐπὶ
2154 3198 2262 3251 τῶν
2281 3200 2601 3270 ὠνουμένων
2624 3200 3134 3273 θεραπαινίδων,τίς
3157 3204 3255 3274 μὲν
3269 3204 3705 3276 ἡδιεφθαρμένη.

2040 3283 2125 3345 τίς
2157 3282 2214 3335 δὲ
2242 3285 2275 3354 ἡ
2303 3283 2596 3354 ἀνέπαφος·
2625 3287 2718 3338 καὶ
2747 3289 2779 3355 ἡ
2815 3286 2913 3356 μὲν
2938 3286 3214 3358 ὑπήκουσε
3247 3288 3445 3358 ῥαδίως
3471 3292 3536 3360 τῇ
3562 3290 3707 3343 δοκι-

2044 3365 2237 3436 μασίᾳ,
2274 3367 2307 3437 ἡ
2335 3367 2393 3420 δὲ
2440 3370 2657 3421 ἀντεῖπε
2679 3408 2693 3430 ,
2735 3367 2828 3420 καὶ
2857 3369 3005 3439 αὐτῷ
3032 3368 3207 3441 τούτῳ
3256 3371 3710 3442 καταισχυνθείσα

2041 3447 2305 3517 ἀπῆλθεν,
2338 3452 2386 3503 εἰ
2413 3452 2507 3503 καὶ
2539 3452 2612 3521 μὴ
2641 3450 2946 3523 διέφθαρτο·
2976 3454 3069 3506 καὶ
3094 3455 3127 3524 ἡ
3156 3455 3253 3524 μέν
3282 3455 3445 3519 ἑάλω,
3466 3459 3499 3526 ἡ
3528 3455 3585 3509 δέ
3613 3458 3711 3525 οὐχ

2041 3538 2201 3603 ἐάλω,
2230 3539 2325 3592 καὶ
2367 3537 2505 3608 αὑτὴ
2537 3537 2593 3590 δὲ
2634 3539 2795 3593 πάλιν
2827 3540 2925 3612 οὐχ
2954 3535 3115 3612 ἦττον
3139 3543 3353 3614 ἐκείνης
3374 3543 3707 3614 αἰσχύνεται,

2045 3626 2119 3697 μὴ
2147 3626 2432 3696 δυνηθεῖσα
2454 3624 2762 3691 ἀξιόπιστος
2795 3628 2903 3680 ἀπὸ
2928 3627 3021 3681 τοῦ
3049 3630 3250 3701 τρόπου
3281 3632 3535 3701 φανῆναι,
3573 3631 3708 3685 ἀλλά

2046 3710 2350 3781 μαρτυρίας
2380 3711 2477 3778 τῆς
2503 3708 2610 3761 ἀπὸ
2637 3709 2735 3779 τῆς
2767 3711 3065 3777 ἐξετάσεως
3097 3712 3364 3783 δεηθεῖσα.
3394 3713 3580 3767 Πόσων
3611 3715 3711 3770 οὐκ

2043 3793 2167 3856 ἄξια
2188 3792 2359 3845 ταῦτα
2390 3791 2676 3863 δακρύων;
2716 3794 2897 3846 πόσων
2924 3796 3024 3848 οὐκ
3052 3795 3177 3861 ἀξια
3216 3795 3494 3864 θανάτων;
3534 3799 3629 3862 Τίς
3652 3800 3709 3853 δὲ

2042 3876 2184 3929 οὕτω
2218 3876 2415 3938 λίθινος
2443 3875 2536 3928 καὶ
2570 3876 2925 3947 ἀσυμπαθὴς,
2958 3879 3033 3941 ὡς
3064 3881 3137 3950 μὴ
3170 3880 3484 3951 πυρωθῆναι
3520 3882 3610 3935 καὶ
3640 3885 3710 3936 τά

2041 3960 2136 4014 τοῦ
2167 3960 2350 4020 Φινεές
2372 3959 2584 4025 παθεῖν;
2614 3958 2754 4012 Ἀλλ’
2779 3961 2986 4024 ἐκεῖνος
3019 3962 3138 4031 μὲν,
3167 3966 3214 4016 εἰ
3238 3963 3377 4017 κατὰ
3402 3965 3491 4019 τὸν
3520 3967 3711 4035 καιρὸν

2043 4046 2248 4097 ἐκεῖνον
2269 4043 2471 4110 ταύτην
2496 4039 2601 4096 οἶδε
2639 4045 2928 4115 γινομένην
2956 4044 3055 4116 τὴν
3085 4047 3493 4118 ἀσχημοσύνην,
3516 4051 3614 4104 οὐκ
3644 4052 3710 4104 ἀν

2042 4126 2220 4180 αὐτῶν
2249 4126 2521 4195 ἐφείσατο,
2566 4125 2680 4179 ἀλλ’
2708 4126 2963 4197 ἐποίησεν
3004 4128 3070 4181 ἂν
3117 4130 3299 4192 ταυτὸ,
3339 4132 3474 4203 ὅπερ
3498 4135 3589 4186 καὶ
3616 4138 3709 4188 ἐπὶ

2041 4207 2140 4277 τῆς
2167 4204 2543 4268 Μαδιανίτιδος
2570 4206 2692 4258 τότε
2718 4207 3032 4275 εἰργάσατο·
3052 4210 3212 4278 ἡμεῖς
3235 4210 3291 4262 δὲ
3324 4211 3404 4279 (οὐ
3436 4212 3543 4286 γὰρ
3565 4215 3711 4283 ἑφεῖ..

2041 4306 2129 4343 ται
2154 4288 2397 4358 ἁρπάσαι
2427 4290 2719 4358 μάχαιραν,
2750 4288 2868 4342 οὐδὲ
2893 4290 3149 4361 κεντῆσαι
3174 4290 3253 4361 τῷ
3287 4294 3621 4366 σειρομάστῃ
3648 4300 3706 4351 τὸ

2041 4371 2110 4424 τά
2140 4370 2364 4423 τοιαῦτα
2392 4369 2867 4441 πλημμελοῦντας)
2898 4372 3180 4444 πάσχομεν
3212 4375 3311 4444 μὲν
3338 4376 3532 4440 ταυτά,
3566 4379 3709 4450 άπερ

2042 4455 2249 4518 ἐκεῖνος
2268 4454 2466 4507 ἔπαθεν
2486 4458 2514 4508 ό
2533 4455 2706 4523 ἀγιος,
2734 4454 2794 4507 ού
2819 4455 3035 4528 δρῶμεν
3061 4457 3118 4509 δὲ
3145 4456 3336 4522 ταυτά,
3363 4458 3476 4512 ἀλλ’
3506 4460 3712 4531 ἑτέρως

2043 4533 2514 4610 παραμυθούμεθα
2566 4534 2664 4603 τὴν
2691 4533 2884 4604 ὀδύνην
2904 4574 2919 4598 ,
2942 4536 3009 4587 δι’
3038 4535 3289 4605 ὀδυρμῶν
3329 4539 3423 4591 καί
3473 4536 3705 4610 θρήνων.

2043 4598 2212 4681 Δεῦρο
2224 4598 2337 4678 οῦν,
2354 4612 2718 4683 συναλγήσατέ
2743 4630 2832 4679 μοι
2857 4616 2951 4666 καὶ
2980 4598 3490 4683 συστενάξατεβσαι
3506 4598 3708 4690 ταύτης

2044 4696 2200 4759 ἐκτός
2224 4696 2347 4747 ἐστε
2368 4694 2467 4763 τῆς
2490 4694 2771 4765 αἰσχύνης·
2806 4696 2863 4748 αἰ
2896 4695 3004 4768 γάρ
3038 4696 3218 4750 ἄθλιαι
3251 4700 3344 4752 καὶ
3370 4696 3706 4772 ταλαίπωροι

2044 4780 2247 4831 ἐκεῖναι
2280 4779 2371 4831 καὶ
2414 4777 2747 4847 ἀναλγησίαν
2788 4778 2916 4842 ἴσως
2950 4780 3088 4848 μετά
3131 4781 3239 4835 τῶν
3274 4782 3449 4837 ἄλλων
3491 4786 3705 4839 νοσοῦσι

2043 4860 2251 4916 κακῶν.
2281 4861 2418 4913 Ἀλλ’
2449 4861 2691 4932 ύμεῖς,αἰ
2710 4860 2897 4915 τοῦτον
2924 4863 3316 4935 ἀναδεξάμεναι
3344 4866 3434 4919 τὸν
3463 4867 3706 4938 βίον,καὶ

2040 4943 2135 4996 τοῦ
2163 4943 2446 5013 νυμφῶνος
2476 4942 2894 5013 καταξιούμεναι
2938 4946 3032 4998 καὶ
3055 4947 3149 5000 τοῦ
3178 4949 3432 5018 νυμφίου,
3455 4950 3550 5003 καλ⁸
3578 4970 3703 5020 φαι-

2041 5025 2172 5097 δράς
2202 5026 2421 5097 ἔχουσαι
2445 5027 2543 5091 τὰς
2564 5026 2868 5097 λαμπάδας,
2888 5030 2982 5082 καὶ
3007 5029 3086 5100 τῷ
3100 5030 3263 5102 τιμίῳ
3287 5033 3387 5102 τῆς
3406 5034 3704 5103 παρθενίας

2043 5109 2240 5172 παντὸς
2264 5110 2591 5180 διαδήματος
2630 5110 2909 5181 βασιλικοῦ
2969 5110 3166 5180 μᾶλλον
3189 5113 3556 5184 κοσμούμεναι
3578 5134 3667 5169 στε
3682 5150 3701 5157 -

2042 5193 2214 5263 φάνῳ,
2241 5193 2546 5263 δακρύσατε
2573 5195 2669 5247 σὺν
2693 5196 2842 5264 ἡμῖν,
2876 5195 2969 5248 καὶ
3004 5196 3215 5265 πικρῶς
3253 5197 3611 5267 ἀνοιμώξατε·
3640 5204 3701 5253 ού

2043 5276 2236 5348 μικρὸν
2260 5277 2416 5329 τοῦτό
2440 5277 2557 5329 ἐστι
2586 5277 2876 5348 φάρμακον
2927 5279 3018 5331 καὶ
3063 5282 3143 5342 εἰς
3178 5279 3460 5350 διόρθωσιν
3492 5284 3599 5335 τῶν
3638 5288 3703 5337 τά

2038 5364 2231 5416 ἀνίατα
2258 5362 2578 5427 νοσούντων,
2609 5364 2704 5417 καὶ
2741 5365 2821 5429 εἰς
2848 5365 3202 5437 παραμυθίαν
3233 5367 3340 5421 τῶν
3375 5367 3444 5421 τὰ
3480 5371 3701 5424 ἐκείνων

2037 5444 2395 5517 ὀδυρομένων·
2434 5446 2593 5499 τοῦτο
2624 5447 2717 5500 καὶ
2736 5448 2765 5499 ό
2820 5449 3053 5519 νυμφίος
3081 5451 3110 5503 ό
3136 5450 3397 5521 ὑμέτερος
3436 5454 3701 5524 πεποίηκέ

2038 5549 2188 5590 ποτε.
2252 5534 2364 5605 Τὴν
2411 5534 2521 5605 γάρ
2553 5534 2908 5606 Ἰερουσαλὴμ
2943 5536 3080 5606 πρὸς
3136 5536 3361 5606 ἔσχατον
3431 5539 3703 5603 ἀπωλείας

2036 5616 2449 5687 κατενεχθεῖσαν
2515 5616 2670 5684 ἰδὼν,
2728 5618 2821 5671 καὶ
2889 5620 3071 5673 οὐκέτι
3142 5620 3445 5690 δυναμένην
3480 5622 3699 5690 ἀνενεγ-

2038 5703 2154 5754 κεῖν
2201 5700 2308 5753 ἀπὸ
2362 5700 2462 5771 τῆς
2529 5701 2874 5781 ἀρρωστίας,
2940 5703 3249 5776 ἐδάκρυον
3303 5705 3397 5757 καὶ
3453 5706 3546 5757 ἐπὶ
3601 5707 3702 5778 τῆς

2107 5819 2130 5847 ε
2151 5816 2315 5887 Salii];
2334 5819 2660 5887 ).e’yar_a_u_,_ml
2695 5820 2883 5871 οἰκείων
2925 5821 3006 5871 καὶ
3054 5823 3217 5886 φίλων.
3261 5822 3445 5882 Ταύτας
3475 5821 3547 5875 ad
3588 5824 3703 5887 ζῇνς

2039 5880 2254 5928 ἀναπνεῖν
2276 5880 2396 5936 ὅλως
2409 5897 2422 5934 '.
2446 5880 2584 5929 ἀλλά.
