4036 6416
313 446 419 501 5I7

314 559 525 629 quando
554 569 607 612 et
633 572 861 627 sponsas
884 565 1063 610 vester
1088 553 1231 607 feeit.
1260 553 1392 608 Nam
1416 569 1539 609 eum
1570 552 1778 608 videret
1800 551 1894 606 Je-

320 652 551 704 rusalem
603 650 655 702 in
710 659 1005 702 extremam
1038 646 1388 715 perditionem
1416 646 1706 711 inductam,
1734 645 1803 699 ita
1843 654 1898 700 ut

322 757 423 792 non
451 750 628 809 posset
648 739 756 807 jam
785 737 851 791 ab
883 735 1188 790 inﬁrmitate
1212 735 1390 793 reduci
1412 775 1427 801 ,
1458 736 1718 806 lacrymas
1763 733 1896 789 fudit

321 829 471 899 (Luc.
518 829 603 883 19.
624 827 720 900 41)
752 870 765 893 ,
796 839 850 882 et
880 828 930 879 in
966 827 1250 880 Bethsaida
1292 826 1655 880 admonitione
1680 824 1893 894 quidem

322 937 425 975 non
454 928 537 973 est
566 934 689 973 usus
720 934 889 988 neque
916 919 1115 987 signis,
1146 918 1405 972 miserans
1441 926 1617 971 autem
1658 917 1896 971 civitates

324 1012 516 1072 solum,
550 1009 638 1063 Va:
666 1009 890 1063 subinde
926 1009 1254 1072 inclamavit,
1285 1010 1421 1063 sicut
1444 1018 1497 1063 et
1538 1023 1633 1061 nos
1676 1007 1896 1061 facimus

322 1106 373 1157 in
404 1105 466 1156 iis
512 1104 599 1172 qui
645 1103 873 1155 animam
911 1101 1020 1171 jam
1051 1101 1253 1155 el'llant.
1298 1102 1427 1155 Item
1472 1101 1660 1155 beatus
1702 1100 1896 1154 Paulus

322 1196 566 1264 exetnplo
594 1194 828 1263 Magistri
870 1194 949 1247 sui
980 1209 1083 1247 non
1110 1194 1339 1247 cessavit
1372 1209 1465 1264 per
1492 1208 1704 1247 onmem
1732 1193 1893 1246 vitam

322 1302 471 1339 suam
501 1301 614 1350 eos,
645 1287 733 1355 qui
754 1285 1085 1345 exciderant,
1119 1295 1169 1337 et
1189 1286 1279 1353 qui
1310 1285 1363 1337 in
1391 1285 1539 1339 ruina
1566 1299 1661 1338 sua
1687 1299 1899 1339 manse-

324 1388 465 1442 rant,
493 1388 547 1430 et
590 1391 865 1445 resurgere
902 1388 1082 1444 postea
1127 1376 1426 1440 noluerant,
1469 1374 1748 1443 deplorare
1789 1383 1895 1428 tam

325 1485 527 1534 amare,
556 1480 615 1522 ut
654 1471 751 1522 hac
796 1469 966 1522 valida
999 1469 1439 1523 determinatione
1483 1469 1806 1538 significaret
1846 1479 1901 1522 et

327 1562 582 1615 scriberet
602 1560 857 1615 Romanis
882 1561 1064 1614 dicens
1088 1578 1101 1613 :
1130 1560 1355 1613 Tristitia
1383 1561 1503 1613 mihi
1529 1571 1599 1613 est
1626 1576 1828 1628 magna,
1853 1570 1899 1613 et

326 1654 591 1707 continuus
629 1652 773 1707 dolor
812 1654 953 1707 cordi
996 1670 1127 1706 meo.
1185 1652 1433 1721 Optabam
1480 1654 1614 1707 enim
1656 1670 1746 1723 ego
1793 1654 1901 1722 ipse

327 1746 599 1798 anathema
645 1761 750 1797 esse
776 1761 807 1797 a
833 1743 1032 1798 Christo
1078 1760 1168 1814 pro
1217 1745 1455 1815 fratribus
1494 1745 1633 1809 meis,
1677 1745 1760 1813 qui
1787 1755 1899 1797 sunt

328 1837 528 1904 cognati
555 1835 650 1889 mei
673 1836 945 1889 secundum
968 1851 1191 1901 carnem,
1211 1836 1294 1905 qui
1317 1845 1429 1889 sunt
1448 1833 1705 1889 Israelin
1723 1833 1897 1905 (Rom.

329 1928 381 1980 9.
396 1926 534 1995 2-4).
555 1926 713 1981 Vides
726 1935 974 1996 quantam
992 1926 1221 1981 habeant
1240 1927 1398 1981 verba
1415 1927 1728 1997 emphasim,
1744 1944 1901 1997 quan-

332 2028 436 2070 tam
467 2019 788 2072 anxietatem
816 2018 992 2071 cordis
1021 2033 1130 2087 prie
1157 2033 1213 2072 se
1242 2017 1452 2073 ferant?
1481 2017 1698 2087 Insuper
1717 2018 1903 2074 ﬁdeles

331 2110 689 2164 claudicantes
714 2121 767 2164 ct
806 2111 1204 2180 tempestatibus
1231 2111 1515 2179 depressos
1542 2112 1620 2165 sic
1638 2111 1900 2180 deplorat,

332 2200 483 2267 quasi
513 2202 624 2270 ipse
652 2200 838 2255 eadem
884 2200 1020 2255 mala
1048 2202 1397 2271 experiretur.
1430 2200 1555 2265 Quis
1592 2202 1767 2264 enim,
1797 2203 1901 2267 ait,

330 2292 635 2359 inﬁrmatur,
661 2302 707 2346 et
734 2309 822 2362 ego
850 2310 950 2346 non
987 2294 1255 2361 infirmor?
1281 2294 1392 2361 quis
1424 2294 1826 2359 scandalizatur,
1859 2304 1905 2347 et

331 2399 420 2455 ego
447 2400 545 2436 non
574 2399 694 2437 uror
726 2382 799 2453 (2.
831 2382 950 2438 Cor.
984 2385 1071 2437 II.
1106 2381 1237 2456 29)?
1262 2384 1331 2437 Et
1364 2400 1466 2438 non
1509 2385 1655 2449 dicit,
1687 2385 1902 2450 tristor,

333 2475 449 2539 sed,
483 2493 619 2542 uror,
651 2476 1034 2531 intolerabilem
1057 2487 1111 2531 et
1141 2478 1507 2533 incredibilem
1539 2479 1776 2534 dolorem
1807 2494 1905 2551 per

333 2566 631 2619 incendium
680 2568 956 2622 enuntiare
992 2568 1195 2622 volens.
1237 2568 1510 2623 Imitemur
1560 2570 1717 2639 igitur
1744 2571 1904 2624 etiam

334 2671 430 2710 nos
470 2666 522 2710 et
556 2659 831 2712 Dominum
872 2666 1111 2713 nostrum
1139 2668 1192 2715 et
1215 2676 1550 2715 conservum.
1591 2661 1720 2715 Nam
1752 2663 1905 2717 nobis

333 2748 524 2803 borum
548 2751 838 2818 gemitnum
866 2768 970 2806 non
988 2764 1146 2822 parva
1168 2754 1271 2809 erit
1294 2769 1498 2810 merces
1521 2772 1535 2819 ;
1566 2756 1703 2809 sicut
1729 2770 1906 2825 neque

332 2839 618 2908 vulgat-iter
647 2842 1106 2910 reprehenduntur
1132 2858 1161 2897 a
1192 2845 1301 2898 Deo
1326 2845 1417 2913 qui
1454 2845 1653 2915 absque
1680 2848 1907 2900 commi-

331 2933 599 2985 seratione
632 2945 849 2985 suorum
891 2935 1250 2989 membrorum
1294 2936 1431 2989 mala
1472 2945 1901 3006 praetercurrunt.

333 3022 398 3073 Iit
440 3022 566 3074 illud
609 3023 820 3091 quidem
870 3024 1009 3094 apud
1057 3026 1495 3094 patientissimum
1545 3028 1900 3097 Ezechielem,

333 3115 433 3169 hoc
459 3133 583 3170 vero
602 3118 739 3187 apud
767 3119 975 3175 beatum
1001 3120 1272 3177 Miehzeam
1294 3124 1472 3180 videre
1489 3125 1630 3180 licet.
1654 3125 1747 3181 Ille
1759 3127 1901 3181 enim

331 3209 477 3272 dicit,
509 3209 820 3267 eumJudtei
852 3214 903 3267 in
932 3227 1228 3269 extremum
1250 3217 1511 3270 malorum
1537 3219 1827 3284 venissent,
1851 3227 1906 3273 et

331 3312 520 3370 sponte
546 3301 803 3356 idolorum
843 3304 987 3358 cultu
1028 3320 1086 3361 se
1126 3306 1585 3376 coinquinassent,
1616 3309 1903 3379 imperasse

332 3393 496 3447 Deum
521 3394 636 3448 dari
677 3396 882 3466 signum
910 3414 1071 3467 super
1117 3399 1276 3455 facies
1307 3401 1538 3455 virorum
1577 3406 1899 3472 gementium

331 3492 385 3535 et
404 3483 695 3539 dolentium
725 3503 884 3555 super
914 3490 976 3541 iis
1005 3506 1122 3557 qua:
1154 3491 1365 3545 fiebant.
1392 3492 1573 3561 Neque
1598 3494 1737 3548 enim
1768 3496 1898 3549 sim-

333 3575 537 3643 pliciter
560 3593 773 3646 gemere
794 3590 1023 3648 oportet,
1058 3583 1151 3636 sed
1177 3595 1231 3637 et
1259 3585 1468 3648 dolere;
1498 3588 1740 3655 quamvis
1770 3588 1903 3643 nihil

332 3681 577 3735 umquam
619 3668 851 3723 dixerint
896 3671 977 3725 vel
1027 3671 1248 3727 fecerint
1293 3675 1368 3728 illi
1407 3675 1474 3729 ad
1518 3679 1902 3732 correctionem

330 3775 513 3813 eorum
544 3777 662 3830 qua:
692 3763 918 3826 ﬁebant;
951 3765 1043 3818 sed
1071 3767 1317 3833 quoniam
1357 3782 1450 3821 sua
1491 3769 1779 3823 intulerant
1812 3784 1902 3823 so-

330 3851 460 3916 lum,
495 3860 698 3906 tantum
724 3853 897 3923 adepti
926 3866 1049 3909 sunt
1078 3856 1330 3911 honorem
1354 3873 1384 3911 a
1408 3859 1737 3913 misericordi
1772 3860 1900 3925 Deo,

331 3951 458 3995 utet
496 3944 832 3999 securitatem
864 3956 917 3999 et
960 3947 1182 4016 gloriam
1216 3949 1431 4002 multam
1473 3961 1899 4020 assequerentnr.

330 4033 575 4089 Michzeas
616 4046 792 4089 autem
834 4053 954 4091 eum
984 4040 1100 4092 aliis
1131 4040 1663 4108 reprehensionibus,
1692 4058 1902 4097 comes-

329 4126 548 4179 sationis
595 4136 648 4180 et
701 4129 973 4183 ebrietatis
1012 4138 1067 4184 et
1109 4130 1429 4185 inunctionis
1476 4142 1899 4202 unguentorum,

328 4216 469 4269 aliud
498 4216 678 4286 adjicit
706 4219 928 4283 crimen,
961 4236 1153 4289 nempe
1175 4220 1438 4276 defectum
1476 4224 1900 4279 commiseratio-

328 4311 411 4361 nis
430 4350 445 4375 ,
479 4309 556 4364 sic
595 4311 778 4364 dicens
808 4329 820 4363 :
849 4311 1025 4379 Neque
1066 4313 1495 4384 compatiebantur
1525 4333 1677 4387 super
1712 4319 1900 4371 contri—

329 4404 460 4454 tione
484 4400 675 4470 Joseph
701 4403 873 4471 (Amos
896 4404 947 4458 6.
978 4404 1055 4473 6).
1086 4404 1154 4459 Et
1196 4420 1289 4460 eos
1317 4407 1405 4475 qui
1428 4406 1735 4462 habitabant
1771 4409 1904 4462 civi-

328 4502 487 4547 tatem
529 4495 704 4549 Euan
736 4497 751 4527 ι
785 4507 999 4565 pr0pter
1042 4497 1142 4552 hoc
1189 4498 1553 4567 reprehendit,
1599 4501 1789 4556 iterum
1815 4502 1898 4556 di-

325 4602 489 4639 cens:
526 4588 672 4651 Quod
704 4606 803 4641 non
845 4590 991 4642 exivit
1034 4599 1088 4642 ut
1117 4590 1337 4659 ploraret
1367 4591 1573 4645 domum
1613 4594 1901 4663 contiguam

334 4677 519 4741 (.tfich.
554 4681 602 4731 1.
647 4681 753 4747 tl).
799 4680 853 4735 Si
886 4693 1061 4735 autem
1090 4683 1176 4735 ubi
1220 4683 1358 4738 Deus
1396 4685 1669 4750 irascitur,
1717 4702 1899 4756 repre-

327 4767 509 4821 liendit
536 4786 656 4821 eum
699 4772 786 4839 qui
809 4789 919 4825 non
951 4776 1266 4841 compatitur
1305 4775 1352 4829 ei
1396 4776 1484 4845 qui
1530 4777 1762 4846 punitur,
1794 4794 1898 4849 qua

327 4860 476 4912 venia
517 4860 705 4929 dignus
753 4863 855 4915 erit
888 4863 975 4932 qui
1005 4879 1109 4917 non
1148 4865 1394 4921 condolet
1434 4883 1554 4922 cum
1579 4883 1674 4935 eo,
1702 4872 1791 4940 qui
1843 4868 1897 4926 in

328 4961 597 5019 peccatum
638 4955 913 5023 prolapsus
938 4957 1057 5011 est?
1084 4957 1267 5027 Neque
1310 4960 1540 5028 mireris,
1571 4962 1616 5016 si
1654 4972 1898 5032 Oporteat

324 5061 422 5098 nos
468 5046 627 5100 simul
672 5047 857 5103 dolere
897 5066 1013 5105 cum
1064 5051 1127 5104 iis
1169 5053 1259 5123 qui
1301 5054 1606 5123 puniuntur,
1654 5059 1896 5125 quamvis

326 5138 464 5191 Ilcus
503 5138 719 5206 puniat;
748 5155 919 5209 neque
960 5142 1099 5195 cnim
1133 5144 1273 5198 Deus
1316 5146 1430 5214 ipse
1455 5147 1547 5216 qui
1591 5149 1742 5217 punit
1783 5151 1896 5204 vult

324 5227 422 5281 hoc
466 5227 638 5281 facere
666 5245 680 5283 :
714 5229 835 5283 Non
874 5233 1005 5285 enim
1040 5235 1295 5289 voluntate
1327 5238 1440 5291 uolo
1478 5249 1685 5292 mortem
1720 5258 1896 5309 pecca-

321 5312 442 5364 totis
469 5312 677 5381 (Ezech.
706 5314 792 5369 18.
836 5316 950 5385 25),
985 5317 1171 5387 inquit.
1217 5319 1273 5374 Si
1310 5320 1466 5390 igitur
1490 5322 1579 5392 qui
1607 5324 1891 5380 vindictam

319 5404 500 5466 sumit,
531 5420 636 5457 non
659 5406 771 5459 vult
811 5407 1098 5462 vindictam
1128 5423 1369 5476 sumere,
1395 5412 1563 5467 multo
1591 5415 1759 5484 magis
1794 5430 1893 5471 nos

318 5496 603 5551 coiidolere
623 5507 831 5567 oportet
859 5501 922 5555 iis
945 5503 1035 5570 qui
1054 5504 1370 5571 puniuntur;
1403 5503 1535 5561 forte
1554 5506 1651 5561 hac
1668 5509 1751 5561 via
1769 5508 1887 5564 illos

318 5587 626 5654 eripiemus,
658 5588 794 5645 forte
823 5594 1271 5659 recuperabimus.
1304 5594 1435 5650 Nam
1465 5597 1590 5652 licet
1614 5599 1885 5667 perierint,

324 5685 496 5732 minen
522 5695 704 5735 curam
730 5698 847 5751 qua:
886 5684 1088 5754 reliqua
1114 5696 1193 5739 est
1219 5702 1494 5755 geramus,
1536 5689 1891 5761 Iacrymemur

387 5816 407 5892 ι.
436 5814 594 5892 Savil.,
643 5816 789 5892 ᾼςιαη.
816 5820 1041 5892 runcatio
1063 5820 1166 5892 loca
1189 5824 1548 5892 quasiMiChtete
1594 5828 1889 5892 adferuntur,

325 5877 409 5925 sed
434 5881 559 5943 prior
586 5889 661 5931 est
685 5893 821 5932 MDOS
843 5884 889 5942 6,
915 5884 960 5942 tl,
985 5877 1227 5933 secundus
1244 5886 1446 5938 Michteze
1472 5890 1512 5951 I,
1544 5891 1615 5943 II.

846 438 1028 506 QUOD
1067 434 1481 494 REGULAREI
1523 434 1807 491 t'IﬂMtt'uE
1841 432 2018 489 VIRIS
2052 432 2490 491 COHABITARE
2531 436 2665 493 NON
2705 434 3036 492 DEBEAN'I‘.

3461 434 3565 490 5I8

2007 560 2060 604 et
2092 552 2387 621 ploremns,
2420 570 2521 607 non
2564 553 2845 608 mulierum
2880 552 3073 608 choros
3116 551 3445 620 indueentes,
3475 551 3569 606 sed

2003 647 2366 716 unusquisque
2412 648 2656 716 privatim
2693 646 2834 716 apud
2879 647 3257 716 semetipsum,
3288 661 3392 700 non
3437 660 3569 715 prmo

2002 738 2239 791 sentibus
2272 738 2396 792 illis.
2441 738 2495 792 Si
2521 748 2698 792 autem
2724 737 2905 804 vultis,
2934 738 3049 807 ipse
3092 738 3338 805 incipiam
3364 736 3571 789 luctuo-

2001 842 2118 881 sum
2171 827 2272 882 hoc
2313 829 2577 882 canticum
2629 846 2642 880 :
2697 843 2868 897 neque
2918 828 3060 882 enim
3110 826 3271 896 pudet
3316 840 3402 881 me
3448 840 3571 879 cum

2000 917 2229 973 Jeremia
2265 920 2365 973 hoc
2387 904 2559 973 facere
2583 929 2637 973 et
2665 918 2798 973 Isaia
2819 926 2873 973 et
2896 917 3079 983 Paulo,
3103 927 3156 971 et
3178 918 3229 971 in
3250 916 3433 986 primis
3449 931 3570 969 cum

2003 1008 2227 1062 Domino
2271 1018 2469 1062 nostro.
2503 1008 2822 1077 Incipiamus
2868 1009 3026 1078 igitur
3062 1009 3197 1062 sicut
3220 1006 3461 1061 Christus
3488 1007 3571 1060 in-

2001 1098 2139 1167 cepit
2168 1098 2416 1167 primum,
2446 1107 2498 1152 et
2521 1098 2759 1152 dicamus
2785 1114 2799 1149 :
2832 1097 2924 1152 Va:
2951 1097 3064 1163 tibi,
3088 1098 3295 1150 animal
3327 1095 3394 1150 ad
3414 1110 3570 1164 quam

2002 1198 2184 1244 vocata
2215 1191 2520 1258 dignitatem
2544 1205 2639 1259 per
2664 1190 3040 1260 benignitatem
3071 1197 3124 1243 et
3153 1187 3569 1242 misericordiam

2006 1283 2121 1349 Dei,
2151 1282 2363 1352 qualem
2401 1282 2631 1350 accipies
2659 1281 2833 1335 locum
2868 1289 3083 1350 propter
3116 1280 3373 1349 ignaviam
3399 1279 3571 1332 tuam?

2007 1373 2095 1427 Via
2126 1375 2238 1438 tibi,
2284 1373 2409 1443 quia
2451 1374 2562 1442 ipse
2598 1383 2647 1426 te
2672 1373 2736 1425 ad
2767 1371 3025 1425 thalamos
3066 1371 3224 1425 traxit
3249 1369 3569 1438 spirituales,

2005 1478 2059 1519 tu
2088 1477 2263 1520 autem
2296 1467 2514 1534 teipsam
2545 1465 2610 1518 ab
2632 1464 2731 1518 hac
2760 1463 2924 1534 gloria
2962 1463 3235 1531 abrupisti,
3264 1471 3319 1516 et
3363 1460 3572 1515 inducta

2003 1572 2061 1610 es
2123 1556 2175 1609 in
2223 1555 2418 1609 diaboli
2466 1555 2668 1623 ignem,
2719 1566 2771 1607 et
2825 1553 2889 1607 ad
2942 1553 3249 1622 gravissima
3317 1552 3571 1620 supplicia

2005 1648 2089 1701 ubi
2138 1645 2291 1701 ﬂetus
2338 1657 2390 1700 et
2418 1646 2615 1700 stridor
2671 1646 2927 1707 dentium,
2979 1646 3066 1698 ubi
3113 1645 3288 1698 nullus
3334 1643 3575 1698 consola-

2007 1749 2158 1794 turus
2202 1747 2313 1803 est,
2366 1754 2463 1792 nec
2507 1754 2721 1791 manum
2782 1748 3152 1806 porrecturus,
3197 1735 3291 1790 sed
3343 1736 3573 1790 tenebrae

2006 1833 2202 1898 omnia,
2226 1842 2280 1886 et
2298 1830 2634 1901 perplexitas,
2671 1840 2725 1884 et
2752 1830 2999 1894 turbatio,
3020 1838 3073 1883 et
3090 1829 3224 1882 mala
3247 1843 3417 1897 neque
3442 1842 3573 1881 con-

2008 1924 2324 1979 solationem
2367 1936 2540 1992 neque
2580 1920 2739 1975 ﬁnem
2783 1920 3046 1974 habentia.
3095 1920 3219 1974 Hmc
3263 1919 3352 1973 tibi
3400 1920 3576 1973 omnia

2008 2013 2189 2068 mundi
2228 2028 2378 2067 amor
2401 2014 2640 2083 peperit,
2666 2012 2786 2080 quia
2817 2010 3091 2080 pra2tulisti
3113 2010 3242 2063 caelo
3280 2016 3497 2075 terram,
3525 2018 3577 2062 et

2008 2106 2227 2161 noluisti
2257 2105 2444 2161 audire
2466 2120 2653 2160 vocem
2678 2104 2858 2174 sponsi
2892 2103 3103 2157 assidue
3122 2102 3487 2165 admonentis,
3522 2110 3578 2153 ut

2010 2199 2143 2252 nihil
2173 2199 2327 2254 nobis
2377 2208 2521 2253 esset
2549 2212 2669 2252 cum
2704 2196 2980 2266 praesentis
3019 2194 3198 2248 saeculi
3248 2194 3410 2248 rebus
3429 2207 3578 2247 com-

2011 2307 2190 2346 mune.
2219 2291 2348 2358 Quis
2371 2300 2422 2346 te
2449 2291 2699 2344 miseram
2732 2297 2785 2343 et
2807 2288 3169 2343 calamitosam
3209 2286 3449 2339 miserari
3487 2301 3576 2354 po-

2012 2394 2116 2440 test
2135 2385 2354 2456 postea?
2383 2382 2514 2438 Nam
2545 2384 2642 2437 etsi
2667 2383 2839 2452 ipsum
2869 2380 3050 2434 videas
3074 2379 3207 2445 Noe,
3238 2379 3328 2447 qui
3361 2379 3414 2431 in
3434 2392 3579 2431 coms

2009 2480 2154 2534 muni
2180 2479 2339 2532 totius
2368 2478 2514 2532 orbis
2541 2476 2742 2531 diluvio
2774 2481 2937 2528 totam
2982 2472 3197 2527 domum
3232 2470 3490 2537 salvavit,
3526 2470 3580 2524 in

2010 2576 2112 2630 hac
2141 2573 2215 2625 ira
2244 2573 2687 2640 patrocinantem,
2714 2569 2812 2623 etsi
2842 2567 2961 2633 Job,
2992 2566 3092 2622 etsi
3122 2566 3412 2633 Danielem,
3434 2581 3582 2621 cum-

2009 2684 2112 2737 que
2159 2665 2264 2720 illis
2316 2665 2512 2719 lllosem
2565 2674 2619 2721 et
2659 2663 2960 2721 Samuelem
2990 2706 3005 2730 ,
3061 2658 3160 2719 etsi
3229 2658 3580 2732 patriarcham

2011 2759 2283 2813 Abraham
2307 2801 2321 2825 ,
2351 2758 2524 2812 nullus
2552 2758 2644 2813 tibi
2691 2774 2904 2812 manum
2934 2758 3205 2827 porriget;
3242 2756 3446 2810 etiamsi
3487 2769 3579 2822 ge-

2014 2865 2142 2903 nere
2171 2848 2315 2903 illum
2359 2849 2607 2918 attingas,
2638 2847 2846 2902 etiamsi
2896 2847 3001 2900 ﬁlia
3040 2848 3131 2911 sis,
3160 2845 3369 2901 etiamsi
3403 2860 3579 2907 soror,

2011 2941 2221 2996 etiamsi
2268 2940 2535 3009 supplices
2574 2940 2834 3005 multum,
2876 2940 3015 2994 sicut
3050 2938 3199 2992 dives
3249 2936 3355 3000 ille,
3402 2936 3579 2990 omnia

2012 3032 2206 3088 frustra
2233 3030 2356 3088 etin
2380 3046 2569 3087 vanum
2596 3030 2776 3086 facies.
2799 3029 3077 3098 Quomodo
3097 3027 3339 3082 excidisti
3365 3042 3396 3081 e
3424 3026 3576 3093 caelo,

2011 3144 2129 3199 qua:
2155 3145 2259 3182 non
2291 3128 2477 3182 lucifer
2502 3142 2560 3180 es
2585 3124 2735 3193 (Isai.
2754 3127 2838 3182 It.
2861 3125 2974 3195 12),
3001 3137 3173 3194 neque
3196 3136 3353 3176 mane
3378 3120 3585 3186 oriens,

2010 3220 2103 3274 sed
2136 3221 2261 3288 ipsis
2300 3220 2429 3273 solis
2452 3218 2614 3273 radiis
2646 3218 2762 3285 plus
2800 3216 3082 3285 Splendere
3118 3210 3421 3285 potuisses?
3448 3225 3581 3281 quo-

2012 3310 2171 3365 modo
2212 3310 2367 3365 sedes
2402 3309 2653 3364 deserta?
2683 3308 2855 3377 Atque
2880 3306 3015 3361 adeo
3055 3305 3194 3360 haud
3215 3305 3334 3375 quis
3362 3303 3579 3359 aberra-

2010 3406 2099 3470 rit,
2126 3404 2170 3457 si
2199 3405 2248 3457 in
2279 3404 2412 3457 hanc
2440 3402 2626 3470 majori
2652 3400 2936 3470 captivitati
2963 3399 3207 3454 traditam
3243 3399 3471 3453 animam
3497 3396 3582 3451 lac

2013 3506 2333 3559 mentorum,
2362 3510 2477 3563 qure
2517 3494 2569 3547 in
2610 3493 2874 3547 civitatem
2916 3491 3059 3546 illam
3103 3490 3240 3545 dicta
3271 3496 3412 3553 sunt,
3466 3502 3580 3543 ma-

2005 3590 2176 3658 jorem
2207 3599 2408 3657 partem
2438 3586 2738 3641 transferat.

2081 3682 2131 3736 5.
2172 3680 2275 3735 Sed
2323 3678 2457 3733 forte
2483 3678 2828 3733 lamentorum
2855 3677 3004 3741 satis,
3036 3676 3183 3741 satis,
3234 3676 3469 3745 inquam,
3517 3682 3577 3728 ut

2009 3772 2265 3839 scriptura
2311 3769 2619 3838 libellosque
2662 3768 2802 3823 ferre
2835 3777 3011 3837 potest
3042 3785 3055 3819 :
3087 3766 3316 3837 alioquin
3346 3764 3413 3820 ad
3449 3779 3582 3819 con-

2013 3861 2226 3932 dignam
2250 3861 2438 3915 animze
2463 3869 2538 3914 tot
2560 3860 2711 3913 malis
2736 3874 3006 3929 oppressa:
3030 3857 3448 3927 deplorationem
3484 3870 3579 3910 ne-

2011 3966 2115 4020 que
2141 3966 2299 4006 omne
2322 3960 2530 4020 tempus
2556 3951 2709 4005 nobis
2726 3950 3010 4004 sufliceret.
3037 3948 3173 4015 Quid
3193 3949 3333 4003 enim
3353 3948 3472 4017 quis
3490 3946 3575 4003 det

2013 4042 2245 4111 ploraret
2285 4040 2551 4110 primum?
2577 4056 2642 4094 an
2671 4040 2811 4109 quod
2841 4040 3143 4095 venerabile
3181 4049 3235 4094 et
3258 4048 3497 4093 sanctum
3528 4046 3582 4093 et

2014 4148 2258 4202 magnum
2298 4147 2491 4186 nomen
2520 4132 2611 4185 Dei
2642 4148 2735 4201 per
2775 4147 2867 4187 vos
2904 4132 3298 4200 blasphematur
3326 4132 3376 4184 in
3406 4130 3581 4200 genti-

2011 4228 2130 4293 bus,
2160 4237 2214 4282 et
2239 4228 2404 4297 ipsius
2431 4228 2596 4297 gloria
2643 4227 2985 4296 profanatur?
3011 4241 3079 4279 an
3100 4224 3241 4294 quod
3281 4234 3385 4278 tam
3416 4239 3581 4279 vene-

2012 4321 2192 4376 rabilis
2221 4330 2276 4376 et
2303 4336 2489 4390 magna
2518 4335 2603 4375 res
2634 4320 2686 4373 in
2714 4320 2959 4373 invidiam
3000 4317 3312 4372 adducitur?
3340 4332 3405 4371 an
3442 4316 3582 4385 quod

2012 4412 2191 4466 multae
2236 4413 2425 4465 animae
2470 4426 2563 4480 per
2605 4426 2700 4465 vos
2728 4420 2803 4464 tot
2843 4409 3105 4464 scandalis
3141 4408 3469 4478 perduntur?
3514 4423 3581 4461 an

2010 4503 2151 4573 quod
2179 4518 2305 4557 sana
2333 4517 2454 4572 pars
2479 4502 2627 4556 ebori
2665 4511 2853 4556 vestra:
2881 4501 3063 4570 gloria:
3088 4500 3293 4555 macula
3314 4498 3582 4554 foedatur?

2008 4611 2074 4648 an
2128 4593 2268 4664 quod
2299 4593 2777 4662 inexstinguibilem
2814 4601 2868 4647 et
2896 4592 3043 4646 vobis
3084 4600 3139 4646 et
3162 4591 3583 4646 cohabitantibus

2009 4687 2158 4742 vobis
2186 4686 2476 4742 aceenditis
2497 4688 2703 4756 ignem?
2727 4686 2793 4739 Et
2812 4684 3079 4755 quomodo
3099 4685 3456 4739 necessarium
3478 4692 3578 4746 est,

2010 4787 2068 4833 ut
2092 4778 2203 4833 hinc
2230 4777 2376 4841 fiant,
2422 4778 2610 4846 inquit,
2645 4792 2763 4831 cum
2795 4778 3056 4845 possimus
3082 4775 3364 4830 ostendere
3392 4791 3584 4844 corpus

2009 4880 2247 4925 nostrum
2272 4885 2374 4923 non
2402 4878 2726 4939 corruptum,
2756 4884 2926 4939 neque
2945 4868 3226 4923 vitiatum?
3258 4869 3448 4922 Verum
3470 4866 3584 4922 ha-c

2008 4961 2394 5017 demonstratio
2437 4978 2541 5015 non
2572 4975 2730 5026 nunc,
2764 4960 2856 5014 sed
2894 4960 2946 5012 in
2972 4959 3058 5013 die
3090 4959 3180 5013 illo
3208 4960 3310 5013 erit
3352 4956 3575 5013 manife-

2009 5062 2109 5107 sta.
2137 5052 2449 5108 Obstetricis
2476 5053 2616 5107 enim
2656 5066 2743 5105 ars
2768 5061 2823 5105 et
2860 5050 3116 5119 sapientia
3147 5050 3246 5104 hoc
3288 5049 3457 5102 solum
3490 5063 3585 5119 po-

2008 5155 2112 5200 test
2152 5145 2355 5211 videre,
2396 5160 2463 5198 an
2511 5158 2854 5212 congressum
2894 5141 2992 5195 viri
3032 5154 3223 5209 corpus
3254 5140 3468 5193 tulerit:
3516 5154 3582 5191 an

2008 5254 2135 5294 vero
2166 5248 2359 5293 tactum
2388 5238 2745 5298 inhonestum,
2782 5246 2833 5290 et
2859 5234 3176 5289 adulterium
3204 5250 3272 5289 ex
3296 5234 3489 5288 osculis
3532 5242 3584 5287 et

2007 5332 2335 5401 amplexibus
2364 5330 2629 5401 eﬂugerit,
2656 5339 2710 5385 et
2732 5330 3144 5398 corruptionem,
3176 5328 3291 5382 dies
3330 5326 3414 5380 illa
3461 5335 3585 5381 tunc

2007 5425 2319 5490 declarabit,
2346 5423 2559 5495 quando
2586 5424 2735 5477 vivus
2775 5421 2869 5477 Dei
2895 5436 3091 5485 sermo,
3124 5421 3211 5490 qui
3242 5420 3446 5474 occulta
3480 5420 3579 5471 IN)-

2007 5516 2163 5570 minis
2202 5516 2254 5569 in
2300 5515 2529 5569 medium
2557 5514 2788 5577 adducit,
2844 5521 2900 5569 et
2928 5528 3161 5582 przesens
3191 5528 3331 5567 nunc
3357 5510 3439 5566 his
3465 5527 3583 5581 quze

2005 5607 2141 5660 clam
2164 5606 2315 5672 ﬁunt,
2337 5606 2515 5661 omnia
2543 5606 2683 5661 nuda
2710 5614 2763 5661 et
2788 5615 2968 5675 aperta
2992 5617 3113 5661 ante
3139 5608 3374 5662 omnium
3399 5607 3582 5661 oculos

2007 5706 2168 5765 ponet
2196 5715 2209 5752 :
2242 5706 2365 5751 tunc
2394 5697 2624 5753 sciemus
2646 5697 2781 5753 bene
2809 5712 2876 5753 an
2898 5697 2965 5752 ab
2990 5696 3073 5751 his
3098 5698 3167 5753 sit
3198 5714 3384 5766 purum
3408 5707 3462 5753 et
3484 5714 3580 5752 un-

2004 5793 2279 5862 dequaque
2304 5793 2664 5862 incorruptum
2687 5806 2881 5863 corpus
2904 5799 3072 5846 tuum.
3096 5793 3250 5860 Atqui
3276 5791 3343 5847 de
3371 5792 3453 5846 his
3473 5807 3577 5845 non

2003 5896 2123 5944 tam.
2161 5893 2351 5941 exacte
2381 5886 2674 5957 loquemur,
2704 5899 2877 5955 neque
2903 5884 3283 5941 contendemus
3312 5902 3324 5938 :
3354 5884 3447 5942 sed
3482 5899 3577 5953 po-
