4036 6416
453 430 556 488 519

453 558 634 615 natur,
667 546 931 619 superatis
974 545 1220 602 omnibus
1248 544 1450 599 retibus
1474 558 1593 598 esse
1622 554 1816 611 corpus
1858 537 2025 592 unde-

450 658 658 712 quaque
678 656 867 713 purum
891 639 960 694 ab
978 639 1227 708 omnique
1251 637 1447 692 damno
1472 636 1716 726 liberum,
1741 643 1796 689 et
1820 640 2033 686 maneat

453 734 599 798 virgo
622 748 739 802 quae
759 731 942 801 virgo:
970 729 1097 800 quid
1119 730 1220 782 hoc
1240 727 1306 783 ad
1330 742 1392 781 ea
1420 740 1539 795 qua:
1565 726 1704 779 dicta
1733 734 1856 778 sunt
1882 737 1914 777 a
1936 736 2030 776 no-

454 824 568 877 bis?
599 821 807 878 Etenim
839 822 938 876 hoc
980 821 1215 875 omnium
1245 819 1616 890 gravissimum
1659 826 1763 881 est,
1792 826 1845 872 et
1870 815 2031 884 pluri-

453 916 554 969 mis
580 913 794 982 dignum
816 912 1083 984 lacrymis,
1107 911 1247 981 quod
1280 920 1480 963 tantum
1505 908 1851 978 undequaque
1873 908 2031 962 susti-

455 1005 629 1059 nuerit
648 1004 904 1067 laborem,
936 1003 1220 1072 diligenter
1252 1001 1549 1056 observarit
1572 1015 1785 1068 corpus,
1818 1006 1873 1053 et
1910 1015 2029 1051 om-

455 1113 576 1151 nem
630 1097 863 1151 laborem
917 1095 1290 1159 evacuaverit,
1349 1101 1403 1148 et
1450 1092 1698 1146 sudorem
1754 1091 2028 1157 effuderit,

458 1197 674 1258 propter
703 1186 1085 1256 blasphemiam
1119 1187 1168 1238 in
1198 1184 1485 1250 Christum,
1513 1197 1737 1253 cumque
1778 1195 2029 1251 peperce-

455 1280 527 1333 rit
552 1277 717 1343 carni,
753 1293 858 1332 non
889 1277 1124 1347 pepercit
1152 1276 1334 1346 gloria:
1380 1276 1494 1342 Dei,
1534 1275 1630 1329 sed
1678 1283 1734 1327 ut
1774 1274 2030 1328 intactum

460 1370 559 1439 ipsi
586 1378 826 1424 maneret
853 1383 1046 1438 corpus
1083 1368 1259 1421 omnia
1305 1365 1472 1430 fecit;
1501 1372 1561 1420 ut
1587 1374 1764 1420 autem
1807 1363 1894 1417 ille
1925 1378 2030 1417 non

458 1462 518 1515 af
519 1464 763 1517 liceretur
787 1459 1126 1526 contumelia,
1158 1474 1256 1514 nec
1276 1458 1717 1513 dehonestaretur
1734 1457 1871 1527 apud
1896 1457 2031 1511 mul-

458 1565 561 1619 tos,
594 1569 662 1607 ne
691 1554 850 1607 ullam
871 1552 1085 1625 quidem
1115 1567 1296 1606 curam
1324 1551 1521 1605 habuit.
1546 1550 1757 1606 Utinam
1784 1566 1892 1603 non
1912 1565 2031 1603 om-

456 1647 546 1700 nia
592 1644 829 1709 fecisset,
863 1659 962 1700 nec
1000 1659 1216 1713 operam
1244 1642 1501 1709 dedisset,
1548 1653 1605 1695 ut
1630 1642 1793 1711 gloria
1828 1642 1920 1695 Dei
1949 1642 2030 1694 in-

457 1737 769 1791 famaretur.
798 1736 865 1791 Et
883 1736 1149 1807 quomodo
1176 1737 1278 1790 hoc
1302 1734 1474 1790 facio?
1503 1734 1692 1804 inquit.
1720 1734 1851 1803 Quia
1891 1736 2034 1789 viros

457 1840 631 1885 tecum
661 1830 712 1883 in
742 1829 902 1883 domo
923 1829 1157 1883 inclusos
1183 1844 1394 1900 semper
1416 1828 1507 1884 tibi
1528 1828 1822 1883 assidentes
1847 1829 2028 1883 babes.

457 1920 589 1976 Nam
619 1922 664 1975 si
692 1921 838 1975 viros
859 1921 1060 1976 habere
1089 1921 1479 1976 cohabitatores
1524 1921 1876 1990 concupiscis,
1926 1937 2032 1974 non

457 2013 736 2082 oportebat
770 2013 1122 2083 virginitatem
1148 2013 1360 2082 eligere,
1391 2012 1484 2067 sed
1511 2012 1579 2067 ad
1608 2013 1814 2083 nuptias
1863 2022 2033 2068 trans-

457 2106 690 2159 eundum
717 2114 832 2160 erat
858 2122 871 2156 :
905 2106 1071 2158 multo
1096 2107 1238 2159 enim
1268 2105 1456 2159 melius
1483 2106 1562 2160 sic
1585 2105 1853 2175 nupsisse,
1874 2119 2031 2175 quam

458 2196 550 2250 illo
578 2196 737 2249 modo
765 2195 1020 2264 virginem
1050 2194 1285 2263 profiteri
1315 2195 1516 2251 fuisset.

530 2285 740 2356 Nuptiae
758 2287 1083 2355 praeferenda:
1105 2286 1378 2357 virginitati
1401 2288 1530 2342 male
1548 2287 2031 2343 custodiamâ€”Nam

457 2376 579 2430 illas
606 2375 814 2445 nuptias
853 2390 1027 2446 neque
1055 2376 1193 2430 Deus
1218 2377 1556 2445 condemnat,
1581 2394 1751 2449 neque
1790 2381 2033 2435 homines

457 2466 893 2538 reprehendunt:
922 2467 1147 2522 honesta
1170 2470 1310 2522 enim
1337 2484 1424 2524 res
1444 2479 1546 2537 est,
1568 2472 1837 2528 neminem
1861 2474 2032 2528 offen-

456 2559 611 2627 dens,
660 2560 926 2616 neminem
978 2560 1175 2615 laedens
1218 2561 1536 2632 :virginitas
1564 2572 1739 2618 autem
1782 2564 1868 2619 illa
1910 2581 2031 2619 cum

457 2652 587 2705 viris
608 2653 726 2721 plus
752 2651 820 2705 ab
840 2650 1090 2706 omnibus
1114 2652 1375 2721 arguitur,
1404 2669 1563 2721 quam
1592 2652 1873 2709 fornicatio
1895 2656 2028 2725 ipsa.

459 2743 701 2813 Namque
727 2759 879 2798 suum
910 2743 1084 2813 perdit
1105 2744 1370 2810 ordinem,
1391 2756 1446 2801 et
1471 2746 1521 2801 in
1545 2747 1854 2816 profundius
1874 2764 2033 2819 quam

460 2837 531 2890 ait
562 2835 924 2890 fornicationis
952 2834 1261 2889 barathrum
1291 2837 1456 2906 ejecta
1486 2849 1589 2893 est.
1619 2838 1736 2894 Non
1766 2841 1907 2893 enim
1934 2841 2036 2894 ali-

460 2929 580 2996 quis
622 2927 758 2982 feret
795 2941 918 2981 cum
965 2926 1257 2995 virginibus
1293 2931 1560 2984 numerari
1609 2946 1725 2985 eam
1773 2948 1892 3000 qua:
1927 2948 2034 2985 non

460 3028 614 3075 curat
637 3034 755 3090 qua:
798 3026 923 3073 sunt
946 3018 1174 3083 Domini,
1217 3027 1273 3073 et
1299 3022 1495 3076 multos
1522 3022 1697 3077 reddit
1739 3024 2030 3089 adulteros,

461 3129 633 3184 neque
660 3128 781 3168 cum
823 3119 1016 3185 nuptis.
1050 3118 1141 3175 Illa
1171 3119 1313 3175 enim
1339 3132 1520 3171 curam
1550 3116 1725 3182 habet,
1765 3117 2037 3186 quomodo

463 3207 669 3275 placeat
694 3208 807 3262 viro
849 3210 935 3264 uni
961 3227 976 3265 :
1005 3221 1061 3265 tu
1102 3221 1275 3265 autem
1308 3216 1366 3263 ut
1404 3210 1717 3275 innumeris,
1759 3218 1813 3263 et
1856 3209 1919 3264 iis
1944 3211 2031 3279 qui

461 3311 567 3350 non
594 3297 707 3367 lege
730 3299 958 3369 conjugii
984 3302 1114 3365 noti,
1140 3302 1233 3357 sed
1257 3301 1365 3355 alio
1390 3300 1616 3370 quodam
1644 3300 1803 3354 modo
1823 3299 1892 3354 ab
1918 3315 2034 3353 om-

461 3391 616 3444 nibus
637 3391 989 3447 condemnato
1014 3403 1065 3448 et
1090 3395 1287 3464 rejecto
1307 3413 1319 3448 :
1343 3394 1483 3449 unde
1506 3409 1693 3448 vereor
1714 3409 1779 3449 ne
1801 3394 1867 3448 ab
1889 3406 2036 3448 utro-

460 3495 565 3550 que
589 3481 704 3534 loco
724 3483 972 3537 excideris
994 3485 1045 3538 in
1070 3485 1348 3539 mulierum
1370 3485 1768 3540 inhonestarum
1792 3485 2034 3539 ordinem

463 3570 673 3624 redacta
702 3571 950 3627 videaris.
994 3573 1199 3627 Etenim
1229 3573 1297 3653 ab
1322 3574 1674 3643 appellatione
1701 3574 1812 3642 ipsa
1843 3575 1887 3628 si
1914 3576 2034 3644 quis

462 3677 572 3714 rem
594 3662 881 3732 dijudicare
901 3666 1045 3731 velit,
1078 3666 1177 3735 ipsi
1206 3668 1569 3722 contradicere
1597 3665 1724 3721 nihil
1748 3669 2031 3735 possimus.

461 3752 593 3806 Nam
616 3754 658 3807 si
688 3756 900 3824 quando
921 3757 971 3811 in
1001 3758 1171 3813 forum
1194 3773 1252 3813 se
1277 3759 1572 3825 conferant,
1598 3758 1682 3814 vel
1703 3760 1835 3813 alias
1857 3775 2035 3814 sermo

460 3843 605 3898 domi
635 3845 700 3901 de
726 3847 856 3918 ipsis
884 3849 953 3903 sit
980 3848 1118 3917 apud
1160 3864 1277 3915 eos,
1302 3847 1391 3920 qui
1417 3849 1687 3920 disputant
1714 3850 1780 3904 de
1805 3851 2032 3905 absurda

461 3936 764 4007 hujusmodi
810 3940 1183 4009 copulatione,
1230 3942 1529 4012 significare
1575 3942 1815 3997 volentes
1866 3942 2027 4009 illam,

460 4026 622 4096 hujus
640 4037 855 4095 (erant,
888 4046 993 4085 non
1024 4042 1272 4099 matrem,
1321 4047 1497 4102 neque
1522 4033 1662 4087 enim
1693 4034 1836 4086 illum
1866 4048 2032 4103 pepe-

459 4121 569 4185 rit;
603 4134 773 4190 neque
800 4136 1061 4186 sororem,
1095 4138 1198 4178 non
1227 4123 1366 4177 enim
1394 4138 1461 4179 ex
1499 4123 1687 4179 eodem
1717 4133 1867 4178 utero
1910 4139 2034 4193 pro-

458 4221 617 4280 gnata
644 4221 760 4277 est;
812 4229 983 4284 neque
1011 4215 1313 4285 conjugem,
1355 4231 1467 4270 non
1488 4218 1628 4271 enim
1660 4216 1774 4287 lege
1801 4218 2033 4288 eonjugii

461 4302 796 4369 cohabitant;
831 4320 999 4374 neque
1027 4305 1132 4358 alio
1159 4307 1411 4376 quopiam
1433 4308 1764 4377 cognationis
1794 4311 2030 4379 nomine,

461 4392 603 4462 quod
637 4407 950 4447 concessum
991 4395 1071 4448 vel
1104 4396 1219 4465 lege
1260 4396 1578 4464 permissum
1624 4397 1712 4461 sit,
1759 4398 1854 4453 sed
1893 4401 2034 4469 turpi

462 4484 688 4553 quodam
731 4500 794 4539 ac
834 4485 1076 4539 ridiculo.
1121 4486 1238 4540 Non
1265 4488 1405 4541 enim
1435 4502 1534 4557 ego
1559 4488 1772 4558 quidem
1822 4492 2037 4546 tulerim

460 4576 635 4645 ipsum
662 4578 938 4631 nominare
962 4596 978 4631 :
1006 4579 1083 4632 sic
1119 4593 1332 4633 exesam
1361 4579 1534 4635 habeo
1562 4591 1615 4635 et
1641 4596 1862 4637 aversor
1897 4583 2035 4639 hanc

459 4668 890 4735 appellationem,
936 4678 991 4722 et
1030 4670 1308 4723 molestum
1357 4670 1484 4722 mihi
1515 4679 1597 4725 est
1635 4673 1794 4726 etiam
1840 4690 2035 4730 nomen

462 4760 820 4815 contubernii.
853 4760 955 4815 Sed
997 4773 1100 4814 non
1128 4760 1408 4829 peperisti,
1439 4776 1538 4815 nec
1582 4762 1813 4818 tolerasti
1857 4777 2037 4833 partus

464 4850 697 4905 dolores.
752 4852 817 4905 Et
840 4851 967 4921 quid
998 4852 1097 4904 bac
1122 4849 1430 4905 defensione
1459 4850 1697 4907 fmdiusâ€˜l
1740 4856 1864 4924 quid
1911 4857 2033 4911 item

463 4943 711 4998 miserius
746 4958 906 5013 quam
934 4943 1071 5014 quod
1119 4945 1187 4998 ab
1230 4944 1293 4999 iis
1336 4944 1445 4997 vult
1473 4960 1732 5015 apparere
1760 4948 1927 5018 virgo,
1968 4949 2036 5003 ad

459 5050 579 5104 quae
624 5045 679 5090 et
727 5037 906 5090 multm
949 5047 1004 5091 et
1046 5036 1411 5095 fornicatrices
1456 5040 1705 5094 mulieres
1748 5040 2037 5110 confugere

460 5129 724 5196 possunt?
752 5128 855 5184 Sed
894 5129 1017 5195 illm,
1064 5129 1253 5200 inquit,
1303 5131 1517 5186 aliunde
1558 5139 1852 5200 arguuntur
1894 5132 2033 5201 quod

462 5222 665 5276 libidini
703 5230 911 5277 vacent.
942 5221 1095 5278 Unde
1123 5223 1335 5279 aliunde
1364 5224 1449 5279 dic
1477 5225 1644 5278 mihi?
1685 5226 1726 5277 A
1755 5225 1971 5287 vestitu,
2005 5241 2033 5277 a

459 5318 596 5378 visu,
644 5330 674 5370 a
722 5330 928 5385 gressu,
980 5315 1047 5370 ab
1089 5316 1416 5370 amatoribus
1450 5331 1585 5384 quos
1609 5315 1843 5383 capiunt.
1893 5316 2036 5370 Bene

360 5424 365 5431 Î´
458 5409 673 5478 quidem
701 5409 852 5463 nobis
876 5408 1161 5479 depinxisti
1186 5409 1348 5462 scorti
1369 5408 1771 5471 characterem;
1801 5406 1893 5460 sed
1916 5407 2037 5462 vide

462 5518 530 5554 ne
576 5500 661 5556 his
711 5500 1032 5569 conjecturis
1076 5508 1131 5553 et
1175 5498 1522 5570 argumentis,
1567 5506 1851 5566 antequam
1897 5497 2030 5562 illas,

462 5593 685 5660 teipsam
715 5592 915 5660 capias.
941 5592 1145 5645 Etenim
1176 5602 1230 5644 et
1252 5599 1305 5644 tu
1334 5589 1428 5644 tibi
1457 5589 1553 5658 ipsi
1582 5589 1715 5643 tales
1741 5604 1883 5656 sa-pe
1910 5604 2039 5657 pra:-

461 5700 619 5752 paras
644 5694 930 5746 amatores,
961 5693 1117 5753 atque
1146 5695 1238 5750 per
1261 5680 1446 5736 eadem
1475 5681 1628 5734 retia.
1656 5678 1807 5746 Quod
1845 5678 1897 5732 si.
1931 5693 2035 5731 non

464 5791 622 5830 Vocas
649 5775 700 5829 in
718 5775 1041 5829 domicilium
1066 5760 1466 5843 praetereuntes:
1486 5779 1541 5825 et
1567 5770 1730 5824 babes
1752 5771 1885 5823 intra
1908 5784 2037 5823 con-

464 5869 642 5923 clusos
671 5880 903 5937 semper,
932 5865 1073 5936 quod
1100 5865 1266 5921 multo
1302 5863 1536 5935 gravius.
1563 5861 1632 5917 ob
1661 5860 1790 5916 nihil
1817 5860 2037 5932 quidem

1150 423 1210 480 S.
1248 423 1525 481 JOANNIS
1561 420 2035 478 CilRYSOSTOMl
2073 418 2389 477 Alâ€™iClllEP.
2430 419 2961 483 CONSTANHNOP.

3602 427 3704 484 $29

2140 535 2304 600 aliud,
2336 551 2493 606 quam
2534 547 2591 591 ut
2618 536 2901 593 absurdam
2928 539 3257 609 voluptatem
3290 539 3528 610 impleas,
3558 552 3611 598 et
3636 542 3702 595 il-

2139 627 2241 680 lius
2266 635 2322 681 et
2346 637 2511 693 luant,
2542 617 2647 682 rion
2674 644 3017 699 congressum
3049 632 3282 701 inquam.
3310 631 3415 688 Sed
3439 632 3563 702 quid
3585 632 3705 688 inde

2139 719 2294 784 lucri,
2339 719 2769 790 quandoquidem
2800 724 2996 777 mutuis
3019 724 3322 792 aspectibus
3351 725 3490 779 istud
3534 726 3704 794 ipsum

2137 811 2430 879 contingit?
2456 811 2670 881 Alioqui
2699 813 2743 866 si
2776 811 2877 867 hoc
2905 828 3010 867 non
3050 824 3152 879 est,
3184 830 3358 884 neque
3395 814 3703 869 adulterium

2137 900 2278 954 istud
2308 903 2658 969 committitis,
2706 918 2870 972 quare
2908 905 3081 970 ipsum
3124 903 3290 959 habes
3325 904 3507 959 domi?
3551 922 3707 974 quam

2139 1008 2355 1048 causam
2401 994 2599 1063 justam
2649 1008 2704 1050 et
2731 996 3101 1050 rationabilem
3146 997 3300 1051 nobis
3328 996 3511 1052 dices?
3538 997 3703 1066 Nupta

2137 1088 2279 1139 enim
2321 1088 2532 1155 nuptias
2576 1086 2750 1155 dicet,
2800 1098 3034 1143 scortum
3076 1088 3385 1155 libidinem;
3430 1100 3484 1145 tu
3534 1103 3709 1147 autem

2138 1179 2287 1248 virgo
2331 1179 2543 1249 qualem
2588 1180 2744 1236 nobis
2784 1196 2997 1237 causam
3041 1183 3289 1238 narrabis
3329 1182 3543 1254 dignam
3592 1200 3708 1254 qua:

2141 1270 2443 1340 proferatur
2462 1280 2517 1325 et
2536 1271 2733 1342 justam
2749 1274 2775 1328 ?

2208 1366 2262 1420 4.
2306 1368 2373 1420 At
2401 1382 2497 1422 cur
2516 1366 2728 1422 curiose
2756 1366 2979 1437 inquiris
2999 1410 3014 1436 ,
3039 1369 3247 1437 inquit,
3277 1385 3396 1425 cum
3429 1386 3532 1426 non
3555 1372 3709 1426 simul

2137 1459 2440 1523 dormiant,
2492 1475 2666 1528 neque
2716 1460 2990 1516 nobiscum
3033 1462 3465 1532 congrediantur,
3515 1473 3573 1518 ut
3610 1466 3711 1519 illis

2139 1550 2453 1605 mulieribus
2507 1552 2618 1605 illi?
2647 1550 2757 1605 lmo
2786 1550 2889 1606 hoc
2929 1553 3260 1621 potissimum
3289 1554 3523 1624 plerique
3569 1552 3713 1608 affir-

2141 1654 2306 1696 mant.
2340 1642 2537 1697 Verum
2592 1645 2720 1713 quid
2758 1644 2923 1700 hoc?
2952 1645 3154 1714 inquit:
3204 1655 3394 1702 contra
3437 1662 3590 1701 suum
3638 1648 3711 1703 illi

2138 1746 2316 1804 caput.
2342 1737 2423 1789 An
2451 1750 2578 1790 vero
2608 1747 2793 1790 contra
2842 1751 2997 1790 suum
3048 1746 3253 1791 tantum
3295 1746 3455 1808 caput
3501 1738 3708 1805 dicant,

2140 1836 2318 1895 postea
2344 1826 2691 1897 inquiremus.
2724 1828 2790 1881 Et
2811 1828 2920 1897 jam
2954 1828 3168 1897 quidem
3194 1828 3473 1885 manifeste
3492 1830 3713 1884 demon-

2138 1926 2361 1971 stratum
2409 1927 2525 1984 est,
2580 1933 2701 1974 cum
2749 1919 2816 1974 de
2861 1922 2990 1974 viris
3028 1908 3361 1989 diceremus,
3410 1922 3550 1992 quod
3610 1939 3714 1975 non

2140 2009 2313 2062 solum
2340 2010 2429 2079 qui
2471 2010 2830 2075 maledicunt,
2860 2010 2952 2066 sed
2974 2021 3028 2068 et
3046 2013 3133 2082 qui
3156 2014 3463 2068 occasiones
3514 2025 3716 2069 temere

2139 2101 2381 2171 praebent
2424 2101 2477 2155 in
2527 2116 2685 2157 causa
2732 2118 2851 2171 qua:
2903 2104 3091 2172 agitur,
3140 2105 3216 2158 rei
3259 2114 3380 2159 sunt
3427 2107 3710 2175 supplicii:

2141 2202 2505 2247 verumtamen
2547 2193 2647 2248 hoc
2672 2194 2841 2265 ipsum
2872 2194 3047 2250 denuo
3072 2184 3577 2251 demonstrabimus.
3601 2197 3714 2252 iam

2138 2294 2313 2338 autem
2342 2284 2384 2338 si
2410 2291 2459 2339 te
2488 2300 2745 2355 rogavero
2764 2301 2975 2342 causam
3003 2285 3160 2356 hujus
3187 2287 3557 2351 contubernii,
3591 2305 3714 2342 num

2138 2374 2370 2442 aliquam
2393 2374 2575 2429 dicere
2606 2375 2795 2443 potes?
2821 2375 3031 2430 lulirma
3056 2392 3209 2443 sum,
3255 2378 3462 2445 inquit,
3501 2378 3714 2444 mulier,

2139 2480 2311 2533 neque
2336 2466 2446 2519 sola
2467 2466 2618 2520 valeo
2643 2480 2764 2521 meo
2810 2467 2926 2520 usui
2953 2466 3215 2523 sufficere.
3263 2468 3552 2523 Enimvero
3596 2483 3717 2524 etim

2142 2558 2255 2611 haec
2277 2556 2727 2612 cohabitatoribus
2755 2560 2945 2613 vestris
2968 2559 3244 2628 objicimus
3262 2602 3278 2625 ,
3307 2560 3375 2614 ab
3394 2560 3471 2614 eis
3493 2570 3715 2615 contra-

2139 2649 2214 2702 ria
2247 2649 2491 2703 audimus
2515 2689 2532 2716 ,
2558 2665 2749 2719 nempe
2767 2650 2907 2720 quod
2940 2661 3157 2720 propter
3175 2666 3329 2704 suum
3362 2653 3715 2708 ministerium

2140 2754 2236 2794 vos
2265 2748 2496 2794 teneant.
2519 2741 2794 2807 Quomodo
2816 2742 2972 2811 igitur
2997 2758 3117 2812 qua:
3160 2757 3224 2797 ex
3251 2742 3540 2798 abundanti
3590 2746 3717 2799 viris

2139 2832 2299 2885 etiam
2325 2831 2515 2893 solatio
2543 2847 2662 2887 esse
2703 2834 2954 2901 potestis,
2983 2834 3133 2888 vobis
3184 2834 3492 2889 mulieribus
3539 2836 3717 2890 subsi-

2140 2920 2229 2976 dio
2267 2937 2387 2976 esse
2428 2938 2533 2977 non
2558 2924 2806 2993 p0testis,
2832 2923 2926 2977 sed
2955 2924 3071 2977 aliis
3098 2923 3529 2994 indigetis?Nam
3582 2926 3719 2981 sicut

2140 3014 2222 3067 vir
2240 3015 2353 3067 viro
2372 3055 2387 3080 ,
2409 3013 2481 3068 ita
2509 3014 2696 3069 mulier
2719 3015 2928 3070 mulieri
2952 3016 3284 3071 commodius
3312 3025 3367 3071 et
3392 3017 3593 3072 rectius
3620 3018 3719 3070 uti-

2140 3119 2243 3174 que
2260 3104 2577 3159 cohabitarit
2595 3123 2609 3159 :
2629 3105 2840 3176 quando
2859 3116 3035 3162 autem
3053 3115 3108 3161 et
3130 3107 3255 3162 viris
3272 3107 3337 3162 ad
3365 3108 3721 3164 ministerium

2140 3196 2530 3252 commodiores
2567 3198 2696 3253 estis
2718 3199 2885 3253 multo
2916 3201 3082 3269 magis
3109 3199 3261 3254 vobis
3302 3201 3449 3270 ipsis.
3480 3202 3563 3255 Ad
3593 3201 3718 3269 quid

2140 3289 2282 3342 enim
2302 3330 2315 3352 ,
2348 3304 2564 3357 quaeso,
2594 3292 2891 3345 necessaria
2939 3300 2995 3345 et
3021 3291 3164 3345 utilis
3187 3292 3285 3361 viri
3335 3294 3603 3348 societas?
3630 3303 3719 3348 aut

2140 3382 2297 3450 quale
2345 3382 2432 3434 ille
2463 3383 2671 3448 ntulieri
2700 3383 2968 3437 exhibebit
2996 3384 3348 3439 ministerium
3369 3428 3385 3449 ,
3413 3387 3556 3455 quod
3613 3404 3721 3440 non

2140 3472 2305 3541 possit
2326 3474 2530 3527 mulieri
2550 3473 2772 3529 mulier?
2789 3492 2912 3528 num
2939 3476 3094 3529 telam
3118 3486 3289 3531 tecum
3315 3488 3489 3533 texere
3504 3478 3593 3532 vel
3617 3488 3719 3532 tra-

2141 3578 2280 3616 mam
2304 3579 2429 3619 nere
2444 3581 2562 3619 cum
2583 3568 2811 3621 stamine
2828 3567 2915 3623 ille
2934 3568 3099 3638 magis
3119 3570 3311 3638 poterit
3328 3587 3480 3639 quam
3499 3574 3724 3627 mulier?

2139 3670 2206 3707 an
2239 3670 2340 3708 non
2366 3665 2549 3709 contra
2575 3671 2634 3710 se
2660 3673 2745 3711 res
2774 3657 2971 3713 habet?
2995 3658 3089 3713 Ille
3114 3661 3257 3714 enim
3284 3662 3488 3715 etiamsi
3519 3663 3715 3728 vellet,

2140 3764 2248 3802 non
2278 3749 2457 3818 utique
2485 3750 2678 3815 sciret,
2709 3751 2807 3804 nisi
2834 3750 2968 3806 forte
2997 3768 3136 3806 nunc
3157 3752 3206 3806 id
3230 3753 3373 3822 ipsos
3391 3754 3717 3810 docueritis:

2140 3840 2335 3910 quippe
2363 3842 2599 3895 mulieris
2641 3842 2808 3897 solius
2857 3842 2958 3898 hoc
2991 3858 3124 3914 opus
3146 3852 3247 3898 est.
3269 3844 3373 3899 Sed
3402 3828 3609 3901 vestem
3639 3847 3718 3899 la-

2140 3948 2297 3997 vare,
2331 3934 2502 4004 ignem
2532 3935 2822 3991 accendere
2844 3976 2860 4001 ,
2890 3945 2944 3991 et
2965 3937 3123 3990 ollam
3142 3936 3507 3992 fervefacere?
3537 3937 3725 3992 Etiam

2140 4023 2257 4079 haec
2285 4040 2388 4078 non
2431 4025 2601 4077 minus
2621 4065 2638 4092 ,
2666 4025 2760 4080 sed
2792 4026 2980 4081 melius
3007 4042 3165 4096 quam
3188 4029 3267 4082 vir
3292 4028 3479 4082 mulier
3496 4029 3721 4084 efficere

2141 4123 2334 4185 potest.
2383 4116 2662 4182 Quomodo
2709 4116 2866 4186 igitur
2909 4117 3050 4171 utilis
3093 4119 3195 4182 vir,
3244 4118 3329 4173 dic
3375 4120 3606 4189 ÎµÎ¹Ï…Ï‰Ï‰á¿–
3652 4135 3719 4173 an

2141 4206 2352 4276 quando
2385 4207 2615 4262 vendere
2654 4217 2746 4262 aut
2773 4224 2953 4264 emere
2981 4211 3228 4279 oportet?
3256 4211 3363 4266 Sed
3409 4227 3590 4282 neque
3638 4211 3727 4266 hic

2140 4297 2329 4351 mulier
2370 4298 2510 4353 valet
2556 4298 2729 4352 minus
2776 4314 2933 4369 quam
2981 4302 3082 4367 vir,
3130 4309 3186 4356 et
3230 4302 3507 4357 testabitur
3535 4304 3732 4373 utique

2141 4389 2312 4444 forum
2333 4433 2347 4455 ,
2376 4399 2428 4445 et
2446 4405 2632 4444 omnes
2659 4400 2919 4461 quotquot
2955 4399 3266 4448 vestimenta
3293 4409 3470 4449 emere
3493 4397 3721 4461 volunt,

2142 4496 2170 4534 a
2195 4481 2502 4536 mulieribus
2533 4483 2843 4553 plerumque
2866 4494 3065 4538 emunt.
3084 4484 3233 4552 Quod
3255 4487 3299 4540 si
3323 4495 3474 4557 turpe
3495 4488 3728 4558 virgini-

2143 4574 2241 4627 bus
2272 4575 2319 4626 in
2353 4573 2467 4627 foro
2489 4584 2631 4628 stare
2661 4574 2712 4628 in
2741 4577 3077 4631 commerciis
3096 4617 3111 4642 ,
3145 4579 3281 4631 sicut
3317 4588 3373 4633 et
3411 4589 3570 4647 turpe
3599 4590 3722 4642 est.

2140 4677 2338 4734 quanto
2368 4666 2535 4735 magis
2570 4666 2873 4721 cohabitare
2916 4668 3033 4721 viro
3064 4669 3306 4737 turpius?
3340 4669 3727 4726 Verumtamen

2140 4765 2195 4810 et
2221 4756 2320 4809 hoc
2345 4758 2520 4809 minus
2545 4772 2700 4825 quam
2732 4758 2856 4812 illud
2875 4757 3106 4827 effugere
3130 4769 3323 4829 potest.
3349 4759 3480 4814 Nam
3498 4759 3625 4816 hzec
3645 4763 3726 4815 vel

2142 4847 2331 4915 puella:
2357 4863 2475 4917 quae
2500 4848 2782 4915 ministrat,
2802 4849 2886 4903 vel
2915 4849 3104 4903 vetulis
3128 4865 3250 4920 qua:
3273 4850 3339 4904 ad
3366 4850 3480 4904 haec
3506 4852 3728 4907 idonea:

2142 4945 2283 5001 sunt,
2308 4937 2499 4990 rectius
2514 4937 2887 4992 commiserim:
2905 4939 3041 4993 unde
3063 4941 3232 5009 palam
3250 4950 3333 4995 est
3347 4940 3459 4996 haec
3482 4953 3732 5011 praetex-

2141 5035 2226 5080 tus
2247 5036 2299 5080 et
2317 5025 2504 5096 eilâ€˜ugia
2525 5041 2642 5081 esse
2669 5041 2733 5082 ac
2762 5037 3059 5097 tegumenta
3088 5030 3425 5086 infirmitatis.
3443 5031 3635 5099 Qualis
3653 5034 3734 5086 in-

2142 5116 2409 5171 ï¬rmitatis
2445 5118 2782 5173 velamenta?
2811 5120 2998 5188 inquit.
3026 5120 3157 5174 Nam
3200 5121 3247 5176 si
3288 5124 3731 5189 concupiscerem

2142 5209 2313 5262 virum
2345 5218 2405 5262 et
2426 5211 2632 5279 nuptias
2679 5218 2734 5264 et
2776 5210 2827 5265 id
2861 5225 3028 5281 genus
3052 5212 3174 5265 vita:
3195 5253 3209 5276 ,
3231 5212 3350 5283 quis
3376 5215 3734 5282 prohiberet?

2141 5317 2317 5355 annon
2362 5301 2571 5357 adesset
2622 5301 2841 5356 libertas
2881 5311 2938 5356 ut
2980 5303 3081 5357 hoc
3106 5302 3368 5369 facerem,
3393 5319 3501 5372 quo
3550 5320 3735 5376 neque

2144 5394 2504 5449 offenderetur
2542 5393 2715 5458 Deus,
2746 5408 2918 5463 neque
2956 5393 3070 5464 ipsa
3097 5398 3166 5452 ab
3186 5395 3490 5451 hominibus
3535 5399 3736 5452 redar-

2144 5489 2372 5559 guerer?
2398 5487 2611 5543 Etenim
2660 5496 2712 5542 et
2750 5502 2850 5555 ego
2897 5487 2999 5541 hoc
3042 5487 3191 5551 dico,
3235 5497 3291 5543 et
3328 5503 3432 5542 non
3482 5497 3597 5542 tam
3645 5500 3737 5544 tua

2144 5594 2304 5650 quam
2358 5593 2472 5633 mea
2523 5591 2647 5632 sunt
2690 5578 2872 5632 verba.
2897 5578 2967 5632 At
3008 5593 3226 5633 necesse
3252 5578 3465 5643 dicere,
3494 5579 3590 5633 ubi
3637 5580 3737 5635 tibi

2145 5673 2245 5726 viri
2273 5686 2399 5726 usus
2431 5680 2704 5741 tantopere
2743 5671 3106 5733 necessarius;
3135 5670 3219 5724 vel
3256 5685 3377 5726 cum
3421 5681 3741 5727 monstrare

2144 5780 2251 5819 non
2296 5763 2502 5834 possis,
2528 5762 2770 5833 ejiciatur
2795 5762 2838 5815 is
2872 5761 2961 5831 qui
2992 5762 3129 5816 male
3170 5759 3464 5817 cobabitat:
3493 5777 3627 5815 nam
3669 5763 3741 5816 ab

2146 5855 2246 5912 hac
2275 5854 2591 5913 contumelia
2629 5853 2827 5910 absolvi
2865 5853 3018 5909 aliter
3043 5868 3148 5909 non
3190 5861 3361 5925 potes.
3399 5853 3521 5908 Haec
3581 5870 3741 5909 enim
