4036 6416
327 363 432 418 519

327 476 552 548 κοῦμεν,
576 474 710 529 ἀλλά
730 475 933 528 κείσθω
955 474 1093 536 τέως
1116 473 1246 524 αύτδ
1276 471 1494 524 πάντων
1521 469 1727 524 τούτων
1750 471 1915 542 ὑπερ-

328 560 617 632 ινηνέχθαι
649 557 758 610 τῶν
791 557 1047 619 δικτύων,
1092 557 1186 608 καὶ
1231 553 1318 625 εἴη
1356 553 1620 607 πάντοθεν
1650 553 1912 624 καθαρὸν,

331 646 423 697 καὶ
454 643 638 711 πάσης
667 638 1062 711 ἡλευθερώσθω
1093 636 1316 708 βλάϐης,
1348 637 1443 689 καὶ
1476 635 1684 706 μενέτω
1711 635 1915 708 παρθέ-

331 729 466 796 νοςή
495 725 783 796 παρθένος·
805 724 856 776 τί
874 723 1032 776 τοῦτο
1052 723 1188 794 πρὸς
1210 721 1278 774 τά
1295 720 1560 791 εἰρημένα
1581 720 1708 794 παρ’
1727 723 1760 791 ή
1769 722 1881 789 μῶν
1899 738 1913 785 ;

332 816 440 865 Καὶ
472 815 580 882 γάρ
606 811 667 862 τὸ
695 809 998 862 δεινότατον
1029 806 1186 859 τοῦτό
1215 809 1350 868 ἐστι,
1384 805 1477 857 καί¹
1506 804 1712 875 μυρίων
1747 805 1919 873 γέμον

330 896 606 967 δακρύων,
646 895 728 947 δτι
767 891 1018 945 τοσοῦτον
1066 890 1328 960 ὑπέμεινε
1378 890 1530 941 πόνον
1560 887 1824 942 πάντοθεν
1856 888 1917 939 τὸ

335 981 494 1050 σῶμα
541 977 876 1048 διατηροῦσα
928 974 1207 1046 ἀκριϐῶς,
1259 973 1352 1026 καὶ
1389 973 1568 1025 πάντα
1614 973 1704 1024 τὸν
1756 971 1916 1024 πόνον

334 1064 650 1128 ἐξεκένωσε,
675 1062 767 1114 καὶ
792 1060 882 1112 τὸν
918 1058 1114 1130 μόχθον
1139 1057 1317 1126 ἐξέχεε
1340 1056 1427 1108 διὰ
1447 1056 1548 1125 τῆς
1576 1057 1656 1118 είς
1685 1055 1916 1127 Χριστὸν

335 1147 702 1219 βλασφημίας,
748 1146 843 1198 καὶ
880 1144 980 1214 τῆς
1029 1142 1230 1214 σαρκὸς
1276 1140 1577 1212 φεισαμένη
1623 1140 1723 1210 τῆς
1761 1138 1918 1210 δόξης

333 1233 434 1284 οὐκ
484 1231 741 1300 ἐφείσατο
785 1225 881 1280 τοῦ
925 1225 1083 1289 Θεοῦ,
1136 1223 1272 1278 ἀλλὰ
1315 1225 1464 1286 ὅπως
1509 1224 1608 1295 μὲν
1642 1222 1918 1292 ἀνέπαφον

333 1317 472 1386 αὐτῇ
500 1315 659 1386 μείνῃ
689 1313 750 1365 τὸ
786 1310 965 1381 σῶμα,
1000 1310 1178 1365 πάντα
1211 1309 1488 1379 ἐποίησεν,
1520 1309 1666 1371 ὅπως
1693 1307 1748 1360 δέ
1776 1310 1920 1360 ἐκεῖ·

334 1417 423 1463 νος
448 1399 522 1470 μὴ
551 1396 824 1468 ὑϐρίζοιτο
867 1394 1000 1466 μηδέ
1026 1393 1447 1462 καταισχύνοιτο
1474 1393 1626 1463 παρά
1649 1396 1761 1456 τοῖς
1788 1393 1917 1445 πολ-

335 1484 467 1545 λοῖς,
505 1480 626 1533 ούδέ
667 1479 821 1546 λόγον
851 1477 976 1548 ἔσχε
1015 1478 1156 1531 τινά.
1196 1476 1319 1529 Είθε
1363 1477 1459 1547 μὲν
1503 1473 1596 1529 οῦν
1635 1476 1709 1546 μὴ
1743 1476 1919 1529 πάντα

337 1568 571 1637 ἔπραττε
606 1564 699 1615 καὶ
733 1561 1076 1632 ἐπετήδευεν,
1112 1561 1170 1627 ἐξ
1203 1554 1334 1630 ὧνή
1370 1560 1462 1612 τοῦ
1483 1559 1616 1612 Θεοῦ
1639 1559 1921 1612 διαϐάλλει-

335 1663 474 1703 ταιει
505 1648 661 1712 δόξαί
710 1648 817 1700 Καὶ
864 1647 980 1708 πῶς
1021 1645 1180 1698 τοῦτο
1229 1644 1398 1708 ποιῶ;
1445 1644 1628 1713 φησίν.
1685 1645 1921 1717 Ἀνδρας

337 1727 703 1789 ἀποκλείούσα
745 1730 880 1801 μετά
928 1729 1130 1799 σαυτῆς
1177 1729 1269 1780 ἐπὶ
1301 1729 1403 1797 τῆς
1445 1730 1640 1791 οἰκίας,
1684 1730 1777 1781 καὶ
1806 1729 1921 1782 δια-

337 1817 538 1879 παντός
572 1833 654 1868 σοι
685 1811 1154 1884 παρακαθίζουσα.
1190 1813 1250 1864 Εἰ
1276 1811 1384 1884 γάρ
1412 1811 1609 1883 ἄνδρας
1635 1811 1920 1882 ἐπιθυμεῖς

341 1901 490 1974 [25$]
514 1901 657 1970 ἔχειν
683 1896 1082 1960 συνοικοῦντας,
1111 1896 1211 1948 ούκ
1233 1894 1338 1948 ἔδει
1366 1895 1662 1967 παρθενίαν
1684 1895 1918 1958 ἑλέσθαι,

338 1985 455 2039 ἀλλ’
481 1985 573 2037 ἐπὶ
603 1983 692 2035 τὸν
716 1983 892 2050 γάμον
922 1979 1115 2032 ἐλθεῖν·
1143 1978 1322 2049 πολλῷ
1353 1979 1460 2050 γάρ
1490 1979 1697 2048 βέλτιον
1721 1982 1921 2050 γαμεῖν

338 2069 585 2129 ἐκείνως,
627 2067 660 2136 ἢ
690 2063 1046 2136 παρθενεύειν
1073 2061 1265 2125 οῦτως.

411 2151 513 2202 Τὸν
545 2150 638 2220 μὲι
665 2148 771 2220 γάρ
798 2146 1038 2200 τοιοῦτον
1067 2145 1242 2216 γάμον
1269 2143 1390 2198 οῦτε
1422 2147 1449 2198 ό
1471 2145 1603 2207 Θεὸς
1628 2143 1922 2198 καταδικά-

337 2236 443 2300 ζει.
491 2233 615 2286 οῦτε
664 2232 940 2302 ἄνθρωποι
970 2229 1334 2283 διαϐάλλουσι·
1368 2229 1547 2298 τίμιον
1579 2229 1688 2300 γάρ
1715 2229 1829 2280 ἐστι
1865 2228 1922 2281 τὸ

340 2320 594 2388 πρᾶγμα,
627 2316 818 2369 οὐδένα
848 2312 1087 2378 ἀδικοῦν,
1123 2312 1245 2366 οὺδέ
1278 2312 1534 2382 πλῆττον·
1563 2315 1596 2384 ἡ
1632 2313 1689 2365 δέ
1718 2312 1922 2381 παρθε-

340 2404 427 2456 νία
456 2403 592 2472 αὕτη
626 2403 657 2471 ή
693 2399 830 2470 μετά
854 2398 1064 2470 ἀνδρῶν
1092 2398 1346 2469 πορνείας
1373 2397 1748 2469 χαλεπώτερον
1772 2397 1924 2468 παρὰ

342 2490 475 2540 πᾶσι
510 2485 880 2554 διαϐέϐληται·
913 2484 1007 2536 καὶ
1037 2481 1136 2552 τὴν
1165 2481 1372 2535 οίκείαν
1402 2481 1716 2534 ἀπολέσασα
1747 2480 1920 2545 τάξιν,

340 2572 492 2624 κάτω
518 2586 620 2622 που
650 2568 745 2621 καὶ
774 2567 906 2637 παρ’
931 2565 1065 2618 αὐτὸ
1097 2566 1196 2636 τῆς
1221 2565 1478 2637 πορνείας
1515 2563 1833 2636 ἐξεκυλίσθη
1861 2565 1924 2618 τὸ

343 2653 636 2725 βάραθρον.
687 2649 824 2704 Οὔτε
868 2649 976 2720 γάρ
1021 2648 1161 2720 μετά
1188 2649 1296 2701 τῶν
1325 2648 1610 2721 παρθένων
1637 2649 1924 2719 ἀνάσχοιτό

339 2755 424 2799 τις
449 2736 514 2790 ἂν
537 2735 840 2807 ἀριθμῆσαι
861 2735 959 2802 τὴν
985 2736 1059 2805 μὴ
1093 2734 1161 2786 τά
1185 2734 1279 2785 τοῦ
1310 2735 1516 2806 Κυρίου
1545 2733 1920 2807 μεριμνῶσαν,

341 2821 478 2874 ἀλλά
510 2819 734 2890 μυρίους
777 2817 1154 2890 ἐργαζομένην
1194 2819 1435 2888 μοιχοὺς,
1479 2817 1602 2871 οὔτε
1646 2817 1782 2888 μετὰ
1813 2818 1923 2871 τῶν

342 2903 765 2974 γεγαμημένων.
805 2902 1016 2972 Ἐκείνη
1052 2902 1148 2971 μὲν
1173 2901 1281 2971 7'19
1310 2900 1605 2970 φροντίζει,
1631 2902 1778 2964 ὅπως
1798 2900 1924 2972 ἀρέ-

345 3006 428 3040 σει
453 2987 532 3040 ἐνὶ
565 2986 738 3056 ἀνδρί·
772 2985 835 3037 σὺ
865 2985 921 3038 δὲ
951 2986 1182 3056 μυρίοις,
1211 2985 1302 3037 καὶ
1330 2985 1540 3047 τούτοις
1568 2984 1628 3036 o6
1652 2986 1800 3054 νόμῳ
1822 2985 1922 3052 γά-

348 3088 448 3140 μου
476 3069 794 3141 γνωρίμοις,
830 3068 944 3122 ἀλλ’
979 3069 1150 3139 ἑτέρῳ
1181 3069 1289 3120 τινὶ
1310 3068 1496 3138 τρόπῳ
1515 3067 1924 3139 διαϐεϐλημένῳ

345 3157 440 3210 καὶ
472 3153 907 3224 κατεγνωσμένῳ
937 3153 1088 3223 παρὰ
1120 3153 1356 3206 πάντων.
1401 3151 1563 3205 Ὅθεν
1600 3151 1812 3205 δέδοικα
1849 3154 1922 3224 μὴ

349 3241 446 3309 τῆς
472 3239 653 3309 χώρας
682 3237 949 3308 ἑκατέρας
984 3237 1307 3306 ἐκϐληθεῖσα
1345 3235 1481 3306 μετὰ
1516 3235 1624 3286 τῶν
1654 3235 1927 3306 ἠτιμωμέ-

344 3342 452 3378 νων
471 3321 746 3391 γυναικῶν
772 3323 945 3391 φανῇς
968 3321 1295 3390 ταττομένη.
1325 3321 1431 3372 Καὶ
1451 3319 1558 3390 γάρ
1582 3319 1674 3372 καὶ
1700 3319 1806 3371 ἀπὸ
1829 3321 1923 3390 τῆς

346 3405 715 3476 προσηγορίας
741 3404 930 3474 αὐτῆς,
949 3403 1097 3466 εἴτις
1115 3403 1285 3455 ταῦτα
1303 3402 1642 3472 ψηφίσασθαι
1665 3401 1922 3470 βούλοιτο,

343 3487 465 3542 οἷδδέ
504 3487 737 3542 ἐνταῦθα
775 3488 934 3540 πάλιν
967 3488 1240 3540 ἀντειπεῖν
1275 3503 1326 3538 τι
1355 3485 1717 3556 δυνησόμεθα.
1758 3487 1926 3539 Ὅταν

345 3574 455 3644 γάρ
485 3573 517 3642 ἢ
554 3575 632 3634 εἰς
666 3569 871 3642 ἀγοράν
901 3570 1231 3639 ἐμϐάλωσιν,
1268 3569 1300 3640 ἢ
1333 3570 1489 3636 λόγος
1518 3587 1601 3631 τις
1631 3570 1770 3622 οἴκοι
1800 3569 1926 3640 περὶ

346 3656 527 3709 αὐτῶν
563 3656 798 3724 γίνηται,
840 3655 886 3706 οί
913 3653 1289 3723 διαλεγόμενοι
1321 3653 1448 3723 περὶ
1472 3652 1568 3722 τῆς
1595 3653 1796 3705 ἀτόπου
1834 3670 1924 3704 συ-

347 3740 537 3806 ζυγίας
564 3739 786 3808 ταύτης,
811 3738 1046 3807 δηλῶσαι
1073 3736 1388 3806 βουλόμενοι
1413 3737 1510 3806 τὴν
1531 3738 1624 3788 τοῦ
1651 3736 1841 3799 δεῖνος.
1864 3737 1924 3789 06

345 3826 444 3894 τὴν
486 3823 702 3893 μητέρα
745 3821 1021 3884 καλοῦσιν,
1071 3821 1190 3874 ούδέ
1230 3822 1336 3892 γάρ
1374 3821 1537 3873 αὑτὸν
1568 3820 1772 3883 ἔτεκεν,
1807 3821 1926 3873 ούδέ

344 3909 442 3978 τὴν
466 3905 719 3976 ἀδελφὴν,
759 3905 879 3958 ούδέ
910 3905 1016 3974 γάρ
1040 3905 1136 3966 τάς
1160 3905 1328 3967 αὐτὰς
1357 3904 1541 3956 ἔλυσεν
1567 3904 1778 3967 ὠδῖνας,
1806 3903 1925 3956 ούδέ

343 3989 442 4059 τὴν
470 3989 740 4058 γαμετὴν,
777 3989 896 4040 ούδέ
921 3989 1030 4058 γάρ
1057 3988 1206 4057 νόμῳ
1231 3988 1409 4056 γάμου
1446 3985 1780 4058 συνῴκησεν,
1805 3987 1926 4039 ούδέ

344 4073 473 4126 ἄλλο
501 4090 552 4125 τι
595 4073 911 4140 συγγενείας
950 4072 1120 4141 ὄνομα
1154 4071 1260 4124 τῶν
1298 4072 1804 4142 συγκεχωρημένων
1836 4071 1926 4124 καὶ

346 4156 485 4208 κατά
518 4156 680 4225 νόμον
716 4155 1009 4223 κειμένων,
1045 4153 1178 4206 ἀλλά
1207 4153 1268 4205 τὸ
1302 4153 1524 4224 αἰσχρὸν
1562 4155 1655 4206 καὶ
1693 4155 1926 4222 καταγέ-

343 4240 561 4292 λαστον.
601 4239 736 4291 Ούδὲ
779 4239 887 4308 γάρ
926 4240 990 4291 ἂν
1030 4238 1202 4305 ἔγωγε
1237 4238 1536 4307 ἀνεχοίμην
1569 4238 1700 4290 αύτδ
1731 4240 1922 4290 εἰπεῖν·

343 4323 487 4377 οῦτω
521 4324 666 4394 μισὼ
689 4325 781 4376 καὶ
807 4323 905 4393 τὴν
935 4322 1310 4393 προσηγορίαν
1339 4322 1509 4392 αὐτὴν
1536 4324 1628 4374 καὶ
1655 4322 1926 4393 ἀποστρέ-

346 4425 539 4476 φομαι,
565 4409 658 4459 καὶ
688 4407 1045 4476 προσίσταταί
1076 4423 1167 4474 μοι
1195 4406 1284 4458 καὶ
1311 4407 1343 4474 ἠ
1368 4406 1652 4475 ἐπωνυμία
1679 4405 1776 4474 τῆς
1805 4423 1927 4458 συν-

342 4495 627 4561 οικήσεως.
687 4491 824 4543 Ἀλλ’
859 4491 960 4543 ούκ
1003 4490 1208 4553 ἔτεκες,
1251 4489 1370 4542 ούδέ
1399 4488 1688 4558 ὠδὶνησας.
1735 4491 1842 4542 Καὶ
1872 4490 1924 4541 τί

342 4576 546 4646 ταύτης
581 4579 677 4646 τῆς
727 4574 1024 4642 ἀπολογίας
1070 4574 1447 4644 αἰσχρότερονς
1483 4574 1536 4625 τί
1569 4573 1625 4626 δὲ
1666 4573 1924 4627 ἀθλιώτε-

348 4677 459 4729 ρον,
490 4661 618 4712 δταν
655 4661 762 4713 ἀπὸ
791 4659 998 4711 τούτων
1041 4657 1298 4726 βούληται
1341 4657 1628 4725 φαίνεσθαι
1659 4659 1926 4730 παρθένος

342 4746 376 4814 ή
412 4743 698 4814 παρθένος,
746 4745 826 4805 εἰς
875 4741 909 4795 ἀ
965 4742 1060 4793 καί
1111 4740 1218 4792 τῶν
1271 4741 1683 4811 πορνευομένων
1735 4741 1926 4794 πολλαὶ

341 4831 598 4894 γυναῖκες
637 4826 818 4895 ἔχουσι
878 4828 1247 4892 καταφυγεῖν;
1295 4823 1434 4876 Ἀλλ’
1485 4824 1690 4876 ἐκεῖναι
1731 4826 1925 4895 ἐτέρω-

342 4911 433 4963 θεν
462 4910 795 4980 ἐλέγχονται,
827 4910 1014 4978 φησὶν,
1053 4908 1492 4974 άσελγαίνουσαι.
1531 4908 1700 4960 Πόθεν
1727 4908 1924 4978 ἐτέρω-

341 4995 450 5055 θεν,
481 4995 601 5046 εἰπέ
639 5011 763 5063 μοι;
818 4993 950 5045 ’Λπδ
983 4991 1077 5045 τοῦ
1132 4993 1428 5062 σχήματος,
1479 4991 1586 5042 ἀπὸ
1626 4990 1718 5043 τοῦ
1759 4991 1923 5060 βλέμ-

343 5095 540 5147 ματος,
568 5079 675 5130 ἀπδ
709 5067 802 5130 τοῦ
853 5077 1206 5148 βαδίσματος,
1239 5073 1348 5128 ἀπὸ
1381 5074 1486 5126 τῶν
1527 5075 1774 5145 ἐραστῶν
1817 5074 1926 5126 τῶν

339 5162 711 5231 ἁλισκομένων
745 5163 989 5224 ταύταις.
1039 5159 1232 5221 Καλῶς
1281 5159 1378 5227 μὲν
1427 5159 1559 5227 ήμῖν
1604 5158 1925 5228 ὑπέγραψας

336 5245 429 5297 τὸν
472 5245 795 5315 χαρακτῆρα
831 5246 929 5314 τῆς
971 5244 1174 5312 πόρνης
1218 5241 1494 5308 γυναικός·
1535 5241 1649 5292 ἀλλ’
1687 5241 1811 5310 696,
1851 5243 1924 5312 μὴ

339 5329 543 5396 σαυτὴν
577 5328 680 5398 πρὸ
713 5328 929 5397 ἐκείνης
951 5327 1082 5398 ἐλῃς
1111 5324 1324 5386 τούτοις
1351 5327 1464 5386 τοῖς
1485 5325 1808 5395 τεκμηρίοις
1834 5326 1927 5376 καὶ

336 5415 448 5473 τοῖς
490 5411 755 5480 ἐλέγχοις·
790 5413 884 5464 καὶ
919 5410 1026 5480 γάρ
1059 5410 1121 5460 σὺ
1161 5407 1438 5480 τοιούτους
1480 5410 1652 5476 σαυτῇ
1698 5406 1924 5470 πολλοὺς

338 5495 769 5557 κατασκευάζεις
798 5493 1054 5566 ἐραστάς,
1088 5493 1181 5545 καὶ
1208 5477 1295 5544 διὰ
1323 5489 1432 5542 τῶν
1468 5490 1646 5542 αὐτῶν
1670 5491 1920 5544 δικτύων.

338 5578 488 5631 1ῖίδέ
534 5578 607 5647 μὴ
644 5578 863 5630 ἴστασαι
906 5579 998 5630 ἐπί
1038 5576 1131 5628 τοῦ
1181 5576 1482 5644 οἰκήματος
1528 5573 1766 5625 καλοῦσα
1798 5574 1925 5636 τοὺς

338 5663 650 5731 παριόντας,
697 5661 810 5714 ἀλλ’
853 5661 998 5730 ἔχεις
1047 5659 1191 5711 ἔνδον
1237 5656 1762 5726 συγκεκλεισμένους
1807 5656 1922 5708 δια-

337 5745 534 5807 παντὸς
563 5745 694 5798 πολὺ
723 5743 1096 5815 χαλεπώτερον
1119 5743 1168 5802 ι),
1197 5743 1263 5794 δι’
1293 5743 1478 5811 ἕτερον
1510 5740 1606 5810 μέν
1633 5740 1805 5805 ούδέν,
1836 5741 1921 5793 ἵνα

400 5863 424 5920 9
457 5864 622 5911 κιαι-(ιι.
647 5865 965 5920 διαϐάλλεται,
987 5861 1135 5909 ςαγὶι.
1164 5861 1452 5908 διεϐάλλετο.

400 5919 426 5960 δ
455 5926 584 6035 toga
611 5935 664 5976 el
685 5925 932 5990 distingue
958 5919 1028 5974 Sic
1162 5924 1429 5979 διαπαντός,
1454 5922 1477 5970 6
1501 5923 1618 5971 πολὺ
1645 5923 1918 5985 χαλεπώτε-

400 6003 434 6035 τ.
473 6000 587 6034 -υιτ.

334 6001 434 6047 ουτ.
460 6000 587 6039 non.

861 358 1050 429 QUOD
1090 356 1507 412 REGULARES
1540 355 1822 412 FEMINIE
1863 357 2047 414 VIRIS
2083 359 2527 416 COHABITARE
2561 359 2698 415 NON
2739 357 3082 417 DEBEANT.

3495 355 3596 416 530

2020 473 2078 527 δὲ
2105 475 2296 546 ἡδονήν
2330 475 2437 546 πλη
2448 473 2626 546 ρώσῃς
2646 473 2846 527 ἄτοπον
2875 472 2973 543 τὴν
3004 466 3213 526 ἐκείνου
3233 470 3329 526 καὶ
3349 469 3450 543 τὴν
3468 489 3602 536 σαψ

2016 556 2136 626 τῆς,
2164 558 2225 610 ού
2252 557 2351 627 τὴν
2373 558 2461 610 διά
2478 557 2579 627 τῆς
2603 557 2802 627 μίξεως
2833 555 2996 624 λέγω.
3033 554 3193 607 Ἀλλά
3218 554 3270 607 τί
3300 553 3360 607 τὸ
3383 554 3597 624 κέρεος,

2016 639 2146 692 ὅταν
2170 641 2265 694 καὶ
2295 643 2327 710 ἡ
2357 641 2445 694 διά
2469 641 2577 693 τῶν
2599 639 2896 710 ὀφθαλμῶν
2925 638 3182 692 συνουσία
3201 636 3263 690 τὸ
3287 637 3418 690 αὐτὸ
3441 636 3615 690 τοῦτο.

2018 723 2355 794 ἐργάζηται;
2391 725 2512 778 ἐπεὶ
2536 727 2585 777 εί
2618 725 2692 794 μὴ
2723 723 2880 778 τοῦτό
2912 723 3053 787 ἐστι,
3081 722 3216 792 μηδέ
3247 719 3453 792 ταύτην
3478 738 3600 792 μοι-

2017 807 2207 876 χεύετε
2236 808 2334 879 τήν
2369 809 2636 879 μοιχείαν,
2674 808 2818 871 τίνος
2853 807 3038 861 ἕνεκεν
3066 806 3228 859 αὑτὸν
3255 805 3400 876 ἔχεις
3427 805 3602 870 οἷκοιξ

2019 891 2178 944 ποίαν
2214 893 2393 945 αἰτίαν
2417 892 2632 945 δικαίαν
2665 893 2760 945 καὶ
2788 891 3008 960 εὔλογον
3037 892 3171 962 ήμῖν
3197 892 3378 960 ἑρεῖς;
3413 889 3477 942 Ἦ
3501 888 3603 960 μὲν

2018 974 2125 1045 γὰρ
2155 976 2516 1047 γεγαμημένη
2545 977 2634 1028 τον
2658 976 2834 1046 γάμον
2862 978 2980 1044 ἐρεῖ
3004 986 3052 1039 ε,
3083 977 3116 1044 ἡ
3141 975 3197 1027 δὲ
3229 973 3601 1046 πορνευομένη

2019 1061 2117 1130 τήν
2133 1060 2440 1129 ἀσέλγειαν·
2469 1063 2532 1114 σὺ
2558 1061 2635 1123 δὲ,
2664 1063 2696 1132 ή
2722 1060 3007 1131 παρθένος,
3028 1058 3185 1111 ποίαν
3201 1060 3332 1130 ἡμῖν
3353 1058 3598 1131 προϐαλῇ

2020 1145 2296 1213 πρόφασιν
2325 1145 2680 1215 εὐπρόσωπον
2713 1146 2806 1198 καὶ
2833 1145 3078 1210 δικαίαν;

2089 1228 2152 1282 δ’.
2199 1229 2263 1280 Τί
2307 1229 2414 1297 γάρ
2437 1229 2594 1282 τοῦτο
2615 1221 3328 1301 περιεργάζῃ,φησὶν,δταν
3365 1227 3440 1300 μὴ
3471 1246 3603 1298 συγ-

2021 1311 2340 1376 καθεύδωσι,
2383 1313 2515 1382 μηδὲ
2553 1313 2920 1381 συγγένωνται
2957 1314 3092 1382 ἡμῖν
3123 1312 3171 1365 οἱ
3206 1311 3603 1377 συνοικοῦντες,

2022 1397 2271 1467 καθάπερ
2314 1397 2551 1459 ἐκείναις
2593 1398 2819 1460 ἐκεῖνοι;
2864 1395 3118 1449 Μάλιστα
3167 1395 3264 1465 μὲν
3308 1396 3402 1449 καὶ
3447 1397 3605 1450 τοῦτο

2023 1481 2206 1533 πολλοὶ
2227 1481 2467 1547 λέγουσι.
2500 1482 2611 1532 Καὶ¹
2639 1481 2689 1533 τί
2715 1480 2900 1542 τοῦτο;
2931 1479 3086 1549 φησί·
3115 1478 3258 1531 κατὰ
3278 1480 3377 1550 τῆς
3394 1480 3605 1534 ἑαυτῶν

2024 1563 2178 1636 [255]
2214 1564 2479 1633 κεφαλῆς.
2527 1564 2592 1616 Εἰ
2635 1563 2734 1634 μὲν
2782 1564 2923 1616 κατά
2969 1564 3068 1632 τῆς
3113 1561 3323 1615 ἐαυτῶν
3364 1563 3604 1632 κεφαλῆς

2026 1649 2208 1723 μόνον,
2243 1647 2466 1719 ὕστερον
2510 1647 2670 1700 τοῦτο
2705 1647 3025 1720 ζητήσομεν.
3066 1645 3175 1698 Καὶ
3215 1646 3314 1717 ἤδη
3354 1645 3453 1716 μὲν
3495 1647 3604 1717 γὰρ

2026 1731 2212 1799 σαφῶς
2237 1731 2636 1792 ἀποδέδεικται,
2666 1731 2830 1800 ἡνίκα
2854 1733 2968 1794 τοῖς
2983 1729 3208 1799 ἀνδράσι
3227 1729 3600 1800 διελεγόμεθα,

2022 1815 2104 1867 ὃτι
2152 1814 2250 1884 οὐχ
2292 1816 2341 1866 οί
2383 1813 2568 1878 κακῶς
2602 1813 2849 1881 λέγοντες
2899 1812 3078 1882 μόνον,
3126 1811 3261 1865 ἀλλὰ
3296 1813 3389 1864 καὶ
3426 1814 3475 1864 οί
3505 1812 3603 1876 τὰς

2022 1898 2201 1959 αἰτίας
2236 1897 2566 1966 παρέχοντες
2595 1897 2741 1967 είκῆ,
2780 1898 2877 1966 τῆς
2907 1897 3000 1948 ἐπὶ
3037 1897 3102 1966 τῇ
3142 1895 3447 1967 κατηγορίᾳ
3485 1913 3602 1948 κει-

2026 1981 2193 2052 μένης
2232 1981 2369 2032 εἰσὶν
2411 1979 2701 2033 ὑπεύθυνοι
2743 1978 3033 2050 τιμωρίας·
3088 1976 3226 2049 πλὴν
3269 1977 3406 2032 ἀλλά
3445 1979 3604 2031 τοῦτο

2027 2065 2124 2134 μέν
2155 2065 2249 2117 καὶ
2272 2061 2428 2121 αὖθις
2448 2063 2804 2134 ἀποδείξομεν
2828 2062 3012 2116 πάλιν·
3038 2062 3175 2126 τέως
3194 2062 3240 2116 δ’
3264 2057 3357 2116 οῦν
3386 2079 3445 2115 σε
3469 2062 3604 2134 ἐρω-

2027 2167 2124 2219 μαι
2159 2149 2259 2218 τῆς
2287 2149 2621 2219 ὀμοσκηνίας
2659 2148 2758 2218 τὴν
2804 2148 3080 2218 πρόφασιν
3121 2146 3344 2219 ταύτης,
3386 2147 3507 2200 τίνα
3535 2145 3604 2200 ἂν

2022 2233 2164 2303 ἔχοις
2192 2235 2384 2286 εἰπεῖν.
2435 2231 2691 2303 Ἀσθενής
2724 2233 2860 2301 είμι,
2889 2233 3043 2302 φησὶ,
3081 2231 3175 2284 καὶ
3207 2230 3366 2302 γυνὴ,
3392 2231 3487 2284 καὶ⁵
3506 2231 3606 2302 ούχ

2027 2317 2183 2388 ἱκανὴ
2213 2317 2348 2387 μόνη
2375 2317 2492 2379 ταῖς
2523 2317 2732 2386 χρείαις
2769 2315 2998 2386 ἀρκέσαι
3027 2318 3147 2378 ταῖς
3182 2316 3447 2386 ἐμαυτῆς.
3493 2306 3606 2370 Κάὶ

2029 2402 2164 2472 μὴν,
2187 2401 2275 2453 ὅτε
2307 2403 2416 2463 τοῖς
2455 2398 2793 2452 συνοικοῦσιν
2823 2399 2950 2468 ὑμῖν
2980 2397 3368 2468 ἐνεκαλοῦμεν,
3405 2401 3605 2452 τάναν-

2022 2483 2114 2537 τία
2144 2483 2412 2550 λεγόντων
2444 2481 2735 2551 ἠκούομεν,
2773 2482 2855 2534 ὅτι
2884 2480 2973 2534 διά
2997 2483 3096 2552 τὴν
3124 2483 3302 2536 αὐτῶν
3325 2483 3604 2536 διακονίαν

2026 2567 2170 2636 ὑμᾶς
2202 2567 2514 2636 κατέχουσι.
2548 2565 2672 2628 Πῶς
2700 2560 2791 2617 οῦν
2825 2566 2882 2617 αἱ
2917 2565 3012 2617 καὶ
3056 2566 3182 2628 τοὺς
3225 2565 3426 2636 ἄνδρας
3470 2568 3605 2628 ἀνα-

2025 2653 2232 2703 παῦσαι
2279 2649 2574 2720 δυνάμεναι
2620 2651 2686 2701 ἐκ
2724 2648 3063 2719 περιουσίας,
3099 2651 3323 2714 ἑαυταῖς
3355 2651 3607 2719 γυναιξὶν

2024 2733 2212 2796 οῦσαις
2239 2733 2300 2785 06
2340 2731 2631 2809 δυνήσεσθε
2669 2731 2905 2801 βοηθεῖν,
2931 2731 3048 2784 ἀλλ’
3077 2733 3280 2804 ἐτέρων
3311 2733 3604 2804 δεήσεσθε;

2025 2817 2294 2887 Καθάπερ
2340 2814 2449 2884 γὰρ
2492 2815 2649 2886 ἀνδρὶ
2691 2816 2850 2886 ἀνὴρ,
2899 2814 3041 2870 οὕτω
3087 2816 3182 2869 καὶ
3214 2818 3436 2884 γυναικὶ
3467 2818 3607 2888 γυνὴ

2031 2903 2160 2972 ῥᾷον
2199 2900 2294 2952 καὶ
2337 2896 2701 2969 εὐκολώτερον
2745 2900 3116 2969 συνοικήσειεν
3151 2899 3236 2953 ἄν·
3273 2901 3403 2954 ὅταν
3427 2901 3484 2954 δέ
3515 2904 3608 2964 καὶ

2027 2985 2283 3056 ἀνδράσιν
2340 2981 2769 3052 ἐπιτηδειότεραι
2821 2983 2959 3052 πρὸς
3001 2983 3307 3054 ὑπηρεσίαν
3357 2984 3605 3057 γίνησθε,

2027 3067 2208 3137 πολλῷ
2237 3065 2436 3137 μᾶλλον
2470 3065 2597 3136 ύμῖν
2622 3066 2834 3129 αὐταῖς.
2873 3065 2981 3118 Ποῦ
3006 3067 3138 3136 γάρ,
3176 3067 3297 3120 εἰπέ
3333 3085 3443 3137 μοι,
3474 3071 3608 3141 χρή-

2029 3170 2184 3223 σιμος
2213 3151 2305 3204 καὶ
2330 3149 2600 3218 ἀναγκαία
2623 3149 2816 3217 γένοιτ’
2842 3148 2908 3202 ἂν
2929 3151 2961 3218 ή
2985 3149 3077 3202 τοῦ
3104 3150 3296 3222 ἀνδρὸς
3314 3154 3606 3221 κοινωνία;

2027 3236 2183 3289 ποίαν
2210 3235 2264 3288 δέ
2298 3228 2451 3296 οῦτος
2481 3234 2608 3302 ὑμῖν
2643 3231 2864 3303 παρέξει
2895 3231 3255 3303 λειτουργίαν,
3287 3236 3354 3305 ἢν
3376 3239 3607 3304 γυναῖκα

2027 3321 2085 3373 06
2107 3318 2330 3372 δυνατὸν
2351 3317 2570 3385 γυναικὶ
2590 3317 2916 3388 παρασχεῖν;
2952 3316 3096 3368 ἱστὸν
3124 3318 3324 3387 ύφᾶναι
3349 3320 3488 3391 μετά
3511 3321 3606 3376 σοῦ

2029 3405 2120 3456 καὶ
2151 3405 2311 3474 νῆσαι
2342 3400 2548 3471 κρόκην
2588 3401 2682 3452 καὶ
2721 3401 2984 3468 στήμονα,
3033 3393 3188 3463 οὗτος
3219 3401 3318 3472 τῆς
3352 3405 3608 3471 γυναικὸς

2027 3487 2316 3556 δυνήσεται
2343 3483 2571 3553 μᾶλλον;
2605 3482 2714 3534 Καὶ
2747 3483 2852 3552 μὴν
2878 3484 3187 3536 τούναντίον
3217 3484 3385 3540 ἐστίν.
3423 3486 3482 3540 Ὀ
3507 3487 3608 3558 μὲν

2029 3573 2155 3642 γάρ,
2197 3570 2302 3622 066‘
2344 3567 2410 3621 ἂν
2451 3568 2630 3638 ἐθέλῃ,
2668 3568 3045 3636 μεταχειρίσαι
3078 3586 3133 3621 τι
3162 3569 3368 3623 τούτων
3405 3571 3514 3626 οὐδ’
3541 3571 3630 3626 ἂν,

2028 3655 2255 3717 εἴσεται,
2291 3654 2430 3724 πλήν
2461 3654 2509 3705 εἰ
2545 3655 2618 3723 μὴ
2652 3652 2746 3704 νῦν
2774 3653 2866 3705 καί
2891 3651 3048 3705 τοῦτο
3076 3653 3272 3718 αὐτοὺς
3307 3655 3606 3724 ἐδιδάξατε,

2028 3739 2162 3792 ἀλλά
2191 3740 2286 3806 τῆς
2315 3736 2572 3806 γυναικὸς
2608 3737 2777 3805 μόνης
2813 3737 2874 3789 τὸ
2906 3737 3064 3808 ἔργον
3101 3738 3270 3790 ἐστίν.
3313 3738 3451 3794 Ἀλλ’
3483 3743 3609 3813 ίμά·

2026 3841 2140 3875 τιον
2171 3823 2387 3879 πλῦναι.
2421 3823 2515 3875 καὶ
2546 3821 2654 3892 πῦρ
2689 3820 3015 3885 ἀνακαῦσαι,
3065 3825 3158 3875 καὶ
3191 3823 3396 3895 χύτραν
3425 3825 3606 3897 ἑψεῖν;

2028 3908 2138 3958 Καὶ
2171 3907 2275 3976 μὴν
2304 3905 2475 3959 ταῦτα
2506 3906 2606 3958 ούκ
2629 3905 2870 3968 ἔλαττον,
2898 3905 3034 3959 ἀλλὰ
3057 3907 3152 3959 καὶ
3183 3906 3392 3976 βέλτιον
3417 3909 3610 3982 ἀνδρὸς

2028 3992 2161 4060 γυνὴ
2199 3989 2674 4061 μεταχειρίζεσθαι
2703 3989 2946 4044 δύναται.
2979 3989 3088 4042 Ποῦ
3115 3988 3208 4044 οὖν
3235 4009 3316 4046 σοι
3341 3995 3611 4065 χρήσιμος

2027 4079 2055 4128 ὁ
2077 4074 2236 4145 ἀνὴρ,
2263 4074 2385 4127 εἰπέ
2413 4092 2500 4144 μοι
2523 4091 2537 4138 ;
2560 4074 2685 4127 ὅταν
2708 4074 3002 4127 ἀποδόσθαι
3031 4092 3084 4127 τι
3106 4075 3198 4147 δέῃ
3221 4078 3316 4130 καί⁸
3345 4079 3610 4150 πρίασθαι

2030 4159 2280 4221 πάντωςς
2323 4157 2464 4210 Ἀλλ’
2488 4158 2607 4210 οὐδὲ
2639 4157 2874 4211 ἐνταῦθα
2900 4157 3120 4234 ἔλαττον
3146 4159 3257 4230 ἔχει
3287 4161 3381 4214 τοῦ
3417 4163 3610 4236 ἀνδρὸς

2027 4246 2071 4312 ή
2089 4243 2245 4312 γυνή·
2275 4242 2370 4294 καὶ
2399 4242 2802 4312 μαρτυρήσειεν
2834 4242 2898 4296 ἂν
2924 4245 2955 4311 ἡ
2983 4242 3177 4314 ἀγορὰ,
3210 4245 3303 4297 καὶ
3328 4246 3528 4312 πάντες
3552 4247 3611 4301 δὲ

2027 4328 2139 4378 ὅσοι
2179 4324 2369 4395 ἱμάτια
2409 4324 2666 4377 ὠνεῖσθαι
2711 4325 3009 4389 βούλονται.
3059 4327 3208 4398 παρά
3237 4331 3514 4397 γυναικῶν
3542 4333 3612 4388 τὰ

2028 4411 2200 4464 πλείω
2227 4409 2434 4463 τούτων
2465 4409 2783 4479 ὠνούμενοι,
2812 4410 2874 4462 EE
2900 4411 2956 4463 δέ
2979 4412 3205 4481 αἰσχρὸν
3231 4414 3501 4484 παρθένον
3522 4419 3608 4470 ἐπ’

2027 4497 2232 4565 ἀγορᾶς
2263 4495 2483 4547 ἑστάναι
2512 4495 2605 4548 ἐπὶ
2637 4493 3044 4565 συναλλάγμασι
3089 4496 3373 4562 τοιούτοις,
3421 4498 3610 4574 ὥσπερ

2027 4575 2120 4632 οῦν
2151 4579 2245 4631 καὶ
2276 4577 2520 4648 αἰσχρὸν,
2556 4578 2706 4647 πόσῳ
2753 4578 2951 4646 μᾶλλον
2995 4579 3092 4648 μὲν
3121 4580 3180 4631 τὸ
3214 4586 3483 4636 συνοικεῖν
3511 4586 3607 4638 ἀν-

2026 4661 2216 4732 δράσιν
2253 4661 2505 4732 αίσχρότε
2517 4678 2640 4731 ρον;
2672 4661 2817 4731 Πλὴν
2841 4661 2975 4714 ἀλλά
3003 4663 3095 4715 καὶ
3120 4663 3278 4718 τοῦτο
3304 4667 3365 4720 τὸ
3388 4667 3610 4722 ἔλαττον

2030 4745 2238 4798 ἐκείνου
2270 4746 2552 4812 διαφυγεῖν
2584 4745 2826 4797 δυνατόν·
2923 4746 3032 4818 γάρ
3065 4747 3198 4821 κόρῃ
3237 4753 3300 4820 τῇ
3332 4751 3610 4807 διακονου-

2031 4829 2188 4899 μένῃ,
2215 4828 2246 4897 ἢ
2279 4828 2542 4898 γραῖδίοις
2570 4831 2682 4891 τοῖς
2712 4830 2847 4898 πρὸς
2870 4829 3040 4882 ταῦτα
3066 4833 3393 4900 ἐπιτηδείοις
3417 4836 3478 4889 τὸ
3499 4840 3610 4890 πᾶν

2029 4913 2386 4982 ἐπιτρέψαιμι
2419 4913 2504 4967 ἄν·
2537 4911 2659 4966 ὅθεν
2687 4913 2867 4984 δῆλον,
2899 4915 2978 4966 ὃτι
3011 4916 3286 4984 πρόφασις
3310 4918 3483 4972 ταῦτα
3515 4923 3620 4974 καὶ.

2031 4997 2226 5066 σκῆψίς
2251 4997 2355 5049 εἰσι
2379 4997 2470 5048 καὶ
2492 4996 2931 5067 προκαλύμματα
2953 4998 3256 5063 ἀσθενείας.
3286 5002 3450 5068 Ποίας
3472 5021 3609 5076 προ-

2027 5081 2360 5150 καλύμματα
2395 5079 2679 5142 ἀσθενείας
2701 5099 2714 5144 ;
2740 5081 2925 5151 φησίν.
2959 5083 3019 5134 Εἰ
3049 5083 3156 5153 γάρ
3177 5084 3607 5156 ἐπεθύμουνάν-

2025 5164 2148 5235 δρδς
2177 5165 2268 5220 καὶ
2293 5163 2474 5233 γάμου
2501 5163 2714 5234 καὶτῆς
2739 5165 2997 5235 τοιαύτης
3019 5165 3316 5238 διαγωγῆς,
3344 5169 3424 5232 τίς
3450 5173 3608 5226 6-mo-

2026 5246 2169 5299 λύων
2202 5243 2300 5317 ἦνς
2334 5247 2433 5300 οὐκ
2460 5247 2722 5316 ἐφικτδνιι
2758 5248 2896 5317 μετὰ
2926 5251 3239 5320 παρρησίας
3261 5251 3421 5306 τοῦτο
3444 5255 3608 5326 ἐργά-

2029 5334 2248 5395 σασθαι,
2291 5329 2383 5384 καὶ
2414 5336 2550 5400 μήτε
2583 5331 2958 5402 προσκροῦσαι
2981 5332 3117 5401 Θεῷ.
3155 5336 3290 5404 μήτε
3331 5338 3481 5407 παρά
3513 5340 3609 5393 άν-

2028 5414 2263 5485 θρώπων
2293 5415 2718 5484 κατηγορεῖσθαι
2763 5417 2858 5469 καὶ
2900 5415 3311 5486 διαϐάλλεσθαι;
3352 5423 3459 5475 Καὶ
3501 5424 3610 5496 γάρ

2027 5498 2120 5551 καὶ
2155 5497 2265 5564 ἐγὼ
2303 5496 2462 5549 τοῦτό
2492 5515 2656 5568 φημι,
2694 5501 2788 5551 καὶ
2819 5501 2879 5552 06
2906 5500 2972 5554 σά
3006 5501 3204 5572 μᾶλλον
3231 5503 3262 5574 ἢ
3298 5506 3406 5575 ἐμά
3433 5505 3609 5562 ταῦτά

2027 5583 2142 5635 ἐστι
2191 5581 2259 5634 τά
2305 5583 2543 5652 ῥήματα.
2589 5584 2656 5635 Ἥ
2698 5585 2805 5655 γὰρ
2856 5585 3067 5654 ἀνάγκη
3118 5589 3314 5652 εἰπεῖν,
3370 5591 3472 5644 ποῦ
3525 5609 3606 5646 σοι

2025 5665 2251 5736 τάνδρὸς
2280 5667 2310 5734 ἡ
2350 5665 2508 5737 χρεία
2539 5667 2736 5732 γένοιτ’
2768 5668 2833 5720 ἂν
2868 5670 3159 5737 ἀναγκαία,
3194 5672 3225 5743 ἢ
3259 5673 3416 5727 τοῦτο
3439 5675 3606 5742 δεῖξαι

2030 5749 2104 5819 μὴ
2149 5747 2490 5818 δυναμένην,
2537 5750 2840 5820 ἐκπέμπειν
2880 5754 2969 5806 τὸν
3009 5757 3358 5811 συνοικοῦντα
3399 5759 3603 5823 κακῶς·

2093 5930 2113 5991 '_
2138 5923 2286 5991 ειη-ῆι.
2312 5927 2390 5991 τόν
2415 5927 2564 5991 γάμον
2588 5928 2690 5991 ἐρᾷ,
2715 5942 2993 5990 perperam.

2090 5986 2117 6029 ἀ
2143 5988 2292 6038 Sani}.
2319 5988 2404 6037 ούκ
2430 5986 2623 6051 ἐφεῖτο(
2655 5989 2661 5993 ’
