4036 6416
366 317 464 377 εει

366 434 567 505 ἑτέρως
593 428 704 501 γάρ
728 444 788 481 σε
826 425 1203 498 ἀπαλλαγῆναι
1229 426 1332 498 τῆς
1360 423 1573 496 ὕϐρεως
1609 421 1815 505 ταύτης
1846 422 1946 475 οὐκ

366 504 469 574 ἔνιέ
509 512 684 570 ταῦτα
727 512 859 581 γάρ,
899 508 1046 581 άπερ
1076 509 1236 582 ἔφης,
1269 509 1392 579 οὐχὶ
1426 506 1497 562 σά
1532 505 1733 580 μᾶλλον
1771 504 1806 577 ἦ
1838 505 1950 559 τῶν

367 600 509 670 ὑπὲρ
534 596 636 667 τῆς
666 595 768 666 σῆς
804 593 1194 667 ἀσχημοσύνης
1231 592 1542 663 ἀλγούντων
1587 590 1759 645 ἐστίν.
1798 589 1949 643 Ἔδει

374 685 475 757 μὲν
514 677 628 749 οὖν,
675 682 725 734 εί
752 680 849 735 καὶ
891 682 1153 752 μυριάκις
1195 681 1467 752 χρήσιμος
1503 673 1573 749 ἦν
1625 680 1655 748 ἡ
1705 676 1952 731 διακονία

368 767 627 839 τάνδρὸς,
673 766 796 838 μηδ’
835 764 1009 829 οὑτως
1054 765 1226 837 αὐτὴν
1283 763 1422 835 μετά
1464 763 1735 832 τοσαύτης
1781 778 1954 833 προσ-

373 853 551 907 ίεσθαι
598 851 699 921 τῆς
742 847 1026 920 λοιδορίας
1089 849 1217 902 ὅταν
1270 848 1379 919 γὰρ
1427 849 1463 920 ἡ
1494 847 1589 901 τοῦ
1625 846 1762 900 Θεοῦ
1798 844 1955 915 ὑϐρί-

370 938 535 1010 ζηται
581 934 731 1002 δόξα,
789 932 1031 1005 μηδεμία
1076 931 1250 997 οὕτως
1295 931 1437 986 ἔστω
1475 932 1750 1004 πρόφασις
1782 931 1955 997 ἀναγ-

370 1022 525 1086 καία,
568 1019 646 1084 ὡς
686 1019 873 1071 πεῖσαι
900 1014 1156 1071 τοσοῦτον
1183 1017 1352 1071 κακὸν
1388 1018 1659 1089 παριδεῖν.
1700 1018 1813 1071 Kal
1844 1015 1953 1087 γὰρ

372 1106 423 1158 εἰ
465 1103 725 1176 μυριάκις
758 1099 1050 1155 ἀποθανεῖν
1081 1100 1179 1173 τῆς
1206 1101 1421 1173 ἡμέρας
1462 1101 1601 1171 ὑπὲρ
1634 1100 1728 1154 τοῦ
1761 1103 1834 1173 μὴ
1861 1116 1957 1168 γε-

372 1188 561 1243 νέσθαι
588 1185 748 1241 τοῦτο
775 1182 1091 1258 προύκειτο,
1123 1184 1262 1255 μετὰ
1294 1184 1497 1254 πολλῆς
1530 1182 1680 1257 [256]
1722 1183 1828 1237 ἔδει
1858 1183 1957 1254 τῆς

370 1273 570 1346 ἡδονῆς
591 1272 882 1340 ὑπομεῖναι
906 1267 1084 1334 τοῦτο,
1120 1270 1250 1340 μήτι
1284 1285 1349 1337 γε
1383 1266 1744 1330 ἀναπαύσεως
1771 1266 1957 1321 ἕνεκεν

373 1358 471 1411 καὶ
507 1353 780 1424 κοσμικῆς
823 1350 1014 1424 χρείας
1050 1351 1303 1405 τοσοῦτον
1346 1351 1724 1423 παραδραμεῖν
1764 1349 1954 1405 κακόν.

378 1444 644 1496 ’Ἄκουσον
674 1437 807 1508 γοῦν
836 1435 956 1501 πῶς
986 1436 1121 1491 αὐτὸ
1141 1436 1377 1490 δέδοικεν
1407 1437 1436 1492 ὁ
1470 1434 1683 1498 Παῦλος
1710 1435 1806 1487 καὶ
1835 1434 1962 1506 τρέ-

378 1541 493 1597 μει,
521 1523 619 1578 καὶ⁸
651 1522 710 1589 ἐξ
745 1522 879 1593 ὅσης
917 1522 1018 1591 τῆς
1050 1519 1394 1591 περιουσίας.
1443 1517 1646 1573 Καλὸν
1691 1518 1801 1589 γάρ
1832 1535 1956 1587 μοι,

374 1609 561 1680 φησὶν,
580 1604 930 1666 ἀποθανεῖν,
947 1603 987 1672 ἢ
1010 1603 1076 1657 τὸ
1098 1600 1379 1672 καύχημά
1398 1618 1517 1670 μου
1548 1600 1649 1653 ἵνα
1669 1617 1761 1666 τις
1790 1600 1965 1653 κενώ-

373 1707 478 1760 σῃ.
509 1685 644 1743 Εἶτα
676 1690 882 1750 ἐκεῖνος
910 1687 1031 1758 μὲν,
1061 1687 1150 1740 ἵνα
1194 1684 1268 1756 μὴ
1298 1683 1510 1753 κενωθῇ
1541 1680 1705 1736 αὐτοῦ
1735 1681 1796 1734 τὸ
1824 1682 1961 1735 καύ-

374 1790 550 1847 χημα,
586 1771 878 1825 ἀποθανεῖν
908 1769 1111 1823 εἵλετο·
1145 1770 1308 1841 ἡμεῖς
1346 1765 1404 1820 δὲ
1451 1766 1540 1819 ἵνα
1570 1765 1843 1820 σκάνδαλα
1869 1767 1964 1819 ἀν·-

375 1858 606 1929 ἐλωμεν,
634 1853 756 1908 οὐδὲ
813 1854 1013 1925 μικρᾶς
1058 1849 1511 1924 καταφρονοῦμεν
1559 1849 1835 1915 ἀνέσεως;
1870 1849 1966 1903 καί⁹

371 1940 496 2005 πῶς
547 1937 891 2011 δυνησόμεθα
946 1934 1185 2007 σωθῆναί
1236 1949 1399 2001 ποτε;
1458 1933 1653 1987 Καίτοι
1702 1933 1803 1987 οὐκ
1851 1932 1966 1988 ἴσον

374 2025 546 2087 ἐστὶν,
573 2023 694 2077 οὐδέ
723 2022 867 2076 κατά
898 2018 1093 2092 μικρὸν
1121 2019 1312 2088 ἐγγὺς,
1336 2016 1615 2088 ἐγκωμίου
1646 2033 1706 2070 τε
1734 2017 1968 2070 ἀποστε-

378 2108 612 2179 ρηθῆναι
640 2105 734 2158 καὶ
755 2103 1061 2175 κατηγορία
1090 2103 1428 2173 περιπεσεῖν.
1448 2100 1685 2164 Ἐκεῖνος
1712 2100 1809 2170 μὲν
1832 2099 1963 2171 γὰρ,

376 2193 426 2245 εἰ
474 2192 571 2246 καὶ
601 2190 761 2244 τοῦτο
784 2188 1023 2257 ἐγένετο,
1052 2186 1152 2240 οὐκ
1187 2186 1253 2241 ἂν
1295 2183 1671 2257 προσέκρουσε
1705 2183 1785 2255 τῷ
1808 2182 1928 2254 Θεῷ
1950 2200 1965 2213 ο

377 2275 541 2339 αὐτὸς
575 2274 686 2346 γὰρ
707 2271 857 2343 αὐτῷ
891 2270 1225 2343 προσέταξεν
1247 2271 1312 2323 ἐκ
1344 2266 1436 2322 τοῦ
1467 2265 1800 2335 Εὐαγγελίου
1831 2266 1961 2339 ζῇν·

376 2359 491 2413 ἀλλ’
518 2360 668 2429 ὅμως
699 2358 887 2429 ᾑρεῖτο
923 2354 1123 2424 μᾶλλον
1153 2352 1443 2408 ἀποθανεῖν
1478 2352 1511 2422 ἢ
1547 2352 1607 2405 τὸ
1635 2351 1969 2424 κατόρθωμα

377 2443 707 2516 προδοῦναι·
758 2442 923 2512 ἡμεῖς
970 2438 1029 2492 δέ
1074 2436 1145 2490 τά
1190 2434 1643 2508 προστεταγμένα
1686 2435 1966 2506 πανταχοῦ

377 2526 756 2598 ταράττοντες,
808 2523 902 2576 καὶ
941 2520 1145 2583 εἰδότες
1169 2520 1253 2572 ὅτι
1288 2519 1554 2590 μεγίστην
1594 2519 1734 2592 ὑπὲρ
1761 2519 1969 2573 τούτων

377 2610 602 2680 τίσομεν
627 2608 807 2679 δίκην,
837 2604 961 2659 οὑδέ
996 2602 1287 2675 συνηθείας
1324 2603 1556 2675 ἀκαίρου
1613 2605 1708 2658 καὶ
1753 2604 1969 2675 ψυχρᾶς

379 2692 653 2762 ὑπεριδεῖν
684 2686 1024 2760 ἀνεχόμεθα;
1058 2687 1153 2739 καὶ
1182 2686 1267 2749 τίς
1289 2686 1420 2756 ἡμῖν
1447 2685 1601 2739 ἔσται
1638 2686 1965 2757 συγγνώμη;

382 2776 533 2829 Ἔδει
565 2774 663 2845 μὲν
692 2768 806 2833 οὖν,
842 2772 979 2841 ὅπερ
1014 2768 1188 2839 ἔφθην
1216 2765 1411 2833 εἰπὼν,
1446 2771 1495 2822 εἰ
1525 2770 1621 2823 καὶ
1652 2770 1822 2841 ἄνδρα
1868 2771 1967 2840 μό-

380 2878 470 2914 νον
494 2859 549 2911 αἱ
577 2856 772 2911 πολλαὶ
795 2853 904 2908 τῶν
930 2853 1133 2926 χρειῶν
1156 2851 1477 2923 ἐπεζήτουν,
1502 2852 1738 2925 τοσαύτη
1771 2852 1829 2906 δὲ
1862 2853 1970 2906 ἀπὸ

379 2943 476 2996 τοῦ
508 2943 829 3013 πράγματος
862 2938 1107 2991 ἐτίκτετο
1135 2934 1313 3007 ὕϐρις,
1346 2935 1563 2990 ἑλέσθαι
1598 2936 1801 3006 μᾶλλον
1834 2937 1970 2990 ἀπο-

382 3030 584 3091 θανεῖν,
612 3024 645 3096 ἢ
670 3023 827 3078 τοῦτο
862 3020 1155 3090 γενόμενον
1197 3018 1458 3090 περιιδεῖν
1477 3034 1493 3048 ·
1520 3020 1649 3073 ὅταν
1676 3019 1732 3072 δέ
1760 3021 1855 3073 καὶ
1882 3019 1970 3072 διὰ

381 3108 641 3177 γυναικὸς
666 3104 1028 3176 εὐκολώτερον
1116 3103 1211 3155 καὶ
1239 3103 1437 3173 ῥᾷστον
1464 3104 1640 3158 πάντα
1663 3103 1866 3168 ἀνύειν,
1888 3102 1971 3166 τίς

385 3196 514 3266 ὑμῖν
540 3193 691 3246 ἐσται
712 3189 1011 3259 συγγνώμη
1034 3186 1439 3257 θρυπτομέναις
1467 3185 1631 3249 οὕτω,
1655 3187 1750 3239 καὶ
1775 3189 1855 3251 εἰς
1873 3186 1972 3257 τὴν

382 3276 658 3347 ὑμετέραν
688 3271 1097 3344 ἐνυϐριζούσαις
1124 3268 1433 3340 σωτηρίαν;
1464 3269 1599 3323 Εἰπὲ
1624 3270 1687 3341 δή
1718 3269 1973 3340 μοι,ὃταν

385 3377 469 3413 σοι
520 3358 693 3412 ταῦτα
739 3358 944 3419 ἐκεῖνος
981 3354 1215 3427 παρέχῃ,
1274 3354 1334 3407 οὐ
1380 3354 1681 3426 παρέξεις·
1709 3353 1832 3407 τινά
1881 3355 1975 3407 καὶ

385 3444 525 3515 αὐτὴ
567 3441 842 3495 διακονίαν
886 3437 1071 3508 αὐτῷ;
1107 3438 1277 3491 Παντί
1311 3454 1419 3490 που
1449 3436 1629 3507 δῆλον.
1669 3436 1781 3490 Kal
1823 3436 1976 3507 πόσῳ

388 3523 597 3597 βέλτιον
623 3526 761 3595 μήτε
781 3522 1106 3578 ἀντιδιδόναι
1128 3522 1198 3576 τά
1220 3520 1465 3585 τοιαῦτα,
1487 3523 1622 3593 μήτε
1644 3520 1978 3592 ἀντιλαμϐά-

385 3626 518 3673 νειν,
547 3607 684 3663 ἀλλά
710 3607 801 3661 τὸν
827 3606 1018 3678 καιρὸν
1038 3604 1150 3660 τῶν
1174 3605 1375 3668 πόνων,
1402 3605 1462 3659 ὃν
1491 3605 1572 3668 εἰς
1599 3603 1697 3675 τὴν
1729 3604 1979 3659 ἀνάπαυο

390 3710 476 3746 σιν
508 3690 823 3754 ἀναλίσκεις
856 3690 1090 3755 ἐκείνου,
1116 3688 1306 3743 τοῦτον
1333 3689 1411 3750 εἰς
1436 3686 1534 3759 τὴν
1564 3688 1768 3759 σαυτῆς
1801 3687 1978 3742 δαπα-

388 3778 508 3849 νᾷν,
540 3774 573 3846 ἢ
597 3773 955 3846 χαλεπώτερα
992 3773 1333 3844 πονουμένην
1360 3773 1440 3827 ἔτι
1472 3773 1568 3827 καί
1595 3772 1980 3844 καταισχύνειν

387 3859 586 3930 ἑαυτῆς
614 3857 713 3930 τὴν
750 3857 1053 3929 ὑπόληψιν;
1097 3857 1235 3910 Ἀλλ’
1257 3858 1515 3929 οὐδεμίαν
1544 3855 1695 3928 αὐτῷ
1717 3856 1978 3928 παρέχεις

388 3943 685 3997 διακονίαν.
759 3940 972 3995 Οὐκοῦν
1033 3941 1197 3995 αὐτὸν
1250 3940 1400 4012 αὐτῷ
1451 3940 1630 3995 πάντα
1688 3942 1979 4013 ὑπηρετεῖν

389 4027 626 4098 ἀνάγκη,
641 4026 734 4079 καὶ
759 4024 1113 4097 στρωννύναι,
1134 4025 1227 4078 καὶ
1247 4025 1415 4093 ἐψεῖν,
1435 4025 1528 4077 καὶ
1546 4024 1657 4095 πῦρ
1676 4024 1978 4089 ἀνακαίειν,

391 4112 486 4164 καὶ
513 4110 582 4163 τὰ
609 4109 745 4164 ἄλλα
772 4109 836 4181 δὴ
860 4108 932 4161 τά
966 4107 1192 4162 τοιαῦτα
1229 4110 1423 4161 ποιεῖν.
1456 4107 1645 4162 Ταῦτα
1679 4108 1738 4163 δὲ
1778 4108 1888 4162 οὐδ’
1913 4108 1980 4162 ἂν
2012 4122 2016 4126 ‘

390 4194 611 4264 οἰκέτης
640 4195 928 4264 ἀνάσχοιτο
961 4193 1127 4263 μηδὲν
1162 4191 1314 4263 παρά
1333 4190 1428 4244 τοῦ
1448 4190 1711 4245 δεσπότου
1739 4191 1982 4262 καρπού-

396 4295 560 4347 μενος
608 4278 920 4348 ὑπηρετεῖν.
941 4275 1080 4329 Ἀλλ’
1111 4267 1267 4337 οὗτος
1303 4273 1556 4345 ἀνέχεται
1596 4276 1795 4336 πάντα,
1824 4274 1977 4345 φησὶ,

391 4361 482 4415 διὰ
513 4362 607 4416 τὸν
642 4360 737 4414 τοῦ
770 4358 907 4414 Θεοῦ
959 4360 1145 4429 φόϐον,
1178 4359 1273 4413 καὶ
1314 4359 1407 4411 τὸν
1448 4358 1807 4429 ἀποκείμενον
1840 4356 1980 4429 ὑπὲρ

393 4448 492 4518 τῆς
522 4445 796 4509 διακονίας
825 4442 1031 4515 ταύτης
1056 4442 1265 4515 μισθὸν,
1294 4442 1389 4495 καὶ
1410 4442 1569 4514 χάριν
1592 4440 1797 4494 εἴσεται
1813 4441 1842 4481 ι)
1864 4441 1984 4493 ἐπι-

397 4530 753 4601 ταττόμενος,
786 4528 923 4601 πρὸς
955 4528 1016 4581 τὸ
1048 4528 1211 4599 μηδὲν
1243 4524 1587 4595 καρποῦσθαι
1635 4524 1766 4596 παρ’
1799 4527 1832 4595 ή
1843 4523 1979 4595 μῶν.

395 4613 571 4668 Πόθεν
615 4609 710 4667 οὖν
751 4611 938 4666 λοιπὸν
978 4610 1332 4683 ἐμφράξομεν
1357 4608 1426 4662 τά
1458 4609 1566 4662 τῶν
1610 4609 1985 4680 ἀναισχύντων

402 4699 681 4768 στόματα;
723 4696 788 4750 Εἰ
829 4696 938 4767 γὰρ
979 4694 1252 4766 τοσαύτην
1297 4693 1446 4764 αὐτῷ
1488 4695 1782 4764 μαρτυρεῖς
1828 4691 1987 4746 εὐλάσ⁸

404 4782 577 4847 ϐειαν,
599 4781 694 4835 καὶ
719 4779 861 4834 οὑτω
886 4780 1078 4851 τρέμει
1104 4780 1200 4833 καὶ
1220 4779 1423 4832 δέδοικε
1443 4776 1535 4830 τοῦ
1559 4776 1694 4830 Θεοῦ
1716 4774 1787 4829 τά
1814 4792 1985 4848 προσ-

399 4865 676 4935 τάγματα,
694 4864 770 4927 ὡς
796 4863 1129 4932 ἀνδραπόδου
1160 4862 1360 4925 παντὸς
1391 4860 1766 4930 εὐτελέστερον
1795 4859 1986 4912 ἑαυτὸν

401 4949 656 5019 καθορᾷν,
686 4948 779 5001 καὶ
812 4947 987 5000 πάντα
1014 4945 1341 5016 ὑφίστασθαι
1395 4944 1561 5016 μηδὲν
1606 4942 1987 5014 καρπούμενον

402 5030 556 5102 παρά
581 5029 697 5095 σοῦ,
724 5030 830 5102 πρὸ
858 5029 1075 5084 πάντων
1116 5029 1322 5083 τούτων
1368 5027 1467 5099 τῆς
1515 5026 1674 5096 δόξης
1702 5027 1863 5079 αὐτὸν
1895 5027 1988 5080 καὶ

400 5115 502 5185 τῆς
541 5114 817 5186 εὐφημίας
859 5113 966 5167 ἔδει
1000 5113 1284 5185 φροντίσαι
1310 5109 1405 5165 τοῦ
1433 5109 1569 5164 Θεοῦ
1593 5127 1606 5140 ”
1650 5109 1746 5164 νῦν
1791 5109 1848 5162 δέ
1887 5111 1988 5163 οὑκ

402 5198 486 5251 ἔτι
529 5197 633 5268 τῆς
673 5198 845 5269 αὐτῆς
870 5197 1049 5268 ψυχῆς
1080 5195 1215 5267 ὁμοῦ
1248 5189 1353 5249 καῖ’
1377 5193 1519 5248 κατά
1548 5193 1640 5248 τὸν
1666 5194 1831 5247 αὐτὸν
1863 5193 1990 5266 χρό-

400 5298 491 5336 νον
524 5281 791 5352 τοσαύτην
822 5280 994 5334 πειθώ
1026 5298 1088 5333 τε
1118 5279 1214 5333 καὶ
1252 5277 1556 5349 ὑπεροψίαν
1582 5277 1988 5332 ἐπιδείκνυσθαι

401 5364 534 5437 περὶ
581 5365 651 5420 τά
696 5364 1095 5436 προστάγματα
1136 5361 1231 5417 τοῦ
1265 5361 1427 5423 Θεοῦ,
1467 5361 1563 5415 καὶ
1591 5360 1687 5415 νῦν
1721 5361 1819 5431 μὲν
1848 5361 1992 5415 αὐτὰ

401 5449 645 5521 τρέμειν,
670 5447 763 5502 νῦν
788 5447 844 5500 δὲ
872 5448 1078 5519 μηδένα
1096 5446 1253 5516 λόγον
1278 5444 1546 5499 ποιεῖσθαι
1567 5443 1733 5498 αὐτοῦ
1753 5445 1848 5498 τοῦ
1871 5445 1991 5498 θέν-

401 5548 495 5596 τος
522 5533 650 5596 τοὺς
680 5531 876 5602 νόμους
911 5530 1287 5602 ὑϐριζομένου.
1312 5528 1386 5583 Τὸ
1421 5529 1519 5599 μὲν
1540 5528 1648 5598 γὰρ
1677 5528 1872 5599 ἡδονῆς
1894 5546 1992 5583 κα-

323 5613 326 5617 ’
405 5616 727 5690 θαρεύοντα,
748 5616 843 5668 καὶ
876 5615 1042 5685 μηδὲν
1070 5614 1208 5679 ὅλως
1237 5611 1575 5685 ἀνθρώπινον
1596 5612 1874 5684 πάσχοντα
1896 5613 1990 5666 κό-

476 5801 677 5899 ιθςεχίι.
698 5805 927 5869 παρέξεις,
949 5802 1132 5866 absque
1156 5803 1420 5866 negatione
1445 5801 1523 5864 οὐ,
1549 5803 1641 5853 sed
1662 5804 1836 5854 eodem
1861 5798 1990 5851 redit

476 5881 501 5899 ..
527 5879 587 5899 ..η
614 5879 655 5899 ν,

410 5875 676 5921 sententia.

478 5929 508 5969 δ
528 5927 675 5979 δάνὶι.
700 5926 834 5991 χάριν
851 5926 1095 5986 ἡγήσεται.

965 309 1024 367 S.
1060 306 1348 366 JOANNIS
1380 302 1874 364 CHRYSOSTOMI
1912 301 2233 360 ARCHIE—P.
2273 303 2819 361 CONSTANTINOP.

3528 301 3639 361 5.32".

2054 420 2306 487 πτεσθαι,
2334 422 2430 475 καί
2449 420 2937 493 ταλαιπωρεῖσθαι,
2966 420 3059 473 καί
3093 417 3386 473 ταπεινοῦν
3416 419 3639 486 ἑαυτὸν,

2053 505 2148 559 καὶ
2173 507 2287 569 τοῖς
2312 505 2534 568 οἰκείοις
2551 504 2774 576 μόχθοις
2794 504 3001 575 ἐτέροις
3029 500 3472 572 παρασκευάζειν
3503 502 3637 556 ἀνά-

2053 605 2274 653 παυσιν,
2310 589 2599 658 φιλοσόφου
2629 587 2832 658 σφόδρα
2849 587 3026 657 ψυχῆς
3066 587 3161 639 καὶ
3208 584 3595 657 ἐπτερωμένης
3615 599 3637 615 ⁸

2051 674 2113 727 τὸ
2143 673 2201 727 δὲ
2227 672 2302 745 μὴ
2332 672 2573 745 ὑϐρίζειν
2596 674 2678 736 είς
2701 673 2801 742 τὴν
2823 670 2916 725 τοῦ
2938 671 3073 724 Θεοῦ
3102 670 3279 737 δόξαν,
3306 668 3439 740 μηδὲ
3460 669 3641 723 ταῦτα

2053 759 2250 821 ποιεῖν,
2289 756 2358 809 δι’
2387 750 2464 811 ὦν
2500 756 2567 810 ἂν
2590 755 3009 826 βλασφημηθείη
3042 752 3191 827 [257]
3221 754 3373 823 παρά
3399 752 3635 816 πολλῶν,

2053 842 2147 893 καὶ
2188 840 2296 894 τῶν
2340 841 2401 894 οὐ
2434 840 2638 911 σφόδρα
2685 839 2937 912 μεγάλων
2982 839 3169 892 πολλοὶ¹
3215 836 3635 909 κατωρθώκασι.

2054 923 2178 987 Πῶς
2211 921 2304 978 οὖν
2339 941 2422 978 σοι
2461 924 2841 994 πιστεύσομεν,
2864 924 2947 977 δτι
2967 921 3131 975 τοῦτο
3150 920 3242 976 διά
3270 922 3362 974 τὸν
3387 921 3519 974 Θεὸν
3540 921 3641 973 καὶ

2054 1008 2147 1062 τὸν
2183 1009 2285 1079 τῆς
2317 1009 2605 1080 ἀσκήσεως
2632 1009 2784 1063 τόνον
2819 1010 3012 1072 ποιεῖς,
3041 1006 3071 1060 δ
3106 1005 3349 1077 μεγάλης
3382 1006 3475 1058 καὶ
3506 1022 3641 1059 νεα-

2056 1091 2214 1162 νικῆς
2241 1093 2410 1146 δεῖται
2438 1092 2639 1163 ψυχῆς,
2664 1093 2794 1146 ὅταν
2820 1092 3019 1155 ἐκεῖνο,
3049 1090 3187 1160 ὅπερ
3219 1088 3495 1151 ἐλάττονός
3518 1090 3641 1140 ἐστι

2058 1176 2153 1230 καὶ
2198 1177 2299 1247 τῆς
2341 1175 2631 1247 τυχούσης,
2660 1176 2941 1247 ὐπερορᾷν
2978 1174 3081 1228 οὐκ
3108 1172 3315 1246 ἀνέχῃ;
3354 1171 3475 1225 Οὐδ’
3501 1173 3642 1224 ἀπο-

2060 1263 2251 1333 στῆναι
2294 1259 2499 1314 τούτων
2543 1259 2768 1323 ἐθέλεις,
2798 1258 2857 1323 ἐξ
2890 1252 2966 1312 ὧν
2997 1260 3026 1311 ὁ
3050 1256 3183 1320 Θεὸς
3216 1255 3512 1329 ὑϐρίζεται,
3542 1256 3642 1307 καὶ

2044 1346 2119 1405 ,τὸ
2152 1343 2312 1415 σῶμα
2345 1344 2439 1397 καὶ
2469 1344 2647 1397 πάντα
2679 1341 2942 1414 προδίδως
2975 1341 3115 1412 ὑπὲρ
3148 1339 3255 1393 τῶν
3299 1339 3372 1412 μὴ
3421 1337 3644 1391 δοκούν-

2058 1439 2209 1482 uch
2246 1427 2429 1499 αὐτῷ;
2457 1429 2567 1481 Kal
2591 1427 2675 1490 τίς
2711 1426 2778 1480 ἂν
2802 1425 2975 1479 ταῦτα
3002 1423 3287 1494 πεισθῆναι
3314 1423 3602 1487 ἀνάσχοιτο
3626 1436 3644 1483 ;

2074 1513 2233 1567 Ἀλλά
2253 1513 2363 1586 γὰρ
2388 1514 2488 1567 οὐκ
2513 1507 2632 1566 οῖδα
2653 1511 2772 1570 πῶς
2788 1509 2896 1563 ἀπὸ
2920 1509 3028 1563 τῶν
3058 1507 3342 1579 παρθένων
3362 1507 3495 1578 πρὸς
3512 1506 3646 1567 τοὺς

2062 1596 2443 1660 συνοικοῦντας
2476 1596 2665 1659 αὑταῖς
2690 1592 2884 1663 ἐξέϐην
2902 1610 2916 1623 ·
2950 1592 3032 1646 διὸ
3049 1591 3114 1663 δὴ
3138 1590 3299 1645 πάλιν
3320 1592 3453 1661 πρὸς
3472 1588 3646 1651 αὐτὰς

2064 1681 2344 1734 ἐπανιτέον
2375 1681 2526 1753 ἡμῖν.

2131 1856 2192 1903 ε’.
2229 1847 2399 1903 Πόθεν
2417 1843 2511 1902 οῦν
2537 1849 2663 1913 τούς
2682 1846 2854 1903 ταῦτα
2881 1845 3317 1919 κατηγοροῦντας
3338 1844 3433 1898 καὶ
3457 1843 3651 1898 συλλο-

2062 1931 2380 2003 γιζομένους
2406 1934 2570 2003 ἡμεῖς
2595 1932 2937 2004 δυνησόμεθα
2966 1935 3149 1985 πεῖσαι
3174 1946 3189 1996 ;
3235 1931 3343 1984 Kal
3366 1929 3439 2001 μὴ
3460 1928 3653 1982 πειθέ-

2066 2015 2301 2078 σθωσαν,
2333 2015 2487 2087 φησί.
2524 2017 2633 2069 Kal
2656 2014 2760 2068 ποῦ
2784 2014 2944 2070 τοῦτο
2978 2014 3159 2085 ψυχῆς
3200 2013 3494 2078 εὐλαϐοῦς;
3523 2009 3653 2065 Τῶν

2064 2097 2174 2170 γὰρ
2221 2098 2407 2162 κακῶς
2459 2097 2730 2167 λεγόντων
2773 2098 2896 2152 τότε
2945 2098 3051 2169 χρὴ
3097 2100 3482 2169 καταφρονεῖν,
3517 2097 3653 2150 ὅταν

2066 2183 2228 2252 ἡμεῖς
2251 2183 2434 2246 αὐτοῖς
2469 2182 2545 2254 μὴ
2575 2182 2904 2255 παρέχωμεν
2932 2180 3102 2245 λαϐάς
3125 2198 3137 2210 ’
3177 2181 3374 2252 μᾶλλον
3423 2180 3483 2234 δὲ
3523 2179 3654 2233 οὐδὲ

2065 2267 2209 2332 τότε,
2242 2266 2461 2320 ἐπειδάν
2504 2264 2790 2337 δυνώμεθα
2840 2265 3213 2337 ἐπιστομίζειν
3248 2263 3441 2329 αὐτούς
3466 2281 3479 2293 ·
3518 2264 3656 2316 ὅταν

2065 2350 2123 2404 δέ
2154 2349 2213 2416 ἐξ
2242 2350 2397 2421 ἡμῶν
2425 2350 2647 2421 γίνηται
2678 2349 2739 2403 τὸ
2767 2351 2895 2416 πᾶν,
2923 2350 3017 2404 ἐπὶ
3053 2350 3152 2421 τὴν
3191 2350 3463 2420 ἡμετέραν
3493 2348 3657 2417 στρέ-

2070 2450 2229 2505 φεται
2255 2433 2497 2506 κεφαλὴν
2525 2434 2673 2488 ἅπαν
2697 2433 2759 2487 τὸ
2798 2433 2930 2505 πῦρ.
2959 2433 3123 2486 Οὕτω
3146 2433 3253 2501 γὰρ
3286 2430 3659 2502 ἁμαρτάνον-

2066 2535 2188 2586 τες,
2213 2519 2398 2591 φησὶν,
2434 2520 2521 2584 εὶς
2550 2518 2693 2585 τοὺς
2720 2517 3043 2587 ἀδελφοὺς,
3074 2516 3174 2571 καὶ
3202 2518 3525 2581 τύπτοντες
3541 2517 3659 2569 αὑ-

2066 2601 2188 2657 τῶν
2231 2604 2351 2670 τὴν
2392 2603 2759 2669 συνείδησιν
2796 2599 3204 2667 ἀσθενοῦσαν,
3257 2602 3346 2667 εἰς
3394 2601 3661 2669 Χριστίν

2066 2684 2452 2755 ἁμαρτάνετε.
2483 2684 2637 2756 ’ῌδει
2662 2684 2791 2757 γὰρ,
2822 2684 2940 2755 ᾔδει
2989 2683 3199 2754 σαφῶς,
3230 2685 3315 2737 ὅτι
3358 2684 3457 2740 οὐκ
3489 2684 3663 2754 ἀρκεῖ

2067 2770 2206 2843 πρὸς
2238 2769 2538 2838 ἀπολογίαν
2568 2770 2699 2840 ἡμῖν
2747 2770 2781 2841 ἡ
2823 2768 2932 2823 τῶν
2960 2768 3353 2841 πληττομένων
3375 2768 3658 2830 ἀσθένεια,

2068 2852 2183 2906 ἀλλ’
2212 2853 2346 2907 αὐτὸ
2380 2853 2480 2924 μὲν
2511 2848 2604 2907 οῦν
2629 2852 2787 2907 τοῦτο
2810 2853 2905 2907 καὶ
2941 2853 3178 2924 μάλιστά
3205 2854 3323 2906 ἐστι
3351 2853 3409 2906 τὸ
3433 2853 3665 2906 καταδιο

2068 2935 2235 3001 κάνζον
2261 2937 2587 3008 ήμᾶς.”οσῳ
2606 2937 2715 3008 γάρ
2743 2936 2808 2990 ἂν
2836 2935 3233 3009 καθαρεύωμεν
3259 2936 3360 3008 τῆς
3390 2935 3666 3006 πληττού-

2071 3039 2170 3093 σης
2200 3023 2402 3086 αἰτίας,
2433 3020 2670 3092 τοσούτῳ
2702 3020 2895 3075 δίκαιοι
2937 3021 3134 3093 μᾶλλον
3166 3021 3234 3076 ἂν
3257 3021 3446 3092 εἴημεν
3475 3019 3666 3090 φείδε-

2072 3105 2194 3160 σθαι
2220 3106 2318 3177 τῆς
2348 3104 2631 3169 ἀσθενείας
2663 3105 2841 3159 αὐτῶν
2860 3104 2910 3160 δ.
2936 3107 3045 3159 Kal
3081 3105 3235 3160 οῦπω
3261 3105 3425 3173 λέγω,
3451 3106 3537 3158 ὅτι
3564 3108 3667 3158 ἐν·

2069 3188 2245 3242 ταῦθα
2274 3189 2394 3243 οὐδὲ
2423 3190 2730 3253 ἀπεικότως
2759 3188 3106 3260 πλήττονται,
3130 3188 3267 3243 ἀλλά
3299 3188 3498 3242 κείσθω
3523 3188 3667 3241 ἀλό-

2070 3290 2183 3342 γως
2210 3273 2407 3337 αὐτοὺς
2438 3272 2728 3342 ὑπομένειν
2762 3272 2949 3327 τοῦτο’
2987 3274 3108 3327 οὐδὲ
3137 3273 3247 3346 γὰρ
3274 3272 3445 3337 οὕτως
3473 3273 3669 3325 αὐτῶν

2073 3356 2333 3428 περιιδεῖν
2390 3358 2520 3428 χρή.
2560 3357 2672 3409 Kal
2716 3356 2892 3410 ταῦτα
2930 3357 3221 3428 Ῥωμαίοις
3268 3355 3604 3410 ἐπιστέλλων
3637 3358 3671 3409 ὁ

2072 3439 2285 3503 Παῦλος
2332 3441 2481 3511 ἡμᾶς
2530 3439 2871 3506 ἐπαίδευσεν,
2901 3438 3043 3494 οὑτω
3074 3441 3279 3510 λέγων·
3312 3441 3407 3508 Μὴ
3442 3440 3672 3495 ἕνεκεν

2069 3521 2384 3593 ,βρώματος
2414 3523 2679 3578 κατάλυε
2702 3524 2770 3576 τὸ
2801 3515 2979 3594 ἔργον
3010 3524 3119 3579 τοῦ
3155 3523 3323 3579 Θεοῦ.
3356 3524 3553 3577 Καίτοι
3592 3541 3670 3594 γε

2075 3608 2268 3677 ἄλογος
2296 3603 2364 3679 ἦν
2408 3609 2442 3678 ὴ
2480 3607 2684 3679 πληγὴ,
2719 3607 2833 3661 ἀλλ’
2859 3611 3009 3679 ὅμως
3052 3610 3116 3663 οὐ
3156 3609 3234 3679 τῷ
3278 3608 3670 3681 πληττομένῳ,

2076 3692 2214 3746 ἀλλά
2241 3691 2319 3763 τῷ
2341 3692 2442 3764 τὴν
2471 3692 2686 3761 πληγὴν
2715 3692 2974 3761 ἐπάγοντι
2998 3692 3201 3764 ταύτην
3225 3693 3672 3765 ἐπιτιμᾷ.’¹οπερ

2076 3776 2184 3847 γὰρ
2208 3775 2344 3848 ἔφην
2374 3776 2498 3848 ήδη,
2527 3775 2687 3830 τοῦτο
2713 3777 2809 3831 καὶ
2839 3777 2933 3831 νῦν
2958 3777 3068 3850 ἐρῶ
3086 3794 3100 3808 ·
3128 3778 3257 3832 ὅταν
3288 3778 3386 3849 μὲν
3409 3777 3519 3847 γάρ
3560 3780 3672 3849 μέ-

2079 3876 2150 3928 γα
2187 3877 2240 3913 τι
2283 3859 2511 3931 γένηται
2559 3859 2770 3932 κέρδος,
2796 3861 2893 3913 καὶ
2936 3861 3035 3931 τῆς
3085 3860 3300 3932 πληγῆς
3338 3861 3544 3932 μεῖζον,
3576 3863 3673 3916 δεῖ

2075 3943 2184 3996 τῶν
2232 3943 2732 4014 σκανδαλιζομένων
2777 3944 3078 4015 ὐπερορᾷν·
3127 3947 3256 3998 ὅταν
3306 3946 3363 3999 δὲ
3409 3946 3571 4016 μηδὲν

2077 4027 2261 4091 πλέον,
2293 4026 2325 4099 ἣ
2363 4030 2487 4091 τοὺς
2516 4028 2760 4092 ἀσθενεῖς
2785 4027 3236 4092 καταϐάλλεσθαι,
3268 4031 3361 4082 καὶ
3398 4029 3672 4100 μυριάκις

2078 4111 2140 4176 ἐξ
2171 4112 2396 4181 ἀλογίας
2423 4111 2582 4166 τοῦτο
2626 4113 2913 4183 πάσχωσιν
2953 4114 3172 4179 ἐκεῖνοι,
3206 4113 3481 4183 φείδεσθαι
3512 4116 3624 4185 χρή
3649 4131 3666 4143 ·

2080 4196 2203 4250 ἐτττεί¹
2245 4197 2340 4249 καί
2368 4197 2397 4248 ὁ
2423 4196 2555 4261 Θεὸς
2599 4199 2723 4262 τοὺς
2767 4197 3042 4262 ὠθοῦντας
3084 4200 3180 4252 καὶ
3225 4197 3670 4261 καταϐάλλοντας

2083 4280 2188 4333 ὑπὸ
2223 4281 2323 4350 τὴν
2354 4281 2627 4349 ἀπόφασιν
2657 4283 2779 4349 ἄγει
2803 4280 2903 4352 τῆς
2932 4281 3222 4353 τιμωρίας.
3254 4281 3327 4333 Τὸ
3346 4281 3452 4354 γάρ
3489 4282 3671 4352 μηδὲν

2082 4362 2431 4435 κερδαίνοντα
2459 4364 2644 4434 ἕτερον
2673 4365 2954 4436 πλήττειν,
2982 4366 3080 4437 τῆς
3119 4366 3355 4438 ἐσχάτης
3395 4366 3673 4436 πονηρίας

2084 4447 2220 4501 ἐστί.
2249 4447 2359 4500 Kal
2389 4449 2550 4517 ἡμεῖς
2575 4447 2631 4501 δὲ
2656 4449 2785 4502 ὅταν
2815 4448 3011 4520 ἴδωμέν
3048 4466 3170 4503 τινα
3197 4449 3522 4520 δυσάρεστον
3551 4451 3672 4503 ἀπὸ

2088 4532 2306 4602 μακρᾶς
2355 4532 2667 4603 ἀρρωστίας
2716 4532 3042 4603 γενόμενον,
3085 4534 3213 4598 τούς
3257 4532 3673 4605 παροξύνοντας

2085 4615 2247 4669 αὑτὸν
2280 4615 2523 4687 ἀκαίρως
2548 4615 2645 4687 τῆς
2667 4615 2845 4680 οἰκίας
2877 4615 3378 4688 ἀπελαύνομεν,Μί
3392 4618 3491 4671 οὐκ
3511 4619 3674 4690 ἀκρι-

2087 4697 2479 4770 ϐολογούμεθα,
2512 4700 2623 4753 εἴτε
2648 4699 2890 4764 δικαίως,
2919 4701 3029 4753 εἴτε
3061 4699 3260 4764 ἀδίκως
3282 4701 3475 4754 ἐκεῖνοι
3504 4701 3679 4756 τοῦτο

2087 4782 2350 4845 ποιοῦσιν,
2379 4782 2516 4836 ἀλλά
2558 4783 2738 4855 πάσης
2767 4784 2964 4847 αὐτοὺς
2993 4782 3287 4851 ἀπολογίας
3319 4784 3672 4851 ἐκϐαλόντες,

2086 4868 2181 4921 καὶ
2226 4865 2425 4937 πολλὴν
2455 4865 2631 4937 τούτῳ
2678 4866 2858 4930 δόντες
2891 4867 3223 4938 συγγνώμην
3248 4867 3337 4921 διὰ
3363 4868 3461 4938 τὴν
3496 4867 3666 4921 ἀσθέ-

2086 4968 2255 5014 νειαν,
2286 4949 2388 5004 κᾶν
2411 4950 2611 5014 ἀδίκως
2633 4951 3022 5023 παροξύνηται,
3037 4952 3315 5022 ἐλεοῦμεν.
3334 4953 3397 5006 Εἰ
3416 4952 3472 5005 δὲ
3502 4953 3677 5023 ἡμεῖς

2084 5034 2321 5108 τοσαύτῃ
2351 5034 2445 5087 καὶ
2472 5035 2598 5107 περί
2625 5036 2751 5097 τοὺς
2777 5035 2993 5099 οἰκέτας
3030 5036 3122 5089 καὶ
3150 5036 3277 5106 περὶ
3308 5036 3433 5099 τούς
3464 5036 3677 5099 παῖδας

2088 5118 2314 5191 προνοίᾳ
2339 5117 2678 5190 κεχρήμεθα,
2705 5119 2799 5170 καὶ
2817 5120 2930 5172 υἱὸν
2954 5118 3213 5181 πολλάκις
3238 5118 3459 5172 τοιαῦτα
3483 5118 3591 5189 πλη
3601 5137 3679 5190 μ-

2090 5202 2358 5273 μελοῦντα
2393 5201 2781 5272 μαστιγοῦμεν,
2811 5201 2991 5271 πολλῷ
3020 5201 3219 5273 μᾶλλον
3243 5204 3271 5256 δ
3307 5201 3511 5271 ἀγαθὸς
3533 5202 3682 5269 Θεὸς

2087 5287 2182 5340 καὶ
2213 5286 2451 5357 χρηστὸς
2495 5285 2591 5339 καὶ
2633 5285 2881 5356 ἐπιεικὴς
2917 5284 3074 5339 τοῦτο
3116 5287 3426 5358 ἐργάσεται.
3464 5288 3532 5340 Τί
3575 5288 3678 5342 λέ-

2087 5388 2236 5440 γειςς
2272 5370 2508 5441 ἀσθενής
2534 5360 2679 5422 ἐστὶν
2713 5370 2741 5422 ὁ
2766 5368 3162 5440 πληττόμενος;
3196 5371 3404 5425 Οὐκοῦν
3426 5371 3677 5440 φειδοῦς,

2089 5457 2149 5508 οὐ
2180 5454 2396 5525 πληγῆς
2429 5455 2578 5507 ἐστιν
2611 5451 2778 5518 ἄξιος.
2810 5453 3113 5525 Τραύματα
3160 5454 3304 5526 Exn;
3352 5454 3444 5527 Μὴ
3486 5455 3682 5508 τοίνυν

2088 5538 2492 5609 ἐπιτρίψωμεν,
2546 5535 2661 5589 ἀλλ’
2703 5535 3001 5608 ἰασώμεθα.
3032 5538 3356 5591 Ὑποπτεύει
3416 5538 3683 5608 πονηρῶς

2091 5622 2184 5675 καὶ¹
2222 5620 2552 5690 ἀλογίστως;
2582 5620 2790 5674 Οὐκοῦν
2833 5620 3111 5692 ἀνέλωμεν
3154 5620 3253 5692 τὴν
3292 5620 3553 5690 ὑποψίαν,
3598 5622 3690 5694 μὴ

2162 5857 2183 5918 (ἶ
2212 5856 2359 5918 Savil.
2381 5856 2498 5918 ὑπὲρ
2515 5856 2609 5918 τῶν
2628 5854 2911 5918 δοκούντων,
2935 5853 3121 5918 a_bsqu_e
3153 5854 3235 5918 μή.

2161 5914 2188 5956 d
2210 5916 2354 5968 Sax‘il.
2391 5914 2627 5972 ἀσθενείας
2650 5918 2805 5978 ἡμῶν,
2828 5924 2879 5966 el
2899 5914 3022 5967 infra
3041 5914 3195 5966 αὐτῶν
3217 5915 3421 5980 ἀφειδεῖν
3438 5925 3563 5988 χρή.
