4036 6416
281 447 372 502 5'2]
800 447 979 515 QUOD
1017 448 1424 504 REGULARES
1462 448 1735 504 FEMINA‘Z
1778 448 1952 504 VlRlS
1988 447 2419 503 COHABITARE
2457 449 2587 503 NON
2632 448 2964 503 DEBEANT.

285 581 399 633 qnze
421 566 665 627 dicebas,
698 581 801 620 non
833 578 920 621 tua
964 569 1130 638 magis
1156 578 1311 632 sunt,
1342 584 1497 637 quam
1549 583 1731 622 eorum
1762 568 1851 636 qui

286 658 659 723 turpitudinem
702 668 842 710 tuam
889 658 1087 713 dolent.
1141 658 1427 728 Oportebat
1467 658 1716 726 quidem,
1770 668 1851 711 ta-

285 748 435 800 metsi
482 747 765 817 plurimum
811 748 936 801 utile
986 759 1161 813 esset,
1197 749 1291 802 viri
1346 749 1692 801 ministerium
1732 763 1851 801 eum

290 848 434 889 tanto
462 838 699 890 convicio
728 853 832 890 non
855 836 1164 892 admittere:
1190 855 1309 892 nam
1340 840 1549 907 quando
1574 838 1663 890 Dei
1687 837 1852 906 gloria

285 927 545 980 dedecore
570 926 816 988 afﬁcitur,
854 928 1031 982 nullus
1070 937 1174 981 tam
1204 928 1530 981 neceSsarius
1552 942 1669 980 esse
1707 935 1854 995 pote-

288 1019 353 1069 rit
382 1026 663 1086 praetextus
685 1058 700 1081 ,
723 1028 780 1072 ut
804 1020 1184 1089 persuadeatur
1208 1019 1473 1072 contemni
1514 1028 1717 1071 tantum
1737 1034 1854 1071 tua-

290 1106 415 1158 lum.
452 1106 749 1173 Quinetiam
779 1110 822 1161 si
863 1109 1053 1162 millies
1095 1109 1147 1161 in
1175 1109 1260 1162 die
1289 1110 1357 1161 sit
1400 1109 1728 1162 moriendum
1749 1148 1766 1171 ,
1790 1123 1853 1161 ne

288 1197 388 1253 hoc
420 1198 539 1263 fiat,
572 1216 692 1254 cum
739 1201 902 1255 multa
924 1202 1193 1270 voluptate
1238 1201 1337 1254 hoc
1379 1211 1646 1255 sustinere
1698 1216 1856 1267 opor-

290 1291 429 1343 tebat
449 1332 463 1351 ,
496 1291 662 1345 multo
686 1293 859 1345 minus
883 1294 1104 1361 quietis,
1135 1292 1215 1345 vel
1247 1292 1495 1345 mundani
1518 1306 1645 1344 usus
1664 1293 1851 1363 gratia,

289 1388 653 1456 negligendum
680 1397 793 1442 erat
818 1390 1034 1442 malum.
1064 1388 1199 1441 Audi
1228 1389 1385 1457 igitur
1414 1385 1680 1456 quomodo
1722 1386 1855 1454 idip—

287 1493 403 1532 sum
425 1482 594 1534 timuit
612 1481 803 1535 Paulus
817 1490 870 1536 et
885 1482 1115 1545 tremuit,
1134 1490 1351 1549 etquam
1376 1480 1735 1533 vehementer.
1754 1477 1853 1530 Bo-

289 1590 407 1625 num
435 1574 577 1626 enim
616 1574 739 1625 mihi
766 1583 837 1626 est
863 1575 991 1627 mori
1011 1614 1027 1638 ,
1057 1575 1163 1637 ait,
1196 1590 1347 1641 quam
1375 1572 1589 1643 gloriam
1614 1586 1774 1623 meam
1804 1579 1854 1621 ut

290 1666 400 1734 quis
431 1665 717 1737 evacuet(l.
738 1665 853 1719 Cor.
882 1666 935 1718 9.
976 1664 1084 1736 15).
1114 1664 1253 1718 Sane
1281 1665 1384 1726 ille,
1409 1673 1466 1717 ut
1486 1678 1551 1716 ne
1573 1671 1852 1717 evacuaret

290 1770 436 1806 suam
474 1755 729 1823 gloriam,
762 1754 893 1808 mori
933 1755 1122 1824 elegit:
1156 1768 1253 1806 nos
1289 1764 1464 1806 autem
1512 1761 1570 1804 ut
1611 1748 1852 1803 scandala

292 1844 536 1897 tollamus
557 1884 571 1908 ,
605 1860 777 1914 neque
804 1860 1023 1913 parvum
1055 1844 1391 1897 commodum
1430 1839 1855 1895 contemnimus?

289 1942 342 1987 et
361 1933 626 2003 quomodo
654 1936 940 2003 poterimus
969 1950 1213 2003 umquam
1247 1934 1465 1998 salvari,
1489 1947 1606 1985 eum
1639 1946 1742 1984 non
1788 1932 1855 1983 sit

289 2039 404 2091 par,
434 2039 605 2092 neque
642 2024 855 2077 accedat
895 2038 1091 2092 prepc,
1117 2024 1269 2075 laude
1313 2023 1539 2091 privari,
1567 2029 1621 2075 et
1659 2021 1710 2073 in
1747 2020 1851 2073 cri-

290 2130 409 2165 men
435 2113 701 2168 incidere?
728 2114 822 2167 llle
848 2115 986 2167 enim
1014 2115 1112 2167 etsi
1143 2114 1242 2167 hoc
1268 2112 1510 2178 fecisset,
1540 2128 1642 2163 non
1682 2109 1853 2164 ofl‘en-

289 2204 452 2258 disset
481 2206 679 2259 Deum:
712 2206 823 2275 ipse
853 2221 1078 2274 namque
1099 2207 1146 2259 ei
1172 2209 1515 2259 constituerat
1538 2219 1603 2257 ex
1629 2218 1855 2272 evange-

289 2298 359 2351 lio
382 2297 588 2351 vivere:
616 2307 844 2351 attamen
873 2298 1100 2352 malebat
1125 2298 1285 2360 mori,
1317 2312 1474 2366 quam
1516 2304 1621 2350 tam
1658 2296 1853 2349 bonum

288 2405 419 2457 opus
441 2390 734 2460 relinquere
762 2408 774 2443 :
804 2406 900 2445 nos
930 2400 1103 2445 autem
1135 2392 1404 2444 turbantes
1430 2405 1492 2443 ea
1516 2404 1631 2458 quae
1661 2389 1854 2456 ubique

289 2490 410 2533 sunt
435 2481 698 2545 ordinata,
738 2482 860 2536 licet
884 2483 1110 2536 sciamus
1131 2481 1269 2552 quod
1298 2481 1575 2535 maximam
1610 2492 1851 2550 propter-

300 2585 359 2622 ea
409 2570 585 2623 lnituri
650 2572 813 2625 simus
872 2587 1117 2641 pinnam,
1190 2587 1360 2641 neque
1421 2571 1852 2625 consuetudinem

290 2660 529 2731 frigidam
572 2673 624 2716 et
665 2664 1082 2733 intempestivam
1121 2664 1318 2733 deSpici
1354 2664 1614 2733 patimur?
1638 2671 1693 2717 et
1735 2678 1854 2732 qum.

290 2755 497 2808 tandem
545 2755 697 2809 nobis
735 2757 834 2809 erit
861 2757 1049 2810 venia?
1078 2756 1363 2825 Oportebat
1412 2756 1584 2825 igitur,
1631 2755 1729 2809 etsi
1778 2756 1855 2808 vi-

291 2860 406 2897 rum
457 2861 617 2898 unum
672 2846 821 2899 multi
870 2861 997 2899 usus
1040 2847 1487 2915 requirerent,ut
1521 2854 1675 2897 antea
1712 2843 1854 2897 dice-

292 2935 410 2986 bam
432 2975 445 2997 ,
472 2944 612 2987 tanta
640 2950 767 2988 vero
797 2935 918 2990 inde
948 2946 1253 2989 nasceretur
1280 2934 1595 2988 contumelia
1621 2974 1635 2998 ,
1658 2934 1853 3003 eligere

288 3036 510 3079 mortem
541 3027 748 3095 potius,
782 3043 936 3096 quam
970 3028 1069 3081 hoc
1108 3040 1484 3082 contemnere:
1512 3043 1630 3082 cum
1675 3038 1851 3082 autem

288 3132 382 3184 per
413 3118 687 3171 mulierem
714 3118 1040 3172 commodius
1064 3128 1117 3171 et
1147 3117 1352 3173 facilius
1381 3118 1493 3173 hazc
1520 3119 1692 3172 omnia
1723 3134 1847 3188 pcr-

289 3210 368 3261 fici
393 3210 621 3277 possint,
650 3225 766 3278 qum
795 3210 941 3263 vobis
975 3212 1073 3263 erit
1110 3211 1260 3265 venia
1290 3212 1365 3264 sic
1392 3212 1617 3266 delicate
1650 3212 1851 3280 agenti-

292 3301 384 3351 bus
410 3341 423 3363 ,
452 3308 504 3352 et
526 3308 706 3353 contra
734 3301 956 3355 salutem
976 3310 1202 3355 vestram
1225 3317 1321 3357 vos
1361 3302 1720 3357 foedantibus?
1750 3304 1842 3357 Dic

290 3402 413 3442 Item
460 3390 839 3458 mihi,quanto
887 3392 978 3445 tibi
1021 3391 1132 3445 hzec
1185 3392 1274 3445 ille
1316 3393 1561 3455 exhibet,
1601 3408 1775 3447 annon
1831 3394 1849 3425 ¹

286 3480 557 3533 c-xliibebis
607 3481 765 3534 etiam
806 3480 879 3533 illi
920 3481 1148 3533 vicissim
1200 3481 1411 3550 aliquod
1460 3482 1851 3536 ministerium?

285 3570 417 3623 Nulli
467 3586 571 3623 non
614 3571 966 3624 manifestum.
1003 3571 1067 3624 Et
1105 3582 1301 3640 quanto
1324 3572 1519 3625 melius
1559 3589 1662 3626 non
1692 3574 1849 3626 retri-

287 3664 444 3717 bnere
498 3665 652 3726 talia,
706 3679 876 3732 neque
917 3664 1147 3716 vicissim
1182 3665 1453 3732 accipere,
1499 3664 1593 3718 sed
1644 3674 1851 3735 tempus

285 3757 519 3810 laborum
542 3798 558 3822 ,
587 3756 724 3825 quod
772 3756 826 3810 in
857 3757 994 3811 illius
1038 3758 1268 3825 quietem
1326 3757 1586 3828 impendis
1610 3799 1625 3824 ,
1659 3757 1761 3813 hoc
1795 3759 1847 3812 in

286 3855 425 3899 tuam
479 3847 780 3909 insumere,
828 3862 985 3916 quam
1033 3848 1262 3917 graviter
1318 3848 1642 3902 laborantem
1706 3858 1848 3904 tuam

284 3938 723 3991 existimationem
755 3938 1114 3993 confundere?
1152 3938 1257 3993 Sed
1280 3939 1481 3992 nullum
1511 3940 1605 4008 ipsi
1629 3940 1849 3994 exhibes

285 4027 661 4081 ministerium.
704 4028 843 4096 Ergo
886 4029 1057 4097 ipsum
1084 4028 1182 4083 sibi
1211 4028 1309 4097 ipsi
1337 4029 1512 4082 omnia
1548 4029 1847 4083 ministrare

287 4119 677 4182 necessarium,
734 4130 819 4173 et-
852 4128 1091 4173 sternere
1138 4119 1333 4184 lectos,
1383 4126 1438 4173 et
1482 4134 1740 4188 coquere,
1794 4128 1849 4173 et

287 4210 457 4277 ignem
481 4211 803 4275 accendere,
835 4221 886 4264 ct
908 4211 1008 4264 alia
1039 4210 1089 4263 id
1112 4225 1275 4279 genus
1299 4209 1491 4264 facere.
1522 4210 1645 4264 llaec
1679 4225 1847 4279 neque

284 4300 510 4354 famulus
557 4300 717 4355 ferret
760 4301 827 4354 ita
877 4303 1216 4366 ministrans,
1247 4309 1301 4354 et
1337 4301 1470 4354 nihil
1512 4301 1777 4355 commodi
1816 4317 1847 4355 a

289 4393 507 4445 domino
536 4393 820 4460 accipiens.
848 4392 951 4446 Sed
985 4392 1068 4445 hic
1097 4392 1198 4445 fert
1247 4393 1452 4457 omnia,
1500 4392 1695 4459 inquit,
1728 4408 1847 4460 pro-

286 4495 399 4551 pter
414 4484 654 4537 timorem
676 4484 879 4537 Domini
906 4494 959 4537 et
982 4484 1263 4552 repositam
1292 4483 1375 4537 hic
1394 4483 1685 4538 ministerio
1704 4501 1845 4539 mer-

281 4573 496 4633 cedem.
526 4582 579 4626 et
602 4574 820 4641 gratiam
854 4573 1063 4626 habebit
1090 4576 1177 4642 qui
1218 4572 1440 4640 imperio
1482 4575 1695 4637 subest,
1725 4589 1844 4628 cum

284 4665 412 4720 nihil
460 4666 531 4718 illi
586 4666 655 4718 sit
698 4665 938 4718 utilitatis
974 4681 1038 4719 ex
1077 4664 1248 4719 nobis.
1292 4664 1439 4719 Unde
1474 4666 1630 4734 igitur
1663 4676 1844 4735 postea

284 4756 663 4827 impttdenlium
707 4757 1070 4811 ohturabimus
1122 4756 1254 4810 ora?
1293 4757 1498 4811 Etenim
1555 4758 1597 4811 si
1646 4767 1843 4813 tantam

283 4851 391 4913 ipsa
421 4849 535 4917 ejus
563 4850 771 4901 testaris
817 4849 1061 4914 pietatem
1085 4890 1098 4912 ,
1137 4858 1192 4901 et
1226 4849 1303 4901 sic
1332 4849 1510 4902 tremit
1542 4857 1595 4902 ct
1632 4860 1846 4904 veretur

283 4940 373 4992 Dei
407 4938 648 4991 mandata
668 4978 683 5003 ,
715 4947 767 4990 ut
797 4939 1027 5005 scipsum
1042 4938 1159 5008 plus
1180 4953 1335 5006 quam
1358 4938 1669 4991 vilissimmn
1692 4954 1843 4991 man-

279 5030 473 5096 cipium
519 5029 799 5097 despiciat,
837 5028 1122 5097 omniaque
1173 5028 1265 5082 tibi
1312 5028 1591 5094 exhibeat,
1642 5030 1843 5085 nullum

281 5122 397 5174 inde
426 5121 639 5189 capiens
679 5119 940 5184 fructum,
981 5130 1102 5173 ante
1139 5122 1316 5174 omnia
1361 5123 1633 5189 oportebat
1671 5124 1851 5191 ipsum

289 5215 544 5266 rationem
585 5213 777 5265 habere
804 5213 987 5280 gloriae
1014 5222 1068 5266 et
1095 5212 1312 5266 honoris
1333 5213 1424 5267 Dei
1454 5231 1466 5267 :
1499 5230 1636 5267 nunc
1667 5226 1841 5269 autem

277 5319 377 5355 nou
397 5314 476 5357 est
505 5304 741 5370 ejusdem
764 5304 951 5356 animae
976 5303 1130 5356 simul
1152 5312 1202 5357 et
1219 5318 1314 5372 per
1335 5304 1470 5357 idem
1504 5314 1707 5373 tempus
1728 5317 1845 5359 tan-

277 5403 379 5445 tam
408 5392 800 5459 obscquentiam
830 5392 983 5445 simul
1007 5402 1059 5445 et
1078 5392 1383 5460 deSpectum
1403 5394 1683 5448 ostendere
1703 5398 1840 5450 circa

278 5483 517 5535 mandata
547 5483 658 5547 Dei,
686 5491 737 5535 et
760 5498 898 5536 nunc
916 5483 1125 5551 quidem
1144 5484 1253 5551 ipsa
1278 5492 1530 5547 tremere,
1555 5500 1693 5538 nunc
1708 5502 1831 5538 vero

276 5576 464 5627 nullam
481 5576 735 5629 rationem
757 5573 951 5629 habere
978 5576 1092 5643 ejus
1112 5575 1202 5643 qui
1226 5576 1365 5644 leges
1385 5575 1548 5637 dedit,
1570 5576 1695 5629 dum
1717 5593 1842 5631 eon-

275 5666 485 5720 tumelia
504 5664 747 5719 afficitur.
771 5666 974 5720 Etenim
997 5667 1039 5719 si
1056 5682 1113 5721 se
1130 5682 1314 5736 purum
1332 5680 1545 5723 servare
1558 5684 1585 5721 a
1601 5669 1839 5739 volupta-

340 5862 353 5891 ³
389 5860 545 5922 Sat-ib,
571 5861 847 5925 exhibebit;
878 5861 965 5914 sed
992 5862 1164 5914 eodem
1194 5864 1320 5913 redit
1350 5864 1607 5913 sententia.

3424 453 3529 507 5‘22

1954 577 2026 620 te.
2044 566 2235 619 etnibil
2257 564 2468 619 humani
2485 581 2668 635 agerc,
2690 567 2919 635 seipsum
2941 566 3236 632 humiliare,
3266 567 3525 633 affligere,

1953 664 2007 710 et
2031 659 2280 711 aerumnis
2305 657 2585 725 subjicere,
2615 657 2830 727 suisque
2852 657 3120 711 laboribus
3140 659 3255 711 aliis
3278 661 3509 727 quietem

1955 763 2176 816 parere,
2205 763 2327 802 vere
2354 748 2503 801 valde
2530 749 2782 817 sapientis
2810 751 2999 803 anima:
3026 759 3105 804 est
3147 759 3199 804 et
3242 752 3484 804 sublimis
3509 793 3524 813 ,

1956 854 2084 894 sane
2125 840 2346 908 gloriam
2406 840 2500 894 Dei
2545 842 2863 895 contumelia
2909 857 3011 894 non
3061 842 3305 897 afficere.
3351 859 3522 910 neque

1959 930 2072 984 haec
2101 931 2272 984 facere
2292 972 2305 994 ,
2340 939 2551 999 propter
2570 947 2686 999 qum
2708 930 3104 1000 blasphematur
3130 947 3157 983 a
3183 934 3360 984 multis
3381 972 3395 997 ,
3427 932 3525 985 hoc

1956 1021 2108 1076 multi
2143 1038 2241 1075 nec
2264 1021 2415 1076 valde
2445 1022 2619 1089 magni
2648 1021 2783 1074 bene
2818 1030 2872 1075 et
2907 1037 3026 1075 cum
3078 1023 3231 1075 laude
3271 1024 3529 1090 pra'stite-

1961 1121 2102 1165 runt.
2145 1112 2423 1178 Quomodo
2466 1113 2624 1180 igitur
2652 1112 2741 1165 tibi
2766 1112 3045 1167 credemus
3074 1114 3212 1182 quod
3269 1115 3368 1167 hoc
3405 1130 3529 1181 pro-

1956 1211 2074 1271 pter
2103 1202 2266 1255 Demn
2293 1212 2345 1256 et
2373 1218 2617 1255 asceseos
2644 1203 2872 1255 studium
2900 1203 3079 1268 facias,
3112 1204 3248 1272 quod
3279 1220 3522 1274 magnam

1957 1301 2009 1344 et
2033 1306 2343 1360 generosam
2369 1293 2599 1344 animam
2645 1293 2898 1361 requirit,
2929 1294 3143 1361 quando
3192 1294 3355 1361 illud,
3385 1295 3523 1361 quod

1956 1385 2160 1438 scilicet
2203 1385 2378 1439 minus
2405 1392 2564 1437 estet
2590 1385 2835 1453 vulgare,
2863 1384 3136 1451 chpicere
3186 1401 3289 1438 non
3342 1386 3531 1453 potes?

1957 1472 2135 1543 Neque
2177 1474 2433 1527 absistere
2485 1473 2561 1526 vis
2598 1474 2665 1526 ab
2713 1474 2808 1538 iis,
2867 1489 2895 1525 a
2927 1474 3118 1542 quibus
3163 1475 3270 1528 Deo
3311 1473 3533 1528 infertur

1960 1564 2181 1633 injuria,
2238 1572 2292 1617 et
2334 1578 2527 1632 corpus
2576 1571 2630 1616 et
2683 1564 2861 1617 omnia
2910 1564 3091 1631 prodis
3144 1579 3240 1632 pro
3292 1564 3357 1618 iis
3408 1580 3528 1634 qum.

1959 1670 2064 1707 non
2110 1654 2207 1722 ipsi
2244 1654 2486 1722 placent?
2506 1652 2575 1707 Et
2609 1654 2692 1707 cui
2748 1653 2859 1707 haec
2901 1654 3201 1721 persuaderi
3250 1656 3534 1723 poterunt?

1957 1743 2060 1796 Sed
2089 1744 2270 1796 nescio
2295 1742 2559 1811 quomodo
2589 1757 2618 1795 a
2648 1742 2938 1811 virginibus
2962 1742 3027 1795 ad
3050 1758 3231 1796 earum
3254 1745 3528 1797 cohabita-

1958 1846 2099 1891 tores
2114 1836 2269 1890 simul
2299 1836 2631 1889 transiverim
2652 1850 2666 1899 ;
2690 1845 2969 1904 propterea
2994 1836 3174 1905 utique
3206 1836 3272 1890 ad
3314 1852 3407 1890 eas
3432 1854 3530 1890 no-

1958 1928 2039 1982 bis
2059 1926 2407 1980 redeundum.

2028 2018 2080 2073 5.
2125 2016 2180 2069 Is
2207 2018 2295 2088 qui
2335 2017 2449 2070 aliis
2475 2014 2778 2082 offendicqu
2820 2025 2912 2076 est,
2945 2017 3037 2069 hoc
3073 2017 3183 2086 ipso
3211 2026 3415 2086 peccat,
3443 2020 3533 2069 etsi

1956 2127 2057 2163 non
2088 2110 2217 2162 male
2242 2118 2377 2178 agat.
2404 2138 2474 2148 —
2502 2108 2651 2162 Unde
2681 2108 2837 2177 igitur
2868 2108 2991 2173 illis,
3017 2108 3103 2176 qui
3136 2108 3204 2160 ita
3243 2123 3335 2161 eas
3372 2123 3528 2161 accu-

1959 2210 2077 2255 sant
2118 2210 2171 2255 et
2209 2208 2663 2269 argumentantur,
2706 2214 2802 2253 nos
2847 2198 3135 2266 poterimus
3175 2199 3531 2265 persuadere?

1958 2291 2071 2345 Non
2100 2290 2533 2358 persuadeantur,
2563 2290 2653 2342 ait.
2689 2290 2767 2341 An
2796 2304 2923 2342 vero
2952 2291 3049 2357 piae
3075 2288 3265 2341 anima:
3287 2292 3385 2342 hoc
3415 2288 3530 2342 fue-

1960 2382 2065 2434 rit?
2093 2380 2240 2434 Tunc
2284 2380 2426 2433 enim
2463 2379 2703 2433 maledici
2733 2378 3057 2453 chpiciendi
3099 2386 3242 2443 sunt,
3285 2394 3404 2431 cum
3436 2393 3536 2433 nos

1960 2473 2060 2526 illis
2096 2485 2251 2524 ansas
2288 2485 2390 2523 non
2419 2470 2834 2539 praihucrimus;
2863 2470 2970 2523 imo
2996 2485 3164 2538 neque
3204 2479 3346 2529 tunc,
3375 2485 3535 2538 quan-

1957 2562 2241 2633 doquidem
2285 2562 2517 2630 ipsorum
2560 2561 2813 2615 obturare
2842 2576 2936 2615 ora
2979 2575 3293 2630 possumus;
3323 2562 3535 2631 quando

1958 2667 2132 2711 autem
2162 2665 2326 2709 totum
2357 2670 2424 2709 ex
2450 2654 2601 2707 nobis
2630 2663 2730 2715 est,
2765 2654 2818 2707 in
2861 2663 3098 2707 nostrum
3125 2654 3347 2707 vertitur
3374 2664 3532 2722 caput

1957 2756 2097 2800 totus
2140 2746 2293 2814 ignis.
2327 2744 2416 2799 Sic
2454 2745 2606 2805 enim,
2639 2743 2732 2806 ait,
2764 2753 3023 2810 peccantes
3059 2744 3111 2795 in
3138 2743 3338 2810 fratres,
3379 2753 3426 2796 et
3451 2745 3531 2796 iu-

1957 2842 2157 2909 ﬁrmam
2182 2840 2407 2908 ipsorum
2445 2837 2796 2891 conscientiam
2826 2836 3242 2905 perculientes,in
3274 2834 3531 2889 Christum

1955 2936 2171 3004 peccatis
2201 2934 2276 3007 (1.
2308 2932 2424 2987 Cor.
2465 2932 2518 2987 8.
2550 2932 2660 3000 l2).
2692 2930 2904 2984 Sciebat
2942 2928 3105 2993 enim,
3136 2928 3335 2982 sciebat
3360 2929 3531 2980 maui-

1957 3027 2109 3092 festc,
2136 3025 2274 3095 quod
2318 3039 2424 3078 non
2468 3021 2734 3076 sufficeret
2772 3020 2836 3073 ad
2867 3020 3228 3074 defensionem
3269 3028 3524 3084 nostram,

1955 3133 2139 3174 eorum
2167 3117 2254 3188 qui
2285 3115 2621 3170 offenduntur
2654 3113 2950 3175 infirmitas,
2984 3113 3075 3167 sed
3103 3113 3203 3167 hoc
3226 3114 3395 3182 ipsum
3428 3129 3526 3183 po-

1957 3212 2216 3266 tissimum
2267 3218 2347 3264 est
2394 3207 2531 3275 quod
2586 3207 2905 3261 condemnat
2954 3221 3070 3260 nos.
3125 3204 3333 3271 Quanto
3383 3206 3526 3259 enim

1958 3306 2198 3371 puriores
2238 3316 2419 3355 sumus
2463 3316 2492 3352 a
2534 3313 2690 3353 causa
2734 3314 2853 3367 quze
2897 3298 3202 3363 intentatur,
3247 3306 3393 3351 tanto
3430 3313 3528 3352 nos

1955 3394 2157 3463 {nquius
2182 3391 2567 3461 praestabimus,
2607 3390 2650 3442 si
2698 3388 2989 3441 infirmitati
3019 3403 3202 3441 eorum
3231 3402 3536 3455 pareamus.

1955 3485 2023 3538 Et
2044 3484 2274 3537 nondum
2306 3483 2425 3535 dico
2456 3480 2596 3550 quod
2628 3480 2711 3533 hic
2741 3479 3004 3532 immerito
3030 3478 3364 3531 offendantur
3390 3495 3403 3540 ;
3432 3479 3524 3532 sed

1954 3587 2181 3649 ponatur
2207 3574 2346 3644 quod
2372 3574 2570 3641 absque
2597 3572 2798 3625 ratione
2826 3571 2925 3624 hoc
2951 3571 3216 3638 patiantur
3246 3588 3258 3622 :
3289 3586 3408 3622 nam
3433 3586 3529 3624 nec

1953 3670 2031 3722 sic
2076 3665 2402 3736 deSpiciendi
2449 3674 2594 3718 sunt.
2644 3664 2772 3729 Quae
2824 3662 3077 3716 Romanis
3120 3677 3213 3731 per
3251 3663 3527 3730 epistolam

1953 3760 2192 3815 scribens
2220 3760 2416 3813 Paulus
2455 3757 2633 3811 docuit
2664 3771 2760 3809 nos
2799 3756 2874 3809 sic
2916 3754 3095 3808 dicens
3124 3771 3137 3806 :
3172 3752 3294 3806 Noli
3324 3763 3529 3821 propter

1952 3870 2117 3908 escam
2161 3851 2416 3904 destruere
2460 3866 2588 3919 opus
2630 3847 2726 3899 Dei
2769 3846 2942 3917 (Hom.
2992 3846 3080 3898 M.
3119 3844 3233 3913 ΞΟ).
3280 3846 3531 3909 Quamvis

1953 3945 2023 3998 illi
2067 3942 2355 4011 improvide
2397 3950 2547 3995 erant
2582 3938 2790 4002 offensi,
2831 3946 3062 3991 attamen
3114 3952 3217 3989 non
3267 3951 3385 3987 eum
3434 3934 3524 4003 qui

1952 4035 2255 4101 offenditur,
2289 4034 2380 4088 sed
2412 4033 2763 4087 offendcnlem
2796 4032 3050 4099 increpat.
3085 4029 3211 4081 Nam
3248 4027 3385 4097 quod
3413 4028 3522 4095 jam

1952 4128 2198 4183 videlicet
2239 4126 2476 4181 dicebam
2526 4136 2579 4178 et
2622 4138 2762 4177 nunc
2806 4122 2926 4176 dico
2960 4139 2973 4175 :
3007 4120 3227 4187 Quando
3277 4134 3526 4188 maguutn

1952 4219 2165 4288 aliquod
2192 4219 2392 4272 lucrum
2431 4216 2707 4269 obvenerit
2745 4220 2798 4267 et
2821 4213 2969 4282 plaga
3015 4212 3126 4280 ipsa
3168 4209 3353 4279 majus,
3393 4224 3524 4263 con-

1954 4310 2220 4365 temnendi
2249 4319 2368 4363 sunt
2398 4309 2484 4377 qui
2513 4306 2819 4360 scandalum
2849 4304 3114 4373 patiuntur
3144 4320 3155 4354 :
3184 4301 3392 4370 quando
3428 4317 3525 4353 au-

1953 4412 2056 4456 tem
2100 4402 2296 4453 nullum
2329 4398 2484 4451 fuerit
2524 4397 2772 4464 amplius,
2813 4409 2968 4463 quam
2996 4391 3135 4462 quod
3166 4391 3356 4444 infirmi
3395 4389 3527 4457 deji-

1950 4496 2177 4557 ciantur,
2209 4492 2413 4547 etiamsi
2443 4491 2632 4542 millies
2663 4504 2723 4541 ex
2751 4485 3100 4555 imprudentia
3132 4483 3231 4536 hoc
3263 4482 3525 4551 patiantur

1950 4586 2046 4645 illi,
2082 4582 2403 4653 parcendum
2448 4583 2526 4635 eis
2562 4580 2661 4633 crit
2686 4595 2700 4641 ;
2729 4576 2977 4645 quoniam
3009 4586 3062 4630 et
3100 4576 3240 4628 Deus
3282 4590 3396 4639 eos,
3435 4574 3523 4642 qui

1950 4678 2228 4745 impellunt
2259 4675 2308 4727 in
2348 4675 2551 4740 lapsum
2589 4682 2639 4724 et
2667 4671 2937 4738 dejiciunt,
2974 4668 3079 4722 lata
3110 4666 3370 4725 sententia
3400 4680 3521 4731 snp-

1951 4769 2089 4836 plicii
2137 4768 2336 4834 puniet.
2381 4764 2511 4817 Nam
2557 4762 2687 4815 nihil
2728 4762 2993 4814 lucrautes
3030 4757 3189 4813 alium
3228 4754 3519 4815 offendere,

1949 4867 2200 4910 extrema:
2241 4854 2453 4907 malitiae
2498 4863 2598 4906 est.
2650 4851 2758 4904 Nos
2808 4858 2986 4903 autem
3033 4849 3244 4917 quando
3283 4846 3522 4899 videmus

1950 4949 2176 5017 aliquem
2223 4946 2513 5014 inquietum
2557 4942 2625 4996 ob
2667 4941 2969 4994 diuturnam
3011 4937 3386 5001 valetudinem,
3431 4951 3523 4989 eos

1949 5041 2038 5109 qui
2066 5040 2208 5092 illum
2238 5037 2576 5101 exacerbaut,
2606 5035 2768 5087 domo
2794 5033 3071 5101 abigimus,
3102 5045 3272 5100 neque
3298 5029 3518 5083 multum

1949 5131 2295 5197 disputamus,
2326 5143 2391 5178 an
2418 5126 2559 5195 juste
2588 5126 2667 5177 vel
2706 5124 2899 5191 injuste
2940 5122 3014 5175 illi
3045 5122 3145 5175 hoc
3176 5119 3389 5184 faciant,
3418 5120 3511 5172 Sed

1950 5230 2138 5290 negata
2171 5220 2276 5272 illis
2302 5220 2445 5271 omni
2473 5216 2801 5276 defensione,
2828 5224 2881 5267 et
2908 5212 3028 5265 huic
3052 5213 3170 5264 data
3202 5211 3269 5263 ob
3296 5209 3515 5262 infirmi-

1950 5323 2108 5366 tatem
2139 5310 2315 5374 venia,
2340 5308 2579 5377 quamvis
2610 5307 2801 5375 injuste
2829 5303 3192 5366 exacerbatur,
3218 5301 3333 5369 ejus
3359 5299 3517 5353 mise-

1949 5418 2146 5456 remur.
2176 5400 2325 5467 Quod
2351 5399 2395 5452 si
2425 5412 2520 5451 nos
2545 5397 2644 5450 hac
2675 5412 2800 5449 cura
2821 5396 2957 5448 circa
2987 5392 3211 5445 famulos
3238 5401 3292 5445 et
3320 5404 3516 5458 pueros

1947 5495 2165 5557 utinmr,
2217 5499 2272 5544 et
2308 5504 2451 5557 δίκερε
2500 5488 2663 5541 filium
2709 5488 2777 5539 ita
2820 5494 3124 5554 peccantem
3168 5482 3516 5552 flagt-llamus,

1948 5583 2114 5637 multo
2152 5583 2319 5650 magis
2349 5582 2514 5633 bonus
2562 5580 2699 5633 Deus
2742 5588 2795 5632 et
2844 5579 3079 5631 clemens
3120 5585 3173 5629 et
3210 5588 3392 5643 mquus
3422 5572 3521 5625 hoc

1949 5676 2123 5728 faciet.
2152 5673 2285 5740 Quid
2310 5671 2482 5725 dicis?
2506 5671 2742 5724 infirmus
2784 5678 2861 5722 est
2893 5669 2979 5737 qui
3006 5666 3328 5721 offenditur?
3359 5664 3520 5731 Igitur

1947 5763 2139 5831 dignus
2183 5773 2264 5817 est
2308 5761 2390 5814 cui
2440 5768 2705 5829 parcatur,
2756 5774 2857 5812 non
2895 5766 2952 5811 ut
2998 5756 3241 5811 laidatur.
3285 5753 3514 5807 Vulnera

1953 5854 2143 5910 habet?
2164 5854 2237 5909 Ne
2277 5854 2433 5923 igitur
2457 5862 2766 5919 atteramus,
2798 5849 2889 5905 sed
2916 5864 3181 5905 curemus.
3209 5847 3517 5917 Suspicatur
