4036 6416
465 377 569 429 ξ’ἱὶνὸ

463 491 603 545 male
638 501 692 547 et
720 491 1115 563 imprudenter?
1144 494 1304 565 Igitur
1330 496 1633 551 auferamus
1658 498 2035 567 suspicionem,

471 596 579 635 non
600 597 885 645 augeamus
917 603 929 638 :
960 585 1013 639 in
1040 584 1306 640 Christum
1337 588 1480 641 enim
1506 598 1691 656 peccat
1715 604 1833 657 quae
1861 588 1928 641 de
1957 588 2041 642 lns

468 674 757 730 contendit.
816 677 898 731 An
954 693 1060 731 non
1112 678 1263 732 audis
1314 680 1365 732 in
1415 679 1594 734 Veteri
1647 680 1844 734 Mosem
1897 695 2039 748 saepe

467 764 756 830 dicentem,
785 763 921 819 Deus
948 768 1132 822 zelotes
1156 779 1226 822 est
1255 767 1446 837 (Exod.
1493 769 1584 823 ‘20.
1636 769 1727 841 5)?
1768 778 1823 823 et
1849 770 2037 823 iterum

470 854 641 909 Zelavi
674 855 955 910 Jerusalem
993 857 1174 930 (Zaclt.
1208 860 1259 912 l.
1306 860 1392 929 14)
1420 877 1431 911 :
1466 860 1516 913 in
1558 859 1707 914 Novo
1735 875 1860 913 vero
1903 860 2041 914 Pau-

472 947 579 1000 lum
621 949 959 1012 clamantem,
1010 949 1252 1005 JEmulor
1292 944 1422 1005 enim
1469 968 1555 1006 vos
1583 951 1679 1005 Dei
1727 954 2046 1006 azmulatioue

478 1037 552 1107 (2.
585 1036 704 1093 Cor.
733 1040 818 1092 ll.
841 1038 918 1108 2).
954 1040 1082 1099 Hoc.
1117 1041 1160 1094 si
1189 1041 1314 1094 nihil
1337 1042 1499 1105 aliud,
1532 1041 1777 1097 sufficere
1792 1043 2040 1108 debebat,

470 1146 539 1183 ne
576 1131 970 1186 subverteretur
1006 1133 1198 1195 anima,
1231 1134 1388 1186 etiam
1429 1149 1534 1187 non
1564 1134 1714 1188 valde
1747 1133 1956 1188 infirma
1990 1143 2045 1188 et

470 1237 636 1289 a-gra.
662 1220 791 1275 Cum
818 1224 958 1277 enim
994 1238 1079 1278 res
1117 1224 1251 1279 adeo
1288 1225 1355 1278 sit
1381 1226 1648 1290 terribilis,
1681 1225 1849 1279 dulcis
1878 1226 2044 1296 magis

472 1322 573 1376 est,
603 1328 759 1383 quam
790 1314 1060 1367 terribilis.
1104 1314 1403 1383 Numquam
1441 1317 1582 1369 enim
1617 1316 1765 1370 zelus
1804 1326 1904 1383 est,
1938 1332 2044 1372 non

471 1411 741 1473 praeeunte
765 1406 982 1459 caritate
1004 1406 1177 1475 aliqua
1200 1407 1369 1461 calida
1391 1416 1447 1461 et
1473 1407 1731 1473 fervente,
1765 1407 1833 1462 ita
1866 1418 1920 1460 ut
1946 1407 2047 1463 hoc

471 1497 540 1550 sit
573 1507 937 1567 argumentum
964 1499 1291 1554 vehementis
1324 1500 1664 1569 ardentisque
1692 1501 1783 1555 Dei
1809 1501 2046 1556 caritatis

470 1599 525 1643 et
548 1590 812 1644 amicitiae.
841 1589 955 1644 Non
990 1592 1132 1645 enim
1168 1592 1377 1647 affectio
1412 1602 1494 1646 est
1525 1593 1669 1646 zelus
1698 1594 1749 1645 iu
1779 1592 1906 1658 Deo,
1950 1591 2046 1647 sed

473 1679 662 1732 volens
704 1680 1020 1734 immensum
1065 1697 1299 1736 amorem
1337 1697 1489 1737 suum
1539 1683 1896 1752 interpretari,
1944 1683 2046 1737 hoc

472 1785 615 1836 sa-pe
638 1785 764 1823 usus
790 1780 871 1825 est
902 1772 1133 1825 nomine.
1164 1772 1411 1825 Attamen
1443 1787 1540 1826 nos
1561 1771 1650 1841 qui
1671 1771 1823 1827 valde
1861 1772 2044 1825 insen-

469 1861 568 1914 s:ui
603 1860 669 1914 ad
699 1860 956 1915 humanas
984 1861 1278 1916 decidimus
1302 1862 1627 1924 affectiones,
1670 1878 1791 1917 eum
1818 1862 1908 1931 qui
1947 1877 2045 1916 nos

470 1964 672 2007 unitum
718 1964 860 2008 amat
899 1955 1217 2009 contumelia
1262 1955 1539 2021 allicimus,
1592 1969 1685 2009 eos
1728 1963 1902 2009 autem
1950 1954 2041 2024 qui

467 2046 600 2099 nihil
627 2046 779 2101 nobis
805 2047 1056 2116 prodesse
1080 2056 1299 2116 possunt
1326 2046 1572 2100 omnibus
1599 2045 1772 2099 modis
1797 2045 2038 2098 colimus.

468 2138 606 2205 Quid
638 2139 780 2193 enim
829 2140 943 2206 tibi,
985 2155 1017 2192 ο
1062 2139 1278 2205 misera,
1333 2146 1534 2192 tantum
1582 2138 1835 2206 prodesse
1874 2145 2044 2205 potest

465 2230 653 2300 frigida
686 2232 801 2287 haec
841 2233 1182 2298 cohabitatio,
1224 2248 1343 2287 cum
1375 2242 1519 2286 tanto
1570 2231 1819 2285 thesauro
1859 2241 1910 2285 te
1939 2231 2045 2300 pri-

474 2324 600 2378 vel?
632 2324 788 2389 Vide,
833 2325 1294 2393 quaeso:dedncit
1330 2335 1379 2379 te
1420 2340 1450 2378 e
1497 2324 1663 2388 caelis,
1709 2323 1948 2377 excludit
1991 2334 2045 2377 te

466 2414 730 2476 spirituali
757 2414 1008 2481 thalamo,
1031 2416 1262 2484 seiungit
1291 2424 1343 2470 te
1366 2430 1395 2468 a
1417 2415 1617 2469 caelesti
1648 2428 1864 2483 Sponso,
1894 2422 2044 2482 parat

466 2505 563 2558 tibi
616 2506 930 2560 immortalia
982 2507 1240 2575 supplicia
1294 2516 1349 2561 et
1398 2516 1660 2560 tormenta
1711 2506 1870 2559 linem
1936 2520 2043 2559 non

467 2595 735 2651 habentia.
774 2598 878 2652 Pro
907 2598 990 2652 bis
1024 2599 1067 2653 si
1097 2599 1288 2653 talenta
1321 2598 1598 2653 innumera
1626 2596 1888 2668 praeberet
1909 2612 2042 2653 con-

466 2690 758 2744 tubernalis
788 2699 930 2756 tuus,
971 2691 1014 2745 si
1040 2691 1334 2759 promptior
1361 2702 1505 2745 esset
1541 2689 1818 2758 mancipiis
1845 2689 2044 2744 venali-

467 2784 575 2848 tiis,
605 2783 648 2836 si
680 2794 730 2837 te
771 2784 823 2836 in
851 2783 1036 2853 majori
1079 2784 1280 2838 honore
1308 2792 1362 2837 et
1390 2783 1645 2855 dignitate
1671 2782 2040 2848 constitueret,

464 2888 621 2941 quam
661 2874 729 2927 sit
752 2875 928 2942 regina
955 2891 969 2927 ε
1000 2891 1065 2928 an
1096 2891 1197 2928 non
1225 2887 1281 2928 ut
1310 2874 1625 2929 damnosum
1652 2884 1706 2929 et
1744 2874 2040 2937 inimicum,

465 2975 519 3016 et
564 2964 709 3032 plura
754 2964 1082 3019 auferentem
1122 2981 1279 3034 quam
1315 2964 1548 3028 dantem,
1588 2965 1664 3018 sic
1712 2963 1946 3018 aversari
1991 2971 2045 3017 et

466 3055 589 3107 odio
619 3053 811 3110 habere
839 3057 1149 3125 oporteret?
1182 3053 1499 3125 Proponitur
1528 3056 1620 3110 tibi
1646 3070 1771 3111 cura
1799 3054 1865 3109 de
1890 3053 2045 3108 bonis

465 3148 785 3213 c:elestibus,
829 3147 896 3202 de
936 3162 1100 3216 regno
1143 3148 1337 3213 futuro,
1383 3148 1450 3202 de
1492 3150 1598 3202 vita
1643 3146 1948 3211 immortali,
1975 3145 2043 3200 de

467 3238 718 3293 inell‘abili
757 3241 957 3308 gloria;
989 3251 1042 3294 tu
1074 3255 1203 3294 vero
1231 3240 1439 3309 negotia
1485 3249 1687 3293 terrena
1717 3252 2043 3293 commemo-

466 3345 574 3394 ras,
610 3340 664 3384 et
690 3330 830 3384 hunc
858 3331 922 3384 ad
968 3332 1056 3385 illa
1087 3333 1271 3385 utilem
1302 3332 1469 3384 visum
1508 3331 1640 3385 colis
1668 3332 1818 3399 quasi
1865 3329 2041 3383 domi-

469 3437 618 3485 muu,
644 3428 828 3474 etnon
863 3432 912 3474 te
950 3424 1201 3483 occultas,
1240 3436 1409 3489 neque
1447 3436 1567 3474 oras
1595 3432 1650 3473 ut
1683 3431 1733 3474 te
1771 3429 1910 3473 terra
1941 3420 2040 3474 ab-

466 3512 698 3572 sorbeat,
734 3523 788 3564 ut
813 3513 889 3565 sic
916 3512 1035 3566 inde
1063 3513 1289 3581 migras?
1315 3511 1417 3565 Sed
1460 3510 1820 3565 infirmitatem
1849 3511 2039 3564 mulie-

467 3602 576 3655 bris
625 3612 826 3655 natura:
867 3602 995 3656 mihi
1044 3604 1307 3672 pra2texis,
1351 3614 1402 3656 et
1452 3603 1803 3656 lnunanorum
1850 3618 2038 3655 usuum

466 3693 933 3761 dispensationem,
982 3704 1035 3747 et
1067 3696 1298 3763 quietem
1328 3693 1691 3758 domesticam,
1742 3694 1945 3762 fingens
1988 3701 2042 3747 et

465 3799 788 3851 componens
816 3795 1098 3853 praetextus
1127 3786 1215 3853 qui
1248 3801 1350 3839 non
1379 3786 1534 3839 sunt?
1565 3788 1632 3840 At
1658 3801 1829 3855 neque
1849 3785 1926 3840 sic
1945 3799 2041 3839 eos

464 3874 554 3939 qui
581 3888 676 3926 cor
703 3873 896 3928 habent
925 3875 1089 3929 falles.
1132 3874 1246 3928 Non
1292 3886 1376 3929 est
1418 3877 1578 3940 enirn,
1625 3892 1729 3929 non
1758 3886 1840 3931 est
1865 3877 2037 3945 quies,

465 3982 583 4026 ulla:
625 3967 687 4019 ad
722 3977 916 4020 tantam
951 3967 1325 4036 turpitudinem
1369 3978 1541 4037 cogat.
1581 3968 1767 4023 Mulier
1805 3970 1944 4023 enim
1991 3971 2037 4024 si

464 4056 710 4122 voluerit,
760 4073 861 4110 non
905 4058 1006 4112 sibi
1043 4058 1142 4127 ipsi
1183 4058 1380 4124 solum,
1426 4059 1520 4114 sed
1558 4070 1611 4114 et
1652 4061 1769 4115 aliis
1806 4062 2039 4130 pluribus

465 4146 693 4203 sufficiet
717 4149 779 4199 ad
817 4149 1166 4202 ministerium
1198 4167 1210 4203 :
1244 4150 1492 4219 quoniam
1533 4166 1652 4205 cum
1678 4152 1744 4204 ab
1785 4153 1932 4205 initio
1957 4154 2039 4206 vir

466 4248 637 4300 civilia
669 4242 873 4315 negotia
908 4258 1218 4318 susceperit,
1248 4239 1442 4302 mulier
1465 4241 1646 4302 sortita
1671 4249 1753 4294 est
1776 4241 2036 4294 domesti-

465 4352 582 4390 cam
629 4338 1135 4393 administrationem
1179 4350 1232 4394 et
1272 4354 1474 4393 curam.
1519 4339 1634 4393 Non
1667 4338 1823 4410 igitur
1847 4341 2040 4409 quietis

466 4428 657 4497 indiga:
686 4429 825 4481 intus
855 4430 1035 4497 rapitis
1061 4430 1222 4484 viros.
1251 4431 1331 4482 Ad
1362 4430 1487 4499 quid
1518 4431 1679 4500 ergo?
1713 4432 1881 4499 stupri
1920 4445 2041 4498 gra-

467 4519 538 4571 tia
573 4526 627 4572 et
654 4519 923 4572 libidinis?
953 4520 1062 4586 Ego
1090 4520 1304 4589 quidem
1337 4537 1441 4573 non
1483 4522 1560 4574 sic
1597 4521 1841 4585 dixerim,
1881 4521 2035 4583 absit,

469 4609 576 4661 imo
604 4621 707 4662 .‘ion
733 4608 919 4663 desino
953 4609 1234 4678 objurgare
1261 4624 1355 4663 eos
1384 4611 1471 4679 qui
1501 4611 1576 4663 sic
1602 4610 1814 4664 dicunt:
1842 4612 2038 4663 utinam

465 4710 640 4753 autem
665 4697 913 4770 possibile
939 4708 1082 4754 esset
1120 4699 1170 4753 id
1197 4701 1550 4770 persuadere!
1579 4703 1708 4767 Quis
1745 4717 1871 4770 ergo
1901 4717 2039 4770 pra:-

468 4800 665 4857 texlus,
705 4807 825 4860 quae
858 4805 1016 4846 causa
1057 4790 1222 4846 efficit
1261 4800 1321 4845 ut
1370 4808 1480 4845 rem
1525 4793 1665 4845 illam
1706 4802 2037 4861 expetaums,

470 4883 677 4952 inquit?
707 4880 881 4937 Inanis
910 4882 1099 4954 gloria:
1133 4898 1303 4937 amor.
1342 4883 1409 4936 Et
1445 4882 1888 4951 quemadmodum
1914 4884 2040 4936 viris

470 4974 714 5041 Voluptas
743 4972 926 5026 frivola
959 4985 1012 5026 et
1046 4973 1270 5040 misera,
1312 4974 1390 5028 sic
1420 4974 1520 5027 illis
1549 4973 1765 5029 honoris
1792 4973 2040 5043 concupi-

467 5066 669 5121 sCt-ntia
701 5066 803 5120 hoc
827 5068 1231 5123 contubernium
1262 5068 1530 5121 conciliat.

540 5158 782 5212 Mulieres
820 5175 962 5213 vame
986 5153 1161 5222 gloria:
1188 5162 1402 5229 cupidae.
1432 5189 1506 5199 —
1525 5158 1654 5213 Nam
1682 5175 1830 5215 vana:
1856 5161 2040 5230 gloria:

465 5252 714 5321 cupidum
759 5267 908 5321 paene
950 5267 1107 5306 omne
1144 5252 1416 5305 hominum
1455 5266 1624 5321 genus
1665 5259 1766 5317 est,
1811 5253 2040 5308 maxime

467 5355 642 5398 anteiit
671 5344 947 5398 muliebre.
972 5343 1097 5398 Nam
1119 5358 1239 5397 cum
1258 5358 1428 5412 neque
1443 5359 1575 5410 opus
1598 5343 1823 5397 habeant
1842 5344 2034 5410 quiete,

470 5440 609 5492 sicut
636 5436 959 5490 declaratum
984 5442 1084 5498 est,
1128 5449 1300 5502 neque
1328 5449 1449 5488 cum
1483 5435 1610 5502 ipsis
1645 5449 1755 5487 rem
1789 5433 2034 5499 habeant,

471 5528 805 5583 nianifestum
829 5526 968 5596 quod
996 5527 1096 5580 hoc
1129 5526 1300 5579 solmn
1345 5524 1606 5593 reliquum
1637 5533 1720 5579 est
1759 5525 2033 5593 suSpicari.

540 5622 590 5675 6.
632 5621 891 5686 Quoniam
933 5618 1087 5687 igitur
1113 5618 1247 5671 hanc
1289 5616 1410 5670 mali
1440 5616 1671 5671 radicem
1716 5617 2034 5683 invenimus,

468 5730 565 5781 age
589 5724 778 5768 cartera
802 5727 907 5768 non
930 5710 1382 5783 reprehendamus
1406 5725 1420 5773 ;
1449 5709 1826 5764 admoneamus
1854 5720 2036 5764 autem

472 5816 523 5860 et
549 5804 978 5874 pcrsuadeanms,
1014 5799 1157 5874 quod
1200 5800 1337 5857 sicut
1375 5800 1475 5856 viri
1502 5801 1588 5870 qui
1623 5801 1928 5858 cohabitant
1954 5804 2033 5858 vi-

1166 379 1227 434 S.
1256 379 1533 437 JOANNIS
1572 381 2043 440 CHRYSOSTOMI
2082 384 2398 475 ARCHIEP.
2440 384 2975 441 CONSTANTINOP.

3613 385 3725 443 si".

2146 497 2339 552 dentur
2358 498 2569 567 quidem
2599 498 2866 567 voluptate
2891 497 3014 563 frui,
3038 497 3225 567 majori
3251 506 3426 551 autem
3456 507 3723 553 tormento

2147 591 2443 645 subduutur
2473 590 2690 660 (etenim
2718 592 2830 644 sola
2857 605 2985 660 pura
3016 599 3070 643 et
3107 590 3276 644 solida
3307 591 3571 658 voluptas,
3598 606 3721 660 qua:

2148 697 2243 750 per
2267 682 2739 751 sequestrationem
2761 680 2863 751 est)
2892 698 2906 734 :
2936 680 3013 734 sic
3040 681 3219 750 utique
3243 691 3295 734 et
3323 696 3479 735 causa
3507 680 3725 734 illarum

2149 773 2325 827 habet.
2371 774 2590 829 Videtur
2641 775 2876 843 quidem,
2929 783 2985 827 ut
3027 774 3154 843 ipsa:
3204 774 3507 843 opinantur,
3551 773 3727 843 gloria

2148 867 2321 935 aliqua
2351 866 2474 919 hinc
2499 874 2553 919 et
2579 866 2794 919 claritas
2821 868 3001 928 nasci;
3031 869 3074 919 si
3102 875 3277 918 autem
3302 864 3579 934 diligenter
3605 864 3727 934 quis

2150 958 2476 1026 exquisierit,
2527 957 2681 1028 plena
2739 967 2793 1011 et
2839 957 3034 1010 referta
3085 964 3169 1011 est
3209 956 3340 1020 risu,
3389 955 3723 1012 confusione.

2150 1046 2453 1115 opprobriis
2479 1056 2533 1101 et
2551 1056 2788 1101 extrema
2816 1046 3123 1116 ignominia.
3152 1047 3217 1100 Et
3239 1046 3307 1101 de
3331 1046 3414 1100 his
3436 1046 3573 1101 dicta
3599 1056 3733 1101 sunt

2151 1138 2203 1190 in
2232 1137 2488 1206 principio
2517 1153 2701 1205 pauca,
2728 1137 2971 1192 dicentur
2998 1148 3174 1193 autem
3218 1147 3273 1193 et
3316 1154 3474 1192 nunc.
3506 1137 3589 1193 Sit
3626 1139 3727 1207 igi.

2152 1237 2237 1279 tur
2256 1229 2345 1295 qui
2372 1227 2660 1293 cobabitat,
2689 1228 2732 1281 si
2760 1228 2912 1292 velis,
2942 1243 3047 1281 non
3075 1228 3265 1297 aliquis
3292 1228 3411 1281 vilis
3436 1244 3607 1297 neque
3632 1228 3729 1280 ab-

2150 1313 2446 1386 jectus,sed
2468 1318 2558 1389 qui
2588 1319 2805 1372 multam
2832 1319 2883 1372 in
2905 1318 3138 1372 Ecclesia
3164 1317 3472 1388 dignitatem
3501 1318 3720 1381 habeat,

2151 1420 2205 1462 et
2246 1409 2314 1464 ob
2347 1411 2557 1479 generis
2595 1409 2986 1474 claritudinem,
3043 1420 3098 1463 et
3152 1410 3222 1464 ob
3268 1408 3623 1477 eloquentiam
3673 1418 3733 1462 et

2150 1503 2400 1572 pietatem
2429 1502 2755 1556 admirabilis
2785 1505 2852 1555 sit
2878 1502 3146 1565 omnibus,
3177 1501 3349 1569 sitque
3377 1500 3730 1570 undequaque

2150 1593 2353 1659 clarus;
2387 1607 2556 1661 neque
2600 1593 2683 1646 vel
2724 1592 2800 1645 sic
2829 1592 3020 1660 poterit
3050 1591 3190 1644 illam
3221 1590 3394 1643 ίὶιειϊθ
3424 1591 3622 1643 claram
3664 1606 3730 1644 ac

2152 1684 2444 1753 probatam.
2470 1683 2701 1738 Gloriam
2724 1682 2862 1737 enim
2889 1681 3160 1735 habiturus
3179 1681 3436 1750 quiSpiam
3456 1696 3523 1735 ex
3545 1681 3728 1734 amici-

2151 1775 2220 1828 tia
2249 1791 2371 1844 erga
2399 1775 2649 1842 aliquem,
2676 1774 2814 1827 illius
2841 1773 3062 1844 gloriam
3089 1774 3236 1842 prius
3252 1772 3519 1830 custodire
3542 1773 3728 1839 debet,

2148 1866 2236 1935 qui
2254 1865 2451 1932 prtebet
2468 1874 2521 1918 ut
2538 1864 2859 1934 glorificetur
2873 1882 2887 1929 ;
2903 1880 3022 1918 nam
3038 1864 3081 1917 si
3095 1864 3231 1918 illius
3245 1864 3408 1934 gloria
3419 1862 3727 1929 offenditur,

2150 1956 2316 2009 multo
2329 1957 2494 2025 magis
2512 1971 2659 2009 suam
2676 1956 2838 2023 ipsius
2848 1955 3067 2026 gloriam
3081 1954 3276 2023 dejicit.
3289 1953 3420 2009 Nam
3434 1955 3731 2010 sicutfonte

2147 2057 2415 2115 corrupto,
2447 2056 2498 2100 et
2517 2063 2635 2117 qua:
2656 2047 2777 2101 inde
2793 2055 3007 2100 manant
3026 2046 3218 2100 ﬂuenta
3239 2047 3563 2114 corruptioni
3580 2061 3732 2101 com-

2147 2138 2438 2205 munia-un,
2466 2147 2520 2192 et
2546 2137 2721 2192 radice
2741 2147 2984 2206 corrupta
3007 2138 3174 2191 multo
3194 2137 3360 2207 magis
3383 2137 3584 2190 fructus
3603 2153 3733 2191 cor-

2148 2239 2459 2298 rumpcutur
2476 2246 2489 2281 :
2509 2229 2587 2283 sic
2602 2238 2655 2283 et
2675 2244 2833 2293 nunc,
2855 2229 2899 2281 si
2918 2230 2961 2282 is
2978 2228 3066 2297 qui
3079 2229 3332 2297 virginem
3349 2229 3545 2281 claram
3570 2227 3733 2281 factu-

2148 2337 2236 2375 rus
2262 2332 2343 2374 est
2369 2321 2458 2374 liat
2486 2320 2737 2376 ridiculus
2770 2321 2839 2375 ob
2881 2320 3345 2386 cohabitationem,
3373 2320 3487 2388 ipsa
3515 2334 3731 2389 quoque

2146 2422 2270 2465 ante
2303 2411 2447 2465 illum
2477 2422 2530 2466 et
2557 2428 2675 2465 cum
2708 2411 2798 2464 illo
2834 2411 3093 2465 ridebitur
3115 2427 3130 2475 ;
3156 2419 3212 2465 et
3244 2412 3292 2466 si
3326 2412 3534 2464 mulieri
3559 2421 3726 2464 antea

2145 2504 2426 2573 Contigerit
2449 2505 2616 2574 gloria
2646 2504 2780 2557 bona
2801 2503 2938 2573 apud
2965 2504 3178 2568 multos,
3201 2519 3318 2559 eam
3342 2514 3519 2557 tamen
3545 2505 3735 2557 statim

2147 2595 2414 2664 ingressus
2454 2595 2542 2650 ille
2584 2594 2744 2650 domo
2788 2595 2993 2665 ejiciet;
3036 2604 3236 2649 tantum
3275 2595 3425 2650 abest
3467 2604 3525 2648 ut
3563 2595 3735 2648 aliam

2146 2699 2325 2739 secum
2351 2684 2538 2739 afferat
2566 2704 2579 2738 :
2612 2702 2674 2740 ac
2702 2686 2824 2740 licet
2849 2685 3010 2740 etiam
3048 2686 3160 2755 ipse
3189 2684 3380 2740 habeat
3405 2685 3565 2740 talem
3593 2686 3723 2739 exi-

2147 2777 2526 2840 Stimationem,
2559 2777 2700 2832 idem
2740 2778 2817 2831 illi
2857 2778 3148 2849 continget.
3187 2777 3301 2832 Non
3332 2778 3490 2847 igitur
3523 2776 3728 2833 famam

2146 2870 2296 2923 vobis
2322 2869 2511 2924 bonam
2542 2870 2753 2925 adducit
2779 2870 2893 2925 hate
2916 2870 3265 2938 consuetudo,
3287 2870 3378 2924 sed
3401 2885 3518 2925 eam
3544 2869 3731 2924 aufert

2146 2977 2303 3031 quam
2336 2962 2628 3026 habebatis,
2658 2972 2712 3017 et
2738 2963 2928 3016 malam
2963 2963 3178 3032 insuper
3204 2961 3399 3015 conﬁat
3423 2978 3583 3030 quam
3618 2978 3728 3015 non

2146 3053 2440 3107 habebatis.
2478 3055 2545 3108 Et
2572 3053 2712 3123 quod
2740 3054 2804 3108 dc
2832 3052 3031 3109 Judaeis
3058 3051 3313 3121 propheta
3346 3050 3491 3112 dicit,
3519 3067 3728 3120 oppor-

2147 3154 2330 3201 tunum
2375 3154 2457 3199 est
2494 3145 2652 3199 etiam
2699 3160 2839 3199 llllltC
2885 3144 3084 3199 dicere.
3126 3142 3188 3197 Si
3229 3142 3434 3195 mutabit
3476 3140 3729 3209 ΑΞιΙιὶορε

2147 3238 2325 3304 pellem
2367 3253 2531 3302 suam,
2571 3247 2616 3290 et
2661 3236 2849 3304 pardus
2886 3234 3108 3288 maculas
3141 3250 3260 3287 suas
3299 3232 3425 3304 (Jer.
3474 3233 3555 3286 15.
3602 3233 3725 3301 25),

2145 3329 2303 3383 etiam
2331 3329 2421 3397 qui
2447 3328 2636 3383 talibus
2655 3327 2978 3391 cohabitant,
3002 3325 3257 3379 maculam
3278 3324 3412 3377 hanc
3430 3324 3727 3392 aliquando

2145 3420 2412 3487 deponent
2458 3435 2471 3471 :
2522 3419 2600 3471 sic
2648 3416 3091 3487 quemadmodum
3141 3415 3351 3483 corpori
3398 3414 3724 3477 cauterium,

2145 3511 2418 3565 amborum
2470 3508 2850 3563 existimationi
2903 3508 3151 3570 inuritur,
3195 3514 3249 3559 et
3300 3506 3435 3559 bona
3482 3503 3725 3572 ipsorum

2144 3601 2319 3654 omnia
2355 3598 2597 3654 olfuscat.
2624 3599 2726 3652 Sed
2768 3598 2901 3651 forte
2927 3598 3148 3666 gloriam
3176 3605 3364 3666 putant
3390 3595 3492 3649 boc
3519 3595 3721 3665 ipsum,

2145 3691 2406 3760 imperare
2448 3690 2596 3743 viris.
2643 3689 2712 3742 At
2746 3687 2848 3742 hoc
2884 3696 2967 3740 est
3008 3686 3142 3740 mire
3178 3685 3476 3751 ridiculum,
3516 3693 3571 3737 et
3615 3700 3730 3753 quo

2143 3784 2372 3837 maxime
2398 3782 2691 3852 gloriantur
2718 3782 2846 3835 sola:
2875 3780 3199 3834 meretrices.
3231 3778 3507 3833 Mulierum
3533 3778 3726 3847 utique

2144 3876 2431 3931 liberarum
2459 3883 2515 3929 et
2550 3885 2812 3928 castarum
2851 3872 2953 3926 hoc
2979 3887 3082 3927 non
3108 3870 3287 3938 fuerit,
3315 3871 3366 3924 in
3396 3870 3590 3924 talibus
3632 3885 3725 3925 re-

2145 3968 2285 4021 tibus
2313 3966 2573 4025 deliciari.
2609 3967 2872 4032 Quoniam
2914 3975 2968 4020 et
3002 3964 3125 4020 hinc
3167 3965 3360 4019 iterum
3399 3964 3538 4019 aliud
3568 3965 3730 4034 igno-

2144 4061 2320 4114 minia:
2347 4066 2739 4128 argumentum,
2772 4066 2827 4113 et
2852 4066 3052 4128 quanto
3076 4059 3246 4127 magis
3276 4057 3539 4127 imperant
3568 4058 3737 4123 viris,

2143 4162 2197 4205 et
2220 4151 2461 4221 graviora
2488 4151 2788 4220 injungunt,
2813 4159 2959 4203 tanto
2983 4149 3150 4219 magis
3168 4148 3370 4217 seipsas
3388 4147 3731 4202 confundunt

2142 4260 2265 4298 cum
2293 4244 2441 4321 ipsis.
2470 4243 2585 4302 Non
2612 4245 2755 4299 enim
2786 4257 2903 4317 quas
2943 4257 3144 4302 servae
3172 4240 3295 4302 facit
3330 4242 3473 4300 viros
3506 4244 3741 4313 mulier,

2144 4344 2236 4398 sed
2265 4361 2382 4412 qua:
2404 4355 2696 4405 reveretur,
2719 4344 2966 4396 omnibus
2987 4350 3070 4395 est
3088 4338 3375 4395 reverenda
3391 4348 3446 4392 et
3463 4338 3731 4407 gloriosa.

2143 4438 2196 4491 Si
2227 4447 2402 4490 autem
2434 4453 2537 4490 non
2568 4436 2918 4490 sustinuerint
2948 4434 3061 4488 haec
3088 4442 3270 4486 nostra
3296 4431 3476 4495 verba,
3510 4432 3606 4485 Dei
3636 4431 3729 4486 lex

2145 4528 2427 4582 orcluderc
2460 4542 2553 4581 ora
2592 4543 2772 4581 carum
2823 4535 3013 4594 potest,
3059 4525 3137 4578 sic
3174 4524 3358 4578 dicens
3388 4541 3401 4575 :
3433 4523 3513 4575 Ad
3556 4525 3735 4576 uirum

2144 4629 2283 4670 tuum
2299 4619 2550 4671 conversio
2580 4628 2684 4676 tua,
2720 4629 2764 4670 et
2785 4617 2892 4685 ipse
2917 4616 2989 4667 tui
3016 4614 3370 4668 dominabitur.
3398 4611 3566 4681 Caput
3592 4614 3739 4667 enim

2145 4708 2366 4760 mulieris
2395 4707 2468 4758 vir
2494 4705 2642 4777 (Gen.
2668 4707 2717 4761 5.
2750 4707 2837 4761 16.
2870 4708 2918 4759 1.
2951 4704 3069 4759 Cor.
3100 4706 3186 4759 M.
3227 4705 3305 4774 ⁸5).
3337 4704 3402 4759 Et
3450 4704 3673 4759 aliunde
3698 4720 3741 4760 θ

2146 4798 2323 4850 inultis
2358 4798 2491 4852 locis
2517 4797 2636 4867 quis
2664 4797 2765 4852 hoc
2791 4797 3023 4851 inveniet
3060 4796 3137 4850 sic
3165 4794 3367 4859 legibus
3400 4808 3645 4860 cautum,
3677 4806 3741 4850 et

2145 4887 2286 4942 hunc
2331 4888 2456 4941 olim
2497 4892 2676 4943 datum
2716 4902 2835 4942 esse
2876 4887 3141 4941 ordinem.
3188 4886 3369 4956 Itaque
3407 4900 3603 4954 magna
3648 4897 3743 4942 est

2145 4979 2375 5045 fceditas,
2404 4980 2447 5033 si
2488 4981 2760 5048 superiora
2801 4981 2927 5032 fiant
2968 4978 3215 5032 inferiora
3237 5017 3253 5042 ,
3282 4986 3440 5045 caput
3467 4977 3742 5032 deorsum

2144 5083 2199 5130 et
2217 5087 2410 5141 corpus
2434 5088 2663 5125 sursum.
2685 5070 2839 5137 Quod
2864 5072 2906 5124 si
2936 5072 2988 5124 in
3011 5070 3210 5140 nuptiis
3231 5069 3331 5123 hoc
3350 5081 3519 5136 turpe,
3556 5070 3743 5123 multo

2143 5162 2312 5232 magis
2337 5162 2389 5215 in
2416 5161 2517 5216 hoc
2537 5162 2829 5226 consortio,
2859 5160 2948 5214 ubi
2978 5176 3082 5214 non
3105 5159 3208 5219 hoc
3233 5159 3398 5213 solum
3425 5174 3596 5228 grave
3624 5169 3741 5225 est,
3762 5218 3774 5229 ,

2142 5252 2282 5324 quod
2303 5252 2372 5305 sit
2391 5252 2739 5321 transgressio
2760 5251 2952 5306 divina:
2974 5251 3121 5320 legis,
3152 5250 3245 5305 sed
3265 5247 3404 5318 quod
3434 5250 3743 5317 pessimam

2143 5356 2197 5401 et
2225 5346 2430 5401 mulieri
2461 5356 2515 5401 et
2539 5347 2609 5399 illi
2640 5346 2825 5399 afferat
2852 5345 3063 5399 famam.
3088 5344 3218 5397 Nam
3245 5344 3290 5399 si
3310 5342 3631 5397 cohabitare
3651 5353 3749 5397 est

2143 5446 2317 5506 turpe,
2348 5436 2515 5489 multo
2546 5438 2711 5505 magis
2731 5436 3123 5489 cohabitantem
3150 5436 3262 5498 viro
3288 5432 3579 5487 dominari.
3612 5432 3746 5486 Non

2144 5531 2283 5583 enim
2315 5529 2661 5599 undequaque
2700 5529 2961 5596 imperare
3006 5525 3215 5581 laudem
3251 5523 3427 5587 habet,
3470 5523 3570 5577 sed
3616 5523 3749 5577 fieri

2142 5631 2316 5691 potest
2351 5631 2410 5675 ut
2445 5620 2535 5691 qui
2574 5622 2865 5689 imperatur
2904 5617 3253 5683 laudabiliter,
3280 5625 3335 5670 et
3371 5615 3462 5686 qui
3492 5615 3752 5684 imperat

2144 5715 2367 5781 turpiter
2392 5720 2530 5783 agat.
2559 5711 2738 5782 Itaque
2775 5712 2818 5765 si
2858 5711 2935 5765 vis
2969 5711 3019 5763 in
3048 5710 3395 5764 admiratione
3435 5722 3563 5763 esse
3592 5710 3755 5779 apud

2146 5804 2309 5873 viros,
2342 5804 2473 5861 nihil
2503 5805 2596 5861 tibi
2622 5818 2902 5860 commune
2931 5801 3137 5857 sitcum
3160 5801 3308 5870 ipsis,
3334 5800 3580 5870 procula
3609 5816 3754 5855 con—
