4036 6416
253 452 367 505 59.3

247 563 646 632 ἐπιτείνωμεν·
682 563 761 624 είς
793 564 900 634 γὰρ
928 561 1161 634 Χριστὸν
1193 560 1355 614 αὐτὸν
1404 558 1553 631 [258]
1581 557 1829 628 ἁμαρτά-

250 666 372 711 νεις
416 646 640 699 τοιαῦτα
679 645 1153 715 φιλονεικοῦσα.Ἦ
1186 645 1285 698 οὐκ
1332 642 1548 705 ἀκούεις
1595 641 1833 709 συνεχῶς

253 732 319 783 ἐν
354 730 450 800 μὲν
488 731 554 798 τῇ
594 727 807 798 Παλαιᾷ
835 727 927 781 τοῦ
961 728 1238 790 Μωῦσέως
1275 727 1522 793 λέγοντος
1559 726 1661 785 ὅτι,
1691 723 1833 788 Θεός

251 816 391 867 ἐστι
430 811 728 879 ζηλωτής;
766 812 930 865 αὐτοῦ
960 813 1017 865 δὲ
1046 814 1150 876 ὅτι,
1168 808 1459 878 Ἑζήλωκα
1487 809 1600 877 τὴν
1629 808 1834 874 Ἰερου-

254 895 502 964 omnip;
537 898 593 948 ἐν
624 895 679 948 δὲ
706 899 771 966 τῇ
798 898 971 967 Καινῇ
1005 895 1098 949 τοῦ
1129 894 1339 948 Παύλου
1368 892 1596 962 βοῶντος
1616 907 1631 922 ⁸
1658 885 1836 958 Ζηλῶ

254 981 372 1048 γὰρ
406 979 561 1047 ὑμᾶς
599 980 745 1033 Θεοῦ
776 979 953 1048 ζήλῳ.
987 978 1177 1040 Τοῦτο,
1217 980 1265 1031 εί
1309 978 1405 1031 καὶ
1442 976 1607 1047 μηδὲν
1651 974 1835 1044 ἕτερον

255 1064 410 1127 ἄλλο,
446 1062 625 1117 ἰκανὸν
656 1060 722 1135 ἦν
754 1064 853 1135 τὴν
888 1064 961 1135 μὴ
1002 1063 1204 1133 σφόδρα
1233 1060 1493 1116 νοσοῦσαν
1534 1059 1627 1112 καὶ
1657 1055 1835 1127 ἀπηλ-

255 1148 507 1218 γημένην
554 1148 879 1218 ἐπιστρέψαι
926 1148 1132 1218 ψυχήν·
1177 1145 1320 1199 οὑτω
1350 1145 1457 1214 γὰρ
1498 1141 1724 1212 φοϐερὸν
1754 1140 1832 1201 ὃν,

256 1234 360 1302 ἡδὺ
399 1231 597 1301 μᾶλλόν
637 1232 804 1293 ἐστιν,
832 1232 865 1304 ἦ
900 1231 1147 1303 φοϐερόν.
1178 1232 1252 1284 Οὐ
1283 1230 1391 1300 γὰρ
1416 1229 1481 1283 ἂν
1513 1226 1671 1297 ζῆλός
1706 1240 1833 1278 ποτε

255 1318 491 1383 γένοιτο,
523 1314 596 1384 μὴ
627 1314 833 1386 θερμῆς
861 1331 1004 1377 τινος
1043 1316 1136 1368 καὶ
1174 1313 1400 1382 ζεούσης
1432 1309 1836 1383 προϋποκειμέ-

256 1418 359 1468 va};
386 1398 638 1467 ἀγάπης’
670 1397 809 1450 ὥστε
842 1398 1073 1468 σφοδρᾶς
1118 1397 1212 1451 καὶ
1260 1394 1659 1465 πεπυρωμένης
1696 1391 1830 1460 ἀγά·

256 1499 373 1551 πης
405 1482 498 1534 τοῦ
527 1480 661 1533 θεοῦ
690 1481 781 1534 καὶ
812 1481 993 1549 φιλίας
1027 1480 1324 1551 τεκμήριον
1358 1477 1514 1531 τοῦτό
1551 1478 1717 1529 ἐστιν.
1742 1476 1838 1527 Οὐ-

256 1565 316 1616 δὲ
352 1564 460 1634 γάρ
490 1563 656 1626 πάθος
686 1564 829 1617 ἐστὶν
854 1567 882 1617 6
906 1562 1066 1633 ζῆλος
1095 1563 1187 1616 ἐπὶ
1212 1562 1368 1622 Θεοῦ,
1410 1559 1546 1613 ἀλλὰ
1572 1561 1672 1621 τὴν
1695 1559 1835 1626 ἄφα-

256 1665 353 1699 τον
376 1646 538 1700 αὐτοῦ
564 1647 939 1718 φιλοστοργίαν
956 1645 1288 1717 ἑρμηνεῦσαι
1314 1642 1839 1714 βουλόμενος,τούτῳ

259 1730 524 1793 πολλάκις
563 1729 934 1801 ἀποκέχρηται
977 1728 1056 1799 τῷ
1084 1729 1326 1799 ὀνόματι.
1346 1727 1483 1779 Ἀλλ’
1506 1726 1654 1796 ὅμως
1679 1726 1839 1795 ἡμεῖς

258 1817 311 1864 οι
343 1813 543 1883 σφόδρα
570 1812 883 1882 ἀναίσθητοι
913 1812 1047 1883 πρὸς
1089 1812 1185 1875 τὰς
1218 1810 1561 1881 ἀνθρωπίνας
1605 1805 1839 1860 καταπί-

261 1914 473 1964 πτομεν
523 1895 885 1966 συμπαθείας,
912 1894 1125 1948 καὶτὸν
1175 1895 1271 1964 μὲν
1308 1892 1480 1954 οὕτως
1511 1890 1669 1962 ήμῶν
1710 1907 1840 1960 σφο-

257 1978 408 2050 δρῶς
431 1979 638 2049 ἐρῶντα
663 1978 1084 2049 καθυϐρίζομεν,
1111 1980 1237 2041 τοὺς
1257 1977 1312 2029 δέ
1338 1977 1488 2029 οὐδὲν
1511 1975 1839 2044 δυναμένους

259 2064 546 2133 ὠφελῆσαι
577 2065 739 2116 παντὶ
768 2064 955 2133 τρόπῳ
989 2061 1388 2133 θεραπεύομεν.
1424 2060 1488 2112 Τί
1525 2060 1635 2131 γάρ
1676 2075 1755 2123 σε,
1795 2052 1840 2111 ὦ

259 2148 597 2219 ταλαίπωρε.
619 2148 872 2201 τοσοῦτον
904 2148 1091 2218 ὀνῆσαι
1118 2146 1407 2215 δυνήσεται
1432 2146 1464 2216 ἡ
1494 2144 1675 2215 ψυχρὰ
1701 2143 1837 2215 αῦτη

263 2231 595 2301 συνοίκησις,
619 2232 758 2285 ὅσων
790 2231 1040 2285 ἐκϐάλλει
1072 2248 1131 2283 σε
1167 2228 1487 2300 θησαυρῶν;
1524 2229 1721 2282 Σκόπει
1748 2228 1836 2280 δέ·

261 2314 509 2381 Κατάγει
543 2331 601 2366 σε
637 2316 700 2367 ἐκ
731 2314 839 2367 τῶν
866 2313 1130 2386 οὐρανῶν,
1161 2311 1254 2365 τοῦ
1287 2311 1571 2380 νυμφῶνος
1601 2309 1840 2364 ἀπελαύ-

262 2414 348 2448 νει
388 2396 481 2449 τοῦ
534 2396 925 2466 πνευματικοῦ,
959 2393 1303 2464 ὃιαζεύγνυσί
1349 2410 1408 2445 σε
1453 2393 1547 2445 τοῦ
1588 2394 1838 2466 οὐρανίου

263 2482 525 2550 νυμφίου,
561 2481 813 2553 προξενεῖ
833 2481 928 2552 τὴν
954 2481 1220 2535 ἀθάνατον
1251 2483 1490 2545 κόλασιν,
1513 2479 1581 2532 τὰ
1621 2478 1841 2548 βασανι-

266 2567 465 2635 στήρια
492 2564 560 2616 τὰ
582 2564 735 2628 τέλος
757 2564 857 2617 οὐκ
890 2564 1099 2634 ἔχοντα.
1141 2566 1286 2618 Ἀντί⁵
1309 2565 1534 2626 τούτων,
1562 2565 1610 2615 εί
1651 2562 1718 2615 τά
1753 2560 1842 2632 μέ-

264 2647 434 2701 ταλλα
480 2648 705 2718 χρυσίου
753 2650 1009 2718 παρεῖχεν
1053 2648 1081 2699 6
1132 2649 1393 2701 συνοικῶν
1437 2646 1624 2717 μυρία,
1658 2646 1707 2697 εί
1730 2643 1840 2696 τῶν

265 2733 670 2802 ἀργυρωνήτων
721 2748 801 2784 σοι
854 2731 1053 2802 μᾶλλον
1096 2732 1351 2785 ὑπέκειτο
1386 2729 1752 2801 ἀνδραπόδων,
1791 2728 1840 2780 εί

262 2818 365 2884 τῆς
397 2815 661 2885 βασιλίδος
686 2815 855 2884 αὐτῆς
887 2816 944 2868 ἐν
969 2815 1172 2869 πλείονί
1208 2834 1265 2869 σε
1297 2818 1389 2869 κα)⁵
1422 2818 1552 2886 τιμῇ
1578 2815 1671 2868 καὶ
1713 2815 1843 2866 ἀνα-

268 2899 467 2951 παύσει
498 2898 751 2970 καθίστη,
784 2895 892 2970 ἆρα
917 2900 1016 2968 οὐχ
1044 2900 1119 2962 ὡς
1148 2899 1403 2970 λυμεῶνα
1422 2901 1515 2953 καὶ¹
1537 2899 1727 2969 ἐχθρὸν
1748 2897 1841 2950 καὶ

270 2983 494 3051 μείζονα
542 2983 940 3056 ἀφαιρούμενον
990 2983 1022 3053 ἢ
1069 2982 1300 3045 διδόντα,
1344 2983 1485 3037 οὕτω
1534 2985 1708 3052 μισεῖν
1751 2981 1842 3035 καὶ

266 3069 705 3140 ἀποστρέφεσθαι
734 3069 876 3133 ἐδει;
910 3070 1045 3138 Περὶ
1072 3070 1181 3123 τῶν
1210 3071 1267 3121 ἐν
1296 3070 1408 3131 τοῖς
1440 3068 1686 3138 οὐρανοῖς
1706 3067 1841 3133 ἀγα-

269 3152 378 3205 θῶν
414 3153 442 3205 ὁ
474 3154 629 3221 λόγος
670 3169 748 3205 σοι
780 3154 1086 3224 πρόκειται,
1116 3153 1244 3221 περὶ
1268 3152 1365 3223 τῆς
1392 3152 1507 3204 ἐκεῖ
1544 3149 1838 3219 βασιλείας,

269 3255 335 3289 πε
347 3239 398 3307 ρὶ
433 3242 529 3307 τῆς
554 3236 822 3290 ἀθανάτου
855 3235 1020 3305 ζωῆς,
1050 3237 1177 3306 περὶ
1200 3236 1297 3306 τῆς
1326 3235 1636 3305 ἀπορρήτου
1661 3232 1837 3299 δόξης·

270 3322 335 3372 σὺ
383 3319 439 3371 δέ
485 3322 686 3389 γηΐνων
721 3318 1082 3389 μνημονεύεις
1114 3318 1475 3389 πραγμάτων,
1503 3317 1596 3370 καὶ
1645 3316 1734 3368 τὸν
1785 3317 1842 3367 ἐν

268 3404 497 3466 ἐκείνοις
544 3404 808 3474 χρήσιμον
854 3397 989 3455 εἶναι
1017 3401 1275 3455 δοκοῦντα
1306 3399 1629 3473 θεραπεύεις
1656 3399 1844 3470 ῶσπερ

268 3487 550 3556 δεσπότην,
582 3487 673 3538 καὶ
716 3487 777 3538 οὐ
812 3486 1074 3557 καταδυῃ,
1104 3485 1225 3538 οὐδὲ
1264 3483 1398 3557 εὔχῃ
1445 3483 1725 3553 διαστῆναί
1761 3499 1845 3535 σοι

268 3572 366 3638 τήν
406 3571 529 3639 γῆν,
565 3570 659 3622 καὶ
701 3567 873 3632 οὕτως
919 3570 1131 3622 ἐνθένδε
1170 3568 1458 3634 ἀπελθεῖν;
1514 3568 1653 3621 Ἀλλ’
1680 3566 1844 3620 ἀσθέ-

269 3654 419 3706 νειάν
459 3670 548 3723 μοι
593 3652 870 3723 προόάλλῃ
904 3653 1221 3721 γυναικείας
1250 3652 1485 3722 φύσεως,
1520 3652 1614 3705 καὶ
1647 3650 1844 3723 χρειῶν

270 3735 623 3805 ἀνθρωπίνων
649 3735 979 3806 οἰκονομίαν,
1003 3737 1097 3788 καὶ
1120 3736 1424 3788 ἀνάπαυσιν
1452 3734 1549 3805 τὴν
1579 3733 1719 3787 κατά
1744 3733 1843 3804 τὴν

270 3819 463 3880 οἰκίαν,
497 3817 802 3870 πλάττουσα
828 3823 920 3871 καὶ
944 3819 1252 3872 συντιθεῖσα
1274 3818 1371 3880 τὰς
1397 3818 1497 3871 οὐκ
1520 3817 1687 3881 οὔσας
1711 3834 1844 3888 προ-

272 3903 480 3970 φάσεις.
499 3902 634 3954 Ἀλλ’
658 3901 767 3954 οὐδ’
795 3901 967 3965 οὑτως
996 3903 1180 3975 λήσεις
1205 3909 1330 3971 τοὺς
1355 3906 1479 3959 νοῦν
1508 3906 1748 3973 ἔχοντας.
1767 3902 1842 3957 Οὐ

272 3987 377 4057 γάρ
411 3988 579 4051 ἐστιν,
607 3986 705 4039 οὐκ
733 3985 877 4040 ἐστιν
919 3988 1226 4053 ἀνάπαυσις
1275 3993 1308 4061 ἡ
1355 3985 1843 4056 καταναγκάζουσα

271 4070 505 4123 τοσαῦτα
550 4071 896 4139 ἀσχημονεῖν.
947 4071 1090 4141 Γυνὴ
1144 4072 1272 4143 γὰρ,
1308 4074 1357 4125 εἱ
1409 4071 1716 4142 βουληθείη,
1743 4070 1841 4140 οὐχ

272 4156 434 4223 ἑαυτῇ
472 4152 650 4222 μόνον,
680 4152 813 4205 ἀλλὰ
863 4153 958 4206 καὶ
1005 4154 1214 4225 ἑτέροις
1247 4155 1468 4226 ἀρκέσει
1500 4155 1737 4207 πλείοσιν
1762 4157 1841 4217 εἰς

271 4236 541 4288 δ.ακονίαν
562 4252 575 4265 ’
606 4236 727 4287 ἐπεὶ
756 4237 849 4287 καὶ
871 4234 931 4299 ἐξ
950 4236 1128 4307 ἀρχῆς
1150 4236 1246 4289 τοῦ
1277 4237 1466 4307 ἀνδρὸς
1495 4238 1563 4289 τά
1593 4236 1842 4289 πολιτικά

273 4320 569 4390 πράγματα
603 4318 877 4388 λαχόντος,
908 4319 967 4371 τὸ
1010 4322 1278 4391 οἰκουρεῖν
1321 4320 1457 4392 αὐτὴ
1501 4320 1595 4373 καὶ
1639 4322 1844 4373 οἰκονο-

278 4407 390 4471 μεῖν
409 4405 477 4454 τά
501 4402 646 4456 ἔνδον
667 4402 880 4454 ἅπαντα
901 4403 1269 4475 ἐκληρώσατο.
1291 4405 1365 4457 Οὐ
1395 4406 1572 4458 τοίνυν
1600 4404 1845 4457 ἀναπαύο

276 4503 408 4548 σεως
454 4487 705 4554 δεόμεναι
757 4485 945 4537 ’ἐλκετε
992 4488 1118 4549 τοὺς
1164 4487 1361 4558 ἄνδρας
1395 4488 1740 4542 ἐνδον.“Αλλά
1769 4486 1847 4558 τίς

276 4568 435 4639 φησί·
475 4569 727 4640 πορνείας
754 4569 938 4621 ἕνεκεν
967 4570 1061 4623 καὶ
1097 4570 1413 4639 ἀσελγείας;
1454 4572 1597 4641 Ἐγὼ
1628 4572 1724 4641 μὲν
1746 4572 1847 4624 οὐκ

275 4650 335 4704 ἂν
358 4650 567 4721 εἴποιμι
599 4651 776 4713 τοῦτο,
817 4653 891 4722 μὴ
919 4652 1146 4720 γένοιτοῑ
1178 4654 1310 4707 ἀλλά
1338 4656 1430 4707 καὶ
1458 4658 1570 4717 τοῖς
1598 4654 1845 4721 λέγουσιν

276 4735 536 4804 ἐπιτιμῶν
556 4736 615 4787 οὐ
644 4734 887 4805 παύομαι
909 4753 922 4764 ·
951 4735 1062 4788 είθε
1089 4736 1143 4788 δὲ
1168 4738 1259 4789 καὶ
1292 4740 1475 4790 πεῖσαι
1502 4738 1725 4791 δυνατὸν
1753 4732 1840 4805 ἦν.

278 4814 366 4878 τίς
391 4813 483 4870 οὖν
514 4819 661 4869 ἐστιν
689 4820 721 4887 ἡ
758 4818 1027 4887 πρόφασις
1055 4820 1089 4887 ή
1111 4819 1356 4872 ποθεινὸν
1383 4821 1513 4890 ἡμῖν
1535 4820 1593 4871 τὸ
1617 4822 1847 4890 πρᾶγμα

278 4898 529 4963 ποιοῦσα;
566 4900 718 4970 φησί.
753 4900 1070 4967 Κενοδοξίας
1113 4900 1273 4972 ἔρως.
1312 4904 1420 4956 Καὶ
1459 4901 1709 4971 καθάπερ
1753 4901 1848 4953 ἀν-

276 4982 456 5053 δράσιν
488 4984 647 5054 ἡδονὴ
678 4983 863 5055 ψυχρά
901 4985 994 5037 καὶ
1033 4984 1398 5055 ταλαίπωρος,
1428 4986 1568 5038 οὑτω
1598 4987 1689 5037 καὶ
1716 4984 1849 5036 ταύ-

277 5085 391 5129 ταις
414 5068 724 5137 φιλοτιμίας
748 5067 1015 5139 ἐπιθυμία
1048 5066 1145 5138 τὴν
1168 5069 1502 5139 όμοσκηνίαν
1528 5069 1731 5138 ταύτην
1758 5070 1851 5138 ἐρ-

279 5149 516 5218 γάζεται.

343 5253 629 5318 Κενόδοξον
670 5254 765 5324 μὲν
806 5255 973 5316 ἅπαν,
1005 5257 1080 5318 ὼς
1103 5257 1297 5318 εἰπεῖν,
1327 5255 1389 5309 τὸ
1417 5254 1526 5307 τῶν
1548 5253 1863 5324 ἀνθρώπων

281 5337 445 5403 γένος,
480 5338 711 5406 μάλιστα
739 5338 794 5390 δὲ
823 5339 883 5391 τὺ
914 5342 1242 5407 γυναικεῖον·
1263 5340 1390 5392 ὅταν
1414 5340 1521 5409 γὰρ
1549 5341 1684 5408 μήτε
1718 5339 1853 5388 ἀνα-

282 5422 522 5483 παύσεως
572 5422 818 5485 δέωνται,
849 5423 1098 5493 καθάπερ
1139 5422 1534 5485 ἀποδέδεικται,
1570 5422 1704 5491 μήτε
1730 5421 1845 5473 δια-

283 5503 598 5573 φθείρωνται
647 5506 761 5573 μετ’
793 5505 992 5569 αὐτῶν,
1026 5504 1244 5576 εὔδηλον
1287 5506 1368 5558 ὅτι
1402 5503 1557 5557 τοῦτο
1603 5503 1848 5557 λείπεται

284 5585 600 5640 ὑποπτεύειν
630 5587 811 5657 μόνον.

350 5719 422 5778 ς’.
456 5714 608 5767 Ἐπεὶ
621 5710 715 5768 οῦν
730 5714 899 5786 αὐτὴν
915 5714 1007 5768 τοῦ
1036 5715 1205 5768 κακοῦ
1231 5716 1330 5787 τὴν
1344 5716 1499 5786 ρίζαν
1511 5716 1849 5789 εὑρήκαμεν,

284 5795 407 5866 φέρε
440 5797 625 5851 λοιπὸν
668 5800 729 5852 τὸ
774 5800 1029 5868 ἐγκαλεῖν
1072 5799 1319 5869 ἀφέντες,
1352 5800 1706 5871 παραινῶμεν
1754 5800 1851 5853 καὶ

285 5878 425 5951 ειείιη
462 5882 757 5953 πείθωμεν,
788 5885 869 5937 ὅτι
907 5883 1155 5953 καθάπερ
1183 5884 1290 5936 τῶν
1329 5883 1538 5956 ἀνδρῶν
1581 5886 1629 5937 οἱ
1673 5901 1848 5938 συνοι-

284 5963 494 6027 κοῦντες
550 5967 740 6029 αὑταῖς
805 5966 1020 6020 δοκοῦσι
1077 5967 1173 6037 μὲν
1224 5966 1411 6038 ἡδονὴν
1464 5968 1841 6039 καρποῦσθαι,

285 6044 478 6101 πλείονι
503 6048 557 6103 δέ
585 6050 992 6122 περιϐάλλονται
1020 6050 1236 6122 βασάνῳ
1267 6051 1381 6108 (καὶ
1407 6050 1514 6123 γὰρ
1537 6053 1719 6124 ἐκείνη
1748 6054 1841 6124 μό-

784 449 970 517 QUOD
1004 445 1417 503 REGULARES
1452 443 1728 500 FEMINAS
1767 444 1952 500 VIRIS
1988 442 2428 500 COHABITARE
2465 444 2603 501 NON
2643 444 2975 502 DEBEANT.

3401 445 3510 504 526-

1934 572 2000 626 νη
2032 556 2251 627 καθαρά
2288 558 2485 626 γένοιτ’
2516 558 2582 613 ἂν
2609 559 2774 631 ἡδονὴ
2816 561 2913 615 καὶ
2950 560 3195 630 μόνιμος,
3224 561 3257 632 ἠ
3282 560 3374 615 τοῦ
3404 580 3510 633 χω-

1935 638 2130 710 ρισμοῦ
2149 649 2190 708 ),
2217 640 2357 695 οὕτω
2398 642 2462 713 δὴ
2503 643 2598 696 καὶ
2623 644 2868 706 ταύταις.
2900 644 3059 697 Δοκεῖ
3094 643 3214 713 μὲν,
3239 644 3315 708 ὡς
3345 639 3509 700 αὗται

1934 722 2227 793 νομίζουσι,
2259 721 2385 788 δόξα
2414 741 2498 787 τις
2524 724 2773 780 ἐντεῦθεν
2819 725 2914 779 καὶ
2964 727 3289 798 περιφάνεια
3329 729 3509 783 τίκτε-

1936 806 2090 861 σθαιη
2126 808 2253 861 είδέ
2277 807 2517 878 ἀκριϐῶς
2556 826 2640 872 τις
2683 809 2977 875 ἐξετάσειε,
3004 810 3238 879 γέλωτος
3280 811 3376 864 κα)¹
3421 815 3477 866 αί

1936 890 2135 961 σχύνης
2157 892 2250 944 καὶ
2279 891 2495 946 ὀνειδῶν
2524 892 2619 944 καὶ
2642 893 2742 963 τῆς
2768 894 3001 964 ἐσχάτης
3030 894 3365 965 ἐμπίπλαται
3390 896 3511 950 ἀδο-

1937 973 2073 1039 ξίας.
2108 977 2217 1028 Καὶ
2246 976 2386 1048 ὑπὲρ
2422 975 2626 1029 τούτων
2659 976 2873 1047 εἴρηται
2909 978 3007 1048 μὲν
3035 980 3165 1048 ἡμῖν
3203 980 3299 1032 καὶ
3331 981 3388 1033 ἐν
3418 981 3516 1051 ἀρ-

1935 1059 2003 1127 χῇ
2032 1056 2258 1128 βραχέα,
2285 1058 2561 1129 εἰρήσεται
2593 1058 2650 1111 δὲ
2684 1058 2779 1112 καὶ
2808 1058 3114 1112 νῦν.¹Ἐστω
3144 1061 3253 1132 γὰρ
3277 1063 3305 1115 ὁ
3336 1079 3511 1132 συνοι-

1936 1141 2068 1205 κῶν,
2098 1144 2145 1195 εί
2186 1141 2384 1212 βούλει,
2418 1142 2491 1213 μὴ
2521 1142 2629 1195 τῶν
2660 1142 2891 1194 εὐτελῶν
2917 1161 3019 1207 τις,
3052 1145 3187 1215 μηδέ
3207 1129 3314 1199 τῶν
3336 1129 3519 1219 άπερο

1939 1226 2238 1297 ριμμένων,
2265 1225 2399 1280 ἀλλά
2442 1226 2549 1278 τῶν
2604 1225 2803 1297 πολλὴν
2846 1227 3242 1298 ἐν”Εκκλησίᾳ
3284 1228 3510 1299 δύναμιν

1936 1309 2186 1379 ἐχόντων,
2223 1314 2315 1364 καὶ
2350 1310 2443 1363 ἐπὶ
2473 1310 2661 1379 γένους
2688 1310 2744 1363 δὲ
2774 1310 3135 1381 λαμπρότητι,
3168 1314 3261 1364 καὶ¹
3299 1313 3390 1367 ἐπὶ
3428 1314 3514 1366 λόο

1935 1411 2048 1461 γων
2087 1393 2333 1464 δυνάμει,
2369 1395 2464 1447 καὶ
2498 1393 2754 1465 εὐλαϐείᾳ
2781 1392 3144 1462 θαυμαζέσθω
3175 1394 3327 1465 παρά
3357 1396 3510 1462 πᾶσι,

1938 1480 2033 1530 καὶ
2064 1478 2402 1546 πανταχόθεν
2426 1477 2565 1531 ἔστω
2597 1477 2846 1549 λαμπρός
2864 1495 2879 1510 ο
2912 1477 3034 1531 οὐδέ
3062 1477 3204 1531 οὑτω
3226 1478 3513 1550 δυνήσεται

1936 1560 2140 1629 ταύτην
2173 1560 2398 1629 ποιῆσαι
2444 1560 2718 1630 περιφανῆ
2769 1560 2864 1613 καὶ
2911 1561 3217 1630 εὐδόκιμον.
3254 1562 3356 1615 Τὸν
3405 1564 3515 1635 γὰρ

1943 1642 2203 1713 μέλλοντα
2225 1642 2565 1714 καρποῦσθαι
2588 1642 2744 1707 δόξαν
2775 1646 2839 1696 ἐκ
2872 1646 2971 1714 τῆς
2997 1644 3131 1716 πρός
3161 1662 3283 1699 τινα
3311 1647 3521 1715 φιλίας,

1937 1727 2035 1797 τὴν
2067 1728 2275 1780 ἐκείνου
2309 1727 2466 1791 δόξαν
2510 1728 2774 1797 πρότερον
2805 1726 3091 1796 φυλάττειν
3125 1729 3208 1782 δεῖ
3236 1730 3329 1782 τοῦ
3375 1748 3518 1801 παρ-

1939 1810 2153 1882 έχοντος
2196 1812 2257 1864 τὸ
2306 1810 2653 1875 δοξάζεσθαι·
2690 1810 2765 1869 ὡς
2811 1809 2926 1879 εἴγε
2968 1810 3141 1883 ταύτῃ
3192 1812 3514 1881 λυμήναιτο,

1940 1894 2119 1966 πολλῷ
2147 1894 2345 1966 μᾶλλον
2378 1894 2445 1948 ἂν
2474 1895 2570 1965 τὴν
2600 1893 2793 1947 ἑαυτοῦ
2826 1894 3140 1951 καταϐάλοι.
3161 1895 3372 1970 Ὠσπερ
3407 1897 3523 1970 γὰρ

1940 1979 2121 2050 πηγῆς
2149 1978 2597 2050 διαφθειρομένης
2644 1978 2738 2031 καὶ
2780 1978 2848 2031 τὰ
2890 1980 3231 2051 προχεόμενα
3272 1985 3520 2036 κοινωνεῖ

1940 2062 2155 2129 νάματα
2191 2060 2285 2114 τοῦ
2330 2059 2627 2131 μολυσμοῦ,
2667 2060 2762 2114 καὶ
2796 2059 2952 2132 ῥίζης
2985 2063 3297 2135 σηπομένης
3338 2064 3521 2135 πολλῷ

1942 2144 2143 2213 μᾶλλον
2183 2147 2211 2197 6
2251 2145 2460 2214 καρπὸς
2488 2142 2645 2196 τοῦτο
2671 2144 2920 2196 πείσεται
2940 2158 2954 2172 ⁸
2984 2142 3128 2197 οὕτω
3150 2146 3244 2198 καὶ
3272 2145 3387 2207 νῦν,
3423 2146 3521 2200 τοῦ

1944 2226 2227 2297 μέλλοντος
2253 2225 2351 2297 τὴν
2378 2225 2647 2297 παρθένον
2685 2224 2957 2279 δεικνύναι
2987 2224 3266 2297 λαμπρὰν,
3292 2230 3520 2299 γενομέ-

1939 2327 2031 2363 νου
2064 2308 2485 2377 ’καταγελάστου
2534 2308 2621 2362 διά
2668 2309 2768 2379 τῆς
2816 2310 3198 2379 συνοικήσεως,
3234 2311 3373 2382 αὑτὴ
3415 2312 3523 2383 πρὸ

1940 2395 2149 2447 ἐκείνου
2175 2393 2291 2463 μετ’
2307 2392 2514 2446 ἐκείνου
2539 2393 2855 2462 κοινωνήσει
2879 2391 2972 2446 τοῦ
2989 2393 3245 2461 γέλωτος’
3264 2394 3366 2448 κᾶν
3381 2395 3520 2467 τύχῃ

1939 2493 2024 2540 τις
2045 2480 2112 2547 τῇ
2142 2478 2363 2545 γυναικὶ
2406 2476 2615 2548 χρηστὴ
2650 2476 2801 2547 παρά
2852 2477 3065 2540 πολλοῖς
3093 2478 3521 2551 προϋπάρχουσα

1892 2586 1899 2591 -
1939 2559 2086 2625 δόξα,
2102 2560 2196 2613 καὶ
2213 2558 2417 2630 ταύτην
2434 2558 2690 2612 εἰσελθὼν
2706 2561 2913 2623 ἐκεῖνος
2928 2559 3187 2613 ἀπελάσει
3209 2562 3303 2631 τῆς
3322 2562 3520 2627 οἰκίας,

1940 2643 2193 2697 τοσοῦτον
2241 2643 2436 2714 ἀπέχει
2487 2643 2581 2697 καὶ
2643 2643 2834 2713 ἐτέραν
2869 2642 3182 2714 προσθεῖναι
3222 2647 3382 2717 αὐτῇο
3417 2647 3523 2701 κᾶν

1942 2726 2104 2788 αὐτὸς
2128 2726 2226 2799 ἔχῃ
2249 2726 2409 2780 πάλιν
2432 2725 2687 2797 τοιαύτην
2720 2725 3006 2796 ὑπόληψιν,
3040 2725 3197 2780 τοῦτο
3231 2728 3324 2781 καὶ
3360 2730 3523 2793 αὐτὸς

1941 2810 2207 2862 πείσεται.
2241 2810 2355 2863 Οὐκ
2389 2808 2497 2880 ἄρα
2528 2809 2685 2875 δόξαν
2729 2809 2854 2879 ὑμῖν
2898 2809 3139 2880 χρηστὴν
3171 2810 3524 2883 προστίθησιν

1941 2892 2077 2962 αῦτη
2113 2894 2146 2963 ἡ
2183 2893 2435 2946 κοινωνία
2462 2893 2563 2962 τῆς
2596 2893 2976 2963 συνοικήσεως,
3011 2892 3146 2946 ἀλλά
3182 2894 3272 2947 καὶ
3302 2895 3398 2967 τήν
3430 2892 3523 2950 οὗ·

1944 2992 2042 3030 σαν
2075 2977 2305 3046 ἀναιρεῖ,
2341 2977 2434 3030 καὶ
2460 2978 2557 3047 τὴν
2583 2976 2682 3029 οὐκ
2709 2971 2875 3028 οὖσαν
2919 2977 3113 3043 ἐπάγει
3156 2976 3254 3048 τὴν
3281 2979 3524 3051 πονηρὰν

1942 3060 2292 3130 ἀμφοτέροις.
2341 3061 2451 3114 Καὶ
2493 3060 2522 3112 ὃ
2569 3058 2836 3133 περὶτῶν
2877 3060 3145 3114 Ἰουδαίων
3178 3064 3206 3114 6
3240 3064 3525 3133 προφήτης

1942 3140 2111 3206 εἶπεν,
2145 3142 2399 3213 εὐκαιρον
2441 3142 2535 3196 νῦν
2580 3143 2774 3195 εἰπεῖν·
2818 3144 2889 3195 El
2931 3141 3258 3207 ἀλλάξεται
3307 3146 3526 3214 Αἰθίοψ

1942 3228 2006 3278 τὸ
2040 3225 2226 3294 δέρμα
2246 3225 2454 3291 αὐτοῦ,
2483 3224 2580 3279 καὶ
2608 3223 2903 3291 πάρδαλις
2932 3225 3005 3277 τὰ
3036 3227 3397 3294 ποικίλματα
3418 3230 3525 3281 αὐο

1941 3307 2073 3375 τῆς.
2110 3308 2205 3361 καὶ
2227 3309 2277 3361 οί
2304 3308 2530 3371 ταύταις
2568 3306 2938 3369 συνοικοῦντες
2961 3306 3059 3377 τὴν
3096 3308 3285 3379 κηλῖδα
3317 3308 3526 3382 ἀποθήσ-

1945 3391 2126 3444 σονταί
2155 3409 2285 3445 ποτε
2316 3392 2538 3462 ταύτην
2564 3389 2725 3454 οὓτω,
2763 3390 3015 3461 καθάπερ
3047 3408 3130 3455 τις
3173 3393 3385 3464 καυτὴρ
3416 3394 3527 3447 σώ-

1947 3491 2094 3544 ματι,
2122 3477 2241 3538 ταῖς
2268 3475 2591 3545 ἀμφοτέρων
2617 3472 2947 3544 ὑπολήψεσιν
2989 3475 3267 3543 ἐγκαίεται
3310 3477 3526 3530 ἐπισκο-

1941 3558 2108 3611 τοῦσα
2158 3560 2323 3612 πᾶσιν
2378 3558 2555 3611 αὐτῶν
2598 3561 2711 3621 τοῖς
2756 3558 2961 3620 καλοῖς.
3019 3559 3157 3611 Ἀλλ’
3192 3560 3320 3624 ἴσως
3368 3561 3531 3627 δόξαν

1943 3641 2200 3710 ἡγοῦνται
2235 3642 2366 3694 αὐτὸ
2404 3640 2559 3694 τοῦτο
2607 3642 2667 3693 τὸ
2710 3641 3113 3712 κεκρατηκέναι
3153 3643 3257 3694 τῶν
3292 3643 3520 3714 ἀνδρῶν.

1955 3722 2093 3774 Ἀλλ’
2122 3715 2278 3786 οὗτός
2306 3724 2452 3776 ἐστιν
2492 3725 2521 3776 6
2560 3722 2724 3786 πολὺς
2756 3723 2948 3790 γέλως,
2980 3725 3074 3777 καὶ
3117 3717 3161 3791 ᾧ
3194 3724 3427 3793 μάλιστα
3466 3728 3533 3778 αί

1942 3804 2342 3875 ἑταιριζόμεναι
2368 3805 2866 3873 ἐγκαλλωπίζονται
2897 3807 3077 3876 μόναι.
3108 3807 3242 3860 Οὐδὲ
3278 3807 3387 3877 γάρ
3421 3825 3526 3876 γυ-

1943 3887 2143 3942 ναικῶν
2177 3888 2474 3959 ἐλευθέρων
2493 3890 2614 3941 οὐδὲ
2646 3890 2937 3958 σωφρόνων
2965 3889 3027 3941 τὸ
3050 3888 3259 3952 τούτοις
3290 3889 3528 3961 ἐναϐρύ-

1943 3970 2129 4023 νεσθαι
2173 3973 2287 4033 τοῖς
2327 3971 2584 4035 δικτύοις.
2639 3972 2791 4024 Ἐπεὶ
2844 3971 2940 4026 καὶ
2986 3970 3123 4042 αῦτη
3163 3971 3323 4025 πάλιν
3364 3972 3529 4044 ἐτέρα

1943 4053 2167 4123 ἀτιμίας
2215 4054 2489 4117 ὑπόθεσις,
2532 4055 2624 4108 καὶ
2657 4055 2875 4125 ὅσῳπερ
2911 4055 2977 4108 ἂν
3005 4056 3246 4126 κρατῶσι
3284 4056 3394 4109 τῶν
3433 4058 3528 4110 ἀν-

1941 4136 2102 4206 δρῶν,
2134 4137 2226 4189 καὶ
2256 4137 2611 4208 χαλεπώτερα
2654 4139 3007 4203 ἐπιτάττωσι,
3051 4137 3289 4209 τοσούτῳ
3326 4139 3527 4207 μᾶλλον

1943 4221 2142 4283 ἑαυτὰς
2164 4221 2584 4292 καταισχύνουσι
2616 4222 2732 4291 μετ’
2766 4222 3011 4277 ἐκείνων.
3044 4222 3178 4274 Οὐδὲ
3202 4222 3309 4293 γὰρ
3343 4225 3377 4294 ἡ
3404 4224 3528 4277 δου-

1941 4303 2174 4375 λουμένη
2215 4306 2342 4368 τοὺς
2389 4304 2585 4376 ἄνδρας
2617 4305 2777 4377 γυνὴ,
2825 4304 2993 4375 ἀλλ’ἢ
3028 4304 3338 4377 αἰδουμένη,
3382 4304 3523 4378 αὐτη

1944 4387 2109 4439 πᾶσίν
2137 4389 2284 4439 ἐστιν
2307 4386 2584 4457 αἰδέσιμός
2615 4404 2676 4440 τε
2702 4389 2796 4441 καὶ
2816 4386 3077 4452 ἐπίδοξος.
3114 4387 3176 4441 El
3208 4388 3264 4440 δὲ
3297 4389 3396 4441 οὐκ
3430 4390 3527 4443 ἀν-

1945 4468 2151 4537 έχοιντο
2183 4469 2290 4522 τῶν
2331 4471 2591 4540 ῥημάτων
2616 4469 2724 4523 τῶν
2752 4471 3057 4540 ἡμετέρων,
3089 4471 3117 4522 6
3158 4468 3252 4521 τοῦ
3276 4469 3411 4523 Θεοῦ
3439 4471 3528 4525 νό-

1949 4569 2046 4622 μος
2096 4553 2266 4616 αὐτὰς
2316 4554 2662 4624 ἐπιστομίσαι
2724 4555 3029 4627 δυνήσεται,
3090 4553 3263 4623 λέγων
3314 4554 3521 4619 οὕτως*

1943 4634 2101 4701 Πρὸς
2125 4637 2229 4687 τόν
2256 4635 2444 4704 ἄνδρα
2476 4652 2592 4690 σου
2623 4638 2661 4704 ἡ
2683 4636 3035 4705 ἀποστροφή
3060 4652 3195 4701 σου,
3218 4638 3315 4691 καί
3342 4640 3527 4704 αὐτός

1945 4733 2060 4769 σου
2091 4719 2411 4785 κυριεύσειο
2442 4719 2675 4787 κεφαλὴ
2698 4720 2808 4788 τὰρ
2831 4719 3116 4789 γυναικὸς
3148 4723 3182 4774 ό
3212 4720 3386 4789 ἀνήρ.
3412 4721 3525 4775 Καὶ

1947 4802 2208 4873 ἑτέρωθεν
2241 4802 2297 4854 δὲ
2336 4800 2485 4871 εὖροι
2513 4820 2597 4865 τις
2624 4803 2689 4855 ἂν
2718 4803 3045 4874 πολλαχόθεν
3075 4804 3233 4857 τοῦτο
3269 4803 3413 4857 οὕτω
3438 4821 3527 4858 νε-

1947 4886 2290 4956 νομισμένον,
2350 4886 2445 4939 καὶ
2492 4886 2693 4957 ταύτην
2743 4887 2947 4941 ἄνωθεν
2985 4884 3151 4941 οὖσαν
3203 4888 3304 4957 τὴν
3347 4888 3520 4953 τάξιν.

1950 4971 2110 5021 Ὥστε
2141 4968 2493 5039 ἀσχημοσύνη
2532 4969 2763 5039 μεγάλη,
2790 4970 2917 5023 ὅταν
2951 4969 3019 5023 τά
3042 4971 3155 5025 ἄνω
3182 4971 3331 5025 κάτω
3358 4972 3524 5042 γένη-

1947 5070 2057 5115 ται,
2087 5051 2236 5105 κάτω
2272 5050 2370 5121 μὲν
2395 5053 2427 5121 ἡ
2460 5050 2690 5122 κεφαλὴ,
2722 5053 2782 5105 τὸ
2811 5052 2867 5105 δὲ
2898 5052 3055 5123 σῶμα
3082 5055 3212 5109 ἄνω.
3246 5055 3309 5107 El
3340 5054 3397 5107 δὲ
3431 5054 3524 5107 ἐπὶ

1948 5135 2124 5204 γάμου
2151 5133 2308 5187 τοῦτο
2344 5134 2587 5205 αἰσχρὸν,
2628 5134 2806 5205 πολλῷ
2835 5136 3032 5206 μᾶλλον
3069 5136 3389 5207 ἐπὶ·ταύτης
3425 5137 3526 5205 τῆς

1951 5214 2230 5285 συζυγίας,
2255 5216 2384 5270 ἔνθα
2409 5217 2470 5269 οὐ
2495 5216 2653 5269 τοῦτο
2683 5217 2843 5287 μόνον
2877 5220 2993 5271 ἐστὶ
3013 5219 3076 5273 τὸ
3102 5219 3293 5284 δεινὸν,
3326 5220 3409 5274 ὅτι
3439 5221 3525 5274 νό-

1952 5318 2053 5371 μου
2078 5300 2388 5371 παράὸασίς
2420 5303 2534 5353 ἐστι
2561 5300 2622 5353 τὸ
2650 5301 2931 5371 γινόμενον
2959 5302 3123 5367 θείου,
3154 5302 3269 5356 ἀλλ’
3312 5304 3394 5357 ὅτι
3427 5319 3526 5356 7:0-

1949 5385 2246 5456 νηροτέραν
2274 5385 2367 5437 καὶ
2389 5384 2566 5454 ἐαυτῷ
2601 5382 2750 5456 [260]
2782 5386 2875 5437 καὶ
2902 5388 2965 5455 τῇ
2995 5387 3212 5453 γυναικὶ
3243 5386 3527 5457 περιτίθη-

1952 5485 2003 5521 σι
2031 5467 2205 5533 δόξαν.
2235 5468 2297 5519 El
2332 5467 2441 5537 γὰρ
2463 5467 2523 5519 τὸ
2547 5470 2813 5520 συνοικεῖν
2842 5466 3085 5538 αίσχρδν,
3123 5468 3301 5538 πολλῷ
3325 5468 3528 5539 μᾶλλον

1948 5550 2010 5603 τὸ
2057 5550 2401 5604 συνοικοῦσαν
2437 5548 2773 5603 δουλοῦσθαιο
2823 5550 2944 5603 οὐδὲ
2988 5550 3095 5624 γάρ
3145 5552 3420 5623 πανταχοῦ
3465 5551 3528 5605 τδ

1949 5636 2170 5704 κρατεῖν
2227 5631 2448 5685 ἔπαινον
2484 5632 2658 5704 φέρει,
2699 5632 2813 5686 ἀλλ’
2841 5632 2956 5687 ἐστι
2982 5635 3078 5688 καὶ
3114 5634 3191 5706 μὴ
3222 5635 3527 5707 κρατοῦντα

1949 5717 2273 5787 εὐδοκιμεῖν,
2343 5717 2437 5770 καὶ
2488 5715 2796 5787 κρατοῦντα
2854 5718 3203 5789 ἀσχημονεῖν.
3247 5720 3433 5783 Ὥστε,
3473 5722 3523 5773 εί

1952 5800 2129 5871 βούλει
2153 5798 2524 5870 θαυμάζεσθαι
2561 5800 2711 5871 παρά
2748 5800 2997 5873 ἀνδράσι,
3033 5802 3199 5873 μηδέν
3224 5819 3307 5856 σοι
3349 5803 3527 5857 κοινὸν

1954 5883 2094 5937 ἔστω
2118 5882 2254 5953 πρὸς
2276 5881 2491 5946 αὐτούς’
2525 5882 2714 5954 πόρρω
2742 5884 2836 5938 καὶ
2874 5885 3175 5951 συνουσίας,
3209 5886 3305 5941 καὶ
3330 5885 3528 5955 ὅψεως,

1950 5968 2045 6021 καὶ
2075 5966 2435 6036 συνοικήσεως
2469 5966 2621 6034 γίνου
2647 5967 2746 6035 τῆς
2778 5968 3019 6023 ἐκείνων.
3044 5968 3178 6022 Τότε
3204 5985 3264 6021 σε
3298 5970 3393 6022 καὶ
3431 5986 3531 6037 γυ-

1949 6053 2133 6115 ναῖκες
2164 6049 2621 6123 ἐκπλαγήσονται,
2645 6052 2739 6107 καὶ
2764 6051 2958 6125 ἄνδρες
2987 6054 3356 6127 θαυμάσονται
3394 6055 3529 6110 πάν-
