4036 6416
463 410 570 467 5'25

454 544 548 590 ιέες
577 523 712 595 ὁμοῦ
749 524 843 579 άτε
876 524 1139 596 παρθένον
1162 522 1346 592 οὖσαν,
1382 526 1475 579 καὶ
1507 525 1585 597 τῷ
1621 525 1838 597 νυμφίῳ
1859 543 2027 598 προσ-

459 609 782 681 εδρεύουσαν
811 608 1256 678 ἀπερισπάστως·
1286 609 1408 662 τότε
1437 626 1496 662 σε
1523 611 1623 681 οὐχ
1645 610 1695 664 οἰ
1717 612 1905 663 οἰκεῖοι
1937 610 2033 680 μό-

456 709 566 754 νον,
597 691 733 765 ἀλλά
777 691 870 744 καὶ
901 691 1180 761 Ἕλληνες,
1229 693 1323 745 καὶ
1375 692 1641 756 Ἰουδαῖοι,
1685 694 1779 746 καί⁵
1820 695 1927 748 πᾶν
1973 694 2036 748 τὸ

455 776 564 827 τῶν
600 772 902 845 ἀνθρώπων
936 775 1255 841 ἀποδέξεται
1282 776 1457 845 γένος.
1483 777 1645 830 Ὥστε
1674 779 1722 830 εί
1749 777 1906 842 δόξαν
1936 777 2035 847 ζη-

461 857 594 920 λοῖς,
629 856 833 928 ταύτην
874 857 1024 910 ὅδευε
1055 856 1155 929 τὴν
1190 858 1327 924 ὁδὸν,
1369 860 1443 929 μὴ
1474 858 1572 930 τὴν
1609 859 1876 913 ἐναντίαν
1913 860 2036 914 τότε

458 956 519 991 σε
549 940 729 992 οὐκέτι
759 940 860 1010 τὴν
904 940 1000 993 τοῦ
1038 941 1209 1004 δεῖνος
1246 941 1533 994 καλέσουσι
1583 943 1679 996 καὶ
1722 941 1816 998 τοῦ
1846 942 2036 1008 δεῖνος,

454 1022 593 1075 ἀλλά
630 1021 729 1093 τὴν
754 1022 845 1075 τοῦ
869 1023 1125 1093 Χριστοῦ·
1165 1022 1355 1076 τούτου
1387 1025 1444 1078 δὲ
1472 1025 1676 1097 κόσμος
1710 1026 1896 1098 ἕτερος
1926 1027 2040 1090 ῐσος

454 1108 557 1159 οὐκ
586 1108 651 1161 ἀν
686 1106 768 1159 σοί
795 1124 923 1159 ποτε
950 1108 1172 1177 γένηται
1200 1108 1327 1178 παρ’
1352 1109 1584 1171 οὐδενός.
1613 1105 1689 1162 ΊΓΗ
1723 1109 1892 1180 μικρά
1917 1109 2039 1164 ταῦ-

454 1206 542 1245 τα.
572 1190 693 1242 εἰπέ
740 1207 849 1256 μοι,
885 1190 1007 1243 καθ’
1040 1192 1285 1262 ἑκάστην
1327 1191 1563 1263 ᾁδόμενά
1588 1209 1648 1244 τε
1683 1193 1777 1246 καὶ
1812 1210 2039 1264 περιφε-

458 1274 662 1343 ρόμενα
694 1273 791 1345 τὴν
822 1274 1053 1345 ἡμέραν,
1100 1275 1192 1328 καὶ
1243 1277 1302 1327 ὲν
1351 1276 1546 1347 ἀγορᾷ,
1579 1277 1673 1329 καὶ
1716 1278 1774 1329 ὲν
1812 1277 2034 1342 οἰκίαις,

457 1358 554 1408 καὶ
578 1358 636 1407 ὲν
658 1357 873 1426 ἑτέραις
894 1357 1129 1421 πόλεσιν,
1160 1358 1223 1411 Ἦ
1238 1358 1407 1421 δεῖνα,
1438 1360 1571 1429 κόρη
1591 1376 1649 1412 τε
1672 1354 1806 1412 οῦσα
1831 1361 1923 1414 καὶ
1942 1360 2038 1413 νέα

455 1438 653 1508 κομιδῇ
680 1440 773 1492 καὶ
807 1440 1009 1510 σφόδρα
1040 1440 1417 1511 εὐπρόσωπος,
1446 1442 1694 1505 πολλοὺς,
1725 1442 1780 1496 εἴ
1819 1459 1883 1511 γε
1910 1443 2038 1514 ἠθε-

455 1521 567 1585 λεν,
615 1522 1023 1576 ἐπισπάσασθαι
1078 1524 1351 1595 δυναμένη
1395 1526 1730 1594 προστάτας,
1775 1527 1874 1579 οὐκ
1911 1526 2039 1596 ἠθέ-

455 1602 640 1673 λησεν,
673 1604 786 1659 ἀλλ’
812 1607 983 1659 είλετο
1007 1609 1113 1659 πᾶν
1142 1607 1317 1660 ὁτιοῦν
1340 1607 1629 1677 ὑπομεῖναι
1650 1609 1744 1670 καὶ
1768 1609 1976 1673 παθεῖν,
2000 1608 2034 1680 ἢ

454 1687 555 1759 τὴν
576 1688 668 1742 τοῦ
698 1690 932 1760 Χριστοῦ
962 1690 1246 1763 προδοῦναι
1273 1691 1475 1760 φιλίαν,
1504 1693 1598 1745 καὶ
1618 1693 1678 1745 τὸ
1704 1693 1805 1762 τῆς
1834 1709 2038 1763 σωφρφ

457 1772 623 1843 σύνης
644 1771 803 1838 ἄνθος
824 1774 1084 1844 ἀφανίσαι
1110 1792 1124 1838 ;
1149 1774 1408 1846 Μακαρία
1436 1771 1506 1835 εἷ,
1534 1777 1628 1829 καὶ
1649 1775 1751 1841 δὶς,
1779 1777 1871 1829 καὶ
1893 1777 2032 1848 τρὶς,

455 1855 552 1907 καὶ
582 1855 862 1919 πολλάκις·
901 1857 1041 1910 ὅσων
1073 1857 1440 1912 ἀπολαύσεται
1469 1858 1709 1926 ἀγαθῶν,
1744 1857 1856 1912 οἷον
1892 1859 2037 1923 δέξε-

455 1953 547 1989 ται
588 1939 869 2008 στέφανον,
905 1941 1028 1995 ὅσον
1067 1940 1419 2009 καρπώσεται
1456 1941 1667 2012 μισθὸν,
1703 1943 1839 2011 πρὸς
1867 1942 2036 2006 αὐτὰς

454 2021 805 2094 ἁμιλλωμένη
839 2023 938 2088 τάς
966 2025 1289 2094 ἀσωμάτους
1318 2023 1574 2096 δυνάμεις
1596 2026 1608 2078 ε
1633 2026 1816 2079 Ταῦτα
1849 2027 1942 2079 καὶ
1968 2025 2036 2079 τά

454 2104 677 2157 τοιαῦτα
726 2106 856 2176 περὶ
912 2106 1083 2176 αὐτῆς
1135 2108 1333 2170 πάντες
1386 2107 1590 2179 ἐροῦσι,
1628 2109 1721 2160 καὶ
1759 2109 1838 2171 εἷς
1876 2107 2036 2179 ξῆλον

452 2191 572 2249 ταῖς
618 2189 828 2240 ἑαυτῶν
879 2188 1178 2261 θυγατράσι
1230 2189 1582 2261 προθήσουσι·
1650 2192 1751 2246 κᾶν
1797 2193 2038 2262 κοσμίως

457 2270 681 2338 βιοῦσάν
714 2288 796 2334 τις
828 2272 1183 2343 προτρέψαιι,
1212 2274 1305 2326 καὶ
1333 2273 1737 2345 διεφθαρμένην
1775 2274 2037 2345 σωφρονί-

456 2369 546 2405 σαι
579 2353 885 2424 βουληθείη,
919 2354 987 2407 τὰ
1015 2354 1217 2426 ταύτης
1239 2355 1493 2426 ἐγκώμια
1516 2357 1676 2411 πάλιν
1699 2358 1934 2420 ἅπαντες
1956 2359 2036 2420 είς

458 2434 620 2502 μέσον
673 2437 934 2489 οἴσουσιν·
986 2438 1088 2490 οὐκ
1137 2437 1371 2492 ἐνταῦθα
1420 2439 1478 2493 δὲ
1527 2439 1706 2509 μόνον,
1751 2439 1887 2493 άλλά
1934 2440 2036 2494 κάν

453 2516 640 2580 ἁπλῶς
674 2520 801 2588 περί
828 2518 1125 2591 παρθενίας
1152 2522 1369 2592 γίνηται
1397 2520 1574 2589 λόγος,
1602 2522 1697 2575 καὶ
1728 2522 1899 2586 οὕτως
1941 2524 2039 2576 αύ-

453 2603 553 2670 τὴν
589 2602 827 2666 ἆπαντες
874 2604 1269 2668 ἐπαινέσονται,
1310 2606 1407 2675 οὐχ
1444 2606 1494 2658 οἱ
1544 2606 1785 2676 κοσμίως
1836 2603 2038 2669 ζῶντες

457 2684 637 2753 μόνον,
671 2685 807 2739 ἀλλά
840 2688 933 2739 καὶ
960 2690 1157 2741 ἐκεῖνοι
1186 2689 1235 2740 oi
1268 2688 1684 2752 σπουδάσαντες,
1726 2690 1818 2742 καὶ
1859 2689 2036 2742 πάντα

454 2767 780 2834 πράξαντες,
810 2769 949 2822 ὥστε
978 2770 1142 2840 αὐτὴν
1165 2771 1301 2823 ἑλεῖν
1315 2771 1365 2833 b,
1385 2766 1504 2824 εἶτα
1537 2773 2037 2843 καταφρονηθέντες

454 2851 551 2903 καὶ
580 2852 996 2922 ύπεροφθέντες.
1022 2856 1132 2907 Καὶ
1164 2854 1302 2926 αῦτη
1336 2857 1434 2926 μὲν
1462 2856 1757 2927 τοσαύτης.
1787 2859 1881 2910 καὶ¹
1911 2859 2038 2911 πολ-

453 2932 531 3002 λῷ
563 2935 806 2999 πλείονος
851 2937 948 3006 τῆς
975 2938 1271 3008 εἰρημένης
1301 2938 1668 2993 ἀπολαύσεται
1704 2940 1880 3010 δόξης·
1915 2942 1947 3013 ή
1980 2941 2039 2995 δὲ

453 3017 653 3085 ἔχουσα
690 3021 815 3083 τοὺς
858 3020 1272 3087 συνοικοῦντας,
1310 3022 1420 3075 τῶν
1468 3025 1725 3077 ἐναντίων
1760 3026 2033 3080 ἀπάντων.

454 3101 565 3153 Καὶ
608 3101 824 3169 πρῶτον
875 3104 994 3173 μὲν,
1045 3104 1174 3158 ὃταν
1213 3106 1590 3176 κατηγορῆται
1624 3108 1777 3177 παρά
1802 3125 1960 3162 τινων
2002 3110 2036 3180 ἡ

454 3182 723 3253 παρθενία
755 3186 988 3257 μιαρῶν,
1015 3187 1205 3257 ἥξουσι
1235 3189 1333 3259 μὲν
1371 3192 1450 3252 εἰς
1482 3192 1702 3260 μνήμην
1733 3193 2037 3263 ἀμφότεραι

453 3266 514 3317 ἐν
539 3269 651 3330 τοῖς
680 3268 941 3331 τοιούτοις
978 3269 1278 3338 συλλόγοις,
1317 3272 1432 3325 ἀλλ’
1462 3275 1495 3344 ἠ
1531 3274 1631 3342 μὲν
1658 3275 1727 3327 τὰ
1764 3277 1874 3329 τῶν
1905 3277 2039 3330 ἀπο-

453 3348 819 3418 λογουμένων,
856 3353 889 3422 ή
930 3352 987 3405 δὲ
1022 3352 1093 3405 τά
1123 3354 1232 3406 τῶν
1262 3356 1714 3427 κατηγορούντων
1749 3359 2039 3428 ἀνοίγουσα

456 3434 718 3502 στόματα.
778 3435 1028 3498 Ἔπειτα,
1088 3437 1215 3490 ὅταν
1274 3438 1706 3510 σωφρονισθῆναί
1762 3459 1884 3496 τινα
1942 3444 2037 3498 καὶ

455 3515 816 3587 ῥυθμισθῆναι
853 3517 968 3589 δέῃ,
998 3517 1135 3589 αὕτη
1180 3520 1277 3590 μὲν
1307 3521 1556 3591 καθάπερ
1590 3523 1879 3594 φάρμακον
1918 3528 2038 3579 ὲπι-

455 3598 673 3667 στύφον,
702 3600 795 3652 καὶ
818 3601 1085 3670 σηπεδόνα
1111 3603 1456 3656 ἀναστέλλειν
1482 3605 1799 3676 δυνάμενον,
1836 3611 1916 3672 εἰς
1946 3610 2036 3681 μέ-

455 3697 546 3732 σον
578 3682 787 3749 ἄγεται,
843 3684 936 3735 καὶ
988 3684 1046 3737 τὸ
1101 3685 1194 3738 τοῦ
1242 3686 1562 3765 διδασκάλου
1604 3690 1776 3759 στόμα
1818 3697 2030 3763 κοσμεῖ’

453 3765 638 3835 ἐκείνη
667 3765 722 3818 δὲ
752 3767 890 3836 μετά
911 3767 1006 3838 τῆς
1034 3771 1519 3844 καταισχυνθείσης
1552 3773 1771 3845 ἔστηκε,
1806 3776 1910 3831 κᾶν
1960 3777 2036 3849 μὴ

428 3892 429 3895 η
456 3849 627 3932 παρῇ,
661 3850 996 3932 κολαζομένη
1022 3853 1113 3904 καὶ
1138 3856 1626 3926 καταισχυνομένη.
1665 3858 1898 3929 Ἀνάγκη
1926 3861 2035 3932 γὰρ

455 3929 580 3983 καθ’
606 3931 842 4001 ἑκάστην
871 3932 1344 4003 διαμαρτάνουσαν
1373 3939 1794 4009 κατηγορεῖσθαι
1831 3929 2035 4013 ταύτην

455 4015 550 4066 καὶ
582 4014 1039 4083 καταισχῦνεσθαι
1077 4017 1258 4070 πάλιν.
1290 4019 1399 4071 Καὶ
1426 4020 1670 4092 ὅπουπερ
1696 4022 1761 4076 ἂν
1787 4025 1917 4095 περὶ
1939 4025 2033 4079 τοῦ

456 4096 778 4166 πράγματος
806 4097 994 4149 τούτου
1036 4099 1253 4166 γίνηται
1286 4101 1460 4169 λόγος,
1492 4102 1680 4174 ῶσπερ
1713 4106 1892 4178 ἐκείνη
1929 4126 2033 4177 μα-

454 4178 642 4249 καρία,
666 4178 839 4242 οὕτως
873 4180 1032 4256 ἀθλία
1061 4181 1196 4252 αῦτη
1231 4185 1325 4237 καὶ
1353 4186 1716 4256 ταλαίπωρος,
1737 4190 1831 4242 καὶ
1859 4192 2033 4244 πάντα

452 4264 520 4313 τά
546 4262 770 4315 τοιαῦτα
802 4254 1114 4318 ἀκούσεται·
1153 4268 1245 4319 καὶ
1267 4267 1455 4340 ῶσπερ
1482 4254 1693 4342 ἐκείνην
1714 4272 1810 4342 οὐχ
1829 4274 1877 4325 οί
1900 4274 2033 4327 εἰδό-

451 4362 545 4408 τες
582 4349 763 4415 μόνον,
794 4346 932 4399 ἀλλά
966 4350 1059 4400 καὶ
1101 4351 1149 4401 οἱ
1183 4350 1521 4419 ἀγνοοῦντες,
1555 4357 1647 4406 καὶ
1684 4355 1847 4425 μηδὲν
1880 4358 2034 4427 εὐερ-

451 4429 773 4499 γετηθέντες
802 4430 986 4502 ᾄδουσι
1004 4434 1096 4484 καὶ
1112 4433 1460 4503 ἀνυμνοῦσιν,
1477 4435 1618 4490 οὕτω
1635 4439 1724 4490 καὶ
1750 4438 1953 4511 ταύτην
1982 4441 2036 4493 οἴ

449 4528 511 4564 τε
528 4512 746 4575 εἰδότες,
772 4514 827 4567 οἴ
845 4531 904 4567 τε
932 4515 1273 4582 ἀγνοοῦντες,
1298 4518 1350 4570 οἵ
1374 4535 1432 4570 τε
1461 4519 1623 4589 μηδὲν
1647 4521 1908 4585 παθόντες
1936 4541 2033 4576 κα-

452 4594 547 4677 κὸν
587 4594 869 4660 κακίζουσι
903 4599 996 4650 καὶ
1036 4598 1432 4653 διαϐάλλουσιν.
1478 4604 1540 4655 OE
1585 4604 1682 4673 μὲν
1721 4604 1827 4675 γάρ
1857 4606 2032 4677 ὀρθῶς

453 4676 714 4744 βιοῦντες,
742 4680 802 4731 ού
841 4681 992 4752 παρά
1032 4681 1141 4735 τῶν
1174 4685 1465 4753 γνωρίμων
1520 4687 1699 4754 μόνον,
1743 4676 1899 4743 ἀλλά
1936 4691 2030 4742 καὶ

450 4758 604 4830 παρὰ
626 4761 734 4814 τῶν
756 4761 1072 4830 ἀγνώστων,
1100 4765 1193 4817 καὶ
1224 4766 1353 4835 παρ’
1380 4767 1559 4821 αὐτῶν
1591 4768 1645 4821 δὲ
1678 4769 2029 4840 τῶν.ὲχθρῶν

449 4843 797 4897 ἐπαινοῦνται
832 4844 980 4917 [261]
1011 4849 1103 4900 καὶ
1127 4848 1513 4919 θαυμάζονται·
1538 4852 1587 4903 οί
1613 4851 1668 4904 δὲ
1695 4852 2028 4924 διεφθαρμέ-

447 4941 529 4977 νοι
569 4928 663 4979 καὶ
694 4928 885 4993 φαῦλοι
923 4931 1018 4983 καὶ
1045 4932 1194 5003 παρά
1220 4931 1329 4984 τῶν
1356 4931 1525 5000 φίλων
1551 4933 1886 4998 κακίζονται.
1919 4939 2029 4991 Καὶ

446 5007 605 5061 τοῦτο
637 5010 693 5062 δὲ
722 5010 823 5080 τῆς
846 5011 939 5064 τοῦ
969 5013 1106 5066 Θεοῦ
1133 5014 1459 5085 κηδεμονίας
1492 5015 1653 5087 ἔργον
1682 5017 1817 5079 ἐστὶ,
1855 5018 1916 5071 τὸ
1940 5036 2027 5074 το-

449 5092 655 5162 σαύτην
707 5095 834 5165 περὶ
878 5096 976 5166 τὴν
1029 5097 1228 5170 ἀρετὴν
1261 5101 1566 5171 οἰκειότητα
1605 5101 1735 5171 ἡμῖν
1768 5101 2021 5167 ἐνθεῖναι,

445 5176 714 5258 τοσαύτην
739 5176 794 5229 δὲ
830 5180 958 5248 περὶ
984 5179 1081 5250 τὴν
1104 5181 1300 5234 κακίαν
1331 5182 1704 5253 ἀλλοτρίωσιν,
1738 5183 1814 5248 ὡς
1840 5186 2024 5258 ἐκείνῃ

450 5257 548 5327 μὲν
573 5259 778 5322 πάντας
801 5258 1151 5331 ψηφίζεσθαι,
1172 5265 1264 5317 καὶ
1287 5266 1414 5328 τοὺς
1438 5266 1512 5337 μὴ
1534 5266 1831 5336 μετιόντας,
1856 5267 1953 5340 τὴν
1967 5257 2024 5323 δὲ

446 5341 647 5395 κακίαν
676 5344 1056 5409 καταδικάζειν
1096 5346 1190 5399 καί⁷
1226 5348 1352 5410 τοὺς
1394 5349 1899 5420 ἀποστρεφομένους
1935 5353 2027 5405 αύ-

442 5426 564 5495 τὴν,
601 5427 695 5478 καὶ
724 5426 852 5489 τοὺς
878 5426 1188 5493 διώκοντας.
1233 5429 1392 5483 Ὅθεν
1419 5431 1594 5503 δῆλον,
1637 5433 1720 5485 ὅτι
1746 5433 1846 5498 τάς
1887 5437 2023 5505 ἡμε-

444 5508 685 5578 λημένας
725 5509 929 5572 ταύτας
964 5512 1063 5581 οὐχ
1112 5514 1160 5565 οί
1203 5512 1401 5576 εἰδότες
1439 5516 1615 5585 μόνον,
1665 5516 1803 5571 ἀλλά
1842 5519 1935 5572 καὶ
1971 5521 2022 5573 οί

444 5593 765 5659 ἀγνοοῦντες
789 5595 1243 5665 ἀποστρέφονται,
1277 5597 1371 5649 καὶ
1406 5598 1639 5667 μάλιστα
1673 5600 1892 5655 πάντων
1926 5603 2023 5656 αὐ-

444 5676 529 5728 τοὶ
567 5678 617 5729 οἰ
649 5676 1036 5741 συνοικοῦντες.
1069 5678 1185 5731 Κᾶν
1213 5679 1324 5748 γὰρ
1366 5681 1569 5753 σφόδρα
1606 5681 1836 5752 λέγωσιν
1878 5687 2022 5756 ὑμᾶς

448 5759 621 5828 φιλεῖν
648 5762 741 5814 καὶ
771 5761 1089 5831 θαυμάζειν,
1120 5762 1227 5840 κᾶν,
1240 5762 1399 5833 χάριν
1422 5763 1617 5833 ἔχωσιν
1644 5766 1785 5838 ὑπὲρ
1817 5770 2022 5840 ταύτης

443 5842 545 5913 τῆς
571 5844 783 5913 ἡδονῆς,
814 5846 953 5917 ὑπὲρ
983 5845 1160 5899 αὐτῶν
1193 5839 1269 5900 ὧν
1302 5847 1612 5918 χαρίζεσθε,
1647 5849 1805 5904 πάλιν
1845 5839 2016 5922 μισεῖσ-

508 5931 536 6005 i‘
561 5930 708 6005 Ξενὲἒ-
732 5936 1065 6005 τρρτεέψητριι-

509 5992 540 6033 δ
560 5991 707 6042 Savil.
732 5991 907 6044 ἀνελεῖν
919 5991 1071 6045 'male.

1102 407 1160 462 S.
1200 404 1486 463 JOANNIS
1523 406 2021 465 CHRYSOSTOMI
2060 411 2380 469 ARCHIEP.
2421 386 2970 469 CONSTANTINOP.

3602 404 3717 462 596

2146 529 2241 585 σθε
2281 531 2425 586 κατά
2467 529 2531 583 τὸ
2569 528 2807 590 συνειδὸς
2828 527 2894 580 τὸ
2922 525 3172 589 ἐκείνων,
3205 525 3333 578 ὅταν
3371 522 3498 576 ποτὲ
3528 524 3735 594 μικρὸν

2142 614 2523 683 ἀνενεγκόντες
2553 612 2850 682 ὲννοήσωσι
2884 610 2982 680 τὴν
3019 608 3243 677 παγίδα,
3280 609 3368 677 ἐφ’
3397 603 3464 679 ἦς
3491 608 3736 677 έστηκαο

2142 713 2217 750 σι.
2259 696 2525 752 Τοσοῦτόν
2571 698 2719 749 ἐστιν
2765 696 2799 764 ἡ
2842 693 3009 747 κακία
3049 692 3234 746 κακόν·
3276 691 3449 746 καἰοὶ
3489 690 3738 761 μάλιστα

2141 779 2359 834 πάντων
2414 778 2839 848 θεραπευόμενοι
2894 776 3024 845 παρ’
3065 775 3238 845 ὑμῶν,
3289 770 3433 828 οὗτοι
3491 774 3740 845 μάλιστα,

2143 862 2362 915 πάντων
2404 861 2541 914 εἰσὶν
2583 863 2632 913 οί
2676 857 3198 927 καταγινώσκοντες
3246 858 3432 929 ἐπειδὴ
3479 858 3573 912 καὶ
3621 859 3739 927 μά-

2142 944 2300 999 λιστα
2332 944 2548 997 πάντων
2589 941 2657 996 τά
2689 941 2933 1013 ὑμέτερα
2975 940 3175 1002 ἴσασιν,
3235 942 3316 1003 εἰς
3364 940 3431 993 τά
3468 940 3739 995 ὲνδότατα

2144 1027 2511 1099 εἰσαχθέντες,
2550 1025 2645 1080 καὶ
2686 1024 2756 1078 τά
2789 1024 3077 1096 ἀπόρρητα
3112 1024 3266 1094 ὑμῶν
3294 1025 3504 1077 ἅπαντα
3522 1023 3740 1077 διακω-

2143 1110 2487 1173 δωνίσαντες.
2520 1110 2632 1163 Καὶ
2663 1109 2745 1162 ὅτι
2776 1106 2990 1177 μισοῦσι
3014 1106 3173 1177 δῆλον
3194 1106 3421 1160 ἐκεῖθεν·
3449 1107 3740 1176 Μυριάκις

2146 1194 2213 1247 ἂν
2238 1193 2442 1247 εἴλοντο
2470 1190 2570 1262 τῆς
2605 1190 2796 1262 ψώρας
2822 1189 3202 1260 ἀπαλλαγῆναι
3233 1189 3455 1258 ταύτης,
3494 1188 3592 1242 καὶ
3628 1190 3741 1256 τῆς

2146 1277 2304 1330 νόσου
2332 1275 2432 1346 τῆς
2464 1274 2730 1346 χαλεπῆς,
2775 1272 2837 1325 τὸ
2872 1273 2929 1326 δὲ
2958 1272 3167 1326 κωλύον
3195 1273 3227 1342 ή
3257 1272 3529 1344 συνήθεια,
3564 1271 3662 1324 καί
3695 1273 3737 1340 ἡ

2142 1359 2375 1413 δοκοῦσά
2400 1377 2484 1422 τις
2513 1354 2652 1411 εἶναι
2687 1357 2869 1427 ἡδονή⁸
2914 1357 3039 1409 ἐπεὶ
3069 1356 3162 1409 καὶ
3193 1357 3400 1410 ἐκείνου
3433 1354 3527 1409 τοῦ
3566 1355 3743 1423 voci;—

2147 1460 2318 1513 ματος
2349 1442 2597 1511 εῦχονται
2629 1442 2726 1511 μὲν
2752 1438 3154 1508 ἀπαλλαγῆναι,
3190 1439 3285 1492 καὶ
3321 1438 3566 1509 μισοῦσιν
3601 1438 3744 1490 αὐτὸ

2143 1527 2341 1590 πάντες
2384 1527 2435 1578 οί
2468 1524 2706 1594 ἔχοντες,
2755 1522 2971 1593 ἥδονται
3013 1521 3069 1575 δὲ
3112 1522 3265 1585 ὄντες
3292 1524 3349 1574 ἐν
3374 1520 3521 1592 αύτῷ
3551 1520 3745 1573 καθά-

2143 1626 2250 1679 περ
2291 1611 2347 1661 ὲν
2386 1607 2580 1677 τούτῳ.
2604 1606 2724 1659 Κᾶν
2753 1605 2862 1677 γὰρ
2888 1604 3008 1658 λίαν
3037 1604 3217 1668 ἄθλιός
3243 1601 3381 1678 τιςῇ
3417 1606 3511 1657 καὶ
3542 1604 3742 1656 ταλαί.

2143 1708 2345 1763 πωρος,
2380 1692 2479 1744 οῦκ
2504 1689 2650 1743 ἔστιν
2679 1687 2822 1741 οῦτω
2854 1687 2962 1741 τῶν
2995 1688 3431 1759 ἀπεγνωσμένων
3456 1688 3551 1741 καί¹
3596 1686 3744 1753 6:96-

2140 1773 2243 1845 δρα
2280 1774 2380 1845 τὴν
2410 1774 2621 1826 ἑαυτῶν
2666 1769 3052 1841 καταισχύνειν
3094 1770 3499 1841 ἐπιθυμούντων
3545 1767 3739 1835 δόξαν,

2142 1857 2217 1920 ὡς
2244 1855 2497 1927 ἐθελῆσαι
2519 1857 2577 1908 ὲν
2600 1854 2951 1926 ἀσχημοσύνῃ
2988 1853 3107 1924 ζῇν,
3135 1854 3229 1907 καὶ
3261 1856 3320 1907 ὲν
3338 1856 3448 1917 τοῖς
3470 1854 3743 1907 ἁπάντων

2144 1936 2282 1993 εἷναι
2312 1940 2591 2009 στόμασιν,
2629 1938 2722 1992 ἐπὶ
2756 1938 3066 2009 κακηγορίᾳ
3098 1938 3192 1991 καί
3223 1936 3420 2005 γέλωτι
3466 1938 3560 1990 καὶ
3588 1936 3709 1989 ὀνεί
3732 1967 3743 1976 -

2142 2022 2276 2087 δεσι,
2327 2021 2421 2075 καὶ
2467 2021 2690 2093 θέατρον
2734 2021 2913 2075 κοινὸν
2947 2022 3039 2075 ἐπὶ
3076 2020 3177 2090 τῆς
3215 2021 3418 2091 ἀγοράς
3458 2019 3738 2089 γίνεσθαι,

2144 2107 2360 2159 πάντων
2391 2105 2553 2158 αὑτὸν
2585 2105 2703 2175 ἄμα
2740 2104 2818 2174 τῷ
2847 2104 3078 2174 φανῆναι
3110 2107 3221 2167 τοῖς
3254 2104 3477 2175 πλησίον
3521 2103 3741 2156 δακτυ-

2143 2187 2558 2242 λοδεικτούντων
2600 2189 2693 2240 ἐπὶ
2731 2190 2846 2250 τοῖς
2874 2188 3192 2257 αἰσχίστοις.
3219 2188 3330 2241 Καὶ
3355 2186 3463 2258 γάρ
3497 2186 3621 2241 οὐδὲ
3648 2206 3741 2257 μι-

2143 2271 2255 2343 κρά
2278 2289 2361 2334 τις
2386 2271 2494 2324 ἀπὸ
2522 2270 2624 2340 τῆς
2655 2269 2889 2339 ὑποψίας
2914 2269 3119 2341 ταύτης
3150 2270 3313 2342 ἀηδία
3331 2271 3573 2323 τίκτεται
3602 2270 3702 2323 τού
3718 2299 3740 2310 ο

2142 2372 2277 2419 τοις,
2302 2355 2396 2408 καί¹
2426 2353 2634 2424 ἐνοχλεῖ
2665 2353 2742 2424 τῷ
2772 2353 3034 2407 συνειδότι
3059 2353 3325 2424 διηνεκῶς
3350 2352 3743 2425 ἐγκαθημένη,

2145 2438 2242 2492 καὶ
2291 2436 2571 2508 σκώληκος
2614 2437 2812 2499 παντὸς
2854 2435 3220 2507 μονιμώτερον
3256 2437 3589 2508 διατιτρῶσα
3628 2437 3741 2490 αύ-

2141 2519 2249 2574 τῶν
2277 2519 2376 2590 τὴν
2409 2520 2669 2573 διάνοιαν.
2704 2520 2767 2571 Εἰ
2804 2519 2861 2571 δὲ
2899 2518 3027 2572 ἔνθα
3073 2519 3225 2591 παρά
3266 2520 3569 2590 ἀνθρώπων
3600 2519 3742 2573 ἒπε-

2142 2622 2232 2658 ται
2266 2603 2519 2675 αἰσχύνη,
2554 2602 2803 2673 φανερῶς
2850 2603 2948 2672 μὲν
2976 2603 3128 2656 οὐδὲν
3173 2604 3458 2672 λεγόντων,
3490 2604 3629 2657 οἴκοι
3674 2603 3741 2658 δὲ

2143 2688 2237 2740 καὶ
2266 2686 2389 2741 καθ’
2429 2687 2656 2748 ἑαυτοὺς
2683 2684 3080 2753 ἐγκαλούντων,
3107 2686 3344 2757 τοσαύτη
3364 2686 3573 2755 γίνεται.
3606 2686 3737 2740 666-
3814 2744 3825 2759 ν

2142 2788 2230 2841 νη,
2254 2771 2382 2824 ὅταν
2408 2771 2544 2841 πρὸς
2574 2768 2735 2822 αὑτὸν
2756 2768 3080 2839 ἀπέλθωμεν
3105 2770 3197 2822 τὸν
3218 2769 3542 2842 ὑϐρισμένον
3575 2771 3709 2840 Νυμ
3728 2804 3740 2810 -

2144 2853 2284 2923 φίον,
2316 2852 2444 2906 ὅταν
2474 2853 2569 2906 καὶ
2598 2852 2668 2906 τά
2695 2851 2863 2923 ἄδηλα
2892 2853 2972 2917 εἰς
3009 2853 3172 2923 μέσον
3210 2853 3429 2925 ἀγηται,
3468 2855 3600 2907 ὅταν
3635 2855 3739 2907 καὶ

2144 2937 2361 3007 καρδίαι
2414 2934 2866 2990 ἀναπτύσσωνται
2919 2936 3014 2988 καὶ
3069 2936 3220 3008 ῥῆμα
3258 2938 3351 2991 καὶ
3392 2940 3580 3008 σχῆμα
3636 2940 3740 2992 καὶ

2144 3018 2364 3090 βλέμμα
2390 3020 2481 3073 καὶ
2502 3018 2680 3072 ἔννοια
2703 3029 2725 3057 ο
2751 3017 2839 3082 (τά
2868 3018 2977 3090 γὰρ
3005 3019 3210 3073 τούτων
3239 3021 3566 3091 αἰσχρότερα
3596 3038 3741 3092 παρ-

2146 3101 2312 3171 ίημι)·
2359 3101 2484 3154 ὃταν
2520 3097 2612 3154 οῦν
2663 3103 2842 3156 πάντα
2892 3102 3078 3166 άπλῶς
3122 3103 3215 3156 ἐπὶ
3256 3103 3357 3173 τῆς
3402 3103 3741 3174 οἰκουμένης

2141 3186 2359 3257 ἀπάσης
2385 3185 2568 3255 γυμνά
2598 3185 2857 3255 φαίνηται
2891 3186 2985 3239 καί¹
3021 3186 3512 3259 τετραχηλισμένα,
3550 3185 3739 3256 πόσην

2143 3267 2561 3338 ύποστησόμεθα
2599 3269 2983 3341 ἀσχημοσύνην
3034 3270 3129 3323 καὶ
3171 3271 3389 3324 κόλασιν
3422 3271 3515 3324 καὶ
3550 3287 3737 3341 τιμω-

2144 3353 2305 3425 ρίανί
2356 3353 2489 3406 Τότε
2528 3352 2656 3423 γὰρ,
2691 3351 2757 3406 ἂν
2801 3352 2876 3423 μὴ
2927 3356 3179 3425 παραστῇ
3226 3352 3512 3424 λάμπουσα
3552 3351 3737 3416 οὕτως

2141 3434 2297 3508 ἡμῶν
2339 3436 2373 3507 ἡ
2404 3435 2571 3506 ψυχὴ,
2606 3435 2681 3499 ὡς
2711 3436 2856 3500 εἰκὸς
2899 3435 2998 3505 τὴν
3029 3436 3394 3506 ἁρμοσθεῖσαν
3426 3437 3627 3507 ἐκείνῳ
3650 3436 3737 3508 τῷ

2141 3519 2379 3591 νυμφίῳ,
2409 3521 2475 3572 ἂν
2505 3519 2579 3590 μὴ
2616 3518 2797 3591 πάσης
2825 3519 3039 3590 κηλῖδος
3074 3520 3167 3572 καὶ
3197 3518 3368 3591 ῥύπου
3389 3521 3482 3572 καὶ
3511 3519 3737 3589 ῥυτίδας

2143 3599 2177 3677 ᾖ
2206 3601 2443 3673 καθαρά,
2470 3602 2773 3667 ἀπολεῖται,
2804 3602 2899 3654 καὶ
2935 3601 3004 3655 τά
3030 3602 3234 3672 ἔσχατα
3275 3602 3521 3655 πείσεται
3555 3600 3730 3656 δεινά.

2144 3687 2206 3739 Εἰ
2230 3686 2338 3755 γὰρ
2363 3689 2391 3740 ό
2419 3685 2594 3757 τυχὼν
2633 3685 2822 3756 μῶμος
2854 3685 3035 3748 ἱκανὸς
3065 3686 3232 3757 αὐτὴν
3252 3686 3521 3749 ἐκϐαλεῖν,
3552 3686 3732 3739 ὅτανά

2142 3769 2310 3833 πολὺς
2340 3771 2369 3822 ό
2404 3769 2574 3841 ῥύπος
2596 3766 2652 3840 ᾖ,
2685 3769 2780 3822 καὶ
2809 3768 3046 3838 τοσαύτη
3081 3771 3115 3839 ή
3148 3768 3397 3833 δυσωδία,
3428 3771 3521 3823 καὶ
3559 3770 3737 3840 μυρία

2140 3853 2403 3906 πάντοθεν
2432 3851 2585 3922 ἕλκη,
2613 3852 2698 3914 τίς
2737 3851 2906 3922 αὐτὴν
2936 3852 3287 3922 ἐξαιρήσεται
3322 3852 3420 3923 τῆς
3448 3851 3735 3917 κολάσεως

2141 3935 2233 3988 καὶ
2251 3935 2350 4006 τῆς
2381 3934 2648 4006 τιμωρίας
2669 3934 2920 4005 ὲκείνης;
2945 3936 3007 3987 Εἰ
3033 3934 3141 4006 γὰρ
3160 3933 3393 3988 ἐνταῦθα
3418 3933 3564 3988 οὕτω
3590 3935 3734 4003 φαῦ-

2139 4017 2230 4072 λον
2263 4017 2374 4082 ὄζει
2416 4018 2565 4088 παρά
2604 4018 2739 4070 πᾶσι
2787 4018 2881 4071 καὶ
2921 4017 3085 4087 ἀηδὲς
3111 4018 3215 4089 τῆς
3244 4018 3496 4087 τοιαύτης
3527 4018 3559 4069 ὁ
3590 4018 3726 4090 βίος,

2140 4101 2216 4164 ὡς
2269 4100 2477 4163 πάντας
2523 4099 2693 4170 αὐτὴν
2735 4100 3177 4173 ἀποστρέφεσθαι
3235 4102 3329 4154 καὶ
3384 4101 3577 4170 φίλους
3631 4102 3735 4158 καὶ

2140 4183 2386 4254 ἐχθροὺς,
2450 4182 2569 4246 πῶς
2616 4182 2728 4235 τῶν
2779 4182 3072 4253 βασιλικῶν
3134 4183 3384 4255 ἐπιϐῆναι
3432 4186 3732 4257 δυνήσεται

2140 4264 2427 4336 προθύρων
2473 4265 2935 4337 ἀνακεχρωσμένη
2983 4265 3226 4338 βορϐόρῳ
3273 4267 3541 4337 τοσούτῳ;
3608 4270 3730 4340 Οὐχ

2142 4350 2293 4420 ὁρᾷς,
2335 4349 2416 4401 ὅτι
2454 4348 2575 4400 οὐδὲ
2609 4350 2666 4400 ἐν
2699 4349 2847 4417 οἰκία
2881 4348 3073 4419 ἀνδρὸς
3105 4349 3312 4403 ἰδιώτου
3341 4351 3436 4404 καὶ
3466 4352 3728 4416 εὐτελοῦς

2137 4431 2421 4502 ἀνάσχοιτό
2444 4448 2529 4495 τις
2559 4431 2626 4485 ἂν
2649 4426 2712 4484 ῦν
2737 4430 2888 4504 [262]
2927 4430 3312 4501 έγκυλισθέντα
3340 4434 3588 4507 βορϐόρῳ
3616 4454 3728 4489 πα-

2141 4514 2463 4584 ραδέξασθαι
2513 4512 2679 4576 ἔνδον,
2732 4514 2847 4567 ἀλλ’
2876 4514 3238 4570 ἀπελαύνουσι
3293 4518 3389 4571 καί
3431 4518 3726 4572 διώκουσιν

2138 4597 2395 4663 ἅπαντες,
2429 4598 2523 4651 καὶ
2561 4597 2661 4660 τὰς
2708 4597 2878 4669 θύρας
2917 4598 3280 4665 ἀποκλείουσι,
3314 4602 3407 4654 καὶ
3453 4603 3725 4670 φεύγουσι

2138 4682 2353 4753 πόρῤως
2406 4683 2468 4734 Εἰ
2510 4681 2567 4734 δὲ
2614 4680 2805 4749 ἄλογον
2841 4680 3000 4746 ζῶον,
3040 4683 3134 4735 καὶ
3169 4683 3342 4737 ταῦτα
3381 4687 3440 4737 ἐν
3470 4685 3725 4756 βορϐόρῳ

2135 4763 2485 4836 τρεφόμενον,
2508 4765 2604 4834 οὐχ
2626 4763 2989 4834 ὑπομένουσιν
3012 4763 3288 4836 ἄνθρωποι
3311 4768 3723 4839 παραδέξασθαι

2134 4849 2272 4901 οἴκοι
2312 4847 2450 4917 μετά
2492 4846 2728 4919 κηλῖδος,
2771 4846 2890 4910 πῶς
2924 4849 3005 4910 εἰς
3030 4847 3132 4911 τάς
3162 4850 3445 4920 οὐρανίους
3484 4852 3719 4918 σκηνάς.

2135 4931 2262 4985 ἔνθα
2293 4930 2531 5001 τοσαύτη
2576 4929 2915 5001 λαμπρότης,
2962 4930 3091 4987 ἔνθα
3122 4934 3298 4987 πάντα
3336 4935 3556 5003 φαιδρὰ,
3584 4935 3722 4990 ἔνθα

2136 5013 2250 5082 φῶς
2292 5014 2603 5084 ἀπρόσιτον,
2646 5012 2775 5066 ἔνθα
2808 5014 3095 5086 ἀστραπῆς
3127 5017 3308 5087 πάσης
3336 5017 3720 5091 λαμπρότερον

2135 5096 2414 5151 ἀπαντῶσι
2444 5096 2756 5149 στίλϐουσαι
2781 5101 2837 5151 αἱ
2870 5098 3150 5169 παρθένοι,
3185 5100 3303 5165 πῶς
3322 5100 3607 5173 δυνήσεταί
3628 5120 3721 5167 τις

2132 5181 2274 5234 οῦτω
2344 5180 2530 5250 ῥυπῶν
2599 5179 2893 5248 είσελθεῖνς
2954 5183 3021 5235 Αἱ
3098 5184 3173 5255 μὴ
3241 5184 3460 5255 ἔχουσαι
3531 5185 3719 5241 ἔλαιον

2131 5263 2567 5334 ἀπεκλείσθησαν
2608 5261 2703 5315 τοῦ
2736 5263 3043 5334 νυμφῶνος,
3072 5267 3169 5321 καὶ
3199 5268 3313 5330 πῶς
3354 5268 3510 5339 ὑμεῖς
3540 5287 3716 5341 προσ-

2131 5348 2324 5403 δοκᾶτε
2374 5345 2731 5417 ἐπιϐήσεσθαι
2772 5348 2881 5400 τῶν
2920 5348 3129 5403 ἀδύτων
3163 5351 3417 5415 ἑκείνωνς
3452 5352 3562 5404 Καὶ
3599 5353 3716 5424 γάρ

2131 5431 2309 5503 πολλῷ
2337 5429 2495 5484 τοῦτο
2522 5429 2732 5483 ἐκείνου
2758 5430 3139 5504 χαλεπιὶιτερον
3168 5434 3231 5487 τὸ
3260 5436 3583 5507 ἁμάρτημα.
3628 5439 3711 5491 Οὐ

2130 5517 2239 5588 γάρ
2261 5519 2427 5579 ἐστιν,
2459 5513 2561 5566 οὐκ
2602 5512 2749 5567 ἔστιν
2790 5514 2903 5568 τσον
2926 5518 3246 5589 σωματικῆς
3277 5520 3350 5589 μὴ
3383 5519 3715 5589 μεταδοῦναι

2129 5600 2355 5669 τροφῆς,
2385 5597 2479 5651 καὶ
2522 5596 2699 5666 ψυχάς
2748 5596 3010 5651 ἀπολέσαι
3057 5600 3275 5665 πολλάς,
3322 5604 3555 5656 Ἑκεῖναι
3607 5606 3719 5672 μὲν

2128 5683 2236 5754 γὰρ
2264 5682 2391 5745 τοὺς
2419 5681 2747 5751 πενομένους
2781 5680 3043 5752 ἠδίκησαν
3072 5684 3244 5740 οὐδέν·
3277 5686 3461 5758 ἐπειδὴ
3500 5687 3559 5740 δὲ
3596 5690 3718 5743 τῶν

2129 5765 2337 5820 ἑαυτῶν
2382 5764 2566 5828 αὐτοῖς
2621 5762 2683 5816 ού
2738 5764 3070 5833 μετέδωκαν,
3102 5766 3223 5822 οὐδὲ
3248 5770 3563 5839 ἀπήλλαξαν
3608 5789 3717 5826 πε-

2129 5850 2269 5913 νίας,
2304 5848 2479 5901 ταῦτα
2511 5846 2731 5901 ἔπαθον·
2765 5847 2828 5900 σὺ
2871 5846 2927 5900 δὲ
2969 5849 3065 5903 καὶ
3094 5849 3357 5923 ἠδίκησας
3400 5855 3490 5909 καὶ
3533 5848 3710 5921 ὦσας,

2195 5947 2217 5974 σε
2240 5941 2390 6003 Savil.
2415 5941 2495 5988 καὶ
2516 5939 2803 6003 ῥήματα-καὶ
2828 5940 3071 6003 βλέμματα
3093 5943 3173 5991 καὶ
3197 5944 3367 5995 ἔννοια.

2194 6003 2222 6043 ά
2245 6002 2396 6054 Savil.
2422 6001 2585 6065 μῶμος
2608 6001 2848 6063 ἐκϐάλλει,
2867 6001 2994 6053 ὅταν.
