4036 6416
309 366 415 421 525

308 499 492 553 gressu
520 491 573 536 et
599 488 815 549 aspectu
845 488 895 531 et
925 475 1314 530 cohabitatione
1342 473 1548 527 illorum
1575 480 1691 525 esto
1719 489 1733 525 :
1759 479 1884 526 tunc

311 584 362 627 te
390 583 443 628 et
469 573 719 626 mulieres
746 569 1144 635 obstupescent,
1182 574 1237 619 et
1260 564 1358 617 viri
1387 577 1572 617 omnes
1605 561 1762 615 simul
1788 560 1885 614 ad-

313 667 664 728 mirabuntur,
703 669 886 731 utpote
924 658 1181 726 virginem
1223 669 1419 726 sponso
1457 654 1716 708 indivulse
1750 652 1887 706 assi-

311 759 521 813 dentem
560 757 634 825 (l.
664 752 783 809 Cor.
825 754 877 806 7.
909 749 1000 822 55)
1034 769 1046 802 :
1079 757 1204 803 tunc
1242 762 1348 802 non
1378 746 1650 801 domestici
1690 744 1884 810 solum,

311 849 406 904 sed
442 858 495 902 et
519 847 744 917 gentiles
768 854 821 898 et
845 843 1035 907 Judaei,
1067 851 1121 897 et
1149 856 1308 895 omne
1338 840 1611 893 hominum
1645 836 1890 907 probabit

310 957 477 1011 genus
510 959 521 993 :
546 950 704 1010 atque
730 938 863 992 adeo
883 936 928 991 si
952 937 1173 1006 gloriam
1204 948 1372 999 amas,
1404 932 1540 986 hanc
1568 930 1700 984 vade
1725 930 1884 993 viam,

310 1048 413 1086 non
436 1033 632 1086 aliain:
665 1040 789 1083 tunc
816 1037 866 1083 te
892 1043 998 1081 non
1020 1029 1130 1095 jam
1163 1027 1300 1081 illius
1330 1025 1412 1079 vel
1436 1023 1577 1077 illius
1601 1020 1884 1084 vocabunt,

310 1125 402 1179 sed
445 1122 639 1177 Christi
670 1138 685 1174 :
719 1120 842 1174 huic
884 1130 1062 1174 autem
1100 1128 1320 1171 ornatus
1363 1116 1498 1170 alius
1533 1129 1629 1184 par
1665 1128 1696 1166 a
1741 1112 1887 1165 nullo

310 1217 403 1270 tibi
439 1216 558 1269 erit.
588 1216 668 1267 An
699 1228 827 1267 vero
854 1213 1042 1281 exigua
1081 1221 1223 1276 sunt,
1255 1224 1457 1279 qumso,
1502 1222 1622 1276 qua:
1656 1204 1888 1275 quotidie

310 1317 571 1361 canuntur
602 1314 658 1361 et
691 1305 744 1359 in
773 1304 909 1370 foro,
942 1313 996 1357 et
1024 1304 1075 1356 in
1113 1302 1380 1365 domibus,
1410 1308 1463 1353 et
1492 1299 1542 1352 in
1568 1298 1686 1351 aliis
1706 1297 1889 1351 civita-

311 1398 486 1450 tibus?
520 1398 697 1451 Puella
724 1395 909 1449 isthaec
938 1394 1167 1447 formosa
1195 1391 1348 1445 valde
1386 1400 1441 1445 et
1479 1389 1809 1454 adolescens,
1843 1388 1887 1441 si

310 1490 583 1547 volnisset.
615 1488 811 1541 multos
853 1496 1105 1554 patronos
1149 1483 1249 1537 sibi
1280 1482 1566 1536 conciliare
1602 1480 1883 1549 potuisset,

312 1582 404 1635 sed
451 1581 618 1634 noluit
668 1598 680 1632 :
728 1580 835 1632 imo
882 1579 1066 1631 maluit
1111 1577 1308 1645 qumvis
1358 1573 1621 1628 sustinere
1656 1586 1719 1625 ac
1756 1570 1884 1640 pati,

311 1688 467 1741 quam
493 1672 687 1726 Christi
718 1685 957 1723 amorem
990 1668 1310 1737 relinquere,
1339 1675 1392 1719 et
1420 1664 1678 1719 castitatis
1700 1662 1887 1716 ﬂorem

310 1766 617 1817 obscurare.
666 1762 823 1815 Beata
871 1770 924 1813 et
972 1760 1053 1811 bis
1094 1768 1145 1812 et
1186 1768 1264 1810 ter
1309 1767 1362 1810 et
1402 1755 1616 1823 smpius.
1666 1753 1887 1819 Quantis

313 1856 513 1908 fruetur
542 1854 711 1917 bonis,
736 1852 944 1921 qualem
971 1850 1194 1919 accipiet
1223 1863 1497 1914 coronam,
1526 1854 1721 1916 quanta
1748 1860 1887 1898 mer-

312 1946 442 2000 cede
492 1944 794 2008 donabitur,
841 1958 959 2011 qua?
1006 1956 1126 1995 cum
1177 1940 1304 2009 ipsis
1350 1938 1674 2007 incorporeis
1721 1944 1889 1992 certat

314 2034 637 2089 Virtutibus?
665 2034 787 2087 Haec
815 2043 869 2086 et
909 2032 1031 2086 talia
1060 2031 1127 2085 de
1156 2030 1257 2084 hac
1286 2044 1473 2084 omnes
1501 2028 1709 2094 dicent,
1742 2037 1795 2081 et
1822 2025 1887 2080 ad

312 2126 698 2180 :emulationem
752 2124 861 2177 suis
918 2122 1127 2175 liliabus
1182 2128 1514 2190 preponent;
1571 2128 1626 2172 et
1670 2116 1715 2171 si
1768 2116 1887 2185 quis

311 2220 597 2273 admonere
625 2216 846 2271 honeste
871 2215 1163 2277 viventem;
1195 2222 1249 2267 et
1275 2213 1321 2267 si
1350 2213 1467 2280 quis
1495 2220 1797 2280 corruptam
1820 2209 1887 2263 ad

314 2308 624 2362 modestiam
651 2305 909 2360 reducere
936 2304 1178 2365 voluerit,
1214 2302 1327 2357 haec
1362 2303 1434 2356 illi
1481 2302 1670 2355 iterum
1702 2314 1887 2355 onmes

311 2398 550 2452 encomia
589 2398 640 2450 in
681 2396 914 2450 medium
960 2394 1130 2449 ferent
1163 2412 1175 2448 :
1206 2409 1309 2446 non
1347 2392 1434 2446 hic
1471 2402 1648 2445 autem
1686 2392 1882 2456 solum,

311 2492 403 2544 sed
433 2499 486 2543 et
513 2491 719 2559 quoties
739 2488 805 2541 de
832 2487 1131 2556 virginitate
1151 2485 1241 2538 ﬁat
1270 2499 1446 2538 sermo
1476 2503 1488 2537 :
1513 2492 1567 2537 et
1594 2483 1669 2536 sic
1698 2496 1887 2535 omnes

313 2580 622 2646 laudabunt,
654 2594 758 2633 non
788 2580 958 2633 solum
984 2577 1072 2647 qui
1099 2586 1245 2631 caste
1265 2577 1465 2639 vivunt,
1496 2574 1590 2628 sed
1620 2584 1671 2627 et
1699 2574 1771 2627 illi
1796 2573 1885 2643 qui

309 2676 563 2729 stnduere
593 2682 648 2727 et
682 2673 855 2726 omnia
900 2670 1138 2725 fecerunt
1172 2678 1227 2723 ut
1255 2670 1421 2737 ipsam
1457 2667 1790 2731 obtinerent,
1822 2680 1883 2719 ac

310 2767 501 2821 deinde
528 2764 815 2832 contempti
845 2773 898 2816 et
924 2761 1158 2831 despecti
1188 2761 1419 2813 fuerunt.
1451 2759 1621 2827 Atque
1642 2758 1739 2811 ista
1768 2758 1884 2828 qui-

309 2858 430 2910 dem
460 2865 625 2921 tanta,
647 2864 701 2910 et
725 2855 893 2908 multo
919 2853 1119 2922 majore
1147 2867 1303 2922 quam
1331 2851 1530 2904 dictum
1554 2862 1654 2916 est,
1686 2849 1887 2904 fruetur

308 2951 472 3019 gloria
504 2967 515 3001 :
546 2964 665 3018 qua:
709 2963 835 3001 vero
873 2946 1239 3001 cohabitantes
1287 2944 1469 3010 habet,
1508 2944 1686 2997 omnia
1727 2957 1884 2997 secus

310 3041 526 3108 reperit.
569 3040 635 3093 Et
667 3040 841 3108 primo
875 3038 1084 3107 quidem
1124 3036 1337 3106 quando
1377 3035 1445 3089 ab
1483 3034 1745 3102 aliquibus
1787 3036 1886 3089 im-

311 3132 453 3200 puris
493 3140 769 3186 accusatur
800 3130 1093 3199 virginitas,
1125 3128 1193 3183 de
1233 3129 1470 3198 utrisque
1511 3128 1735 3183 habetur
1774 3144 1887 3183 me-

308 3222 475 3275 moria
506 3223 554 3274 in
587 3222 779 3276 talibus
807 3220 1187 3285 conventibus;
1226 3220 1317 3274 sed
1354 3221 1441 3273 illa
1468 3219 1680 3289 quidem
1716 3221 1887 3289 aperit

308 3328 398 3365 ora
445 3312 852 3373 defensantium,
904 3312 1001 3364 ista
1051 3319 1227 3365 autem
1269 3311 1651 3364 accusantium.
1695 3310 1884 3365 Postea

307 3402 516 3471 quando
555 3403 746 3472 corrigi
787 3402 1016 3470 aliquant
1048 3412 1102 3455 et
1142 3402 1488 3470 compositam
1521 3400 1671 3455 reddi
1707 3401 1880 3466 decet,

308 3494 421 3547 lnec
443 3492 652 3561 quidem
681 3501 738 3545 ut
758 3491 1100 3561 pharmacmn
1122 3492 1439 3559 astringens,
1463 3501 1515 3543 et
1541 3490 1680 3559 quod
1708 3501 1884 3560 putre-

305 3584 483 3638 dinem
527 3583 786 3651 repellere
826 3590 1000 3651 potest
1039 3582 1091 3635 in
1119 3581 1354 3635 medium
1380 3580 1621 3645 affertur,
1651 3591 1704 3635 et
1746 3597 1883 3650 prte-

304 3678 536 3745 ceptoris
573 3692 633 3730 os
674 3686 829 3730 ornat
859 3694 871 3728 :
904 3675 993 3728 illa
1020 3683 1198 3728 autem
1236 3688 1356 3728 cum
1385 3672 1605 3728 confusa
1632 3682 1755 3740 stat,
1801 3685 1882 3727 ta-

306 3769 459 3823 metsi
504 3783 607 3821 non
652 3768 812 3833 adsit,
859 3767 1184 3821 erubescens
1224 3775 1279 3820 et
1319 3764 1615 3835 pudet‘acta.
1656 3764 1882 3820 Necesse

304 3864 443 3917 enim
471 3872 550 3913 est
579 3871 633 3913 nt
658 3861 939 3915 occasione
967 3860 1224 3930 cujusque
1253 3860 1415 3929 lapsa:
1443 3860 1556 3914 lucc
1584 3870 1881 3924 accusetur,

303 3964 358 4007 et
399 3954 588 4005 itermn
628 3951 1009 4016 confundatur;
1046 3961 1101 4006 et
1136 3952 1225 4006 ubi
1265 3952 1334 4007 de
1370 3968 1431 4006 re
1461 3952 1558 4007 hac
1585 3967 1763 4007 sermo
1803 3956 1879 4016 lit,

304 4046 438 4098 sicut
461 4045 545 4097 iila
576 4045 748 4110 beata,
777 4044 847 4097 ita
873 4044 969 4097 ista
1001 4044 1193 4099 misera
1222 4054 1275 4100 et
1294 4045 1620 4111 calamitosa,
1649 4055 1703 4100 et
1728 4047 1882 4116 quid-

306 4139 386 4191 vis
430 4138 603 4192 simile
647 4138 912 4192 audietur.
953 4138 1019 4193 Et
1057 4141 1193 4193 sicut
1234 4140 1375 4193 illam
1418 4155 1523 4194 non
1571 4143 1659 4211 qui
1703 4142 1883 4197 vident

303 4228 499 4293 solum,
528 4227 622 4281 sed
650 4236 704 4282 et
732 4228 819 4297 qui
852 4230 1113 4298 ignorant,
1141 4239 1195 4284 et
1223 4230 1368 4283 nullo
1394 4229 1653 4285 beneficio
1683 4232 1878 4299 affecti,

303 4321 574 4375 celebrant
599 4330 648 4374 et
683 4320 897 4375 laudant
931 4340 942 4376 :
975 4322 1043 4375 ita
1070 4331 1123 4375 et
1153 4323 1289 4377 hanc
1317 4334 1575 4393 quotquot
1601 4325 1684 4379 vel
1710 4327 1882 4381 sciunt

303 4411 383 4464 vel
414 4412 656 4481 ignorant
682 4412 867 4481 ipsam,
899 4421 951 4466 et
977 4414 1063 4482 qui
1096 4414 1226 4466 nihil
1249 4416 1372 4468 mali
1395 4416 1461 4469 ab
1487 4430 1547 4469 ea
1568 4426 1691 4470 sunt
1713 4420 1875 4486 passi,

302 4503 542 4573 afﬂigunt
562 4514 615 4558 et
641 4505 1005 4559 criminantur.
1033 4505 1164 4560 Nam
1194 4506 1227 4559 ii
1256 4507 1342 4576 qui
1372 4517 1516 4561 recte
1542 4508 1743 4572 vivunt,
1774 4524 1879 4562 non

302 4609 332 4647 a
365 4594 501 4647 notis
542 4594 734 4659 solum,
776 4595 869 4649 sed
903 4606 957 4648 et
994 4596 1061 4649 ab
1101 4595 1311 4664 ignotis,
1357 4596 1464 4649 imo
1505 4596 1571 4650 ab
1615 4598 1741 4665 ipsis
1782 4598 1882 4651 ini-

304 4684 454 4737 micis
483 4684 761 4737 laudantur
789 4695 843 4739 et
880 4684 1212 4738 admirationi
1240 4693 1364 4739 sunt
1388 4704 1399 4739 :
1425 4686 1511 4755 qui
1553 4696 1727 4741 autem
1758 4703 1879 4741 cor-

304 4775 441 4843 rupti
480 4784 536 4829 et
580 4774 825 4844 improbi,
858 4784 912 4828 et
950 4776 1016 4829 ab
1057 4776 1242 4830 amicis
1281 4774 1604 4846 afﬂiguntur.
1648 4777 1714 4831 Et
1751 4794 1879 4832 vero

300 4870 496 4923 divina:
536 4868 637 4923 hoc
661 4869 1005 4939 providentia:
1031 4883 1166 4937 opus
1192 4877 1293 4936 est,
1316 4869 1455 4939 quod
1496 4878 1690 4923 tantam
1726 4870 1879 4925 nolns

300 4976 422 5014 cum
482 4961 754 5015 virtutibus
808 4964 1173 5029 cognationem
1203 5001 1218 5026 ,
1274 4970 1327 5015 et
1380 4970 1577 5015 tantam
1626 4962 1873 5015 vitiorum

300 5052 744 5105 abominationem
783 5051 999 5117 indidit;
1036 5061 1093 5105 ut
1132 5051 1217 5105 illa
1246 5051 1457 5121 quidem
1492 5053 1726 5106 omnium
1762 5053 1875 5106 cal-

301 5144 421 5197 culo
448 5144 715 5212 probetur,
752 5152 913 5198 etiam
942 5158 1146 5209 eorum,
1184 5144 1273 5213 qui
1308 5144 1448 5197 illam
1495 5159 1597 5197 non
1643 5144 1874 5208 adeunt;

302 5236 501 5290 malitia
566 5251 694 5290 vero
758 5235 1142 5291 condemnetur
1203 5246 1257 5291 et
1324 5236 1393 5291 ab
1453 5236 1517 5291 iis
1578 5237 1667 5305 qui
1734 5236 1876 5290 illam

306 5338 641 5395 aversantur,
683 5338 735 5384 et
780 5329 846 5384 ab
878 5330 939 5383 iis
977 5330 1067 5399 qui
1108 5330 1249 5384 illam
1293 5340 1687 5384 consectantur.
1731 5328 1879 5384 Unde

302 5423 525 5486 clarum,
566 5422 705 5492 quod
752 5423 967 5492 ignavas
1012 5423 1130 5477 illas
1172 5439 1278 5477 non
1321 5424 1431 5477 noti
1471 5424 1663 5489 solum,
1701 5422 1794 5477 sed
1828 5432 1882 5477 et

304 5517 465 5585 ignoti
493 5525 823 5583 aversantur,
856 5526 910 5571 et
945 5518 1181 5571 maxime
1211 5518 1447 5571 omnium
1478 5519 1512 5571 ii
1541 5519 1629 5587 qui
1656 5516 1878 5571 cohabi-

305 5618 437 5661 tant.
468 5608 598 5662 Nam
638 5610 736 5662 etsi
767 5624 826 5663 se
863 5609 1043 5663 dicant
1075 5609 1229 5664 valde
1250 5624 1346 5663 vos
1371 5611 1593 5680 diligere
1617 5618 1672 5665 et
1705 5610 1878 5664 admi-

307 5698 433 5761 rari,
476 5699 574 5753 etsi
610 5700 831 5769 gratiam
878 5700 1107 5755 habeant
1137 5717 1231 5770 pro
1270 5703 1367 5757 hac
1396 5704 1665 5771 voluptate
1701 5711 1755 5757 ct
1782 5716 1879 5770 pro

306 5788 459 5844 donis
486 5792 692 5861 vestris,
724 5799 957 5848 attamen
985 5791 1108 5849 odio
1138 5793 1328 5850 iterum
1360 5795 1509 5851 eritis
1532 5795 1875 5851 conscienliis

846 360 1029 427 QUOD
1069 356 1476 414 REGULARES
1515 354 1795 411 ΈΕΜΙΝᾸΞ
1838 353 1874 407 V

1987 352 2015 408 5
2049 353 2487 409 COlIABlTARE
2525 353 2659 410 NON
2704 353 3037 409 DEBEA’NT.

3467 356 3570 413 52?-

1993 484 2198 533 eorum,
2239 470 2323 523 ubi
2354 485 2535 539 parum
2572 470 2914 540 resipuerint,
2951 482 3004 524 et
3050 471 3421 538 intellexerint,
3462 490 3567 542 quo

1991 561 2181 631 laqueo
2220 561 2415 617 fuerint
2451 562 2611 632 capti.
2639 562 2863 616 Tantum
2894 573 2975 617 est
3004 563 3235 632 nequitia
3264 564 3482 626 malum,
3511 575 3565 617 nt

1989 651 2047 715 ii,
2103 667 2235 721 quos
2278 652 2508 706 maxime
2558 653 2794 706 omnium
2844 652 3038 717 colitis,
3091 668 3183 706 vos
3236 654 3567 721 potissimum

1989 743 2389 797 condemnaturi
2411 743 2538 809 sint,
2557 743 2804 811 quoniam
2822 752 2875 796 et
2892 743 3119 796 maxime
3140 744 3372 796 omnium
3392 755 3566 798 vestra

1990 834 2164 887 sciunt
2189 834 2239 886 in
2271 834 2597 902 penitissima
2623 834 2860 900 admissi,
2885 820 2939 888 et
2963 844 3164 889 secreta
3191 846 3364 889 vestra
3391 839 3565 889 omnia

1990 922 2284 977 dilfamant.
2336 923 2403 977 Et
2447 924 2589 993 quod
2636 924 2847 979 oderint
2891 925 3013 978 hinc
3055 925 3389 985 manifestum
3429 941 3508 981 est
3553 946 3567 981 :

1990 1015 2185 1082 Saepius
2214 1015 2499 1068 voluerunt
2537 1015 2602 1068 ab
2631 1013 2730 1068 hac
2768 1016 2947 1070 scabie
2973 1026 3025 1069 ct
3067 1017 3168 1069 hoc
3204 1018 3392 1072 morbo
3420 1022 3567 1086 gravi

1992 1103 2226 1169 liberari,
2256 1104 2476 1174 impedit
2508 1120 2634 1159 vero
2668 1106 3016 1172 consuetudo,
3056 1116 3111 1161 et
3140 1108 3380 1177 voluptas
3419 1126 3568 1178 ιιιιευε

1991 1192 2111 1247 dam
2140 1210 2257 1264 qum
2290 1198 2462 1250 inesse
2494 1197 2728 1262 videtur;
2756 1198 3187 1268 quandoquidetn
3225 1210 3277 1253 et
3318 1203 3403 1255 illa
3436 1203 3567 1255 libco

1990 1290 2095 1339 rari
2121 1288 2637 1358 mgritudine'optant
2661 1291 2894 1359 quidem,
2918 1307 3141 1360 eamque
3162 1308 3349 1347 omnes
3371 1270 3457 1363 qui
3484 1295 3569 1349 ila

1990 1378 2233 1432 laborant
2258 1380 2505 1445 oderunt;
2536 1390 2590 1434 at
2614 1380 2945 1435 delectantur
2973 1391 3146 1436 uniten
3175 1383 3299 1435 dum
3330 1401 3391 1437 ea
3419 1386 3567 1438 labo-

1991 1478 2131 1531 rant,
2174 1478 2229 1523 ut
2258 1470 2308 1523 in
2354 1472 2455 1525 hoc
2488 1486 2614 1525 casu
2649 1473 2929 1541 contingit.
2961 1472 3092 1531 Nam
3122 1473 3246 1526 licet
3272 1476 3391 1544 quis
3417 1477 3571 1531 valde

1993 1563 2157 1616 miser
2182 1573 2235 1617 et
2259 1564 2600 1618 calamitosus
2635 1564 2723 1628 sit,
2753 1582 2858 1617 non
2897 1575 2976 1619 est
3009 1577 3182 1621 tamen
3215 1567 3284 1621 ita
3314 1568 3569 1637 despera-

1993 1661 2097 1716 tus,
2128 1670 2225 1707 nec
2257 1655 2324 1707 ita
2352 1670 2501 1708 suam
2528 1655 2675 1724 cupit
2703 1656 2963 1725 inquinari
2990 1658 3241 1725 gloriam,
3276 1667 3330 1713 ut
3361 1661 3477 1713 velit
3513 1662 3567 1713 in

1992 1744 2317 1814 turpitudine
2343 1750 2541 1813 vivere,
2573 1757 2626 1801 et
2665 1749 2716 1801 in
2757 1764 2850 1804 ore
2878 1752 3115 1803 omnium
3148 1752 3368 1815 versari,
3400 1755 3567 1805 malc-

1991 1833 2147 1889 dictis
2174 1836 2391 1902 incessi,
2411 1838 2593 1902 rideri,
2628 1839 2929 1908 cpprobriis
2953 1842 3185 1904 onerari,
3211 1852 3265 1896 et
3290 1854 3569 1912 spectacu-

1992 1925 2099 1980 lum
2129 1942 2247 1982 esse
2277 1928 2329 1981 in
2358 1928 2476 1983 foro
2503 1946 2807 1995 commune,
2838 1933 3182 2000 omniumque
3214 1934 3391 2001 digitis
3421 1952 3572 1988 mon-

1990 2021 2149 2074 strari
2207 2036 2302 2090 per
2356 2022 2718 2092 ignominiam.
2775 2024 3062 2079 Enimvero
3114 2042 3219 2079 non
3277 2042 3434 2095 parva
3490 2028 3573 2082 his

1991 2111 2278 2167 insuavitas
2333 2114 2401 2168 ab
2452 2115 2753 2183 hujusmodi
2803 2117 3106 2185 suspicione
3151 2120 3402 2185 nascitur,
3453 2137 3572 2189 quae

1990 2207 2367 2261 conscientiam
2406 2209 2616 2263 assidue
2644 2210 2897 2279 exagitat,
2934 2219 2988 2265 et
3026 2211 3170 2265 omni
3198 2228 3380 2266 verme
3418 2225 3569 2268 tena-

1989 2294 2106 2348 cius
2154 2307 2384 2350 mentem
2431 2298 2574 2352 intus
2622 2298 2949 2368 depascitur.
2997 2300 3053 2355 Si
3100 2311 3275 2356 autem
3321 2304 3407 2357 ubi
3459 2305 3572 2357 ha-c

1989 2388 2128 2456 apud
2151 2389 2392 2444 homines
2418 2392 2657 2461 sequitur
2686 2391 2920 2459 infamia,
2946 2394 3069 2447 licet
3091 2394 3221 2447 nihil
3248 2395 3417 2463 palam
3448 2413 3572 2464 pro-

1991 2477 2182 2545 ferant,
2214 2479 2305 2533 sed
2336 2480 2471 2533 intra
2503 2496 2561 2534 se
2603 2483 2771 2535 solum
2812 2482 3144 2551 improbent,
3184 2494 3358 2539 tantus
3401 2489 3572 2540 oritur

1990 2568 2145 2623 dolor
2179 2588 2191 2622 :
2220 2585 2341 2625 cum
2371 2570 2436 2625 ad
2476 2572 2663 2639 injuria
2691 2572 2937 2626 allectum
2976 2589 3229 2642 sponsum
3266 2576 3559 2643 proficisce-

1989 2675 2131 2725 mur,
2158 2674 2279 2715 cum
2302 2661 2507 2715 occulta
2541 2664 2590 2714 iu
2621 2664 2852 2716 medium
2883 2664 3235 2729 adducentur,
3267 2667 3477 2735 quando
3509 2679 3561 2719 et

1989 2752 2148 2807 corda
2177 2754 2571 2821 revelabnntur,
2605 2764 2658 2810 et
2687 2771 2885 2819 sermo,
2912 2767 2965 2809 et
3006 2758 3193 2825 ligura,
3223 2766 3279 2811 et
3314 2758 3482 2825 visus,
3517 2771 3569 2813 et

1989 2844 2244 2914 cogitatio
2283 2846 2525 2915 (transeo
2569 2847 2711 2901 enim
2760 2864 2877 2916 qua:
2911 2846 2991 2901 his
3024 2847 3277 2919 turpiora)
3310 2867 3324 2904 :
3359 2852 3570 2919 quando

1990 2937 2148 3008 igitur
2177 2940 2353 2992 omnia
2375 2940 2686 3008 simpliciter
2712 2940 2765 2993 in
2788 2941 2917 2994 orbe
2946 2951 3057 2995 toto
3081 2941 3216 2995 nuda
3241 2944 3570 3011 apparebunt

1988 3038 2044 3084 et
2068 3040 2270 3098 aperta,
2295 3040 2543 3100 quantam
2567 3032 2946 3086 sustinebimus
2974 3033 3340 3101 ignominiam,
3371 3045 3422 3089 et
3442 3052 3570 3104 sup-

1987 3119 2225 3190 plicium,
2266 3131 2320 3175 et
2359 3121 2681 3176 vindictam?
2715 3122 2869 3177 Tunc
2906 3124 3047 3176 enim
3090 3124 3133 3175 si
3172 3138 3274 3177 non
3320 3140 3378 3179 se
3416 3126 3570 3180 sistat

1987 3209 2191 3280 fulgens
2216 3212 2496 3267 virtutibus
2518 3213 2714 3276 anima,
2740 3223 2797 3267 ut
2822 3213 2976 3268 decet
3005 3214 3306 3283 httjusmodi
3330 3216 3567 3285 junctam

1988 3316 2202 3370 sponso;
2228 3303 2269 3356 si
2295 3319 2398 3356 non
2428 3304 2570 3356 omni
2596 3305 2729 3367 labe,
2758 3307 2957 3359 macula
2973 3318 3025 3361 et
3043 3323 3168 3377 ruga
3192 3310 3260 3361 sit
3283 3327 3427 3377 pura,
3450 3328 3569 3379 per-

1988 3394 2083 3448 ibit
2122 3404 2176 3449 et
2223 3408 2458 3450 extrema
2502 3397 2654 3451 feret.
2714 3398 2862 3465 Quod
2904 3401 2947 3452 si
2993 3402 3322 3469 quantalibet
3363 3406 3565 3457 macuia

1988 3486 2183 3555 ejicere
2225 3488 2365 3541 illam
2412 3499 2603 3558 potest,
2637 3490 2849 3558 quando
2880 3492 3056 3545 multm
3101 3493 3288 3547 sordes
3326 3504 3470 3561 sunt,
3515 3506 3569 3549 et

1988 3588 2165 3635 tantus
2204 3581 2383 3646 fmtor,
2432 3591 2483 3635 et
2528 3582 2753 3652 plurima
2803 3583 2999 3653 ubique
3048 3586 3245 3647 ulcera,
3290 3588 3408 3655 quis
3449 3604 3565 3642 eam

1986 3681 2135 3726 eruet
2155 3686 2185 3726 e
2210 3673 2469 3742 supplicio
2496 3686 2550 3729 et
2570 3676 2654 3728 illa
2683 3676 2875 3745 paena?
2896 3676 3025 3730 Nam
3048 3678 3091 3731 si
3116 3677 3200 3732 hic
3224 3679 3293 3732 ita
3317 3679 3566 3749 despecta

1987 3773 2041 3818 et
2070 3764 2300 3819 insuavis
2326 3767 2440 3834 ejus
2461 3768 2693 3833 est'vita,
2722 3777 2782 3822 ut
2802 3784 2990 3824 omnes
3016 3786 3131 3824 eam
3155 3782 3487 3839 aversenlur,
3515 3784 3569 3827 et

1986 3859 2141 3913 amici
2171 3867 2226 3913 et
2250 3860 2471 3927 inimici,
2504 3860 2773 3931 quomodo
2806 3848 2997 3930 poterit
3027 3863 3092 3915 ad
3124 3863 3267 3932 regia
3298 3872 3566 3918 transcen-

1986 3950 2113 4004 dere
2141 3952 2419 4017 vestibula,
2462 3961 2607 4006 tanta
2638 3953 2731 4006 luti
2764 3953 3004 4008 fmditate
3033 3954 3233 4009 oblita?
3260 3956 3374 4009 Non
3417 3958 3566 4011 vides

1987 4041 2129 4110 quod
2170 4042 2221 4095 in
2261 4042 2423 4097 domo
2452 4044 2550 4097 viri
2589 4045 2778 4113 privati
2825 4055 2877 4100 et
2907 4046 3027 4099 vilis
3070 4063 3228 4101 nemo
3255 4047 3418 4103 ferret
3445 4065 3568 4119 por-

1936 4156 1943 4165 ι
1986 4147 2105 4185 cum
2133 4132 2242 4186 luto
2272 4134 2562 4188 volutatum
2605 4135 2745 4188 intus
2775 4135 3003 4202 admitti,
3036 4136 3130 4191 sed
3173 4138 3318 4191 illum
3350 4140 3569 4208 abigunt

1986 4232 2042 4278 et
2067 4235 2453 4294 persequuntur
2477 4241 2684 4291 omnes,
2713 4237 2762 4281 et
2783 4227 2974 4295 januas
3000 4228 3276 4295 claudunt,
3306 4238 3359 4284 et
3384 4230 3569 4299 fugant

1989 4318 2205 4385 procul?
2233 4318 2287 4372 Si
2317 4329 2493 4372 autem
2523 4319 2737 4372 brutum
2771 4321 2998 4382 animal,
3032 4322 3083 4374 in
3116 4322 3229 4376 luto
3258 4323 3564 4389 educatum,

1987 4426 2090 4463 non
2139 4410 2313 4464 ferunt
2364 4412 2605 4465 homines
2648 4413 2787 4466 intus
2826 4415 3000 4483 excipi
3044 4430 3165 4468 eum
3207 4415 3294 4468 tali
3336 4418 3563 4482 macula,

1986 4502 2253 4571 quomodo
2285 4503 2335 4555 in
2362 4503 2594 4556 cmlestia
2620 4503 2989 4570 tabernacula,
3018 4506 3106 4559 ubi
3146 4515 3290 4560 tanta
3331 4507 3564 4572 claritas,

1988 4595 2073 4648 ubi
2124 4596 2301 4648 omnia
2349 4595 2564 4665 fulgida,
2610 4597 2695 4649 ubi
2747 4597 2836 4650 lux
2892 4598 3184 4664 inaccessa,
3229 4600 3316 4653 ubi
3363 4600 3567 4669 fulgure

1987 4690 2130 4743 onmi
2162 4688 2466 4758 fulgidinres
2498 4699 2781 4743 occurrent
2809 4690 3059 4760 virgines,
3105 4692 3299 4760 poterit
3334 4694 3453 4761 quis
3489 4694 3567 4748 sic

1986 4781 2355 4849 coinquinatus
2399 4780 2636 4849 ingredi?
2664 4783 2793 4845 Qua:
2834 4796 2938 4835 non
2981 4780 3251 4836 habebant
3288 4784 3487 4848 oleum,
3533 4800 3561 4836 a

1988 4871 2222 4925 thalamo
2248 4870 2477 4925 exclusa:
2508 4880 2651 4938 sunt,
2680 4880 2733 4925 et
2760 4871 3030 4941 quomodo
3054 4886 3149 4926 vos
3181 4873 3337 4944 adyta
3368 4874 3455 4927 illa
3487 4875 3569 4927 in—

1986 4964 2131 5031 gredi
2188 4963 2551 5031 exspectatis?
2598 4964 2807 5017 Etcnim
2856 4964 3022 5019 multo
3068 4964 3170 5019 hoc
3214 4966 3305 5019 illo
3352 4968 3569 5036 gravius

1989 5064 2258 5124 peccatum
2289 5064 2391 5109 est.
2431 5054 2544 5108 Non
2574 5056 2716 5107 enim
2745 5064 2828 5109 est
2859 5071 2974 5124 par,
3012 5058 3345 5125 corporalem
3386 5060 3563 5112 cibum

1987 5163 2091 5200 non
2125 5148 2415 5213 impertire,
2440 5158 2489 5199 et
2513 5147 2702 5199 multas
2729 5146 2953 5215 perdere
2972 5148 3195 5203 animas.
3226 5148 3333 5201 lllm
3351 5150 3568 5218 quidem

1990 5256 2246 5309 pauperes
2288 5240 2430 5293 nulla
2463 5240 2512 5292 in
2545 5257 2600 5293 re
2630 5240 2922 5295 affecerant
2958 5242 3168 5310 injuria.
3201 5243 3293 5296 sed
3325 5244 3445 5312 quia
3475 5260 3569 5298 sua

1991 5334 2095 5387 illis
2119 5350 2222 5387 non
2256 5334 2537 5402 impartita:
2567 5342 2711 5400 sunt,
2741 5350 2912 5405 neque
2950 5352 3134 5391 eorum
3166 5339 3396 5401 inOpiam
3427 5338 3569 5391 leva-

1985 5433 2195 5489 verunt,
2239 5424 2353 5477 hzrc
2392 5439 2560 5493 passm
2601 5435 2723 5478 sunt
2755 5442 2767 5477 :
2799 5435 2850 5478 tu
2887 5436 3065 5480 autem
3105 5427 3294 5495 injuria
3322 5427 3565 5482 allecisti.

1986 5525 2041 5569 et
2061 5516 2328 5584 expulisti,
2347 5525 2399 5568 et
2425 5531 2527 5569 non
2547 5516 2715 5569 solum
2741 5532 2844 5570 non
2870 5517 3133 5586 profuisti,
3157 5518 3249 5573 sed
3271 5530 3324 5573 et
3341 5519 3571 5573 maxime

1987 5608 2235 5661 nocuisti.
2264 5606 2415 5672 Quod
2441 5606 2482 5660 si
2510 5622 2627 5677 qua:
2653 5607 2784 5661 nihil
2815 5607 3145 5677 proluerunt,
3178 5618 3377 5662 tantam
3405 5608 3569 5663 dede-

1988 5710 2111 5754 runt
2136 5714 2370 5769 poenam,
2394 5701 2691 5768 prmserlim
2721 5699 3021 5767 virginitate
3042 5701 3245 5755 sincera
3278 5711 3528 5753 manente
3552 5718 3565 5753 :

1986 5808 2104 5865 quae
2150 5808 2254 5848 non
2299 5792 2471 5847 solum
2513 5793 2724 5849 inutiles
2765 5793 2901 5862 aliis,
2934 5792 3027 5849 sed
3064 5802 3117 5849 et
3165 5793 3449 5861 plurimum
3497 5794 3564 5845 si—
