4036 6416
562 347 663 403 527

564 461 748 531 biipsis
779 465 1092 520 nocuerunt,
1116 470 1322 510 necnon
1350 453 1822 509 contubernalibus
1841 463 1895 507 et
1921 454 2007 519 iis,
2039 452 2131 522 qui

560 549 898 608 mandalizati
926 556 1069 613 sunt,
1092 556 1146 602 ct
1173 562 1285 618 prce
1314 547 1560 600 omnibus
1588 561 1782 599 nomen
1809 545 1986 614 sponsi
2009 559 2136 598 con-

562 644 774 697 tumelia
812 639 1127 705 aﬂecerttnt,
1166 638 1377 709 qualem
1424 638 1765 691 sustinebunt
1809 636 2137 690 cruciatum?

560 735 645 787 An
685 732 901 787 nescitis
930 730 1141 801 qualem
1175 746 1288 784 rem
1319 744 1601 799 aggressac,
1634 729 1687 782 in
1719 744 1875 798 quem
1912 742 2135 798 agonem

561 826 834 879 instructae
868 824 1033 877 estis?
1067 837 1225 893 quam
1265 823 1427 891 prmlii
1469 832 1673 892 partem
1708 822 1944 875 sonitm?
1986 822 2135 891 Apud

561 918 737 988 ipsum
764 916 891 971 belli
912 915 1123 977 ducem,
1149 915 1257 968 imo
1281 913 1420 982 apud
1444 915 1614 982 ipsum
1641 912 1893 967 habitatis
1918 928 2096 981 regem
2117 952 2133 978 ,

561 1017 616 1062 et
658 1007 916 1060 utilitatis.
956 1003 1109 1059 Sient
1144 1004 1304 1072 igitur
1340 1005 1390 1056 in
1433 1002 1585 1056 bellis
1624 1018 1728 1056 non
1763 1016 1922 1055 unum
1964 1003 2137 1056 locum

561 1098 825 1152 exercitus
852 1097 1025 1150 omnis
1053 1104 1294 1164 occupat,
1319 1095 1411 1149 sed
1434 1095 1522 1148 alii
1550 1108 1748 1148 cornua
1771 1095 2016 1164 agminis,
2046 1094 2138 1148 alii

562 1187 819 1252 medium,
841 1186 930 1240 alii
954 1195 1243 1255 postrema,
1260 1185 1350 1239 alii
1375 1183 1605 1238 frontem
1629 1185 1902 1254 phalangis
1922 1193 2133 1250 ornant,

561 1278 652 1332 alii
675 1285 851 1331 autem
880 1277 967 1332 ubi
984 1292 1077 1330 rex
1094 1283 1371 1345 comparet
1388 1275 1580 1344 ubique
1605 1290 1723 1329 cum
1752 1276 1866 1344 ipso
1882 1284 2140 1345 apparent

563 1386 627 1425 ac
654 1384 777 1425 cum
807 1370 924 1439 ipso
951 1378 1173 1422 currunt
1204 1384 1218 1420 :
1252 1368 1330 1421 sic
1370 1382 1580 1437 quoque
1619 1367 1881 1436 virginum
1922 1367 2136 1432 chorus,

563 1463 609 1517 si
638 1477 763 1517 vere
791 1461 1051 1531 virginum
1081 1460 1278 1514 chorus
1308 1460 1398 1521 sit,
1429 1460 1632 1514 nullum
1663 1460 1847 1522 alium,
1878 1461 1976 1513 nisi
2000 1460 2141 1513 hunc

565 1553 807 1608 ordinem
834 1553 1056 1607 sortitus
1086 1560 1186 1606 est.
1227 1551 1344 1605 Non
1380 1552 1457 1605 sic
1485 1552 1519 1605 ii
1554 1553 1642 1621 qui
1673 1566 1861 1605 aureas
1888 1561 2035 1621 togas
2060 1551 2141 1604 in-

564 1645 697 1709 duti,
726 1653 780 1699 et
800 1645 949 1714 equis
970 1658 1101 1698 auro
1123 1644 1324 1697 ornatis
1351 1644 1508 1707 vecti,
1538 1653 1592 1698 et
1623 1658 1782 1697 aurea
1810 1644 2140 1712 gemmisque

564 1737 810 1791 distincta
847 1736 1075 1791 ferentes
1109 1746 1282 1802 scuta,
1319 1737 1460 1806 regis
1491 1739 1829 1805 praesentiam
1865 1736 2141 1791 declarare

561 1828 780 1894 debent,
804 1838 863 1883 ut
889 1829 1036 1898 virgo
1060 1827 1277 1882 Christi.
1301 1827 1434 1882 Nam
1463 1828 1533 1882 illi
1561 1828 1775 1897 quidem
1801 1829 1939 1897 apud
1970 1829 2140 1897 ipsum

566 1935 780 1973 currum
809 1921 1009 1990 regium
1034 1931 1343 1985 versantur;
1373 1920 1518 1990 virgo
1540 1931 1714 1975 autem
1736 1922 1912 1990 regius
1931 1937 2141 1991 quoque

566 2026 756 2065 currus
782 2012 859 2077 fit,
884 2011 1022 2065 sicut
1047 2010 1353 2077 Cherubim,
1382 2011 1426 2064 si
1453 2011 1582 2077 vult,
1609 2020 1664 2066 et
1682 2011 1856 2065 adstat
1881 2011 1978 2081 ipsi
2005 2013 2143 2065 sicut

563 2102 867 2172 Seraphim.

632 2194 689 2247 7.
719 2191 864 2246 Verte
874 2193 1079 2263 virginis
1099 2193 1516 2262 πτοῖαι-ἰδίων
1527 2208 1647 2248 cum
1665 2194 1715 2246 in
1734 2192 2002 2263 publicum
2022 2209 2144 2263 pro-

561 2284 661 2350 dit,
693 2294 901 2354 oportet
938 2286 1111 2339 omnis
1142 2285 1486 2355 philOSOphize
1528 2288 1799 2354 specimen
1833 2303 1943 2357 prae
1979 2303 2038 2344 se
2062 2287 2142 2343 fe-

569 2387 670 2441 rat,
696 2386 749 2430 et
769 2390 957 2430 omnes
978 2376 1029 2429 in
1060 2386 1329 2445 stuporem
1351 2385 1650 2443 convertat,
1674 2379 1812 2433 sicut
1841 2379 2058 2441 angelus
2095 2379 2142 2434 si

566 2482 707 2522 nunc
732 2483 765 2523 e
800 2468 931 2522 etelo
957 2467 1303 2523 descenderet
1328 2508 1344 2534 ,
1371 2479 1423 2523 et
1449 2469 1584 2523 sicut
1621 2485 1686 2523 ex
1723 2468 1997 2524 cherubim
2042 2470 2137 2524 ali-

560 2564 682 2631 quis
717 2561 760 2615 si
808 2562 858 2614 in
899 2560 1059 2614 terris
1104 2570 1417 2629 appareret,
1464 2577 1651 2616 omnes
1699 2561 1943 2616 homines
1988 2563 2039 2616 in
2084 2576 2143 2616 se

567 2660 940 2707 converteret:
960 2651 1037 2704 sic
1063 2660 1117 2705 et
1140 2651 1395 2720 virginem
1423 2665 1611 2706 omnes
1631 2653 1717 2722 qui
1748 2653 1950 2717 vident,
1977 2652 2144 2706 addu—

564 2756 690 2796 cere
714 2742 766 2796 in
795 2739 1201 2794 admirationem
1227 2749 1281 2794 et
1327 2751 1598 2810 stuporem
1644 2757 1755 2796 sua:
1780 2744 2143 2798 sanctimonia:

564 2843 799 2904 oportet.
818 2831 951 2888 Nam
978 2832 1162 2886 sidum
1186 2834 1400 2896 incedit,
1422 2835 1570 2903 quasi
1595 2850 1690 2903 per
1722 2842 1989 2890 desertum
2017 2847 2138 2901 eat;

562 2925 780 2995 quando
808 2934 983 2979 autem
1013 2924 1164 2980 sedet
1191 2926 1245 2979 in
1275 2926 1500 2981 ecclesia
1519 2967 1534 2992 ,
1562 2928 1973 2996 profundissimo
2010 2944 2132 2983 cum

567 3016 815 3081 silentio;
859 3016 1046 3070 oculus
1074 3018 1190 3084 ejus
1229 3016 1429 3071 nullum
1460 3017 1634 3072 videat
1667 3021 2095 3086 prwtereuntium
2122 3061 2137 3084 ,

564 3121 672 3159 non
693 3106 972 3160 mulierum
994 3148 1008 3170 ,
1036 3122 1139 3159 non
1167 3106 1399 3161 virorum
1423 3148 1439 3173 ,
1468 3108 1561 3163 sed
1602 3110 1773 3164 solum
1802 3126 2055 3180 sponsum
2085 3123 2141 3166 ut

563 3207 881 3268 praesentem
908 3207 961 3252 et
989 3199 1331 3267 conspicuum
1367 3202 1705 3256 :concedens
1741 3214 1915 3256 autem
1948 3203 2138 3258 iterum

560 3288 613 3341 in
642 3288 885 3353 domum,
911 3288 960 3342 ei
985 3289 1036 3341 in
1065 3290 1305 3358 precibus
1330 3292 1604 3359 loquatur,
1633 3303 1685 3347 et
1710 3292 1824 3362 ejus
1848 3295 2010 3347 solius
2036 3310 2137 3347 vo-

563 3395 681 3434 cem
728 3394 824 3450 per
867 3380 1170 3448 Scripturas
1214 3381 1433 3436 audiat:
1465 3382 1607 3438 domi
1646 3400 1774 3439 vero
1820 3401 1939 3440 cum
1981 3403 2138 3454 quem

565 3469 834 3525 desiderat
854 3479 908 3524 et
930 3480 1078 3525 amat
1099 3509 1114 3531 ,
1146 3471 1315 3527 solum
1343 3474 1533 3544 cogitet
1557 3516 1572 3537 ,
1591 3476 1663 3530 sit
1690 3477 1838 3546 quasi
1866 3478 2138 3547 peregrina

562 3571 618 3614 et
647 3560 879 3629 advena,
908 3563 1191 3633 omniaque
1215 3563 1369 3618 faciat
1394 3566 1542 3634 quasi
1576 3581 1662 3620 res
1690 3579 1978 3632 priesentes
2008 3554 2138 3623 nihil

558 3653 626 3707 ad
654 3668 769 3707 eam
809 3654 1134 3722 pertineant;
1161 3663 1346 3710 etnon
1374 3656 1543 3710 solum
1588 3659 1941 3712 masculorum
1973 3659 2139 3730 fugiat

558 3753 844 3813 aspectus,
870 3745 962 3799 sed
1003 3754 1062 3800 et
1098 3758 1420 3801 conventum
1451 3750 1786 3803 saecularium
1815 3753 2093 3806 mulierum
2121 3794 2135 3817 ,

562 3844 815 3904 tantaque
839 3838 1049 3904 corpori
1098 3838 1426 3907 suppeditet,
1467 3854 1663 3910 quanta
1694 3824 1912 3898 necesse
1937 3853 2018 3897 est
2037 3886 2052 3909 ,
2084 3854 2138 3899 et

567 3929 812 3982 universa
844 3927 896 3981 in
936 3930 1127 3983 animze
1155 3931 1379 3984 salutem
1411 3931 1681 4000 impendat
1711 3951 1724 3988 :
1754 3935 1875 4003 quis
1903 3952 2008 3988 non
2040 3935 2136 3989 ad-

560 4019 814 4085 miretur,
846 4019 963 4087 quis
999 4036 1103 4072 nuu
1146 4020 1519 4091 Obstupescat,
1571 4024 1623 4077 in
1673 4025 1914 4078 muliebri
1948 4035 2131 4080 natura

558 4113 720 4165 vitam
751 4112 1039 4181 angelicam
1062 4113 1308 4168 intuens?
1328 4116 1445 4183 quis
1473 4126 1647 4170 autem
1678 4117 1838 4171 homo
1857 4119 2132 4183 accedere,

559 4203 678 4273 quis
700 4212 915 4273 tangere
943 4203 1136 4260 audeat
1163 4213 1269 4258 tam
1297 4204 1606 4273 ﬂagrantem
1642 4210 1909 4261 animam?
1937 4209 2135 4277 Eapro—

559 4304 677 4361 pter
704 4308 891 4348 omnes
916 4294 1126 4364 quidem
1148 4295 1215 4350 ab
1247 4311 1309 4349 ea
1349 4297 1689 4351 abstinebnnt
1713 4340 1727 4364 ,
1759 4309 1811 4352 et
1857 4309 2049 4369 sponte
2080 4310 2133 4355 et

561 4383 748 4449 inviti;
789 4399 976 4441 omnes
1020 4386 1145 4441 item
1177 4387 1229 4440 in
1278 4395 1547 4456 stuporem
1594 4397 1902 4455 vertentur,
1952 4400 2136 4460 utpote

563 4490 748 4527 aurqu
772 4474 978 4543 fulgens
1003 4486 1054 4531 et
1075 4478 1293 4546 ignitum
1312 4478 1570 4533 videntes.
1587 4478 1715 4532 Nam
1734 4490 1787 4534 et
1807 4481 1919 4533 auri
1943 4491 2132 4535 natura

557 4563 718 4619 habet
742 4580 837 4635 per
853 4580 913 4620 se
935 4568 1155 4620 multum
1178 4566 1417 4637 fulgoris;
1441 4584 1560 4623 cum
1582 4580 1758 4625 autem
1792 4583 1846 4626 et
1868 4572 2039 4641 ignem
2079 4573 2130 4626 in

554 4669 617 4708 se
655 4663 831 4722 tenet,
859 4657 1046 4725 majori
1078 4658 1335 4713 miraculo
1361 4669 1444 4713 est
1468 4671 1522 4714 et
1549 4661 1851 4716 terribilior.
1888 4661 2038 4730 Quod
2084 4662 2132 4717 si

556 4742 660 4797 hoc
690 4743 739 4796 in
768 4759 1011 4813 corpore,
1040 4748 1254 4816 quando
1281 4748 1418 4803 idem
1449 4751 1500 4803 in
1527 4752 1700 4805 anima
1731 4754 1991 4823 contingit
2031 4768 2129 4806 an-

556 4850 668 4903 rea,
701 4851 808 4890 non
840 4846 964 4891 tunc
989 4836 1292 4895 hominibus
1319 4842 1522 4905 solum,
1554 4842 1647 4897 sed
1677 4855 1731 4896 et
1758 4845 1961 4913 angelis
1988 4843 2131 4899 desi-

554 4924 793 4982 derabile
839 4929 942 4982 erit
971 4927 1071 4983 hoc
1117 4933 1496 4998 spectaculum.
1525 4934 1700 4999 Quare
1725 4950 1853 5006 ergo
1894 4937 2129 4990 vestibus

554 5017 779 5085 teipsam
806 5033 966 5072 ornas
985 5059 1001 5084 ,
1029 5035 1149 5088 quae
1176 5020 1243 5075 ab
1269 5021 1366 5075 hac
1383 5022 1595 5078 flamma
1630 5033 1831 5079 tantum
1854 5026 2016 5081 habes
2034 5016 2126 5081 or-

553 5106 777 5160 uatum?
803 5106 1010 5162 Etenim
1038 5121 1214 5164 vestes
1241 5127 1345 5165 non
1367 5122 1492 5166 sunt
1517 5112 1653 5168 data:
1679 5125 1736 5170 ut
1755 5117 1831 5169 cis
1852 5133 2123 5183 nrnemur,

545 5195 642 5250 sed
666 5205 721 5250 ut
741 5198 995 5254 nuditatis
1019 5198 1311 5257 foeditatem
1337 5204 1663 5259 occultemus
1684 5248 1698 5272 ,
1729 5223 1832 5260 non
1863 5219 1918 5261 ιιι
1937 5209 2126 5264 talibus

547 5287 850 5354 induantur,
869 5307 988 5361 qu.e
1016 5308 1114 5346 nos
1142 5294 1327 5363 majori
1353 5297 1687 5365 turpitudini,
1707 5314 1865 5369 quam
1894 5301 2007 5370 ipsa
2025 5319 2126 5355 nn-

545 5379 684 5434 ditas
703 5421 720 5447 ,
748 5397 1019 5452 exponant
1073 5384 1273 5441 Idcirco
1298 5395 1349 5440 et
1375 5388 1544 5441 Adam
1574 5389 1744 5444 induit
1789 5391 1925 5446 Deus
1950 5402 2126 5448 vestes

545 5471 796 5541 pelliccas
818 5472 968 5542 (Gen.
993 5476 1042 5531 5.
1064 5474 1156 5543 ill
1176 5518 1190 5542 ,
1215 5478 1458 5533 similiter
1479 5489 1532 5534 et
1547 5480 1662 5548 ejus
1680 5498 1896 5535 uxorem
1913 5499 1928 5549 ;
1948 5497 2127 5553 quam-

548 5578 626 5617 vts
668 5566 712 5619 si
741 5566 1030 5634 voluisset,
1062 5569 1298 5638 pulchris
1333 5586 1454 5625 eum
1487 5574 1745 5640 potuisset
1784 5574 2003 5632 induere
2035 5593 2128 5632 ve-

550 5656 749 5722 stibus;
798 5658 891 5713 scd
937 5661 1090 5715 nobis
1127 5663 1419 5730 antiquitus
1458 5673 1512 5719 et
1557 5680 1649 5734 per
1693 5665 1810 5721 ilias
1855 5667 2122 5733 ostendit,

538 5748 683 5805 omni
706 5766 812 5806 non
835 5753 901 5808 sit
926 5767 1160 5823 praesens
1184 5765 1390 5827 tempus
1410 5757 1719 5816 deliciarum
1740 5801 1760 5830 μ.
1782 5760 1872 5819 sed
1894 5763 2123 5833 gemitus

1297 340 1352 395 S.
1392 338 1668 395 JOANNIS
1692 338 2166 396 CHRYSOSTOMI
2198 339 2522 394 ARCHIEP.
2553 339 3086 398 CONSTANTINOP.

3727 342 3836 397 5‘23

2240 463 2297 507 et
2324 458 2587 522 planctus.
2616 454 2770 523 Quod
2798 456 2843 509 si
2879 457 3181 525 ignominia:
3204 466 3286 513 est
3327 468 3381 513 et
3409 459 3836 515 condetnnatir-

2241 546 2325 597 nis
2347 586 2362 606 ,
2390 552 2445 598 et
2467 560 2532 598 ex
2559 556 2779 614 peccato
2803 548 2947 601 venit
2976 556 3031 602 ut
3060 550 3252 603 amictu
3285 550 3519 619 indigeas
3537 593 3554 615 ,
3582 552 3720 620 quid
3752 567 3841 602 ι-ιι.

2242 636 2606 705 prehensionis
2650 638 2925 693 materiam
2973 640 3176 709 auges?
3214 655 3281 695 an
3323 657 3428 696 non
3479 644 3616 697 satis
3642 658 3840 696 casum

2241 735 2483 780 nostrum
2511 727 2706 782 indicat
2724 770 2738 792 ,
2763 729 2905 799 quod
2927 731 3163 786 vestibus
3183 734 3468 801 egeamus?
3492 750 3595 788 cur
3619 735 3841 789 crimen

2241 820 2566 886 exaggeras?
2591 833 2687 873 cur
2715 819 3000 889 indigentia
3027 823 3287 892 ampliore
3305 826 3713 879 accusationem
3747 841 3843 878 an-

2240 908 2377 976 ges?
2421 907 2713 976 Oportebat
2755 912 2897 965 enim
2928 911 3127 980 ejulare
3169 922 3224 967 et
3246 929 3457 984 gemere
3482 957 3497 979 ,
3537 926 3596 969 et
3630 931 3842 983 corpus

2243 998 2414 1065 ipsum
2440 998 2728 1068 castigare,
2757 1001 3045 1056 secundum
3074 1003 3294 1058 Paulum
3320 1006 3396 1076 (Ι.
3425 1005 3548 1061 Cor.
3589 1007 3648 1062 9.
3688 1007 3791 1075 27)
3823 1027 3840 1061 :

2243 1103 2340 1143 nos
2383 1099 2564 1144 autem
2605 1092 2887 1159 sedemus,
2928 1103 2981 1148 et
3022 1095 3313 1151 velamenta
3344 1098 3637 1154 artificiose
3698 1115 3841 1154 eon-

2244 1189 2505 1245 texentes,
2529 1182 2666 1237 sicut
2689 1185 2732 1237 si
2756 1186 2874 1254 quis
2896 1194 3129 1241 tumores
3146 1188 3284 1243 circa
3305 1191 3488 1245 oculos
3520 1190 3743 1246 habens
3778 1208 3841 1247 ea

2240 1283 2463 1342 cogatur
2483 1275 2729 1331 obvelare
2748 1318 2763 1343 ,
2794 1285 2848 1331 et
2888 1277 3004 1331 haec
3024 1278 3202 1333 adhuc
3228 1280 3523 1335 velamenta
3571 1295 3837 1337 exornet.

2244 1363 2527 1433 Propterea
2554 1365 2735 1420 Helias
2761 1409 2776 1431 ,
2803 1379 3083 1437 preplerea
3125 1369 3356 1425 Joannes
3381 1373 3695 1442 simplicem
3740 1375 3840 1427 ha-

2242 1453 2429 1509 bentes
2468 1457 2716 1510 amictum
2746 1468 2801 1513 et
2844 1459 3093 1527 pclllceas
3133 1461 3339 1516 tunicas
3362 1503 3376 1528 ,
3404 1473 3463 1518 et
3504 1465 3765 1520 vestibus
3808 1484 3839 1519 e

2243 1546 2365 1615 pilis
2393 1546 2580 1611 induti,
2609 1549 2930 1605 anhelabant
2954 1562 3007 1605 et
3031 1554 3474 1623 concupiscebant
3501 1556 3838 1610 indumenta

2244 1636 2653 1706 incorruptionis
2681 1642 2939 1710 accipere.
2970 1642 3047 1696 Tu
3076 1653 3251 1697 autem
3292 1646 3532 1699 sccnieas
3565 1650 3839 1701 mulieres

2244 1728 2503 1795 prmcellis
2542 1731 2763 1783 vestium
2805 1733 3145 1800 curiositate,
3194 1735 3382 1803 quibus
3432 1737 3663 1791 insidias
3696 1740 3837 1791 adu-

2244 1817 2564 1874 lescentibus
2608 1821 3019 1890 elegantioribus
3042 1840 3215 1893 pares.
3238 1825 3351 1879 Non
3382 1829 3462 1881 sic
3488 1836 3541 1881 te
3581 1829 3744 1882 indui
3789 1841 3842 1882 ιιι

2244 1910 2419 1961 ornari
2450 1909 2559 1962 vult
2579 1924 2832 1977 spcusus,
2860 1912 2950 1965 sed
2979 1913 3029 1965 in
3055 1914 3228 1967 anima
3258 1923 3344 1968 tua
3365 1932 3584 1971 omnem
3612 1922 3838 1985 reposi-

2247 2005 2352 2050 tam
2377 2014 2524 2065 suam
2548 2015 2671 2054 esse
2695 2000 2910 2068 gloriam
2930 2003 3122 2072 jussit;
3145 2013 3199 2057 tu
3219 2015 3391 2061 autem
3410 2008 3557 2060 illam
3581 2010 3838 2078 negligis,

2244 2105 2307 2143 ac
2345 2090 2511 2144 lutum
2540 2107 2603 2147 ac
2627 2094 2861 2149 cinerem
2906 2095 3054 2150 varie
3076 2095 3296 2151 decoras
3316 2140 3331 2164 ,
3361 2108 3418 2153 et
3447 2111 3737 2155 amatores
3763 2103 3840 2154 in-

2252 2182 2591 2238 continentcs
2618 2184 2807 2249 illicis,
2837 2196 2891 2241 et
2916 2187 3181 2243 adulteros
3209 2187 3339 2244 facis
3360 2206 3495 2260 pene
3523 2207 3731 2247 onuies
3752 2195 3840 2261 qui

2247 2277 2301 2324 te
2323 2271 2518 2325 vident.
2546 2275 2608 2327 Et
2628 2276 2767 2344 quod
2799 2278 3020 2331 multum
3051 2279 3176 2333 hinc
3196 2280 3366 2349 ignem
3389 2296 3665 2352 congeras
3686 2324 3705 2348 ,
3740 2299 3839 2337 nec

2247 2369 2299 2416 te
2331 2373 2455 2430 puto
2483 2365 2685 2421 inlicias
2726 2368 2841 2432 ire;
2872 2370 3012 2438 quod
3057 2380 3235 2427 autem
3266 2372 3385 2428 inde
3427 2375 3736 2444 ignominia
3788 2389 3840 2430 ct

2246 2454 2438 2521 probra
2466 2468 2786 2525 sequantur,
2820 2460 2868 2513 id
2914 2476 2976 2515 ex
3025 2464 3350 2519 amatoribus
3379 2465 3484 2520 tuis
3511 2468 3829 2521 ostendam.

2249 2542 2379 2597 Nam
2407 2560 2525 2599 cum
2551 2562 2612 2601 ea
2641 2563 2757 2617 quas
2785 2551 3015 2604 animam
3044 2563 3227 2619 ornat,
3263 2555 3426 2609 Deum
3452 2572 3573 2611 suae
3592 2559 3837 2625 pulchri-

2251 2635 2446 2689 tudinis
2476 2635 2667 2692 habeat
2695 2653 3008 2709 amatorem,
3033 2653 3090 2698 tu
3112 2661 3239 2700 vero
3269 2646 3517 2703 homines
3539 2691 3558 2716 ,
3590 2650 3707 2703 imo
3734 2667 3835 2704 non

2245 2724 2488 2782 homines
2508 2768 2524 2794 ,
2545 2729 2637 2783 sed
2668 2745 2860 2799 porcos
2886 2742 2942 2787 et
2975 2749 3169 2799 canes,
3197 2747 3249 2790 et
3280 2737 3325 2791 si
3362 2738 3491 2807 quid
3543 2742 3726 2810 magis
3760 2758 3839 2793 est

2245 2818 2466 2871 rationis
2494 2834 2684 2889 expers
2718 2839 2732 2874 :
2765 2823 2885 2892 quis
2925 2824 2997 2878 ita
3040 2834 3124 2879 est
3160 2826 3446 2896 insipiens,
3486 2840 3550 2883 ut
3592 2839 3649 2885 te
3675 2846 3839 2884 orna-

2245 2908 2433 2964 tiorem
2464 2911 2564 2966 illis
2592 2922 2739 2981 putet
2763 2955 2777 2979 ,
2803 2932 3023 2982 quarum
3055 2919 3321 2974 desiderio
3347 2921 3487 2975 Deus
3513 2922 3745 2977 ducitur
3773 2928 3840 2979 ub

2245 3000 2508 3083 internam
2543 3003 2968 3062 formositatem?
2994 3012 3169 3080 Atque
3203 3012 3336 3068 adeo
3359 3054 3372 3078 ,
3404 3024 3618 3083 quanto
3651 3020 3836 3071 curio-

2245 3080 2386 3147 sitati
2419 3095 2535 3162 plus
2582 3111 2740 3151 vacas
2764 3139 2779 3164 ,
2828 3109 2975 3155 tanto
3015 3101 3419 3158 abominabilior
3455 3108 3603 3160 facta
3651 3123 3719 3161 es
3750 3127 3763 3160 :
3789 3120 3837 3161 ct

2245 3184 2410 3239 Deum
2436 3186 2649 3256 quidem
2674 3203 2703 3242 a
2734 3197 2788 3244 te
2821 3193 3016 3246 avertis
3039 3234 3053 3256 ,
3086 3194 3182 3248 hos
3226 3204 3403 3249 autem
3448 3196 3640 3259 illicis,
3680 3198 3833 3251 hinc-

2242 3293 2347 3348 que
2372 3287 2522 3335 tanto
2563 3282 2731 3353 magis
2776 3282 2911 3339 foeda
2940 3299 3003 3339 ac
3049 3286 3214 3354 turpis
3249 3302 3496 3356 appares.
3531 3288 3682 3343 Nam
3712 3308 3838 3360 quo.

2243 3369 2403 3424 modo
2428 3387 2533 3424 non
2568 3374 2737 3443 turpis
2756 3415 2772 3440 ,
2796 3375 2840 3428 si
2887 3375 3052 3429 Deum
3078 3376 3288 3432 allicere
3317 3394 3421 3433 non
3450 3381 3650 3448 potes?
3689 3382 3837 3446 Quod

2244 3460 2286 3513 si
2331 3476 2449 3529 qum
2477 3477 2536 3517 se
2564 3474 2756 3530 ornat,
2802 3465 2936 3520 adeo
2986 3466 3218 3536 ingrata;
3258 3485 3373 3538 quae
3423 3470 3836 3529 cohabitantem

2244 3552 2403 3607 habet
2420 3595 2436 3620 ,
2468 3557 2639 3625 cogita
2664 3567 2919 3626 quantum
2941 3560 3188 3614 conciliet
3212 3561 3309 3614 sibi
3336 3562 3543 3615 odium.

2314 3645 2365 3699 8.
2395 3644 2500 3701 Sed
2530 3647 2574 3700 si
2601 3648 2835 3714 videtur,
2886 3666 2991 3705 non
3012 3652 3453 3708 cohabitationem
3474 3655 3740 3712 dicamus
3764 3676 3838 3711 so-

2244 3734 2388 3800 lum,
2434 3736 2528 3792 sed
2571 3737 2740 3807 ipsam
2777 3742 3081 3810 aperiamus
3107 3745 3307 3812 palam,
3360 3756 3418 3799 ut
3461 3751 3644 3819 magis
3698 3750 3835 3806 fin-da

2241 3826 2503 3881 videatur.
2528 3827 2662 3883 Nam
2703 3833 2953 3901 quoniam
2995 3848 3101 3888 non
3133 3836 3320 3890 timent
3346 3839 3572 3894 oculum
3623 3858 3837 3913 sepons

2243 3921 2478 3974 nescium
2502 3962 2520 3987 ,
2566 3923 2659 3976 sed
2706 3925 2845 3978 oculi
2874 3925 3145 3982 hominum
3172 3930 3329 3982 timor
3373 3946 3571 3986 eorum
3605 3951 3621 3999 ;
3654 3952 3760 4005 age
3785 3949 3837 3990 et

2242 4009 2385 4079 ipsas
2413 4012 2510 4066 hac
2536 4015 2903 4072 consolatione
2933 4018 3234 4085 privemus,
3265 4037 3384 4091 qu:e
3411 4025 3629 4079 occulta
3664 4038 3724 4080 et
3752 4038 3829 4081 te-

2240 4113 2324 4155 cta
2350 4104 2643 4171 parietibus
2671 4116 2794 4161 sunt
2819 4109 2871 4161 in
2901 4111 3132 4164 medium
3159 4112 3476 4176 afferentes;
3511 4119 3831 4185 aperiamus

2236 4192 2452 4260 januam
2480 4195 2545 4250 iis
2565 4196 2653 4265 qui
2675 4197 2856 4253 videre
2875 4215 2938 4254 ea
2961 4202 3170 4267 volunt,
3199 4219 3225 4254 a
3254 4205 3391 4258 lecto
3414 4206 3570 4276 ipsus
3602 4211 3831 4277 primum

2241 4287 2533 4342 excitantes
2558 4305 2573 4353 ;
2616 4289 2725 4343 imo
2749 4290 2793 4343 si
2826 4291 3062 4358 videtur,
3087 4295 3313 4363 primum
3334 4298 3701 4366 exquiramus
3721 4319 3831 4370 quas

2239 4374 2383 4429 domi
2407 4380 2718 4447 contingunt
2741 4420 2754 4443 ,
2794 4392 2846 4435 et
2871 4398 3128 4451 ponanms
3158 4387 3449 4455 parietibus
3481 4389 3639 4457 ipsos
3670 4407 3831 4461 sepa-

2239 4469 2346 4521 rari
2389 4479 2442 4523 et
2471 4469 2524 4523 in
2569 4471 2829 4528 cubiculis
2858 4476 3020 4529 variis
3049 4475 3300 4532 dormire.
3331 4477 3449 4533 Non
3494 4484 3655 4536 enim
3715 4496 3837 4553 [Iulo

2238 4558 2503 4627 aliquem,
2529 4561 2627 4615 etsi
2651 4563 2803 4618 valde
2832 4565 3052 4620 fteditati
3076 4568 3143 4620 sit
3171 4570 3464 4635 obnoxius,
3489 4572 3568 4625 ita
3590 4576 3836 4644 seipsnm

2237 4652 2440 4706 traduci
2469 4653 2640 4717 velle,
2673 4664 2730 4708 ut
2767 4656 2822 4709 in
2851 4671 2957 4710 uno
2997 4658 3225 4713 dormiat
3260 4662 3535 4717 cubiculo.
3569 4665 3704 4721 Sint
3748 4669 3839 4738 igi-

2237 4750 2328 4794 tur
2370 4742 2618 4810 disjuucti
2666 4745 3001 4813 parietibus:
3031 4757 3085 4802 et
3126 4749 3252 4818 quid
3303 4750 3404 4805 hoc
3455 4752 3669 4809 fuerit?
3721 4758 3837 4812 Non

2235 4835 2377 4888 enim
2405 4834 2599 4890 sufficit
2624 4847 2681 4890 ut
2719 4852 2746 4890 a
2774 4840 3075 4907 suSpicione
3103 4840 3415 4896 liberentur.
3439 4843 3660 4900 Verum
3698 4866 3838 4904 nunc

2234 4927 2302 4980 de
2318 4928 2622 4995 suspicione
2638 4929 2787 4993 nihil,
2811 4931 2930 4986 licet
2944 4932 3148 4986 ancillze
3167 4934 3403 5002 plurima:
3418 4940 3467 4990 ei
3482 4939 3837 5005 cohabitent;

2237 5020 2393 5072 aliam
2437 5030 2613 5074 autem
2663 5023 3040 5091 turpitudinem
3067 5026 3178 5093 jam
3224 5028 3601 5097 exquiramus.
3635 5032 3839 5089 Evenit

2234 5112 2375 5166 enim
2399 5128 2518 5167 cum
2549 5130 2642 5182 per
2662 5114 2800 5169 idem
2830 5125 3039 5187 tempus
3064 5129 3319 5188 surgunt,
3353 5137 3458 5174 non
3480 5124 3561 5177 ob
3595 5129 3836 5197 perrigic

2234 5205 2300 5259 lia
2330 5205 2486 5274 (nihil
2512 5208 2651 5261 enim
2681 5209 2824 5276 pium
2846 5209 2912 5263 ab
2940 5210 3021 5264 his
3048 5211 3323 5265 animabus
3365 5218 3837 5287 expectandum),

2236 5306 2292 5348 ut
2320 5305 2589 5351 transeant
2616 5298 2682 5351 ad
2731 5314 2789 5353 se
2837 5299 3060 5354 invicem
3083 5301 3351 5369 jacentes,
3399 5314 3453 5357 et
3493 5312 3837 5375 compelle-ut

2234 5396 2388 5440 nocte
2420 5404 2433 5438 :
2461 5403 2563 5456 quo
2592 5387 2715 5456 quid
2745 5404 2863 5443 esse
2891 5403 3048 5459 queat
3075 5393 3317 5463 turpius?
3340 5395 3494 5460 Quod
3519 5397 3568 5450 si
3610 5403 3833 5455 contin-

2231 5486 2317 5545 gat
2342 5485 2559 5544 rcpente
2583 5488 2635 5530 et
2679 5477 3071 5534 cohabitantem
3116 5482 3133 5512 ι
3163 5493 3450 5551 aegrotare,
3484 5502 3679 5555 neque
3744 5507 3830 5558 pa-

2234 5569 2424 5623 rietum
2459 5568 2543 5622 hic
2571 5579 2757 5639 postea
2785 5571 2959 5640 aliqua
3001 5573 3233 5639 utilitas,
3264 5575 3354 5628 sed
3378 5591 3693 5649 exsurgens
3728 5600 3834 5649 pra-

2230 5662 2350 5716 aliis
2375 5660 2440 5716 ad
2486 5662 2742 5733 virginem
2783 5664 3049 5733 jacentem
3092 5667 3417 5737 ingreditur,
3452 5670 3831 5730 inﬁrmitatem

2297 5773 2313 5804 ί
2339 5773 2411 5823 sic
2441 5771 2579 5823 Savil.
2616 5780 2664 5822 tn
2690 5774 2850 5824 Morel.
2868 5775 2972 5826 haec
2996 5790 3086 5827 vox
3115 5777 3273 5828 deest.

3942 5760 3982 5796 1
