4036 6416
382 343 493 398 527

369 460 467 515 καὶ
512 456 575 511 οὐ
627 457 791 527 μόνον
832 458 982 512 οὐδὲν
1024 460 1262 531 ὤνησας,
1298 464 1435 517 ἀλλά
1475 468 1569 519 καὶ
1605 468 1673 521 τὰ
1714 474 1942 539 μέγιστα

372 539 736 609 κατέϐλαψας.
771 542 833 593 Εἰ
856 541 911 595 δὲ
943 544 999 595 αἱ
1032 545 1105 613 μὴ
1134 544 1482 616 ὠφελήσασαι
1517 551 1783 622 τοσαύτην
1811 553 1945 607 ἐδω-

372 641 473 677 καν
498 622 674 693 δίκην,
706 624 800 676 καὶ
827 624 1000 677 ταῦτα
1030 627 1129 696 τῆς
1158 628 1455 698 παρθενίας
1478 633 1736 705 ἀκεραίου
1761 637 1946 706 μενού·

374 723 490 775 σης·
542 708 596 759 αί
639 705 774 777 πρὸς
819 706 897 777 τῷ
940 708 1105 779 μηδὲν
1146 711 1423 782 ὠφελῆσαι
1461 715 1552 768 καὶ
1602 716 1671 770 τά
1712 705 1944 787 μέγιστα

372 790 694 860 ἀδικήσασαι
735 789 923 855 αὑτὰς,
956 792 1051 845 καὶ
1082 795 1207 857 τοὺς
1246 797 1645 863 συνοικοῦντας,
1678 802 1772 855 καὶ
1818 804 1944 867 τοὺς

371 873 870 937 σκανδαλισθέντας,
913 876 1006 928 καὶ
1055 876 1162 947 πρὸ
1203 877 1406 931 τούτων
1461 882 1522 934 τὸ
1562 883 1658 936 τοῦ
1686 884 1941 954 Νυμφίου

369 954 766 1027 καθυϐρίσασαι
794 956 984 1027 ϐνομα,
1013 958 1173 1011 ποίαν
1215 961 1610 1034 ὑποστήσονται
1637 968 1937 1038 τιμωρίαν;

366 1034 513 1110 ’Λρα
558 1038 692 1103 ἴστε,
727 1036 838 1093 οἷον
890 1042 1329 1112 μεταχειρίζεσθε
1374 1047 1624 1117 πρᾶγμα,
1665 1034 1801 1120 πρὸς
1828 1045 1940 1104 οἷον

363 1122 551 1188 ἀγῶνα
601 1122 962 1189 ἀπεδύσασθε,
1010 1128 1160 1177 ποῖον
1209 1124 1432 1197 ἐλάχετε
1474 1131 1708 1197 πολέμου
1754 1132 1937 1204 μέρος,

362 1203 480 1256 οἵαν
521 1204 866 1277 ἐκληρώθητε
903 1206 995 1259 τοῦ
1027 1209 1258 1278 στρατοῦ
1282 1210 1466 1276 τάξιν,
1498 1213 1636 1283 Παρ⁹
1658 1203 1940 1271 αύτὸνντὸν

361 1285 457 1338 τοῦ
484 1287 723 1369 πολέμου
754 1290 1075 1360 στρατηγὸν,
1111 1290 1309 1360 μᾶλλον
1336 1292 1390 1345 δὲ
1427 1295 1558 1366 παρ’
1586 1297 1745 1350 αὐτὸν
1773 1301 1938 1369 ἐσκή-

361 1368 534 1423 νωσθε
571 1369 660 1423 τὸν
700 1370 938 1439 βασιλέα,
985 1374 1079 1426 καὶ
1112 1375 1489 1445 στρατεύεσθε.
1542 1378 1809 1452 Καθάπερ
1845 1368 1939 1435 οὖν

361 1452 419 1503 ἐν
448 1455 557 1515 τοῖς
586 1452 841 1523 πολέμοις
868 1454 928 1508 τὸ
957 1457 1317 1529 στρατόπεδον
1352 1458 1497 1512 ἆπαν
1521 1461 1619 1531 οὐχ
1654 1461 1749 1514 ἐνα
1774 1463 1938 1517 τὸπον

358 1533 754 1604 ἀπολαμϐάνει,
792 1536 906 1590 ἀλλ’
943 1541 992 1591 οἱ
1027 1539 1124 1608 μὲν
1152 1541 1221 1593 τά
1252 1540 1456 1610 κέρατα
1494 1541 1678 1612 ἔχουσι
1702 1544 1801 1615 τῆς
1830 1564 1931 1599 πα-

359 1617 653 1688 ρατάξεως,
685 1620 733 1672 οί
770 1619 825 1673 δέ
864 1621 930 1674 τὰ
963 1621 1122 1691 μέσα,
1159 1623 1255 1676 καὶ
1283 1626 1331 1675 οί
1361 1625 1458 1694 μὲν
1482 1627 1550 1678 τά
1572 1628 1768 1690 ὁπίσω,
1799 1630 1848 1681 οί
1877 1629 1934 1681 δὲ

354 1700 416 1752 τὸ
463 1700 712 1770 μέτωπον
765 1704 1171 1775 κατακοσμοῦσι
1219 1706 1316 1776 τῆς
1367 1707 1662 1776 φάλαγγος,
1703 1710 1850 1764 ἄλλοι
1876 1712 1933 1765 δὲ

353 1776 523 1852 οὗπερ
559 1782 625 1836 ἂν
654 1795 681 1824 ι
704 1786 733 1837 ὁ
768 1784 1019 1855 βασιλεὺς
1056 1789 1337 1857 φαίνηται.
1379 1791 1650 1860 πανταχοῦ
1683 1793 1801 1862 μετ’
1830 1795 1930 1846 αύ-

351 1864 446 1947 τοῦ
498 1866 776 1935 φαίνονται
820 1870 913 1922 καὶ
968 1871 1462 1942 συμπαραθέουσιν·
1507 1873 1650 1928 οὕτω
1680 1875 1743 1947 δὴ
1783 1879 1932 1932 καὶὸ

351 1946 459 2000 τῶν
506 1949 788 2020 παρθένιον
834 1950 1014 2022 χορὸς,
1051 1952 1178 2005 ὅταν
1204 1954 1488 2025 παρθένων
1578 1958 1754 2028 χορὸς,
1784 1961 1932 2013 οὐδε-

354 2030 483 2114 μίαν
528 2031 696 2107 ἀλλην
732 2032 845 2085 ἀλλ’
877 2034 910 2104 ἢ
950 2035 1155 2106 ταύτην
1199 2036 1297 2107 τὴν
1335 2038 1488 2104 τάξιν
1525 2041 1757 2111 εἴληχεν.
1818 2045 1929 2114 Οὐχ

350 2112 525 2177 οὕτως
566 2117 614 2167 οί
642 2115 712 2169 τά
737 2118 912 2188 χρυσᾶ
944 2118 1234 2189 φοροῦντες
1266 2121 1474 2190 ίμάτια,
1499 2125 1593 2176 καὶ
1631 2126 1715 2194 ἐφ’
1747 2112 1929 2181 ἵππων

346 2197 821 2268 χρυσοφορούντων
850 2201 1156 2270 φερόμενοι,
1185 2204 1277 2255 καὶ
1303 2204 1534 2269 ἀσπίδας
1567 2206 1925 2276 βαστάζοντες

348 2280 559 2348 χρυσᾶς
586 2280 677 2332 καὶ
705 2280 1130 2353 λιθοκολλήτους,
1163 2283 1258 2336 τοῦ
1314 2285 1576 2354 βασιλέως
1596 2291 1693 2359 τὴν
1726 2308 1924 2363 παρου-

349 2360 472 2414 σίαν
535 2364 843 2446 ἐμφαίνειν
875 2365 1199 2433 ὀφείλουσιν,
1268 2369 1343 2431 ὡς
1400 2372 1432 2440 ἡ
1497 2372 1764 2441 παρθένος
1805 2360 1922 2446 *τὴν

344 2442 440 2496 τοῦ
483 2445 744 2515 Χριστοῦ.
792 2445 1017 2500 Ἐκεῖνοι
1066 2449 1163 2519 μὲν
1214 2449 1322 2521 γάρ
1358 2451 1486 2523 παρ’
1524 2453 1658 2506 αὐτὸ
1705 2442 1920 2524 φαίνον-

342 2541 434 2578 ται
484 2526 581 2609 τοῦ
631 2527 889 2597 βασιλέως
936 2530 998 2582 τὸ
1045 2531 1228 2602 ὄχημα
1264 2534 1327 2586 τὸ
1360 2534 1654 2604 βασιλικὸν,
1687 2537 1823 2609 αὕτη
1863 2539 1921 2592 δὲ

346 2609 445 2692 καί
465 2608 646 2679 ὄχημα
663 2611 869 2679 γίνεται
890 2611 1185 2682 βασιλικὸν,
1201 2616 1452 2690 καθάπερ
1476 2619 1543 2673 τὰ
1561 2638 1619 2690 χε
1628 2608 1840 2692 ρουϐῖμ,
1855 2621 1920 2675 ἂν

341 2689 521 2775 ἐθέλῃ,
557 2693 649 2745 καὶ
690 2695 1036 2765 παρέστηκεν
1072 2697 1222 2767 αὐτῷ
1263 2689 1512 2771 καθάπερ
1550 2689 1913 2775 τάνσεραφίμ.

412 2771 478 2839 ζ’.
497 2777 587 2827 Δεῖ
608 2776 786 2829 τοίνυν
802 2777 967 2848 αὐτὴν
994 2781 1073 2843 είς
1102 2782 1307 2852 ἀγοράν
1328 2771 1919 2859 ἐμϐάλλουσανίῶσπερ

340 2853 561 2926 ἀγαλμα
597 2859 911 2927 φιλοσοφίας
955 2862 1173 2933 ἀπάσης
1216 2865 1530 2934 φαίνεσθαι,
1564 2868 1659 2920 καὶ
1710 2853 1918 2934 πάντας

341 2937 661 3009 ἐκπλήττειν
679 2981 692 3005 ,
725 2941 799 3006 ὡς
833 2943 1061 3012 ἄγγελον
1091 2947 1150 3011 ἐξ
1181 2948 1407 3019 ούρανοῦ
1445 2951 1757 3005 καταϐάντα
1783 2952 1877 3007 νῦν
1897 2972 1912 2988 ο

339 3021 435 3108 καὶ
459 3021 661 3108 ὡσανεὶ,
677 3024 783 3108 τῶν
811 3028 1075 3098 χερουϐὶμ
1096 3030 1272 3084 αὐτῶν
1289 3031 1345 3084 ἓν
1360 3031 1451 3085 ἐπὶ
1472 3034 1568 3103 τῆς
1597 3034 1699 3105 γῆς
1720 3036 1911 3108 ἐφάνη,

340 3103 545 3185 πάντας
574 3106 891 3177 ἀνθρώπους
922 3111 1223 3182 ἐπέστρεψε
1261 3114 1398 3185 πρὸς
1432 3115 1612 3179 ἑαυτὸ,
1650 3103 1791 3170 οὕτω
1820 3103 1913 3172 καὶ

338 3184 436 3255 τὴν
466 3187 733 3256 παρθένον
768 3192 892 3254 τοὺς
919 3192 1161 3262 ὁρῶντας
1192 3195 1437 3259 ἃπαντας
1473 3199 1553 3259 είς
1591 3197 1777 3269 θαῦμα
1818 3201 1912 3254 καὶ

339 3268 596 3339 ἔκπληξιν
623 3272 723 3343 τῆς
751 3273 1061 3346 ἁγιωσύνης
1090 3278 1257 3348 αὐτῆς
1292 3279 1578 3349 ἐμϐάλλειν
1608 3268 1709 3334 δεῖ,
1743 3283 1910 3337 Ὅταν

336 3353 446 3424 γὰρ
479 3353 667 3426 βαδίζῃ
702 3355 800 3426 μὲν
833 3356 1022 3428 ῶσπερ
1051 3359 1119 3412 δι’
1147 3361 1411 3432 ἐρημίας,
1440 3363 1737 3433 καθέζηται
1762 3366 1816 3419 δέ
1850 3369 1909 3419 ἐν

336 3435 598 3520 ἐκκλησία
626 3439 762 3508 μετά
789 3440 947 3510 σιγῆς
979 3440 1284 3513 βαθυτάτης
1304 3487 1317 3506 ,
1344 3445 1404 3498 τὸ
1429 3444 1483 3497 δὲ
1514 3445 1668 3516 ὄμμα
1703 3449 1910 3520 μηδένα

332 3516 442 3569 τῶν
475 3520 756 3590 παρόντων
794 3523 896 3593 ὁρᾷ
917 3562 931 3585 ,
969 3522 1043 3594 μὴ
1076 3526 1375 3593 γυναικῶν,
1406 3529 1480 3597 μὴ
1515 3516 1743 3598 ἀνδρῶν,
1767 3516 1906 3586 ’ἀλλ’

330 3598 366 3685 ᾖ
389 3601 479 3653 τὸν
506 3602 754 3672 Νυμφίον
777 3605 957 3674 μόνον,
980 3606 1166 3679 ὥσπερ
1184 3611 1423 3680 παρόντα
1445 3614 1539 3664 καὶ
1562 3616 1902 3685 φαινόμενον·

333 3681 400 3734 ἂν
438 3687 589 3755 χωρῇ
622 3685 680 3738 δὲ
702 3687 906 3753 οἴκαδε,
940 3688 1099 3742 πάλιν
1134 3690 1308 3762 τούτῳ
1346 3692 1689 3763 διαλεχθεῖσα
1722 3681 1780 3749 ἐν
1817 3699 1909 3751 εὐ-

331 3769 474 3833 χαῖς,
509 3769 601 3821 καὶ
630 3768 731 3839 τῆς
764 3771 929 3824 αὑτοῦ
963 3772 1129 3842 μόνης
1156 3774 1436 3828 ἀκούσασα
1471 3778 1651 3848 φωνῆς
1679 3778 1767 3832 διὰ
1799 3781 1904 3836 τῶν

330 3850 580 3920 Γραφῶψ
605 3853 867 3923 γενομένη
898 3854 956 3908 δὲ
986 3857 1077 3908 ἐπὶ
1101 3856 1201 3926 τῆς
1226 3859 1424 3923 οἰκίας,
1446 3860 1535 3911 τὸν
1570 3861 1902 3933 ποθούμενον

328 3933 713 4004 ἁναλογίξηται
746 3936 896 4009 [265]
933 3939 1119 4008 μόνον,
1162 3940 1267 3994 κᾶν
1297 3941 1421 4012 ξένη
1451 3944 1545 3997 καὶ
1575 3946 1837 4015 πάροικος

327 4017 424 4068 καὶ
455 4019 832 4099 παρεπίδηγμος
853 4059 869 4083 ν
905 4023 997 4074 καὶ
1026 4022 1201 4076 πάντα
1232 4028 1381 4099 ποιῇ,
1411 4026 1486 4089 ὡς
1510 4027 1657 4090 είκὸς
1685 4028 1781 4099 τὴν
1814 4017 1903 4094 ξεῖ

326 4115 426 4183 νην
444 4099 553 4154 τῶν
582 4096 815 4183 ἐνταῦθα
838 4106 1179 4174 πραγμάτων
1199 4144 1213 4168 ,
1243 4096 1431 4178 καὶμὴ
1459 4110 1616 4178 μόνον
1653 4096 1898 4183 ἀρρένων

324 4177 476 4249 ὄψεις
500 4181 698 4256 φεύγῃ,
726 4184 862 4237 ἀλλά
889 4187 981 4239 καὶ
1003 4188 1276 4255 γυναικῶν
1307 4177 1590 4244 συνουσίαν
1617 4193 1729 4246 τῶν
1769 4195 1897 4265 βιω-

325 4264 656 4334 τικωτέρων.
696 4267 790 4320 καὶ
815 4269 1049 4323 τοσαῦτα
1077 4270 1153 4341 τῷ
1180 4270 1392 4341 σώματι
1416 4274 1751 4346 διακονῆται,
1772 4264 1775 4265 ν
1793 4279 1894 4331 ὅσα

325 4347 536 4430 ἀνάγκη
579 4350 740 4418 μόνον
760 4390 774 4412 ,
805 4350 865 4403 τὸ
889 4351 945 4403 δὲ
979 4354 1086 4406 πᾶν
1118 4355 1198 4417 είς
1230 4353 1326 4425 τὴν
1357 4356 1454 4426 τῆς
1490 4356 1669 4429 ψυχῆς
1698 4361 1893 4430 ἐπιμέ-

322 4427 471 4482 λειαν
493 4430 775 4504 ἀναλίσκῃ,
808 4433 891 4497 τίς
918 4436 978 4487 ού
1010 4436 1348 4502 θαυμάσεται
1374 4454 1387 4502 ;
1412 4439 1494 4502 τίς
1514 4427 1896 4513 οὑκ-ἐκστήσε-

318 4529 433 4577 ται,
459 4513 517 4566 ἐν
547 4517 831 4587 γυναικεία
865 4517 1024 4585 φύσει
1071 4519 1346 4573 πολιτείαν
1372 4522 1673 4595 ἀγγελικὴν
1714 4526 1892 4595 ὁρῶν;

321 4596 404 4659 τίς
436 4595 492 4649 δέ
525 4597 660 4661 ὅλως
712 4600 999 4673 τολμήσειε
1038 4603 1381 4674 προσελθεῖν;
1419 4606 1503 4668 τίς
1550 4606 1606 4658 δέ
1654 4607 1894 4675 ἅψασθαι

319 4677 492 4733 ἕλοιτο
537 4683 936 4765 πεπυρωμένης
978 4684 1153 4756 ψυχῆς
1196 4686 1482 4758 ἄνθρωπος
1533 4688 1634 4755 (Iw;
1681 4691 1779 4746 Διά
1826 4693 1891 4765 δὴ

320 4761 477 4815 τοῦτο
506 4763 703 4828 πάντες
732 4766 829 4835 μὲν
848 4767 1243 4840 ἀποστήσονται
1272 4771 1490 4835 ἐκὸντες
1528 4774 1621 4825 καί
1645 4761 1889 4843 ἄκοντες,

319 4844 519 4909 πάντες
547 4846 604 4900 δέ
632 4848 1085 4920 ἐκπλαγήσονται,
1118 4852 1213 4906 ἀτε
1241 4855 1460 4925 χρυσίον
1495 4857 1891 4927 πεπυρωμένον

317 4928 412 5011 καςι
440 4928 761 4983 ἀποστίλϐον
799 4932 1052 5003 ὁρῶντες.
1080 4935 1232 5006 Ἔχει
1277 4936 1373 5006 μὲν
1405 4937 1514 5006 γάρ
1553 4939 1646 4992 καὶ
1677 4940 1814 5011 αὐτὴ
1853 4943 1886 5011 ἡ

316 5008 412 5062 τοῦ
451 5012 674 5082 χρυσίου
700 5013 860 5081 φύσις
893 5015 1089 5087 πολλὴν
1120 5019 1219 5088 τὴν
1262 5018 1582 5090 λαμπηδόνα
1606 5039 1619 5052 °
1658 5008 1891 5076 ὅτανδέ

317 5093 413 5176 καὶ
460 5095 559 5165 τὴν
591 5095 699 5149 ἀπὸ
733 5097 825 5151 τοῦ
853 5099 1021 5169 πυρὸς
1050 5100 1327 5173 προσλάϐῃ
1350 5141 1364 5164 ,
1399 5102 1581 5174 μεῖζον
1614 5105 1673 5158 τὸ
1707 5105 1891 5176 θαῦμα

316 5174 526 5242 γίνεται
562 5178 655 5231 καὶ
681 5180 1071 5252 φοϐερώτερον.
1109 5183 1174 5236 Et
1209 5184 1265 5236 δὲ
1294 5185 1386 5237 ἐπὶ
1426 5186 1678 5257 σώματος
1710 5174 1886 5255 τοῦτο,

314 5255 442 5340 ὁταν
469 5259 560 5311 ἐπὶ
592 5262 801 5331 χρυσῆς
845 5264 1001 5317 τοῦτο
1036 5266 1307 5340 συμϐαίνῃ
1339 5255 1535 5340 ψυχῆς,
1570 5271 1754 5324 ούκέτι
1797 5273 1890 5325 ἀν-

316 5336 553 5410 θρώποις
602 5344 793 5413 μόνον,
833 5346 968 5401 ἀλλά
1017 5350 1110 5401 καὶ
1148 5336 1693 5417 ἀγγέλοις-*ποθεινὸν
1735 5354 1887 5409 ἔσται

315 5421 515 5494 θέαμα.
546 5424 611 5477 Τί
644 5426 824 5481 τοίνυν
860 5432 1084 5500 κοσμεῖς
1116 5435 1344 5505 σεαυτὴν
1375 5435 1629 5505 ἱματίοις,
1657 5437 1747 5490 τὸν
1779 5439 1887 5491 ἀπὸ

311 5505 412 5576 τῆς
444 5507 641 5592 φλογὸς
668 5510 872 5582 ταύτης
907 5512 1104 5583 ἔχουσα
1130 5517 1371 5587 κόσμον;
1400 5520 1508 5572 Καὶ
1535 5520 1641 5590 γὰρ
1669 5521 1736 5574 τά
1762 5523 1887 5592 ίμά-

312 5603 402 5674 τια
426 5590 523 5660 οὐχ
547 5592 633 5645 ἵνα
655 5593 1124 5666 καλλωπιςώμεθα
1146 5600 1374 5663 δέδοται,
1395 5600 1508 5654 ἀλλ’
1535 5603 1624 5655 ἵνα
1650 5603 1747 5674 τὴν
1779 5590 1886 5658 ἀπὸ

311 5670 410 5755 τῆς
431 5677 766 5746 γυμνότητος
778 5679 1040 5749 αἰσχύνην
1062 5682 1414 5754 κρύπτωμενο
1436 5685 1533 5755 οὐχ
1551 5686 1636 5739 ἵνα
1658 5670 1883 5742 τοιαῦτα

312 5754 641 5840 ἐνδυώμεθα,
673 5760 708 5813 ἃ
733 5762 840 5814 τῶν
862 5765 1084 5834 γυμνῶν
1115 5766 1313 5836 μᾶλλον
1344 5770 1493 5839 ἡμᾶς
1525 5754 1877 5840 καταισχῦναι

308 5836 613 5909 δυνήσεται.
656 5844 755 5897 Διά
789 5846 945 5900 τοῦτο
977 5849 1069 5902 καὶ
1098 5849 1188 5904 τὸν
1228 5836 1398 5922 Ἀδάμ
1424 5853 1653 5924 χιτῶνας
1678 5836 1878 5927 δερμα-

369 5939 397 5970 ⁸
417 5940 566 5994 Sui].
589 5947 794 6013 ὅπουπερ
814 5951 886 6000 ἄν.

917 345 1107 412 QUOD
1145 347 1559 407 ιιεουιιλιιεε
1593 333 1878 410 FEMIN/E
1919 355 2103 413 mus
2139 353 2583 411 COHABITARE
2619 352 2759 411 NON
2793 352 3140 412 DEBEANT.

3460 349 3478 361 ’
3529 355 3633 413 523

2060 470 2241 533 τίνους
2286 468 2535 522 ἐνέδυσεν
2578 470 2606 521 ὁ
2643 467 2809 534 Θεὸς,
2862 471 2956 523 καὶ
2993 469 3090 541 τὴν
3122 469 3331 524 ἐκείνου
3366 480 3630 539 γυναῖκα.

2052 553 2230 607 καίτοι
2281 568 2345 620 γε
2380 552 2536 620 ἐνῆν,
2594 551 2751 623 εἴπερ
2797 551 3089 621 ἠϐούλετο,
3139 553 3278 607 καλά
3326 559 3629 627 περιθεῖναι

2051 636 2276 706 ἷμάτια’
2314 633 2427 686 ἀλλ’
2463 633 2669 686 ἀνωθεν
2701 636 2833 703 ἡμῖν
2867 636 2961 688 καὶ
2998 635 3064 688 δι’
3097 638 3319 691 ἐκείνων
3357 639 3629 699 δείκνυσιν

2046 718 2128 770 ὅτι
2156 718 2217 770 οὐ
2250 716 2461 786 τρυφῆς
2490 717 2518 767 ὁ
2552 715 2743 786 παρὼν
2774 719 2982 788 καιρὸς,
3008 718 3144 772 ἀλλά
3173 720 3265 773 τοῦ
3293 724 3497 778 στένειν
3533 728 3628 783 καὶ

2045 799 2362 853 κόπτεσθαι.
2390 798 2453 850 Εἰ
2474 799 2530 850 δὲ
2553 799 2685 851 αὐτὸ
2704 798 2773 886 τὸ
2793 799 3051 886 δεηθῆναι
3072 804 3366 886 περιϐολῆς
3393 811 3623 886 αἰσχύνη

2044 882 2138 934 καὶ
2170 882 2506 949 κατάγνωσις
2538 882 2631 933 καὶ
2667 881 2725 947 ἐξ
2754 883 3025 953 ἁμαρτίας
3046 885 3256 954 γέγονε,
3285 890 3338 942 τί
3370 892 3468 962 τῆς
3493 881 3623 949 κατᾷ

2043 965 2271 1035 ηγορίας
2317 964 2607 1048 ἐπιτείνεις
2647 964 2709 1015 τὸ
2750 964 3012 1035 αἴνιγμα;
3057 968 3129 1039 μὴ
3171 969 3279 1041 γὰρ
3324 974 3423 1028 οὐκ
3462 978 3624 1048 ἀρκεῖ

2042 1046 2210 1113 δεῖξαι
2236 1048 2335 1119 τὴν
2365 1046 2713 1099 κατάπτωσιν
2752 1048 2908 1117 ἡμῶν
2936 1050 3065 1101 αὐτὸ
3095 1052 3156 1104 τὸ
3200 1053 3457 1127 δεηθῆναι
3495 1046 3621 1114 σκέ-

2044 1144 2182 1199 πης;
2214 1128 2266 1180 τί
2307 1127 2528 1198 μείζονα
2578 1131 2759 1191 ποιεῖς.
2797 1130 2897 1201 τὴν
2928 1131 3215 1205 διαϐολήν;
3264 1138 3317 1190 τί
3357 1142 3455 1210 τὴν
3488 1160 3618 1197 κατ-

2042 1211 2268 1281 ηγορίαν
2306 1210 2521 1300 αὔξεις,
2573 1213 2919 1300 ἐπιτείνουσα
2961 1217 3058 1300 τὴν
3089 1219 3308 1288 χρείαν;
3345 1225 3471 1277 Δέον
3507 1228 3614 1300 γὰρ

2039 1292 2321 1363 ὀδύρεσθαι
2363 1294 2457 1346 καὶ
2495 1293 2721 1357 στένειν,
2753 1297 2846 1348 καὶ
2873 1297 2935 1349 τὸ
2970 1298 3127 1369 σῶμα
3153 1304 3285 1356 αὐτὸ
3314 1292 3614 1365 ἀποθέσθαι

2038 1374 2177 1428 κατά
2208 1377 2298 1429 τὸν
2333 1375 2575 1459 Παῦλον·
2602 1378 2765 1459 ἡμεῖς
2801 1378 2857 1430 δὲ
2894 1381 3179 1452 καθήμεθα
3216 1388 3341 1459 περὶ
3385 1390 3451 1443 τά
3485 1409 3612 1446 σκε-

2037 1458 2301 1528 πάσματα
2348 1458 2512 1511 αὐτοῦ
2554 1457 3023 1529 φιλοτεχνοῦντες,
3074 1465 3261 1538 ῶσπερ
3288 1457 3373 1523 Ἵᾶν
3424 1473 3480 1524 εί
3525 1492 3612 1540 τις

2036 1541 2304 1611 οίδήματα
2336 1540 2464 1624 περὶ
2495 1540 2591 1611 τὴν
2633 1541 2754 1610 ὁψιν
2783 1542 2943 1613 ἔχων,
2988 1548 3190 1621 καὶοείς
3227 1551 3472 1624 ἀνάγκην
3509 1559 3606 1610 τοῦ

2036 1622 2260 1675 σκέπειν
2288 1623 2429 1674 αὐτὰ
2454 1624 2757 1687 καταστὰς,
2786 1626 2863 1679 ἔτι
2896 1629 2990 1680 καὶ
3034 1630 3365 1697 καλλωπίζοι
3406 1622 3472 1689 τὰ
3508 1657 3607 1693 κα-

2032 1704 2290 1774 λύμματα
2329 1706 2521 1759 ταῦτα.
2545 1706 2644 1758 Διά
2672 1707 2831 1760 τοῦτο
2865 1709 3078 1774 Ἠλίας,
3123 1714 3209 1766 διά
3231 1717 3388 1770 τοῦτο
3426 1721 3606 1775 Ἰωάν-

2032 1804 2128 1858 νης
2166 1788 2343 1858 ἁπλῆν
2384 1782 2527 1857 εἶχον
2574 1788 2811 1859 ἐσθῆτα,
2850 1791 3202 1863 δερματίνους
3239 1801 3471 1869 χιτῶνας
3514 1807 3607 1858 καὶ

2034 1871 2223 1939 ίμάτια
2270 1871 2989 1956 τρίχιναπεριϐαλλόμενοιο
3031 1879 3319 1949 ἠπείγοντο
3354 1889 3464 1956 γάρ
3512 1890 3606 1941 καὶ

2029 1953 2338 2023 ἐπεθύμουν
2372 1954 2434 2007 τὸ
2474 1953 2675 2023 ἔνδυμα
2710 1956 2807 2025 τῆς
2851 1958 3160 2032 ἀφθαρσίας
3202 1963 3401 2021 λαϐεῖν.
3435 1953 3508 2023 Σὺ
3544 1971 3604 2025 δὲ

2028 2036 2121 2089 καὶ
2145 2036 2243 2098 τάς
2274 2038 2330 2087 ἐν
2364 2039 2534 2106 σκηνῇ
2563 2040 2928 2109 παρατρέχεις
2948 2049 3209 2110 γυναῖκας
3242 2052 3307 2119 τῇ
3346 2051 3451 2104 τῶν
3476 2055 3603 2123 ίμα-

2024 2119 2154 2173 τίων
2186 2120 2474 2189 περιεργία
2493 2159 2507 2182 ,
2534 2120 2600 2171 δι’
2626 2123 2848 2175 ἐκείνων
2870 2128 2978 2188 τοῖς
2999 2128 3090 2180 ἀνε
3101 2133 3467 2202 πτερωμένοις
3494 2119 3602 2190 τῶν

2025 2203 2160 2254 νέων
2189 2201 2399 2255 τιθεῖσα
2430 2203 2525 2263 τὰς
2555 2206 2820 2273 μηχανάς.
2868 2209 2979 2277 Ούχ
3007 2210 3149 2266 οὕτω
3174 2201 3234 2267 σε
3278 2220 3602 2287 κοσμεῖσθαι

2024 2286 2119 2336 καί
2156 2285 2590 2348 καλλωπίζεσθαι
2636 2286 2881 2354 βούλεται
2922 2292 2950 2342 ὁ
2991 2294 3263 2365 Νυμφίος,
3292 2285 3406 2352 ἀλλ’
3434 2303 3490 2354 ἐν
3529 2308 3596 2373 τῇ

2021 2366 2163 2438 ψυχῇ
2216 2384 2308 2419 σου
2356 2369 2536 2421 πᾶσαν
2578 2370 2900 2425 ἀποκεῖσθαι
2947 2376 3111 2430 αὐτοῦ
3144 2380 3241 2449 τὴν
3285 2382 3439 2448 δόξαν
3482 2366 3598 2437 ἐκέί

2021 2447 2209 2500 λευσει
2244 2450 2307 2502 σὺ
2339 2449 2395 2502 δὲ
2425 2450 2642 2521 ἐκείνης
2679 2453 2777 2521 μὲν
2812 2456 3118 2524 ἀμελοῦσα,
3160 2447 3249 2515 τὸν
3292 2447 3462 2535 πηλὸν
3501 2469 3595 2519 καὶ

2018 2531 2117 2602 τὴν
2149 2532 2350 2602 τέφραν
2389 2539 2755 2603 κατακοσμεῖς
2793 2540 3082 2604 ποικίλως,
3118 2546 3212 2599 καὶ
3245 2531 3479 2617 ἐραστὰς
3509 2551 3595 2604 ἓλ-

2018 2631 2134 2677 κεις
2167 2614 2535 2678 ἀκολάστους,
2568 2618 2660 2670 καὶ
2695 2622 2914 2689 μοιχοὺς
2947 2625 3152 2696 ἐργάζῃ
3184 2630 3308 2690 τοὺς
3332 2632 3591 2700 ὁρῶντας,

2016 2696 2092 2759 ὡς
2121 2697 2326 2762 εἰπεῖν,
2359 2697 2623 2763 ἅπαντας.
2659 2702 2767 2754 Καὶ
2804 2703 2884 2755 ὃτι
2913 2706 3013 2774 μὲν
3041 2709 3174 2762 πολὺ
3219 2696 3468 2781 συνάγεις
3503 2721 3592 2769 ἐν-

2014 2779 2208 2833 τεῦθεν
2237 2781 2300 2832 τὸ
2336 2780 2465 2852 πῦρ,
2506 2781 2627 2834 οὐδὲ
2666 2785 2835 2854 αὐτὴν
2868 2784 3022 2857 οἶμαί
3054 2807 3111 2843 σε
3141 2779 3404 2865 ἀντερεῖν·
3426 2799 3591 2854 ὅτιδέ

2014 2864 2109 2916 καὶ
2158 2863 2343 2929 ἀδοξία
2377 2866 2472 2916 καὶ
2516 2865 2716 2929 ὄνειδος
2752 2869 2998 2923 ἐντεῦθεν
3040 2863 3390 2943 ἐψεται,τκαὶ
3432 2882 3591 2936 τοῦτο

2013 2947 2348 3017 πειράσομαι
2371 2947 2594 3016 ποιῆσαι
2618 2950 2851 3020 φανερὸν
2876 2954 2971 3005 ἀπ’
2992 2956 3170 3009 αὐτῶν
3193 2959 3299 3013 τῶν
3322 2962 3587 3029 ἐραστῶν.

2014 3027 2183 3082 Ὅταν
2215 3029 2322 3099 γὰρ
2349 3031 2382 3099 ή
2418 3030 2518 3099 μὲν
2550 3032 2648 3101 τὴν
2672 3033 2848 3103 ψυχὴν
2877 3036 3292 3103 καλλωπίζουσα
3327 3027 3416 3097 τὸν
3455 3046 3588 3099 Θεὸν

2011 3110 2111 3184 ἔχῃ
2151 3111 2244 3164 τοῦ
2273 3112 2499 3197 κάλλους
2534 3115 2796 3185 ἐραστὴν,
2833 3118 2897 3170 σὺ
2924 3119 2981 3172 δὲ
3007 3122 3357 3192 ἀνθρώπους,
3386 3128 3585 3197 μᾶλλον

2009 3193 2066 3247 δέ
2095 3195 2217 3248 ούδέ
2241 3195 2581 3268 ἀνθρώπους,
2607 3197 2741 3251 ἀλλά
2768 3201 2983 3272 χοίρους
3009 3205 3102 3257 καὶ
3124 3205 3311 3271 κύνας,
3339 3193 3434 3263 καὶ
3454 3211 3507 3264 εῖ
3529 3230 3583 3267 τι

2006 3279 2212 3333 τούτων
2234 3279 2590 3350 ἀλογώτερον,
2613 3281 2695 3345 τίς
2724 3281 2895 3348 οὕτως
2923 3286 3165 3356 ἀνόητος,
3193 3289 3269 3353 ὡς
3296 3293 3354 3344 σὲ
3383 3295 3582 3364 μᾶλλον

2007 3362 2221 3433 ἐκείνης
2260 3364 2633 3433 κεκοσμῆσθαι
2672 3366 2836 3434 φάναι
2866 3369 2964 3438 τῆς
2999 3368 3090 3422 τὸν
3118 3372 3250 3425 Θεὸν
3282 3376 3363 3439 είς
3387 3362 3581 3431 ἐπιθυ-

2009 3445 2139 3514 μίαν
2158 3446 2397 3531 ἀγούσης
2423 3447 2523 3516 τῆς
2550 3449 2847 3518 εὐμορφίας
2869 3454 2966 3518 τῆς
2991 3452 3166 3521 ένδον;
3196 3457 3354 3511 Ὥστε
3381 3461 3489 3531 ὅσῳ
3512 3461 3581 3519 ἂν

2006 3528 2278 3599 ἐπιτείνῃς
2305 3530 2403 3598 τὴν
2427 3532 2766 3616 περιεργίαν,
2785 3535 3021 3606 τοσούτῳ
3042 3537 3269 3606 γέγονας
3296 3528 3577 3616 βδελυκτὴ,

2003 3613 2095 3665 τὸν
2121 3613 2220 3682 μὲν
2255 3612 2386 3664 Θεὸν
2412 3612 2561 3685 [264]
2592 3615 2993 3687 ἀποτρέπουσα,
3017 3626 3237 3685 τούτους
3268 3624 3324 3677 δὲ
3352 3612 3579 3694 ἐφελκο-

2006 3698 2141 3767 μένη
2158 3737 2173 3761 ,
2208 3698 2300 3750 καὶ
2323 3696 2491 3781 ταύτῃ
2526 3699 2785 3767 μειζόνως
2809 3704 3134 3775 αἰσχροτέρα
3160 3713 3457 3781 φαινομένη
3484 3713 3580 3765 καὶ

2001 3780 2266 3850 δυσειδής.
2310 3779 2434 3843 Πῶς
2467 3782 2573 3864 γὰρ
2615 3783 2675 3835 οὐ
2711 3783 2954 3855 δυσειδὴς
2992 3789 3023 3856 ἡ
3063 3790 3138 3860 μὴ
3178 3779 3453 3864 δυναμένην
3484 3797 3579 3851 τὸν

2000 3863 2133 3916 Θεὸν
2168 3863 2576 3917 ἐπισπάσασθαι
2602 3883 2615 3929 ;
2639 3866 2702 3917 Et
2745 3866 2802 3919 δὲ
2845 3870 2877 3938 ή
2920 3871 3370 3947 καλλωπιζομένη
3404 3863 3577 3945 οὕτως

1999 3947 2170 4019 ἀηδὴς
2187 3988 2203 4013 ,
2241 3950 2275 4018 ἡ
2307 3949 2402 4000 καὶ
2432 3946 2783 4002 συνοικοῦντα
2804 3951 3002 4021 ἔχουσα
3026 3955 3278 4027 ἐννόησον
3304 3946 3425 4013 ὅσον
3450 3964 3575 4016 ἐπι-

1996 4029 2163 4082 τείνει
2182 4029 2242 4082 τὸ
2267 4029 2441 4100 μῖσος.

2067 4119 2140 4184 η’.
2174 4112 2334 4180 Ἀλλ’,
2349 4114 2574 4181 είδοκεῖ,
2597 4115 2671 4188 μὴ
2686 4116 2783 4188 τὴν
2806 4120 3115 4193 συνοίκησιν
3128 4125 3370 4197 εἴπωμεν
3389 4129 3568 4198 μόνον,

1996 4197 2130 4251 ἀλλά
2159 4199 2251 4282 καί
2277 4198 2670 4282 ἀναπτύξωμεν
2694 4202 2884 4273 αὐτὴν,
2910 4204 3048 4258 ὥστε
3082 4197 3440 4282 αἰσχροτέραν
3470 4231 3573 4282 φα-

1995 4282 2167 4352 νῆναι.
2198 4279 2414 4364 ξῌπειδὴ
2431 4283 2537 4351 γάρ
2566 4283 2624 4334 ού
2653 4282 2919 4338 δεδοίκασι
2937 4290 3027 4341 τὸν
3051 4279 3349 4363 ἀκοίμητον
3369 4279 3572 4364 ὀφθαλ-

1997 4365 2118 4436 μὸν,
2159 4362 2275 4416 ἀλλ’
2326 4365 2375 4416 οἱ
2409 4364 2679 4435 ὀφθαλμοὶ
2715 4367 2822 4420 τῶν
2862 4371 3184 4443 ἀνθρώπων,
3227 4362 3383 4429 τοῦτο
3406 4362 3570 4446 φόϐος

1993 4451 2175 4512 αὐτοῖς
2194 4487 2209 4512 ,
2241 4447 2373 4519 φέρε
2400 4452 2495 4502 καὶ
2522 4449 2724 4519 ταύτης
2756 4453 2954 4516 αὐτοὺς
2982 4458 3442 4530 ἀποστερήσωμεν
3471 4463 3569 4533 τῆς

1993 4535 2377 4605 παραμυθίας,
2426 4534 2460 4588 a
2500 4536 2801 4605 κρύπτουσι
2846 4542 3011 4608 τοῖχοι
3042 4542 3136 4594 καὶ
3180 4544 3565 4609 συσκιάζουσι,

1991 4618 2161 4672 ταῦτα
2193 4621 2271 4682 εἰς
2307 4620 2468 4688 μέσον
2497 4621 2813 4687 ἀγαγόντες,
2848 4623 2942 4674 καλ⁵
2963 4624 3062 4687 τὰς
3098 4625 3267 4696 θύρας
3294 4630 3566 4683 ἀναπετά-

1992 4719 2184 4766 σαντες
2214 4706 2324 4767 τοῖς
2358 4703 2696 4773 βουλομένοις
2720 4706 2851 4775 ὁρᾷν
2872 4749 2885 4772 ,
2910 4706 3016 4759 ἀπὸ
3045 4710 3139 4780 τῆς
3174 4712 3335 4782 εὐνῆς
3366 4713 3563 4778 αὐτοὺς

1990 4786 2202 4857 πρῶτον
2227 4787 2537 4857 ἐγείραντες
2559 4803 2571 4815 ·
2605 4787 2803 4857 μᾶλλον
2823 4789 2900 4853 δὲ,
2924 4794 2972 4843 εί
3004 4793 3183 4859 δοκεῖ,
3209 4797 3277 4849 τά
3303 4797 3440 4849 κατά
3461 4798 3559 4868 τὴν

1989 4870 2167 4925 οἰκίαν
2190 4868 2532 4940 ἐξετάσωμεν
2561 4870 2798 4941 πρῶτον,
2823 4873 2918 4925 καὶ
2937 4873 3115 4945 δῶμεν
3141 4877 3339 4948 τοίχοις
3362 4880 3558 4943 αὐτοὺς

1988 4954 2317 5026 διείργεσθαι
2344 4954 2436 5007 καὶ
2468 4955 2729 5025 οἰκήμασι
2758 4956 3148 5023 καθεύδοντας·
3180 4962 3300 5016 οὐδὲ
3328 4963 3437 5034 γὰρ
3476 4960 3557 5016 οἶ-

1992 5038 2088 5108 μαί
2112 5037 2399 5102 τινα,ακᾶν
2435 5037 2638 5108 σφόδρα
2667 5040 2993 5112 ἀσχημονεῖν
3039 5044 3243 5110 ἕλοιτο,
3281 5047 3442 5118 μέχρι
3473 5065 3561 5101 το-

1989 5121 2179 5175 σούτου
2210 5121 2726 5191 παραδειγματίζειν
2759 5124 2979 5189 ἐαυτὸν,
3013 5126 3088 5190 ὡς
3120 5129 3212 5182 καὶ
3235 5131 3292 5183 ὲν
3324 5132 3403 5183 ἐνὶ
3431 5131 3563 5185 καθ-

1988 5205 2167 5257 εύδειν
2216 5204 2498 5274 οἰκήματι.
2539 5204 2821 5261 Ἔστωσαν
2873 5209 3047 5261 τοίνυν
3085 5209 3400 5283 διῃρημένοι
3450 5217 3563 5277 τοῖς

1985 5286 2188 5356 τοίχοις
2208 5304 2222 5317 ·
2267 5287 2361 5339 καὶ
2388 5286 2440 5338 τί
2468 5284 2653 5352 τοῦτο;
2676 5289 2736 5340 ού
2764 5289 2872 5360 γάρ
2909 5291 3089 5345 ἱκανὸν
3119 5296 3421 5363 ἀπαλλάξαι
3468 5300 3564 5351 ὐπ-

1985 5369 2144 5438 οψίας
2181 5367 2405 5430 αὐτούς·
2439 5368 2576 5439 πλὴν
2611 5369 2743 5423 άλλά
2783 5372 2946 5442 μηδὲν
2995 5375 3123 5446 περὶ
3159 5378 3393 5449 ὑποψίας
3441 5380 3559 5447 νῦν,

1988 5453 2123 5522 μηδὲ
2148 5452 2241 5504 ἐάν
2270 5452 2460 5524 μυρίαι
2491 5454 2773 5509 παιδίσκαι
2817 5459 3132 5512 συνοικῶσιν
3161 5462 3339 5532 αύτῷ*
3374 5464 3473 5532 τὴν
3502 5465 3559 5517 δὲ

1983 5535 2149 5606 ἀλλην
2175 5535 2561 5621 ἀσχημοσύνην
2580 5538 2922 5609 ἐξετάσωμεν
2943 5542 3099 5606 τέως.
3126 5546 3423 5615 Συμϐαίνει
3450 5548 3559 5621 γάρ

1983 5619 2125 5672 κατά
2141 5620 2336 5672 ταυτὸν
2367 5620 2703 5684 ἀναστάντας
2724 5662 2739 5683 ,
2763 5623 2824 5675 ού
2847 5626 3185 5696 παννυχίδων
3217 5628 3401 5683 ἐνεκεν
3430 5632 3447 5700 (
3466 5619 3557 5683 ob-

1982 5704 2070 5758 δὲν
2107 5705 2214 5776 γὰρ
2257 5705 2363 5757 ἀπὸ
2409 5704 2518 5757 τῶν
2555 5706 2811 5759 τοιούτων
2846 5707 3034 5778 ψυχῶν
3066 5710 3290 5778 εὐλαϐὲς
3322 5715 3386 5768 ἀν
3423 5733 3555 5771 ποτε

1982 5788 2240 5858 γένοιτο),
2263 5789 2356 5840 καὶ
2379 5788 2632 5841 διοδεύειν
2656 5789 2915 5870 ἀλλήλους
2940 5793 3241 5863 κειμένους,
3271 5798 3363 5850 καὶ
3390 5816 3557 5870 προσ-

1986 5869 2314 5940 φθέγγεσθαι
2369 5871 2611 5943 νύκτωρ·
2639 5866 2701 5925 οὗ
2733 5872 2786 5924 τί
2828 5874 3022 5941 γένοιτ’
3066 5875 3133 5929 ἂν
3171 5866 3556 5954 αἰσχρότερονς

1983 5954 2048 6009 El
2084 5955 2139 6008 δὲ
2190 5956 2431 6030 συμϐαίη
2486 5961 2579 6013 καὶ
2628 5960 2979 6032 ἀρῤωστῆσαι
3037 5962 3190 6032 ἄφνω
3240 5966 3338 6035 τὴν
3382 5985 3557 6022 συνοι-
