4036 6416
532 314 637 378 529

527 440 793 499 κοῦσανι,
838 433 960 488 οὑδέ
998 433 1192 505 τοίχων
1220 432 1455 488 ἐνταῦθα
1493 434 1684 503 ὄφελος
1725 434 1931 498 λοιπὸν,
1965 433 2102 487 ἀλλά

525 522 817 584 διαναστάς
852 518 958 590 πρὸ
992 518 1101 573 τῶν
1129 519 1304 573 ἀλλων
1346 520 1725 591 ἐπεισέρχεται
1758 519 1987 592 κειμένῃ
2031 521 2098 589 τῇ

526 606 802 679 παρθένῳ,
846 604 946 675 τὴν
988 604 1303 676 ἀρρωστίαν
1345 603 1484 674 έχων
1523 602 1842 671 ἀπολογίαν,
1873 601 2100 657 καὶτῶν

525 686 921 760 θεραπαινίδων
988 685 1247 749 πολλάκις
1305 687 1663 757 ὀκνηρότερον
1723 685 2099 757 διακειμένων,

525 774 620 824 καὶ
658 769 1079 842 παρακάθηται,
1108 771 1203 824 καὶ
1245 769 1314 823 τά
1348 770 1484 825 ἄλλα
1516 769 1854 840 ἐπιμελεῖται
1874 809 1888 830 .
1936 768 1972 823 ἃ
2004 785 2101 837 γυ-

524 858 715 918 ναῖκας
764 855 924 924 μόνον
961 852 1222 916 πολλάκις
1270 852 1427 923 θέμις
1469 853 1767 917 διακονεῖν,
1828 852 1924 907 καὶ
1977 850 2100 905 οὗτε

524 938 706 1007 ἐκείνη
743 935 1093 1007 αἰσχύνεται,
1138 935 1272 989 ἀλλά
1309 937 1405 990 καὶ
1443 934 1944 1005 ἐγκαλλωπίζεται,
1975 934 2099 988 οὑτε

524 1016 676 1084 οὗτος
715 1020 972 1092 ἐρυθριᾷ,
1004 1018 1141 1072 ἀλλά
1186 1019 1281 1072 καὶ
1317 1018 1497 1090 χαίρει
1548 1017 1830 1090 μειζόνως,
1874 1018 1968 1072 καὶ
2009 1035 2100 1071 το-

528 1103 702 1174 σούτῳ
756 1103 974 1173 μᾶλλον,
1020 1103 1131 1174 ὅσῳ
1176 1102 1275 1172 τὴν
1311 1101 1553 1156 δουλείαν
1587 1102 1939 1174 αἰσχρότερον
1976 1104 2100 1156 ἐπι-

525 1186 826 1265 δείκνυται·
859 1186 954 1240 καὶ
978 1188 1011 1256 ἡ
1034 1185 1361 1254 ἀποστολικὴ
1393 1187 1549 1256 ῥῆσις
1578 1186 1758 1254 ἐκείνη
1798 1187 1833 1255 ἡ
1871 1185 2101 1253 λέγουσα

526 1271 630 1335 ὅτι,
670 1271 737 1324 Ἠ
761 1268 909 1333 δόξα
940 1269 1010 1321 ἐν
1035 1268 1111 1335 τῇ
1137 1269 1400 1337 αἰσχύνῃ
1433 1267 1649 1332 αὐτῶν,
1670 1268 1760 1321 διά
1786 1267 1893 1321 τῶν
1925 1269 2100 1340 ἔργων

525 1352 800 1406 δείκνυται
832 1353 974 1407 τότε.
1009 1352 1176 1404 Ὅταν
1206 1351 1263 1403 δέ
1300 1351 1391 1404 καὶ
1423 1353 1480 1404 αἰ
1512 1351 1885 1422 θεραπαινίδες
1920 1352 2100 1405 διανα-

526 1436 724 1499 στῶσι,
766 1434 960 1506 χείρων
1002 1436 1035 1504 ή
1067 1434 1293 1506 αἰσχύνη
1317 1451 1330 1463 ’
1376 1435 1470 1488 καὶ
1520 1435 1626 1505 γὰρ
1663 1435 2100 1506 ἀκατακαλύπτῳ

524 1521 592 1588 τῇ
616 1518 844 1588 κεφαλῇ,
871 1518 971 1589 καὶ,
989 1518 1360 1587 μονοχίτωνες,
1387 1520 1481 1571 καὶ
1497 1523 1731 1589 γυμναῖς
1750 1522 1867 1583 ταῖς
1890 1520 2098 1590 χερσὶν,

526 1602 623 1656 ᾶτε
651 1600 1083 1673 τεθορυϐημέναι
1121 1601 1215 1654 καὶ
1244 1603 1301 1656 ἐν
1333 1604 1488 1656 νυκτὶ
1516 1603 1922 1673 διανιστάμεναι
1942 1643 1955 1669 ,
1985 1604 2101 1658 δια-

524 1685 778 1755 τρέχουσι
803 1684 1067 1755 παρόντος
1093 1686 1305 1738 ἐκείνου
1325 1727 1339 1746 .
1367 1687 1566 1756 μᾶλλον
1594 1688 1650 1741 δὲ
1677 1690 1733 1741 ἐν
1767 1688 1918 1759 μέσῳ
1945 1705 2102 1760 στρε-

527 1770 763 1837 φομένου
812 1769 907 1820 καὶ
953 1767 1380 1834 συνδιαθέοντος,
1435 1771 1649 1824 ἅπαντα
1702 1772 2098 1838 ἀναγκάζονται

527 1850 803 1921 πληροῦνο
835 1845 896 1902 οἶ)
940 1850 993 1903 τί
1031 1852 1239 1918 γένοιτο
1272 1851 1338 1904 ἂν
1364 1853 1753 1924 αἰσχρότερον;
1791 1850 1853 1907 Εί
1890 1854 1947 1907 δέ
2004 1856 2098 1908 καὶ

531 1938 666 2004 μαῖα
686 1935 1067 2005 παραγένοιτο,
1092 1936 1200 1988 οὐδ’
1227 1935 1399 1999 οὑτως
1422 1937 1827 2008 ἐπαισχύνεται,
1848 1938 1984 1992 ἀλλά
2005 1940 2099 1993 καὶ

528 2018 705 2089 κορῶν
740 2018 1033 2089 ἀλλοτρίων
1066 2018 1337 2072 ἐπιουσῶν
1369 2019 1742 2091 ἐναϐρύνεται.
1776 2023 1871 2085 Εἰς
1900 2021 1961 2074 ἓν
1990 2022 2098 2093 γάρ

527 2104 627 2173 ὁρᾷ
685 2101 877 2171 μόνον,
929 2102 1076 2166 ὅπως
1122 2102 1447 2166 ἐπιδείξαιτο
1485 2106 1551 2174 τῇ
1602 2105 1959 2179 ἀρρωστούσῃ
1998 2105 2097 2177 τὴν

528 2186 722 2238 ἐαυτοῦ
753 2185 1055 2249 διακονίαν,
1087 2186 1187 2239 οὑκ
1216 2186 1368 2248 εἰδὼς
1401 2187 1482 2240 ὅτι
1516 2188 1624 2258 ὅσῳ
1651 2187 1714 2241 ἂν
1743 2189 2094 2259 ἐπιδείξηται,

527 2266 765 2337 τοσούτῳ
785 2268 985 2338 μᾶλλον
1012 2270 1107 2321 καὶ
1132 2269 1304 2339 αὐτὴν
1325 2270 1572 2323 κάκεῖνον
1598 2272 1963 2341 καταισχύνει.
1989 2275 2099 2326 Kal

526 2350 580 2401 τί
612 2350 922 2421 θαυμαστὸν
952 2353 1001 2404 εἰ
1029 2352 1476 2423 παραγενομένην
1508 2353 1584 2424 μὴ
1609 2354 1869 2427 ἐρυθριᾷ;
1904 2356 2099 2410 πολλά-

524 2451 615 2495 κις
639 2435 747 2504 γᾶρ
773 2435 867 2487 καὶ
885 2435 1063 2505 μέσων
1085 2435 1293 2488 νυκτῶν
1319 2436 1418 2488 οὑκ
1442 2435 1681 2499 ὀκνοῦσι,
1702 2436 2098 2508 θεραπαινίδων

528 2516 921 2586 εὐτελεστέρων
956 2517 1117 2585 ἔργον
1156 2518 1453 2583 ποιοῦντες,
1490 2521 1576 2573 ἐπ’
1602 2520 1769 2591 αὐτὴν
1801 2522 1899 2593 τὴν
1934 2526 2099 2591 μαῖαν

522 2599 751 2669 δραμεῖν
770 2619 785 2631 ·
815 2599 943 2651 ὅταν
969 2601 1026 2652 δὲ
1054 2601 1449 2670 παραγένηται,
1472 2602 1567 2655 νῦν
1592 2603 1690 2673 μέν
1713 2605 1875 2657 αὑτὸν
1902 2606 2098 2660 ἐκϐάλ-

524 2681 678 2735 λουσι
722 2681 813 2735 καὶ
842 2680 1070 2747 ἄκοντα,
1117 2681 1219 2735 κᾶν
1272 2682 1392 2737 λίαν
1427 2684 1780 2755 ἀναίσχυντος
1860 2727 1875 2747 ,
1907 2689 2002 2742 νῦν
2043 2689 2100 2742 δέ

525 2764 912 2834 ἐπιτρέπουσιν
937 2764 964 2803 δ
995 2764 1256 2819 εἰσελθεῖν
1282 2767 1380 2819 καὶ
1405 2770 1778 2835 παρακαθίσαι
1799 2786 1813 2800 ο
1845 2771 2020 2825 καίτοι
2047 2773 2099 2826 τί

524 2849 593 2901 άν
637 2865 741 2911 τις,
796 2847 897 2900 κᾶν
956 2847 1127 2918 μυρία
1176 2848 1505 2924 ἐπιτηδεύοῃ
1554 2850 1694 2905 ὥστε
1741 2854 2100 2925 καταισχῦναι

527 2931 727 2992 αὑτὸν,
782 2929 1022 2984 τοιοῦτον
1073 2932 1351 3002 ποιήσειεν
1394 2933 1493 2999 ἂν,
1545 2930 1657 2988 οἷον
1712 2937 1876 3001 αὐτὸς
1931 2955 2101 2992 κατα-

529 3015 783 3078 σκευάζει
815 3013 1022 3083 ἐαυτῷ;
1062 3014 1230 3067 Ὅταν
1276 3014 1333 3068 δέ
1366 3017 1550 3088 ἡμέρα
1580 3020 1824 3090 γένηται,
1866 3022 1960 3073 καὶ
2003 3022 2102 3092 τῆς

524 3097 687 3167 εὑνῆς
722 3096 1061 3166 ἀμφοτέρους
1105 3096 1486 3162 ἐξανίστασθαι
1518 3101 1610 3171 δέῃ
1634 3140 1648 3161 ,
1675 3101 1823 3174 [265]
1865 3104 2101 3172 φυλακαὶ

527 3181 621 3232 καὶ
657 3180 1087 3250 παρατηρήσεις.
1123 3179 1262 3235 Οῦτε
1292 3180 1399 3253 γάρ
1439 3183 1718 3254 προελθεῖν
1752 3188 1833 3249 εἰς
1869 3187 1929 3238 τὸ
1972 3186 2101 3251 ἐξώ-

526 3278 682 3331 τερον
709 3261 977 3331 δωμάτιον
1011 3261 1182 3326 ἀδεῶς
1213 3263 1351 3335 αὑτὴ
1380 3263 1579 3319 δύναιτ’
1610 3266 1675 3320 ἄν
1694 3285 1709 3298 ·
1752 3268 2013 3333 πολλάκις
2043 3270 2101 3323 δέ

526 3341 883 3415 προελθοῦσα,
907 3343 1036 3406 ίσως
1058 3345 1152 3397 καὶ
1173 3346 1365 3416 γυμνῷ
1386 3347 1462 3417 τῷ
1487 3347 1697 3419 σώματι
1722 3353 2103 3419 προσπεσοῦσα

525 3426 621 3479 τοῦ
646 3426 863 3497 ἀνδρόςο
892 3428 1143 3490 κάκεῖνος
1170 3428 1300 3480 αὑτὸ
1322 3429 1478 3483 τοῦτο
1504 3431 1851 3503 ὑφορώμενος
1880 3434 1974 3488 νῦν
2002 3436 2101 3506 μέν

527 3509 895 3579 προαγγείλας
926 3508 1171 3581 εἰσῆλθε,
1215 3511 1310 3564 νῦν
1343 3512 1401 3565 δέ
1428 3513 1775 3584 ἀφυλάκτως,
1808 3520 1903 3571 καὶ
1935 3519 2100 3573 πολὺν

525 3590 747 3661 ὦφλησε
790 3591 1020 3660 γέλωτα·
1073 3593 1233 3648 πλέον
1263 3595 1372 3668 γάρ
1403 3598 1555 3652 οὐδὲν
1603 3602 1774 3653 εἰπεῖν
1820 3600 2096 3672 βούλομαι.

527 3673 712 3727 Ταῦτα
749 3673 827 3738 δὲ,
863 3676 912 3728 εἰ
953 3678 1046 3729 καὶ
1096 3678 1289 3749 μικρά,
1329 3681 1596 3749 μεγάλους
1624 3683 1901 3752 ἄνθρακας
1937 3686 2100 3738 ἀσελ-

524 3757 681 3825 γείας
707 3757 912 3811 τίκτειν
940 3759 1117 3812 εἴωθε.
1148 3762 1255 3814 Kal
1288 3762 1459 3816 ταῦτα
1502 3766 1601 3835 μὲν
1642 3767 1735 3819 ἐπὶ
1769 3768 1867 3837 τῆς
1901 3769 2098 3833 οἰκίας,

526 3840 624 3894 καὶ
670 3840 892 3894 πλείονα
932 3842 1170 3895 τούτων’
1212 3844 1340 3897 ὅταν
1377 3846 1434 3899 δὲ
1480 3850 1560 3911 εἰς
1602 3849 1807 3920 ἀγορὰν
1851 3851 2101 3920 ἐμϐαλὼν

527 3923 807 3977 ἐπανιέναι
839 3923 1038 3995 μέλλῃ,
1071 3925 1271 3993 μείζων
1304 3930 1338 3998 ἡ
1369 3930 1718 4003 ἀσχημοσύνη
1751 3934 1931 3988 πάλιν.
1972 3936 2100 3989 "Are

528 4006 638 4077 γάρ
670 4009 748 4069 εἰς
783 4006 917 4059 ἰδίαν
948 4006 1129 4060 εἰσιὼν
1160 4009 1356 4074 οἰκίαν,
1400 4014 1495 4066 καί
1526 4014 1626 4066 οὑκ
1662 4015 2101 4087 ἀναγκαζόμενος

528 4087 926 4159 παραγγεῖλαι.
960 4089 1423 4161 παρακαθημένας
1454 4094 1625 4165 εὑρὼν
1662 4100 1924 4164 γυναῖκας
1967 4117 2100 4153 κατ-

526 4170 755 4241 ῄσχυνεν
794 4171 1026 4241 ἐκείνην·
1059 4173 1153 4225 καὶ
1183 4174 1320 4244 αὑτὴ
1350 4174 1406 4228 δὲ
1449 4176 1506 4228 τὸ
1536 4177 1668 4230 αὑτὸ
1698 4178 1932 4233 πέπονθε
1974 4184 2102 4235 πολ-

528 4254 707 4315 λάκις.
732 4254 839 4306 Kal
868 4256 1127 4321 γυναῖκας
1157 4256 1253 4325 μὲν
1274 4258 1408 4327 γυνὴ
1438 4258 1690 4323 δέξασθαι
1714 4263 1937 4333 αἰσχρὸν
1964 4261 2100 4319 εἶναι

528 4336 800 4405 νενόμικε,
824 4337 917 4388 καὶ
941 4337 1139 4407 ἄνδρας
1162 4340 1190 4391 6
1211 4341 1310 4411 ἀνή
1320 4357 1370 4411 ρ·
1394 4341 1642 4411 ἀλλήλοις
1665 4343 1721 4396 δέ
1752 4349 2017 4400 συνοικεῖν
2036 4349 2098 4401 οὑ

529 4416 955 4487 παραιτοῦνται,
1003 4420 1424 4491 παραιτούμενοι
1472 4423 1711 4496 ἀλλήλων
1743 4427 1868 4491 τοὺς
1903 4430 2104 4499 ὁμοφύ-

528 4500 651 4563 λους
686 4498 906 4564 ξενίσαι.
943 4500 1008 4552 Τί
1041 4502 1229 4555 τούτου
1268 4507 1447 4576 χεῖρον
1479 4506 1674 4574 γένοιτ’
1707 4508 1810 4573 άν;
1851 4511 2004 4564 Ἔστι
2043 4513 2100 4566 δέ

526 4583 616 4635 ὅτε
644 4583 807 4635 αὑτὸν
849 4584 942 4636 καὶ
973 4586 1191 4651 γυναικὶ
1219 4583 1374 4657 εὖρον
1414 4590 1872 4662 παρακαθήμενον
1902 4612 2103 4663 μηρυο-

531 4665 666 4736 μένῃ
687 4706 701 4729 ,
736 4664 770 4734 ἢ
804 4666 899 4718 καὶ
931 4665 1210 4738 ἠλακάτην
1244 4669 1461 4741 ἐχούσῃ.
1514 4670 1577 4724 Τί
1615 4673 1792 4739 άντις
1823 4676 1967 4731 εἴποι
2002 4680 2102 4740 τάς

527 4746 743 4834 ῦϐρεις,
774 4746 873 4834 τὰς
905 4748 1206 4834 μάχας-τάς
1233 4751 1639 4823 καθημερινάς;
1676 4754 1775 4809 κᾶν
1799 4757 1908 4828 γὰρ
1932 4758 2101 4834 πολλὴ

527 4832 562 4900 ή
594 4830 742 4899 φιλία
770 4826 837 4904 ᾗ,
879 4831 973 4883 καὶ
1001 4832 1175 4885 ταῦτα
1206 4835 1523 4903 συμϐαίνειν
1560 4839 1725 4901 εἰκός.
1766 4826 2012 4899 Ἤκουσα
2044 4826 2101 4902 δέ

529 4913 706 4981 ἔγωγέ
743 4930 925 4993 τινων,
957 4914 1040 4967 ὅτι
1069 4916 1163 4968 καὶ
1193 4915 1521 4987 ζηλοτυπίας
1549 4921 1911 4993 ὑπομένουσιν
1929 4945 1942 4959 ο
1973 4929 2100 4984 ἔνθα

529 4997 643 5080 γὰρ
676 4995 749 5067 μὴ
780 4992 1036 5080 ᾗηάγάπη
1065 5001 1428 5070 πνευματικὴ,
1464 4992 1679 5079 ἀνάγκη
1714 5011 1988 5065 καὶτοῦτο
2018 5013 2100 5080 γε-

528 5078 737 5131 νεσθαι.
794 5077 1075 5133 Ἐντεῦθεν
1099 5081 1165 5133 τὰ
1192 5081 1459 5152 πτώματα
1488 5088 1557 5141 τά
1590 5077 1786 5161 συνεχῆ
1807 5133 1820 5157 ,
1854 5077 2100 5149 ἐντεῦθεν

531 5163 587 5245 al
620 5159 928 5230 διαφθοραὶ,
963 5162 1209 5217 ἐντεῦθεν
1243 5166 1583 5242 ἀνελεύθεροι
1629 5159 2099 5245 καῖάναίσχυντοι

527 5243 859 5328 γλίνονταιᾷαί
899 5246 1178 5328 παρθένοι,
1209 5249 1309 5303 κᾶν
1342 5251 1417 5323 μὴ
1447 5253 1783 5324 διαφθαρῶσι
1814 5258 1872 5309 τὸ
1912 5243 2097 5328 σῶμα,

526 5321 747 5412 τὺέῆθος
773 5326 1236 5412 διαφθειρόμεναι.
1272 5321 1441 5387 Ὅταν
1473 5336 1583 5406 γάρ
1624 5321 1761 5406 μετά
1792 5321 2100 5412 παρρησίας

532 5407 680 5481 μάθῃ
699 5408 1042 5478 διαλέγεσθαι
1079 5414 1251 5485 ἀνδρὶ,
1285 5418 1378 5469 καὶ
1404 5418 1831 5486 συγκαθέζεσθαι
1851 5407 1986 5484 ,καί
2009 5428 2101 5481 ἀν-

527 5491 825 5578 τιϐλέπειν,
874 5494 969 5547 καὶ
1015 5494 1177 5565 γελᾷν
1240 5498 1534 5568 παρόντος,
1585 5503 1678 5554 καὶ
1726 5503 1895 5558 πολλά
1939 5507 2101 5578 ἕτερα

529 5573 860 5644 ἀσχημονεῖν
880 5617 895 5641 ,
930 5578 1023 5629 καὶ
1056 5579 1221 5647 μηδὲν
1249 5581 1469 5648 ἡγεῖται
1510 5582 1667 5635 τοῦτο
1699 5581 1836 5639 εἶναι
1886 5573 2057 5644 δεινὸν
2083 5632 2100 5655 ,

530 5656 831 5730 ἀναιρεῖται
865 5660 924 5711 τὸ
965 5662 1362 5734 καταπέτασμα
1393 5664 1491 5735 τῆς
1533 5666 1848 5738 παρθενίας,
1881 5675 1971 5727 καὶ
2000 5691 2100 5731 παι

595 5860 623 5920 ξι
646 5859 728 5908 Sic
751 5860 896 5909 Savil.
926 5864 976 5909 In
1001 5862 1175 5911 Morel.
1197 5864 1281 5919 τήν
1304 5863 1616 5915 συνοικοῦσαν
1636 5868 1794 5920 deest.

594 5916 621 5959 δ
646 5920 794 5971 Savil.
822 5922 1042 5986 ἐπέτρεπε
1063 5932 1111 5975 el
1137 5916 1281 5987 supfa
1304 5925 1505 5979 ἐξέϐαλε.

1277 321 1334 376 S.
1383 321 1670 379 JOANNIS
1711 320 2207 377 CHRYSOSTOMI
2236 319 2555 377 ARCHIEP.
2594 322 3141 382 CONSTANTINOP.

2207 436 2377 487 τεῖται
2396 434 2457 487 τὸ
2484 433 2662 498 άνθος.
2705 436 2982 493 Ἐντεῦθεν
3007 440 3158 493 οὐδὲν
3185 439 3433 494 ὀκνοῦσιν
3452 480 3470 507 ,
3493 442 3620 497 οὑδὲ
3650 462 3809 517 παρ-

2208 517 2513 585 αιτοῦνται,
2561 518 2697 572 ἀλλά
2734 520 2829 574 καὶ
2860 521 3112 593 πρόϐολοι
3152 524 3248 576 καὶ
3273 527 3686 597 προμνήστριαι
3717 531 3809 596 γί-

2208 618 2390 655 νονται
2420 602 2622 673 γάμου,
2659 602 2751 655 καὶ
2776 603 3017 673 γίνονται
3045 606 3278 678 κάπηλοι
3304 611 3652 681 πραγμάτων
3676 613 3809 666 ἐτέ-

2212 700 2350 755 ρων,
2391 683 2486 737 καὶ
2539 683 2869 756 βουλομένας
2928 688 3182 758 χηρεύειν
3234 689 3433 755 πολλάς
3489 694 3805 760 κωλύουσι,

2209 767 2523 849 νομίζουσαι
2550 767 2658 821 τῶν
2686 768 2903 824 οἰκείων
2932 771 3121 825 κακῶν
3147 772 3442 841 ἀπολογίαν
3488 777 3807 849 εὑρηκέναι

2207 847 2410 920 ταύτην
2435 864 2449 879 ⁸
2499 850 2748 904 ἐντεῦθεν
2780 853 3247 925 εὐκαταφρόνητοι
3280 856 3446 909 πᾶσίν
3494 847 3640 913 εἰσιν
3660 901 3681 925 ,
3717 863 3807 913 ἐν.

2207 931 2395 985 τεῦθεν
2426 932 2519 987 καὶ
2548 934 2709 988 αὑταί
2734 936 2790 987 αἰ
2821 936 3205 1007 γεγαμημέναι
3224 949 3247 977 ο
3289 939 3461 1003 αὑτάς
3490 941 3596 995 οὑκ
3632 944 3808 996 ἐπαι-

2209 1014 2512 1084 σχύνονται.
2537 1016 2631 1070 ἆτε
2654 1016 2875 1088 ἄμεινον
2905 1019 3084 1073 αὐτῶν
3115 1021 3448 1091 πράττουσαι
3481 1028 3804 1096 πανταχοῦ.

2208 1098 2396 1170 Πολλῷ
2439 1098 2549 1171 γὰρ
2601 1099 2807 1170 βέλτιον
2853 1101 2934 1155 ἐνὶ
2985 1104 3082 1157 καὶ
3126 1103 3361 1176 δευτέρῳ
3414 1108 3807 1164 συνάπτεσθαι

2207 1181 2391 1252 γάμῳ,
2426 1182 2714 1253 ἢτοιαῦτα
2757 1187 3120 1255 ἀσχημονεῖν,
3166 1188 3260 1241 καὶ
3296 1191 3645 1259 προαγωγῶν
3705 1195 3809 1246 καὶ

2211 1266 2538 1337 μαστροπῶν
2560 1265 2814 1321 ὑπόνοιαν
2836 1268 3135 1339 λαμϐάνειν
3167 1270 3319 1343 παρά
3346 1260 3533 1337 πᾶσιν,
3561 1274 3649 1328 ὅτι
3685 1276 3807 1329 τῶν

2209 1348 2381 1418 ἡδέων
2424 1350 2709 1403 ἀποστᾶσα
2753 1348 2847 1403 τοῦ
2888 1350 3069 1422 γάμου
3120 1355 3234 1417 τοῖς
3265 1359 3541 1425 φορτικοῖς
3586 1357 3808 1425 ἑαυτὴν

2208 1429 2499 1485 ὑποϐάλλει
2521 1430 2616 1485 τοῦ
2646 1432 2844 1502 γάμου.
2880 1432 2945 1485 Τί
2973 1434 3081 1506 γὰρ
3107 1435 3505 1509 φορτικώτερον
3541 1439 3579 1510 ἢ
3623 1439 3807 1510 ἄνδρα

2205 1513 2349 1584 ἔχειν
2390 1514 2581 1569 καὶτὰ
2627 1515 2835 1569 ἐκείνου
2878 1519 3181 1588 μριμνᾷνς
3235 1519 3535 1589 Ἀπήλλαξέ
3591 1539 3653 1575 σε
3698 1523 3809 1591 τῆς

2206 1597 2499 1668 ἐπαχθείας
2529 1598 2733 1669 ταύτης
2752 1601 2782 1652 6
2821 1597 2974 1661 Θεός·
3006 1599 3088 1660 τὸ,
3119 1600 3271 1668 Πρὸς
3306 1602 3413 1655 τὸν
3445 1604 3644 1673 ἄνδρα
3675 1622 3806 1659 σου

2207 1680 2246 1747 ἡ
2274 1680 2627 1749 ἀποστροφή
2652 1698 2789 1747 σου,
2813 1683 2909 1735 καὶ
2930 1684 3116 1749 αὑτός
3134 1698 3253 1737 σου
3282 1688 3611 1754 κυριεύσει,
3639 1688 3809 1741 λέλυ-

2205 1764 2295 1816 ταί
2333 1781 2413 1816 σοι
2450 1764 2539 1816 διά
2573 1764 2676 1833 τῆς
2720 1764 3050 1833 παρθενίας’
3082 1766 3137 1818 τί
3165 1767 3324 1821 πάλιν
3351 1770 3662 1824 ἐπισπᾶσαι
3694 1774 3807 1840 τὴν

2205 1847 2482 1913 δουλείαν;
2539 1846 2858 1918 Ἐλευθέραν
2883 1864 2942 1901 σε
2985 1848 3241 1919 ἐποίησεν
3268 1852 3300 1903 6
3324 1853 3585 1924 Χριστὸς,
3620 1856 3692 1908 σὺ
3744 1856 3807 1909 δὲ

2208 1933 2377 2001 σαυτῇ
2407 1930 2632 2002 ῥάπτεις
2670 1931 2993 2002 πράγματα·
3024 1932 3323 2004 ἀμέριμνόν
3350 1953 3409 1989 σε
3437 1937 3695 2008 ἐποίησε,
3733 1956 3803 1992 Cu

2204 2013 2263 2067 δὲ
2289 2016 2523 2077 ἐπινοεῖς
2547 2014 2858 2083 φροντίδας.

2277 2096 2341 2151 θ’.
2373 2096 2531 2150 Ἀλλά
2558 2098 2663 2166 γάρ
2687 2095 2874 2168 ἐπειδὴ
2896 2097 3164 2170 μερίμνης
3176 2099 3582 2170 ἐμνημόνευσα,
3602 2101 3807 2156 εὐκαί-

2202 2196 2317 2251 ρως
2387 2196 2453 2249 με
2506 2179 2682 2232 ταῦτα
2744 2178 2975 2249 λέγοντα
3038 2181 3253 2252 εἰσῆλθε
3311 2182 3371 2235 τὸ
3423 2184 3803 2238 ἀποστολικέι

2206 2264 2382 2316 ἐκεῖνο
2424 2262 2596 2333 ῥῆμα.
2643 2263 2708 2315 Εἰ
2731 2263 2838 2334 γάρ
2863 2262 2924 2316 τὸ
2953 2268 3219 2317 συνοικεῖν
3241 2265 3467 2337 ἀνδράσι
3492 2272 3801 2335 γυναῖκας.

2206 2347 2301 2400 καὶ
2342 2345 2583 2414 γυναιξὶν
2626 2345 2858 2417 ἄνδρας,
2892 2345 3050 2399 τοῦτο
3088 2347 3417 2418 ὑπετέμνετο
3470 2352 3797 2421 φροντίδας,

2206 2430 2305 2482 οὑκ
2346 2428 2412 2482 ἂν
2455 2430 2546 2481 ἐπὶ
2585 2428 2908 2500 ἐγκράτειαν
2958 2429 3287 2500 παρακαλῶν
3323 2433 3352 2483 ὁ
3384 2432 3601 2496 Παῦλος
3641 2430 3797 2498 εἷπε,

2209 2511 2371 2566 Θέλω
2390 2511 2458 2564 δὲ
2478 2510 2632 2581 ὑμᾶς
2654 2513 3014 2582 ἀμερίμνους
3033 2510 3184 2567 εἶναι
3201 2553 3217 2576 ,
3236 2514 3314 2577 ὡς
3335 2517 3426 2568 καὶ
3447 2517 3626 2590 ταύτῃ
3652 2535 3799 2589 προο

2206 2594 2421 2666 τρέπων
2463 2596 2631 2665 ἡμᾶς.
2670 2596 2734 2647 Τί
2768 2596 2877 2667 γὰρ
2906 2595 3194 2665 βούλεσθε;
3235 2598 3418 2666 φησιν’
3450 2600 3795 2664 ἀνάπαυσιν,

2206 2678 2301 2732 καὶ
2331 2678 2669 2749 ἐλευθερίαν;
2715 2672 2853 2732 Εἶτα
2895 2679 2993 2744 οὑχ
3018 2679 3181 2750 ὁρᾶτε
3213 2680 3274 2732 τὸ
3301 2682 3543 2734 ἐναντίον
3593 2684 3794 2736 ἐκϐαῖ-

2206 2777 2296 2813 νον
2318 2757 2368 2824 d,
2400 2760 2645 2813 δουλείαν
2668 2761 2761 2813 καὶ
2787 2758 3019 2832 μόχθους
3043 2761 3138 2815 καὶ
3173 2762 3546 2835 ταλαιπωρίας
3581 2765 3796 2829 πολλὰς

2209 2843 2361 2916 [266]
2385 2844 2492 2897 ἀπὸ
2516 2843 2612 2897 τοῦ
2641 2848 2909 2898 συνοικεῖν
2936 2846 3184 2918 ἀνδράσι;
3204 2847 3401 2901 Πολλαὶ
3419 2848 3553 2917 γοῦν
3581 2850 3798 2903 πολλά-

2208 2945 2295 2990 κις
2322 2927 2693 2981 ἀποϐαλοῦσαι
2715 2928 2843 2991 τοὺς
2864 2928 3062 3000 ἄνδρας
3085 2929 3172 2984 διά
3196 2930 3353 2984 τοῦτο
3383 2932 3483 2985 οὑκ
3505 2933 3797 3004 ἐγήμαντο

2208 3009 2391 3075 πάλιν,
2427 3010 2514 3063 ἵνα
2543 3012 2617 3082 μὴ
2652 3011 2760 3064 ὑπὸ
2785 3009 2950 3078 ζυγὸν
2970 3012 3214 3077 δουλείας
3239 3014 3399 3069 πάλιν
3416 3009 3574 3069 ὦσιν.
3610 3017 3797 3081 Ὀλως

2207 3091 2265 3144 δέ
2300 3094 2350 3144 εἰ
2394 3094 2553 3164 πενίᾳ
2598 3093 2789 3163 συζῇς,
2837 3095 2932 3147 καὶ
2972 3095 3305 3166 πανταχόθεν
3343 3098 3795 3168 ἀπροστάτευτος

2208 3170 2280 3238 εἰ,
2312 3175 2511 3246 ἀρετὴν
2541 3175 2804 3240 ἐπίδειξαι
2834 3177 2970 3246 βίου,
3001 3179 3097 3231 καὶ
3122 3178 3258 3248 πρὸς
3286 3178 3456 3250 ἄνδρα
3480 3180 3584 3249 μέν
3616 3181 3794 3251 μηδὲν

2208 3257 2298 3329 έχε
2321 3259 2518 3322 κοινὸν,
2545 3259 2807 3330 ἀνάμιξον
2842 3260 2900 3314 δέ
2929 3262 3133 3333 σαυτὴν
3162 3262 3405 3330 γυναιξὶν
3427 3263 3794 3334 εὐσχημόνως

2210 3340 2579 3412 βεϐιωκυίαις,
2613 3344 2706 3395 καὶ
2738 3341 2860 3395 οὔτε
2893 3344 3114 3406 ἀπολεῖς
3145 3361 3238 3397 σου
3263 3345 3352 3397 τὸν
3381 3346 3668 3412 στέφανον,
3693 3350 3792 3400 καὶ

2207 3423 2395 3486 ἀδείας
2430 3422 2763 3487 ἀπολαύσεις
2798 3425 2997 3496 πάσης.
3041 3426 3105 3478 Εἰ
3147 3426 3204 3479 δέ
3241 3426 3600 3497 δυσπόριστον
3645 3425 3790 3481 εἶναι

2206 3504 2366 3558 τοῦτο
2398 3505 2659 3576 νομίζεις,
2692 3506 2927 3576 ζήτησον
2959 3508 3283 3572 σπουδαίως,
3304 3509 3398 3562 καὶ
3432 3510 3656 3573 πάντως
3700 3513 3790 3565 εὑ-

2210 3590 2432 3660 ρήσεις·
2477 3588 2677 3659 μᾶλλον
2694 3589 2752 3663 δέ
2782 3589 2901 3642 οὑδέ
2944 3588 3128 3659 ζητεῖν
3157 3591 3391 3662 ἀνάγκη.
3423 3593 3639 3664 Ὠσπερ
3675 3595 3789 3666 γάρ

2207 3671 2286 3741 τῷ
2313 3671 2451 3740 φωτὶ
2476 3672 2884 3742 προστρέχομεν
2915 3672 3173 3738 ἅπαντες,
3216 3672 3388 3737 οὕτως
3409 3675 3503 3727 ἐάν
3526 3675 3789 3746 λάμιιρωσί

2210 3770 2303 3806 σου
2332 3754 2430 3824 τῆς
2459 3754 2703 3807 πολιτεία
2715 3774 2731 3816 ;
2765 3756 2822 3807 αἰ
2849 3756 3086 3818 ἀκτῖνες,
3124 3758 3296 3810 πᾶσαι
3330 3757 3784 3827 ἐπιδραμοῦνται,

2207 3837 2499 3905 ἀγαπῶσαι
2525 3839 2726 3907 ἐκάστη
2749 3838 2997 3893 διακόνου
3026 3856 3109 3893 σοι
3129 3841 3280 3905 τάξιν
3311 3842 3548 3912 ἐπέχειν,
3574 3844 3790 3916 καὶτῆς

2211 3919 2345 3983 ἰδίας
2380 3920 2559 3983 οἰκίας
2601 3922 2905 3991 ἀσφάλειάν
2938 3938 2998 3975 σε
3038 3924 3303 3993 ἡγήσεται
3336 3921 3500 3989 εἶναι,
3547 3930 3645 3981 καὶ
3699 3929 3790 3982 2:6-

2210 4019 2345 4072 σμον
2376 4002 2468 4056 τοῦ
2502 4002 2621 4073 βίου
2639 4042 2653 4066 ,
2697 4005 2791 4056 καὶ
2815 4006 3075 4075 στέφανον
3100 4004 3198 4077 τῆς
3223 4005 3368 4074 ζωῆς
3402 4009 3540 4061 κατά
3564 4010 3661 4062 τὸν
3685 4012 3786 4065 τοῦ

2208 4084 2444 4156 Χριστοῦ
2500 4085 2674 4155 λόγον.
2700 4088 2937 4155 Ζητεῖτε
2956 4088 3086 4159 γὰρ,
3117 4091 3273 4161 φησὶ,
3307 4091 3422 4157 τὴν
3451 4093 3788 4155 ,ϐασιλείαν

2208 4165 2313 4222 τοῦ
2346 4168 2513 4233 Θεοῦ,
2542 4169 2638 4224 καί
2668 4171 2853 4225 ταῦτα
2887 4171 3084 4226 πάντα
3114 4172 3592 4240 προστεθήσεται
3615 4175 3783 4243 ὑμῖν.

2208 4250 2346 4304 Νυνὶ
2368 4251 2425 4304 δέ
2447 4254 2541 4306 καὶ
2565 4253 2659 4306 τοῦ
2685 4254 2793 4306 τῶν
2814 4253 3083 4324 βιωτικῶν
3106 4255 3392 4309 ἐκπίπτειν
3413 4260 3574 4326 ἡμεῖς
3594 4258 3785 4324 αἴτιοι,

2206 4333 2315 4387 τῶν
2341 4336 2609 4408 οὐρανίων
2632 4338 2958 4408 ἀμελοῦντες
2977 4341 3341 4411 πραγμάτων.
3374 4343 3552 4412 Ἢμᾰς
3567 4344 3626 4395 δὲ
3653 4346 3787 4398 ὅταν

2208 4418 2370 4484 εῐπω,
2419 4420 2519 4471 οὑκ
2561 4421 2760 4491 ἄνδρας
2793 4421 2940 4490 λέγω
2975 4424 3154 4493 μόνον,
3202 4426 3336 4481 ἀλλά
3377 4429 3469 4480 καὶ⁵
3496 4430 3662 4498 ὑμᾶς,
3688 4434 3788 4483 καὶ

2210 4501 2352 4585 ὑμᾶς
2395 4501 2654 4573 μᾶλλονῆ
2695 4504 2914 4575 ἄνδρας.
2967 4507 3123 4561 Ἐπεὶ
3150 4510 3244 4563 καὶ
3282 4510 3433 4581 παρὰ
3471 4513 3570 4583 τὴν
3606 4514 3785 4585 ἀρχὴν

2207 4584 2295 4637 διὰ
2325 4585 2481 4669 τοῦτο
2533 4586 2918 4660 χαλεπωτέραν
2971 4591 3186 4655 ἐδέξατο
3233 4595 3504 4666 τιμωρίαν
3540 4599 3575 4666 ἡ
3619 4584 3781 4669 γυνὴ,

2209 4667 2394 4738 επειδῆ
2433 4668 2528 4722 καὶ
2556 4668 2617 4722 τὸ
2648 4670 2809 4725 πλέον
2836 4672 2938 4743 τῆς
2974 4674 3191 4745 ἀπάτης
3218 4679 3529 4748 εἰσήνεγκε·
3565 4680 3648 4733 διδ
3685 4667 3784 4735 καὶ

2207 4750 2305 4821 τὴν
2334 4752 2518 4821 άπατή
2528 4768 2696 4806 σασαν
2712 4754 2807 4807 τοῦ
2835 4757 3209 4827 ἀπατηθέντος
3243 4760 3442 4829 μᾶλλον
3469 4762 3730 4815 ἐκόλασεν
3755 4767 3785 4817 6

2207 4832 2371 4916 Θεός·
2406 4834 2435 4887 ὃ
2474 4835 2571 4888 καὶ
2607 4838 2702 4890 νῦν
2735 4835 2907 4901 ἔσται,
2936 4838 3003 4891 ἂν
3030 4841 3105 4910 μὴ
3151 4841 3445 4913 βουληθῆτε
3479 4844 3784 4916 διορθώσα-

2210 4915 2371 4981 σθαι,
2410 4917 2669 4988 καὶπρὸς
2731 4918 2830 4991 τὴν
2872 4922 3080 4976 οἰκείαν
3118 4925 3431 4978 ἐπανελθεῖν
3474 4915 3782 4995 εὐγένειαν.

2206 5000 2307 5081 Διά
2353 5001 2462 5070 γάρ
2496 5017 2578 5052 τοι
2610 5000 2879 5054 τοῦτοκαὶ
2908 5005 2943 5074 ἡ
2965 5007 3100 5077 γυνὴ
3128 5007 3249 5060 τότε
3269 5009 3668 5081 ἐγκαλουμένη,
3697 5013 3785 5065 ὃτι

2206 5080 2284 5149 τῷ
2311 5081 2461 5151 ἀνδρὶ
2506 5083 2706 5137 έδωκεν
2736 5086 2802 5137 ἐκ
2834 5085 2927 5139 τοῦ
2967 5089 3203 5159 καρποῦ,
3234 5093 3335 5145 οὑκ
3375 5093 3676 5163 ἐτόλμησεν
3706 5101 3788 5150 εἰ-

2208 5166 2353 5251 πεῖν.
2386 5165 2467 5251 ότι
2495 5167 2659 5251 ἐχρῆν
2693 5169 2791 5239 μὲν
2822 5170 2986 5224 αὑτὸν
3010 5172 3178 5244 ἄνδρα
3199 5175 3329 5229 ὄντα
3360 5179 3433 5250 μὴ
3463 5181 3781 5251 πεισθῆναι.

2212 5246 2347 5316 μηδὲ
2389 5247 2759 5321 ἀπατηθῆναι,
2790 5252 2927 5307 ἀλλά
2955 5254 3158 5327 ταύτην
3201 5259 3299 5328 μὲν
3326 5246 3399 5323 ὥς
3421 5246 3577 5315 οὐδὲν
3615 5246 3786 5318 οὖσαν

2207 5330 2498 5416 ἀπολογίαν
2520 5332 2796 5403 ἐσίγησεν,
2826 5337 2910 5405 ἐφ’
2936 5338 3130 5411 ἑτέραν
3148 5339 3205 5393 δέ
3233 5336 3415 5411 ἦλθεν.
3452 5346 3652 5416 ἀσθενῆ
3680 5348 3786 5416 μὲν

2209 5414 2305 5498 καὶ
2352 5414 2543 5498 αὐτὴν,
2589 5416 2730 5487 πλὴν
2769 5417 2883 5471 ἀλλ’
2929 5421 3080 5491 ὅμως
3133 5424 3285 5495 παρὰ
3330 5426 3531 5496 ταύτην

2209 5493 2441 5582 ἔχουσαν
2454 5496 2642 5582 λόγον.
2670 5500 2835 5554 Ὅθεν
2857 5502 3037 5571 δῆλον,
3062 5506 3144 5559 ὅτι
3183 5493 3383 5577 μᾶλλον
3412 5493 3525 5573 τοῖς
3560 5493 3787 5582 ﬁta“;-

2211 5579 2393 5648 μένοις
2418 5579 2594 5646 ἔξεστι
2618 5583 3015 5653 προϐάλλεσθαι
3046 5590 3173 5653 τοὺς
3206 5591 3543 5657 ἀπατεῶνας,
3571 5596 3608 5664 ἦ
3640 5579 3792 5650 ἐκείο

2208 5677 2320 5724 νοις
2347 5664 2472 5727 τοὺς
2493 5666 2901 5737 ἠπατημένους.
2937 5670 3001 5722 Ἡ
3020 5672 3191 5744 πόρνη
3205 5675 3360 5729 καλεῖ
3385 5677 3476 5730 τὸν
3491 5677 3789 5750 ὑϐρίζοντα

2271 5823 2293 5849 ⁸⁵
2330 5819 2479 5869 Savil.
2503 5825 2551 5870 al
2574 5827 2889 5893 γεγαμημέναι
2912 5828 3072 5884 αὑταῖς
3090 5831 3197 5879 έπαι
3264 5831 3507 5895 ύνονται,ε
3524 5850 3627 5900 quo
3646 5857 3790 5904 Tqu-

2271 5882 2415 5944 ῃμέναι
2435 5897 2731 5944 recepimus,
2761 5901 2847 5944 pro
2875 5848 3362 5944 yeyaunxulal.aLL‘r.

2214 5897 2731 5950 pngsvaqeqeplqms,
2755 5901 2847 5950 pro
2875 5897 3201 5950 γεγαμηκυῐαι.
3225 5897 3362 5945 Enn.

2329 5944 2475 5993 bavi].
2501 5944 2730 6003 ἐκϐαῖνον,
2753 5944 2922 6000 More].
2939 5944 3184 6012 ἐμϐαίνω.
