4036 6416
298 404 402 461 Είὶθ

299 527 626 587 praetexens,
655 521 707 567 et
736 510 943 566 ancillis
984 523 1125 577 saepe
1155 506 1354 560 tardius
1385 504 1582 574 paratis
1606 544 1619 566 ,
1648 511 1703 556 et
1743 500 1875 553 assi-

299 614 387 663 det
411 617 462 663 et
489 606 591 660 alia
613 612 761 659 curat
791 617 908 672 qua:
937 599 1210 653 mulierem
1238 596 1556 666 quandoque
1598 593 1764 648 solam
1790 593 1875 646 vix

302 699 603 752 ministrare
641 695 719 749 fas
744 702 863 757 est;
896 707 1066 760 neque
1098 690 1259 759 pudet
1305 688 1480 751 illam,
1513 685 1608 740 sed
1649 684 1873 755 gloriam

302 798 447 859 putat
467 829 483 855 ,
534 800 706 855 neque
737 785 849 853 ipse
879 783 1180 845 erubescit,
1209 780 1304 834 sed
1354 778 1521 847 magis
1548 776 1777 846 gaudet,
1821 784 1876 827 et

300 890 445 933 tanto
469 878 636 948 magis
657 887 855 946 quanto
884 873 1162 928 foediorem
1191 871 1499 925 servitutem
1527 882 1635 937 pra:
1664 882 1723 921 se
1750 864 1870 919 fert.

300 970 661 1039 Apostolicum
693 966 822 1020 illud
855 965 1072 1019 verbum
1105 962 1243 1032 quod
1273 962 1429 1023 dicit,
1469 960 1644 1014 Gloria
1670 960 1721 1012 in
1747 974 1868 1011 con-

300 1062 497 1130 fusione
522 1060 745 1128 ipsorum
775 1056 1034 1127 (Philipp.
1066 1055 1120 1108 '5.
1170 1053 1291 1123 l9),
1325 1062 1449 1107 tunc
1477 1067 1536 1105 re
1579 1051 1693 1120 ipsa
1723 1064 1875 1106 mon-

298 1163 516 1206 stratur.
569 1150 664 1206 Ubi
717 1158 893 1203 autem
942 1156 996 1201 et
1035 1146 1240 1200 ancillae
1289 1143 1655 1205 surrexerint,
1704 1142 1876 1209 major

301 1242 595 1313 turpitudo;
650 1257 770 1295 nam
800 1250 854 1295 et
881 1246 1065 1308 aperto
1092 1237 1293 1305 capite,
1342 1243 1395 1289 et
1422 1249 1525 1289 una
1565 1233 1775 1298 tunica,
1822 1239 1877 1285 et

302 1336 457 1389 nudis
484 1333 728 1388 manibus
756 1340 940 1400 utpote
963 1329 1219 1394 turbatm,
1252 1337 1305 1381 et
1332 1328 1382 1380 in
1411 1334 1571 1380 nocte
1595 1333 1874 1395 surgentes

301 1428 604 1480 discurrunt
632 1424 723 1477 illo
763 1430 1056 1491 praesente,
1108 1420 1214 1472 imo
1245 1422 1297 1471 in
1344 1416 1521 1471 medio
1551 1424 1796 1470 versante
1822 1422 1877 1468 et

301 1494 456 1571 simul
499 1524 778 1580 currente,
809 1512 985 1566 omnia
1014 1517 1273 1580 coguntur
1302 1507 1528 1577 implere
1559 1524 1571 1559 :
1599 1520 1705 1576 quo
1749 1504 1873 1573 quid

309 1609 419 1661 tieri
457 1606 621 1676 possit
647 1604 837 1660 fuadius
854 1601 1051 1670 ‘l‘Quod
1074 1602 1115 1655 si
1143 1609 1198 1654 ct
1220 1598 1477 1653 obstetrix
1506 1597 1679 1662 adsit,
1704 1610 1874 1664 neque

300 1701 377 1752 sic
408 1697 605 1766 pudelil
626 1738 641 1762 ,
673 1695 768 1750 sed
794 1703 849 1748 et
874 1693 994 1747 aliis
1020 1691 1313 1760 virginibus
1332 1687 1752 1758 ingredientibus
1774 1685 1876 1739 hoc

301 1790 400 1842 sibi
427 1788 717 1857 gloriosum
746 1786 1034 1839 existimat.
1070 1783 1242 1838 Unum
1271 1783 1414 1835 enim
1441 1779 1614 1833 solum
1645 1786 1870 1847 spectat,

300 1877 566 1949 quomodo
589 1884 850 1930 monstret
865 1875 1137 1944 a-grotanti
1157 1888 1309 1928 suum
1333 1871 1707 1935 ministerium,
1724 1871 1875 1940 igno-

302 1986 425 2025 rans
463 1968 604 2039 quod
641 1982 746 2037 quo
770 1968 935 2036 magis
966 1966 1228 2031 ostendit,
1260 1980 1324 2018 eo
1350 1964 1518 2034 magis
1544 1976 1599 2018 et
1640 1964 1874 2031 seipsnm

304 2074 356 2116 et
402 2064 543 2116 illam
573 2060 906 2115 dehonestat.
941 2059 1007 2111 Et
1028 2057 1152 2126 quid
1201 2057 1429 2121 mirum,
1476 2055 1520 2108 si
1561 2061 1876 2124 praesentem

302 2173 405 2209 non
433 2154 746 2208 erubescat?
770 2152 923 2220 Saepe
947 2152 1088 2205 enim
1111 2149 1297 2204 mediis
1312 2149 1561 2211 noctibus
1584 2148 1763 2201 vilium
1784 2162 1878 2198 an-

302 2248 541 2299 cillarum
568 2258 701 2313 opus
726 2242 959 2297 facturus
983 2243 1049 2295 ad
1094 2242 1258 2311 ipsam
1301 2241 1635 2295 obstetricem
1662 2254 1877 2293 currere

305 2357 409 2393 non
432 2349 698 2408 gravatur.
729 2336 948 2403 Quando
972 2344 1147 2389 autem
1174 2331 1351 2395 adest,
1386 2348 1525 2387 nunc
1546 2331 1758 2401 quidem
1800 2331 1880 2401 ip-

305 2448 417 2484 sum
459 2429 679 2499 ejiciunt
707 2429 790 2481 vel
821 2428 1042 2480 invitum
1068 2466 1082 2491 ,
1131 2425 1254 2479 licet
1277 2424 1429 2478 valde
1458 2423 1740 2491 impudens
1768 2423 1874 2487 sit;

307 2536 445 2575 mmc
469 2529 644 2573 autem
677 2517 1020 2588 permittunt,
1064 2525 1120 2571 ut
1145 2518 1334 2571 iterum
1365 2516 1694 2586 ingrediatur
1717 2523 1771 2568 et
1794 2530 1877 2568 as-

304 2613 473 2665 sideat
502 2629 513 2663 :
547 2612 785 2681 quamvis
813 2610 1063 2679 quidnam
1106 2608 1284 2663 facere
1317 2610 1578 2678 quispiam
1610 2608 1776 2676 possit
1804 2606 1873 2661 ad

308 2705 455 2757 illum
480 2702 681 2772 pudore
700 2700 1036 2755 afficiendum
1054 2742 1068 2764 ,
1100 2699 1311 2755 etiamsi
1340 2699 1501 2753 millia
1529 2707 1751 2752 conetur
1771 2739 1784 2764 ,
1814 2698 1878 2751 iis

307 2795 480 2849 simile
508 2810 624 2863 qua:
654 2794 767 2862 ipse
790 2793 891 2850 sibi
914 2791 1083 2846 facit?
1114 2790 1215 2847 Ubi
1241 2800 1417 2845 autem
1445 2790 1561 2843 dies
1588 2790 1756 2843 illuxit
1779 2829 1793 2851 ,
1826 2797 1878 2842 et

306 2901 559 2957 utrosque
582 2903 613 2942 e
642 2888 777 2941 lecto
818 2900 1033 2955 surgere
1062 2892 1307 2953 oportet,
1338 2882 1591 2937 custodize
1616 2893 1669 2936 et
1696 2882 1879 2936 obser-

306 2983 541 3034 vationes
565 2987 688 3032 sunt
717 2996 729 3031 :
760 2992 930 3046 neque
958 2976 1099 3031 enim
1131 2976 1197 3029 ad
1242 2974 1559 3029 exteriorem
1585 2973 1880 3027 domuncu-

306 3073 409 3124 lam
459 3068 698 3139 progredi
744 3068 858 3121 sine
897 3066 1087 3121 timore
1118 3066 1286 3135 possit
1319 3082 1332 3119 :
1364 3080 1505 3133 smpe
1549 3073 1721 3118 autem
1752 3080 1878 3133 pro-

305 3176 483 3230 gressa
506 3202 520 3224 ,
550 3160 773 3212 fortasse
801 3167 854 3212 et
878 3158 929 3210 in
961 3157 1129 3211 virum
1158 3157 1355 3210 nudum
1400 3156 1602 3210 incidit.
1635 3154 1728 3209 llle
1753 3172 1877 3210 vero

307 3262 409 3307 hoc
447 3254 617 3320 ipsum
662 3251 974 3318 suspicans,
1016 3248 1177 3302 modo
1212 3248 1261 3300 id
1291 3263 1513 3301 monens
1553 3248 1875 3316 ingreditur,

308 3346 464 3399 modo
494 3346 733 3398 incautus
760 3341 1174 3412 deprehenditur
1194 3381 1209 3405 ,
1240 3356 1303 3394 ae
1331 3342 1499 3393 multo
1544 3343 1650 3394 risu
1688 3339 1876 3408 dignus

306 3449 423 3500 est;
466 3435 595 3488 nihil
643 3435 782 3487 enim
829 3432 1054 3502 amplius
1109 3432 1287 3486 dicere
1340 3431 1479 3485 volo.
1530 3431 1653 3485 llrec
1700 3442 1877 3484 autem

307 3529 544 3594 quamvis
574 3540 730 3593 parva
756 3565 771 3589 ,
801 3534 975 3577 tamen
1001 3538 1203 3592 magna:
1233 3522 1465 3576 libidinis
1490 3522 1747 3575 carbones
1789 3537 1878 3575 ac-

306 3618 534 3672 cendere
562 3624 968 3669 consueverunt.
1003 3614 1069 3667 Et
1095 3613 1208 3667 haec
1234 3612 1449 3682 quidem
1475 3612 1619 3666 domi
1646 3653 1660 3674 ,
1693 3622 1743 3666 et
1766 3628 1877 3665 ma-

302 3714 416 3778 jora
446 3709 527 3761 his
558 3727 572 3762 :
601 3707 810 3777 quando
830 3716 1007 3761 autem
1030 3708 1081 3759 in
1111 3706 1379 3774 publicum
1411 3706 1563 3758 iverit
1588 3705 1872 3772 rediturus,

308 3804 496 3853 iterum
526 3801 695 3867 major
722 3797 1009 3867 turpitudo.
1046 3797 1100 3850 In
1131 3796 1347 3851 domum
1382 3810 1531 3849 suam
1566 3796 1833 3864 ingressus
1858 3837 1872 3861 ,

305 3904 353 3944 et
385 3892 508 3943 dum
560 3906 663 3943 non
706 3891 910 3959 cogitur
953 3888 1339 3958 prtenuntiare,
1371 3886 1601 3940 inventis
1640 3886 1875 3941 mulieri-

308 3984 403 4035 bus
429 3981 783 4035 assidentibus
809 3980 950 4033 illam
976 3979 1270 4049 pudefacit,
1305 3989 1359 4033 et
1385 3979 1493 4046 ipsa
1522 3994 1663 4047 smpe
1688 3979 1755 4031 ita
1797 3977 1878 4031 af-

310 4078 481 4127 licilut‘
502 4115 515 4140 ,
552 4085 805 4143 ltlt‘pcqlre
835 4082 1016 4127 censet
1051 4072 1094 4124 si
1123 4071 1311 4125 mulier
1341 4070 1590 4123 mulieres
1620 4070 1875 4138 excipiat,

306 4179 355 4220 et
385 4169 470 4219 ille
498 4168 541 4221 si
566 4167 648 4218 vir
668 4166 807 4218 viros
839 4182 852 4217 :
888 4174 1122 4217 mutuum
1148 4173 1323 4216 autem
1349 4162 1749 4216 contubernium
1773 4179 1878 4216 non

307 4266 580 4321 recursant,
613 4264 799 4311 cavent
820 4264 995 4308 autem
1041 4269 1109 4309 ne
1149 4268 1273 4307 suos
1302 4252 1625 4307 contribules
1654 4252 1880 4321 hospitio

306 4349 570 4418 excipiant
599 4365 612 4399 :
641 4362 745 4415 quo
793 4345 916 4414 quid
943 4345 1177 4398 deterius
1202 4343 1314 4398 ﬁeri
1345 4343 1545 4411 possit?
1571 4343 1774 4397 Accidit
1800 4343 1879 4397 in-

307 4438 532 4501 terdum,
552 4446 604 4489 nt
625 4438 792 4505 ipsum
814 4435 1058 4488 mulieres
1079 4433 1345 4488 inveniant
1360 4433 1679 4487 assidentem
1698 4435 1877 4501 agglo-

306 4529 527 4581 moranti
561 4531 642 4581 vel
662 4528 835 4580 colum
869 4526 1086 4579 tenenti.
1112 4525 1247 4592 Quid
1278 4539 1412 4592 opus
1436 4535 1518 4578 cst
1556 4523 1735 4578 dicere
1759 4524 1878 4593 jur-

302 4622 383 4687 gia
411 4627 465 4671 et
490 4619 822 4687 quotidianus
846 4617 998 4670 lites?
1023 4615 1155 4670 Nam
1183 4617 1340 4669 etiam
1371 4616 1417 4669 si
1456 4616 1620 4669 multa
1648 4616 1878 4669 amicitia

304 4713 390 4774 sit,
426 4710 538 4764 haec
567 4726 775 4779 quoque
805 4709 1112 4778 contingere
1136 4718 1217 4763 est
1243 4708 1548 4763 verisimile.
1574 4709 1761 4762 Audivi
1781 4724 1877 4761 au-

306 4814 408 4855 tem
436 4812 488 4855 et
513 4802 579 4855 de
606 4802 864 4870 aliquibus
893 4802 1031 4870 quod
1062 4801 1286 4871 zelotypi
1330 4810 1471 4854 sunt.
1494 4800 1625 4854 Nam
1658 4802 1742 4855 ubi
1772 4817 1877 4854 non

305 4904 387 4945 est
414 4893 626 4947 dilectio
653 4894 939 4962 spiritualis
962 4934 976 4957 ,
1009 4903 1063 4947 et
1091 4893 1192 4947 hoc
1218 4909 1436 4948 necesse
1464 4903 1547 4947 est
1576 4895 1689 4948 ﬁeri
1718 4912 1730 4945 :
1757 4893 1878 4948 inde

304 4996 357 5039 et
409 4986 542 5039 varii
593 5001 781 5049 casus,
835 4984 958 5039 inde
1011 4986 1422 5053 corruptiones,
1474 4986 1597 5041 inde
1648 4988 1877 5057 virgines

302 5080 595 5133 redduntur
621 5079 955 5147 impudentes
975 5090 1026 5133 et
1050 5079 1367 5145 illiberales;
1391 5080 1487 5133 etsi
1523 5097 1747 5150 corpore
1773 5099 1876 5135 non

303 5180 740 5238 corrumpantur,
790 5172 1024 5224 moribus
1067 5180 1261 5224 tamen.
1294 5172 1515 5237 Quando
1553 5175 1692 5227 enim
1722 5174 1879 5229 discit

307 5262 471 5313 libere
499 5260 637 5329 loqui
679 5261 791 5313 viro
815 5301 829 5322 ,
861 5262 1139 5315 considere
1165 5303 1178 5325 ,
1225 5262 1274 5314 in
1314 5279 1432 5315 eum
1464 5264 1691 5329 obtueri,
1723 5274 1777 5317 et
1804 5267 1875 5319 ria

304 5356 451 5415 dere,
482 5362 535 5406 et
559 5352 725 5405 multa
752 5352 854 5405 alia
885 5352 1023 5406 foeda
1050 5368 1234 5421 agere,
1264 5368 1436 5422 neque
1468 5353 1568 5408 hoc
1595 5371 1752 5424 grave
1781 5358 1877 5410 ali-

300 5445 425 5513 quid
457 5460 577 5498 esse
622 5454 806 5512 putat,
862 5445 1061 5497 tollitur
1103 5446 1416 5511 virginitatis
1458 5447 1665 5513 velum,
1699 5458 1751 5503 et
1778 5450 1875 5504 llos

303 5536 662 5589 conculcatur.
712 5535 838 5588 Inde
870 5552 997 5589 vero
1041 5536 1171 5588 nihil
1219 5552 1377 5605 agere
1422 5537 1696 5603 dubitant,
1743 5541 1873 5595 nihil

302 5624 653 5691 deprecantur
676 5666 689 5687 ,
718 5625 809 5678 sed
842 5636 893 5679 et
920 5625 1253 5679 internuntia:
1299 5628 1601 5694 nuptiarum
1631 5630 1793 5696 liunt,
1822 5641 1876 5686 et

305 5715 618 5769 institeriatn
670 5716 893 5769 aliorum
935 5716 1263 5785 negotiorum
1298 5719 1530 5785 obeunt,
1578 5721 1874 5793 multasque

302 5819 533 5864 volentes
562 5828 681 5865 esse
709 5810 892 5863 viduas
925 5810 1205 5879 prohibent
1230 5852 1243 5874 ,
1291 5821 1533 5880 potantes
1570 5832 1628 5871 se
1656 5833 1871 5872 suorum

630 5911 894 5972 PA'I‘nOL.
947 5914 1061 5973 Gn.
1112 5912 1361 5975 Χωτιι.

825 396 1008 467 QUOD
1048 392 1459 451 REGULARES
1496 388 1774 445 FEMINZE
1805 387 1984 443 VIRIS
2019 387 2453 444 COHABI’I‘ARE
2483 390 2618 445 NON
2658 392 2993 447 DEiShANT.

3454 398 3564 453 530

1984 500 2245 553 malorum
2283 500 2643 557 defensionem
2692 504 2955 559 invenisse
2982 523 2995 560 :
3027 506 3148 561 inde
3177 509 3421 565 omnibus
3470 511 3564 565 dc-

1986 591 2267 659 spicabiles
2287 601 2429 656 sunt,
2453 593 2574 647 inde
2600 604 2653 648 et
2680 607 2853 663 nuptae
2876 598 3106 666 ipsarum
3125 613 3282 655 causa
3308 616 3412 656 non
3440 618 3564 657 eru-

1984 681 2242 747 bescunt,
2277 694 2454 752 utpme
2500 686 2551 738 in
2598 688 2844 741 omnibus
2880 689 3069 743 melius
3113 700 3349 760 agentes.
3397 692 3562 747 Multo

1983 774 2125 828 enim
2152 774 2343 828 melius
2369 792 2529 829 unum
2555 786 2609 831 et
2628 778 2850 832 altermn
2890 780 3025 835 inire
3048 783 3374 853 conjugium,
3407 800 3559 855 quam

1984 865 2099 921 lucc
2120 864 2257 922 {teda
2286 882 2461 936 agere,
2480 876 2535 923 et
2560 868 2809 923 lenonum
2834 874 3191 941 suspicionem
3216 877 3353 946 apud
3376 892 3563 932 omnes

1983 960 2162 1015 subire
2186 1003 2201 1025 ,
2232 962 2373 1030 quod
2404 978 2431 1013 a
2481 965 2742 1019 suavitate
2784 966 3086 1035 nuptiarum
3125 981 3184 1022 se
3213 970 3559 1039 abstraham,

1982 1060 2035 1105 et
2061 1053 2309 1106 oneribus
2339 1055 2639 1123 nuptiarum
2666 1069 2723 1109 se
2753 1055 3001 1111 subdant.
3033 1057 3167 1125 Quid
3197 1060 3337 1114 enim
3365 1075 3559 1116 onero-

1981 1142 2093 1196 sius
2121 1158 2276 1212 quam
2308 1145 2475 1198 virum
2502 1145 2697 1201 habere
2723 1189 2733 1207 .
2754 1158 2805 1202 et
2828 1148 3108 1202 sollicitam
3129 1163 3249 1204 esse
3270 1151 3335 1205 de
3357 1151 3423 1205 iis
3442 1168 3561 1221 qua:

1983 1235 2123 1289 illius
2170 1237 2331 1290 sunt?
2378 1238 2696 1293 Exoneravit
2739 1249 2790 1293 te
2837 1240 2905 1293 ab
2936 1241 3032 1295 hac
3078 1243 3318 1297 molestia
3364 1246 3503 1300 Dens
3539 1263 3557 1299 :

1981 1327 2061 1379 Ad
2094 1327 2254 1381 virum
2280 1337 2419 1381 tuum
2445 1332 2699 1385 conversio
2737 1342 2851 1397 tua,
2885 1344 2930 1387 et
2974 1335 3081 1404 ipse
3109 1336 3183 1388 tui
3222 1337 3564 1391 dominabitur

1987 1414 2134 1487 (Gen.
2158 1419 2212 1473 5.
2237 1417 2325 1489 16)
2348 1459 2363 1485 ,
2388 1422 2558 1475 soluta
2588 1437 2646 1476 es
2674 1440 2766 1490 per
2785 1425 3142 1495 virginitatem
3174 1446 3187 1481 :
3217 1428 3341 1498 quid
3373 1431 3559 1483 itertun

1984 1518 2034 1561 te
2062 1506 2302 1577 servituti
2336 1513 2592 1581 subjicis?
2620 1514 2866 1569 Liberam
2916 1527 2966 1571 te
2995 1517 3168 1573 effecit
3195 1519 3439 1576 Christus
3458 1564 3472 1588 ,
3508 1533 3560 1577 tu

1982 1611 2158 1652 autem
2188 1600 2277 1654 tibi
2312 1603 2407 1672 ipsi
2437 1605 2607 1658 nectis
2649 1607 2857 1675 negotia
2892 1625 2906 1662 :
2933 1609 3002 1662 ab
3024 1612 3170 1665 omni
3200 1612 3563 1670 sollicitudine

1982 1690 2201 1744 liberam
2232 1701 2283 1746 te
2308 1694 2457 1759 fecit,
2494 1705 2549 1749 tu
2569 1705 2744 1751 autem
2770 1714 2926 1753 curas
2947 1702 3237 1772 excogitas.

2052 1782 2104 1837 9.
2134 1783 2237 1837 Sed
2268 1787 2514 1853 quoniam
2542 1788 2910 1844 sollicitudinis
2939 1795 3140 1847 mentio
3180 1795 3392 1861 incidit,
3424 1805 3562 1852 tem—

1982 1878 2184 1944 pestive
2222 1876 2336 1930 hare
2361 1878 2556 1933 dicenti
2583 1883 2843 1936 succurrit
2876 1885 3221 1952 apostolicum
3251 1888 3397 1941 illud.
3430 1888 3561 1943 Nam

1980 1967 2026 2019 si
2051 1966 2353 2022 eohabitare
2383 1970 2508 2023 viris
2534 1973 2783 2027 mulieres
2822 1983 2875 2027 et
2904 1976 3212 2030 mulieribus
3240 1979 3380 2033 viros
3407 1994 3563 2035 curas

1982 2058 2223 2124 tolleret,
2277 2061 2341 2113 ad
2391 2064 2766 2118 continentiam
2822 2066 3154 2122 adhortando
3205 2069 3399 2124 Paulus
3457 2088 3561 2127 non

1982 2148 2203 2233 dixisset
2236 2168 2247 2202 :
2291 2150 2412 2205 Volo
2432 2162 2595 2207 autem
2622 2171 2705 2208 vos
2725 2156 2832 2210 sine
2854 2158 3192 2212 sollicitudine
3221 2177 3330 2215 esse
3347 2161 3422 2234 (l.
3441 2161 3561 2218 Cor.

1984 2240 2035 2292 7.
2060 2239 2173 2311 52),
2209 2252 2261 2294 ut
2304 2251 2356 2295 et
2399 2241 2496 2297 hac
2524 2244 2726 2299 ratione
2768 2261 2865 2299 nos
2890 2248 3220 2304 admoneret.
3250 2249 3385 2317 Quid
3422 2254 3562 2307 enim

1982 2332 2141 2384 vultis
2160 2333 2184 2385 ?
2205 2331 2308 2385 ait:
2327 2332 2568 2399 Quietem
2586 2347 2638 2389 et
2666 2337 2957 2391 libertatem
2980 2338 3001 2391 ?
3034 2340 3228 2394 Deinde
3250 2358 3355 2396 non
3376 2343 3564 2397 videtis

1982 2423 2304 2477 contrarium
2336 2426 2569 2491 evenire,
2593 2429 2901 2481 servitutem
2924 2439 2977 2483 et
3001 2431 3213 2486 labores
3236 2440 3289 2487 et
3321 2434 3563 2488 miserias

1982 2515 2194 2579 multas,
2242 2514 2365 2568 dum
2416 2517 2544 2571 viris
2590 2517 2965 2574 cohabitatur?
3005 2520 3183 2576 Multa:
3227 2522 3383 2592 igitur
3422 2539 3563 2595 srcpe

1983 2605 2192 2658 amissis
2222 2605 2345 2659 viris
2372 2608 2439 2662 ob
2467 2607 2568 2662 hoc
2612 2625 2717 2662 non
2745 2611 2933 2664 iterum
2966 2613 3186 2676 nubunt,
3221 2630 3286 2668 ne
3314 2615 3415 2669 sub
3438 2617 3563 2687 jngo

1983 2696 2252 2748 servitutis
2274 2696 2461 2749 iterum
2490 2698 2615 2752 sint.
2648 2698 2872 2753 Prorsus
2895 2713 3069 2755 autem
3100 2703 3142 2756 si
3174 2704 3225 2756 in
3255 2717 3565 2776 paupertate

1985 2788 2120 2841 vivis
2150 2798 2203 2842 et
2222 2790 2365 2841 omni
2393 2791 2685 2856 patrocinio
2710 2806 2881 2858 cares,
2906 2793 3152 2848 virtutem
3178 2797 3297 2850 vita:
3319 2799 3559 2865 ostende,

1983 2888 2036 2932 et
2056 2894 2177 2932 cum
2196 2880 2307 2932 viro
2334 2880 2463 2933 nihil
2494 2879 2630 2936 habe
2660 2898 2941 2938 commune
2967 2901 2978 2935 :
3007 2886 3266 2955 conjunge
3293 2896 3344 2942 te
3370 2888 3560 2943 mulie-

1982 2970 2127 3023 ribus
2155 2986 2271 3039 qna:
2302 2970 2522 3025 honeste
2551 2972 2814 3035 vixerunt,
2845 2985 2897 3027 et
2923 2991 3091 3044 neque
3122 2987 3263 3031 tuam
3310 2993 3560 3034 coronam

1982 3062 2276 3129 disperdes,
2306 3072 2358 3116 et
2392 3064 2537 3116 omni
2568 3064 2852 3132 perfrueris
2878 3068 3178 3122 securitate.
3207 3068 3357 3135 Quod
3386 3072 3432 3124 si
3463 3073 3562 3127 hoc

1983 3153 2202 3207 difﬁcile
2228 3167 2350 3206 esse
2376 3164 2547 3221 putas,
2573 3168 2753 3223 quaere
2775 3155 3071 3225 diligenter,
3096 3168 3150 3211 et
3174 3160 3390 3215 omnino
3419 3162 3563 3216 inve-

1985 3243 2132 3307 nies;
2164 3243 2269 3296 imo
2313 3258 2415 3297 non
2456 3245 2809 3298 necessarium
2854 3258 2935 3300 est
2977 3262 3237 3316 quzerere.
3266 3249 3398 3305 Nam
3428 3254 3563 3308 sicut

1982 3333 2045 3384 ad
2076 3332 2243 3386 lucem
2276 3334 2602 3389 occurrimus
2629 3351 2833 3398 omnes,
2860 3339 2958 3403 sic,
2991 3341 3034 3393 si
3067 3340 3401 3411 refulgebunt
3428 3345 3560 3400 radii

1983 3423 2103 3476 vitm
2151 3432 2273 3489 tute,
2306 3438 2493 3479 omnes
2520 3437 2803 3480 accurrent
2833 3437 2884 3482 te
2912 3428 3207 3499 diligentes,
3238 3449 3567 3505 unaquaeque

1982 3516 2074 3568 tibi
2106 3532 2324 3572 nmnere
2370 3517 2677 3588 fungeretur
2728 3521 3001 3587 ministra},
3032 3533 3084 3577 et
3130 3535 3179 3579 te
3222 3513 3407 3581 domus
3450 3543 3563 3585 suae

1981 3610 2319 3663 securitatem
2363 3612 2562 3678 putabit
2606 3626 2743 3675 esse,
2792 3621 2845 3666 et
2872 3624 3114 3667 ornatum
3145 3614 3264 3671 vitro
3307 3628 3361 3672 et
3405 3635 3563 3673 coro-

1982 3718 2103 3755 nam
2167 3703 2457 3756 sccnndum
2510 3718 2809 3758 sermonem
2852 3702 3067 3760 Christi.
3115 3708 3337 3772 Quwrite
3378 3712 3561 3778 enim,

1982 3795 2073 3857 ait,
2106 3809 2315 3863 regnum
2342 3793 2455 3857 Dei,
2480 3805 2526 3848 et
2546 3795 2653 3848 hinc
2683 3796 2850 3848 omnia
2877 3797 3178 3866 adjiciantur
3196 3799 3330 3853 vobis
3347 3801 3562 3869 (Matth.

1983 3884 2035 3938 6.
2067 3884 2178 3952 55).
2208 3884 2357 3938 Nunc
2384 3896 2560 3938 autem
2589 3896 2641 3939 et
2668 3902 2764 3939 nos
2786 3897 3033 3942 auctores
3060 3906 3263 3956 sumus,
3293 3901 3351 3945 ut
3375 3908 3439 3948 ex
3464 3893 3565 3949 hac

1984 3977 2220 4029 saeculari
2268 3977 2518 4031 felicitate
2563 3978 2868 4032 excidamus
2896 3980 3033 4049 quod
3064 3982 3294 4036 molestia
3326 3985 3563 4055 negligao

1983 4085 2120 4122 mus.
2150 4068 2256 4123 Nos
2286 4078 2459 4122 autem
2491 4070 2701 4138 quando
2728 4071 2867 4134 dico,
2903 4086 3003 4123 non
3032 4073 3173 4126 viros
3203 4074 3375 4128 solum
3419 4076 3557 4139 dico,

1984 4167 2159 4217 sedet
2202 4179 2313 4226 vos,
2348 4173 2401 4217 et
2445 4180 2536 4216 vos
2581 4165 2748 4234 magis
2791 4181 2946 4233 quam
3000 4166 3158 4219 viros.
3210 4167 3467 4234 Quoniam
3496 4171 3564 4223 ab

1983 4257 2131 4311 initio
2157 4256 2225 4309 ob
2257 4256 2355 4309 hoc
2398 4257 2692 4324 graviorem
2723 4272 2930 4324 pinnam
2961 4258 3165 4325 accepit
3192 4260 3412 4327 tnnlier,
3440 4262 3559 4329 quia

1984 4347 2312 4415 deceptionis
2356 4347 2523 4414 major
2560 4361 2717 4400 causa
2768 4346 2883 4413 fuit,
2934 4359 3147 4415 propter
3188 4350 3285 4402 hoc
3327 4361 3380 4404 et
3421 4352 3564 4404 deci-

1985 4440 2213 4508 pientetn
2261 4439 2427 4507 magis
2456 4454 2610 4505 quam
2640 4438 2916 4505 deceptum
2968 4438 3171 4506 punivit
3216 4440 3353 4493 Deus
3381 4458 3394 4493 :
3422 4444 3560 4510 quod

1983 4542 2035 4584 et
2067 4544 2205 4583 nunc
2224 4530 2342 4590 erit,
2374 4530 2416 4581 si
2441 4544 2544 4581 non
2575 4528 2842 4581 volueritis
2869 4529 3081 4596 corrigi,
3107 4539 3159 4583 et
3188 4530 3251 4583 ad
3300 4534 3560 4600 propriam

1984 4623 2154 4676 redire
2204 4622 2546 4674 nobilitatem.
2582 4619 2802 4686 l’ropter
2830 4619 2929 4671 hoc
2973 4619 3112 4672 enim
3142 4630 3194 4673 et
3223 4622 3413 4675 mulier
3441 4631 3564 4676 tunc

1983 4714 2301 4783 reprehensa
2332 4712 2478 4783 (Gen.
2524 4712 2603 4781 5),
2632 4711 2772 4780 quod
2818 4727 2944 4764 vero
2971 4711 3203 4765 dedisset
3246 4712 3311 4766 de
3350 4714 3559 4780 fructu,

1985 4822 2087 4860 non
2130 4805 2356 4859 audebat
2397 4803 2574 4857 dicere
2620 4802 2937 4871 Oportuisse,
2986 4818 3106 4855 cum
3141 4802 3222 4856 vir
3249 4813 3413 4868 esset,
3456 4821 3559 4858 non

1985 4897 2289 4967 persuaderi
2340 4911 2510 4965 neque
2558 4894 2750 4963 decipi,
2800 4894 2894 4948 sed
2942 4897 3077 4947 hanc
3122 4894 3333 4964 quidem
3379 4906 3562 4966 utpote

1984 4991 2221 5059 frigidam
2268 4988 2628 5043 defensionem
2672 4985 2852 5050 tacuit,
2903 4985 2968 5039 ad
3011 4986 3166 5039 aliam
3212 4997 3387 5041 autem
3419 4990 3564 5043 venit

1983 5084 2243 5137 infirmam
2275 5079 2484 5149 quidem
2513 5086 2565 5131 et
2594 5078 2782 5146 ipsam,
2813 5085 3042 5129 attamen
3077 5078 3191 5144 plus
3234 5076 3331 5131 hac
3360 5078 3560 5133 haben-

1985 5186 2086 5231 tem
2130 5174 2369 5228 rationis.
2420 5170 2568 5227 Unde
2612 5169 2783 5239 palam
2814 5175 2897 5222 est
2932 5168 3098 5237 magis
3126 5169 3288 5223 licere
3325 5170 3562 5239 deceptis

1982 5268 2033 5321 in
2064 5266 2375 5335 deceptores
2401 5263 2610 5333 culpam
2653 5260 2895 5329 rejicere,
2926 5275 3083 5329 quam
3110 5259 3478 5329 deceptoribus
3510 5264 3561 5318 in

1981 5359 2250 5427 deceptos.
2282 5354 2527 5410 Scortum
2558 5352 2783 5406 accersit
2806 5365 2927 5404 enm
2956 5350 3046 5419 qui
3090 5352 3408 5405 contumelia
3436 5368 3560 5407 cor-

1981 5466 2080 5519 pus
2109 5464 2259 5502 suum
2305 5445 2485 5508 afﬁcit,
2532 5452 2587 5497 et
2628 5451 2909 5511 postquam
2947 5456 3065 5493 cum
3112 5441 3201 5494 illo
3244 5441 3558 5509 dormierit,

1982 5542 2170 5592 iterum
2200 5536 2447 5598 dimittit;
2480 5543 2530 5587 tu
2558 5544 2732 5587 autem
2761 5531 2847 5585 ubi
2872 5531 3080 5585 vocaris
3106 5546 3225 5585 eum
3252 5531 3341 5601 qui
3369 5533 3557 5602 injuria

1980 5633 2139 5685 afﬁcit
2164 5640 2218 5685 et
2246 5629 2535 5696 corrumpit
2562 5626 2788 5678 animam
2834 5634 2997 5684 tuam,
3029 5638 3240 5691 semper
3266 5625 3437 5692 ipsum
3477 5626 3550 5678 in-

1980 5726 2187 5787 cludis,
2236 5731 2291 5776 et
2339 5738 2442 5774 non
2496 5717 2755 5788 permittis
2800 5718 2967 5782 exire,
3021 5716 3334 5785 vinculaqne
3379 5720 3561 5787 gravia

1985 5817 2154 5887 injicis
2201 5814 2519 5877 adulatione,
2552 5825 2677 5865 cura
2706 5817 2759 5864 et
2804 5807 2923 5862 aliis
2952 5807 3198 5877 operibus
3242 5816 3295 5861 ct
3327 5818 3476 5876 putas
3507 5819 3561 5865 te

3152 5909 3225 5969 31
