4036 6416
458 361 555 416 531

456 472 739 543 gloriﬁcari
787 487 907 527 cum
955 471 1176 543 teipsam
1221 474 1291 528 ita
1335 475 1654 532 confundis?
1683 477 1796 531 Non
1845 478 2046 548 cogitas

455 577 536 631 tu,
563 566 648 622 dic
673 566 826 632 mihi,
868 575 1184 635 praesentem
1224 567 1405 635 vitam,
1435 584 1593 639 quam
1636 570 1832 635 brevis,
1865 581 1921 625 ut
1957 583 2045 624 so-

457 663 612 716 mniis
638 660 982 726 assimiletur,
1011 670 1064 714 et
1106 659 1340 716 ﬂosculis
1363 662 1839 725 marcescentibns,
1861 671 2045 716 etum—

454 753 564 808 hra:
591 751 976 822 praetereunti?
1006 752 1114 808 Cur
1137 752 1220 807 vis
1263 751 1499 808 deliciari
1527 767 1673 810 nunc
1697 755 1748 806 In
1787 753 1998 808 somnio
2021 791 2043 822 ,

454 854 508 898 et
537 843 715 913 puniri
745 850 871 898 tunc
901 844 951 896 in
993 841 1261 897 veritate?
1283 841 1537 908 Quamvis
1563 857 1662 897 nec
1688 841 1905 898 delicias
1930 843 2046 899 htec

454 952 543 992 res
575 937 772 992 habet:
804 935 1074 1007 quomodo
1115 936 1280 1000 enim,
1310 935 1400 990 ubi
1446 934 1821 990 condemnatio
1864 943 1920 990 et
1955 949 2046 990 re-

457 1027 839 1098 prehensiones
879 1035 936 1082 et
980 1025 1219 1081 convicia
1263 1034 1320 1080 et
1370 1025 1664 1080 scandala?
1705 1023 1902 1081 Verum
1945 1024 2046 1079 etsi

459 1119 662 1174 ilelicite
691 1125 893 1186 essent,
925 1117 1051 1190 quid
1080 1126 1163 1174 est
1191 1132 1352 1189 parva
1377 1132 1529 1188 aquae
1554 1125 1697 1188 gutta
1725 1117 1790 1172 ad
1822 1117 2048 1172 immen-

459 1229 573 1270 sitm
601 1216 786 1270 mare?
811 1215 968 1280 Audi,
998 1216 1128 1285 ﬁlia,
1157 1225 1204 1269 et
1235 1217 1366 1282 uide,
1397 1225 1445 1272 et
1471 1217 1661 1272 inclina
1681 1234 1854 1271 aurem
1872 1227 2009 1271 luam
2030 1259 2045 1282 ,

457 1319 502 1362 et
531 1307 818 1363 obliviscere
859 1305 1105 1377 populum
1151 1318 1310 1374 tuum,
1357 1318 1406 1362 et
1433 1308 1640 1362 domum
1677 1309 1835 1378 patris
1873 1309 1966 1375 tui,
2003 1317 2050 1364 et

463 1399 772 1468 concupiscet
799 1415 889 1453 rea:
925 1399 1152 1453 decorem
1198 1408 1338 1453 tuum
1371 1398 1541 1469 (Psal.
1589 1400 1677 1455 44.
1711 1401 1825 1472 η),
1859 1401 1924 1456 ad
1955 1416 2048 1455 or-

459 1491 579 1544 l.em
631 1499 791 1544 terra:
835 1488 1122 1558 aliquando
1166 1489 1304 1545 male
1342 1491 1586 1546 allectum
1616 1491 1824 1576 dicebat
1863 1492 2046 1547 David.

461 1582 572 1636 lioc
594 1582 750 1653 igitur
772 1596 868 1637 nos
892 1582 984 1637 tibi
1005 1583 1332 1647 occinemus,
1350 1583 1513 1639 breve
1535 1583 1750 1638 verbum
1779 1583 2052 1653 prophetae

465 1674 912 1728 subimmutantes
935 1715 950 1739 ,
996 1686 1052 1729 et
1089 1673 1328 1728 dicemus
1372 1689 1490 1728 cum
1535 1674 1793 1744 propheta
1825 1692 1839 1728 :
1869 1674 2049 1741 Audi,

463 1767 590 1833 lilia,
617 1775 672 1820 et
697 1765 838 1833 vide,
880 1775 935 1820 ct
959 1765 1152 1820 inclina
1194 1780 1380 1820 aurem
1424 1774 1588 1828 tuam,
1623 1775 1679 1820 et
1720 1765 2042 1821 obliviscere

462 1858 616 1913 make
655 1856 1055 1911 consuetudinis
1085 1865 1140 1911 et
1185 1871 1370 1911 eorum
1408 1856 1498 1925 qui
1530 1856 1622 1911 tibi
1670 1856 1811 1912 male
1839 1855 2057 1910 cohabi-

461 1957 595 2011 tant,
630 1957 684 2003 et
723 1947 1060 2017 concupiscet
1100 1963 1193 2001 rex
1238 1945 1684 2016 pulchritudinem
1725 1956 1888 2002 tuam.
1915 1944 2052 2012 Quid

463 2039 558 2096 tibi
585 2039 687 2095 hoc
710 2039 916 2109 majus?
942 2037 1067 2109 quid
1093 2038 1219 2092 item
1248 2052 1344 2107 par
1370 2037 1658 2107 poterimus
1676 2036 1871 2102 dicere,
1893 2052 2053 2106 quam

461 2140 522 2185 ut
563 2130 714 2197 caeli,
762 2138 919 2184 terra:
959 2138 1012 2184 et
1055 2128 1362 2199 angelorum
1416 2136 1470 2184 et
1515 2129 1952 2199 archangelorum
1999 2136 2056 2184 et

462 2237 813 2294 supernarum
852 2221 1112 2276 Virtutum
1158 2221 1440 2275 Dominum
1489 2229 1782 2275 amatorem
1825 2222 2008 2275 sortita
2035 2262 2050 2287 ,

462 2316 708 2372 libereris
736 2332 765 2370 a
793 2315 986 2371 vilibus
1030 2315 1325 2381 conservis,
1359 2325 1500 2370 tuam
1541 2315 1928 2370 notabilitatem
1959 2315 2056 2371 de-

465 2407 917 2463 honestantibus?
948 2407 1170 2477 Propter
1211 2407 1352 2478 quod
1391 2423 1422 2462 e
1465 2421 1523 2461 re
1565 2407 1721 2460 fuerit
1777 2406 1861 2460 hic
1906 2405 2057 2463 ﬁnire

464 2515 768 2556 sermonem
798 2518 813 2557 :
845 2500 975 2555 nihil
1001 2499 1144 2555 enim
1187 2499 1367 2554 dicere
1412 2499 1704 2569 poterimus
1750 2497 1892 2567 quod
1933 2497 2058 2552 huic

466 2591 654 2648 honori
683 2591 753 2646 sit
799 2605 913 2661 par.
943 2589 1075 2646 Nam
1108 2590 1154 2644 si
1194 2605 1313 2660 quae
1339 2604 1594 2660 sponsum
1634 2588 1687 2642 in
1717 2597 1856 2642 terra
1899 2603 2057 2643 acce-

468 2683 607 2751 perit
651 2697 854 2755 regem,
900 2681 1149 2736 omnibus
1191 2695 1248 2737 se
1278 2688 1426 2749 putat
1471 2693 1591 2734 esse
1638 2679 1970 2734 beatiorem:
2003 2688 2056 2732 ιιι

1206 359 1264 416 S.
1304 361 1581 419 JOANNIS
1605 363 2083 421 CHRYSOSTOMI
2121 366 2440 424 ARCHIEP.
2469 366 3010 425 CONSTANTINOP.

3639 373 3751 428 533

2151 495 2273 535 cum
2301 480 2497 536 habeas
2524 496 2631 536 non
2674 493 2964 545 terrenum,
2998 495 3097 537 nec
3123 496 3461 550 conservum,
3493 485 3589 541 sed
3619 501 3752 540 cum

2151 573 2240 642 qui
2287 573 2340 627 in
2361 573 2534 637 cmlis,
2565 589 2687 628 eum
2731 574 2820 643 qui
2857 587 3020 642 super
3056 587 3270 628 omnem
3312 577 3663 646 principatum
3695 589 3759 632 et

2151 671 2471 733 potestatem
2499 672 2554 717 et
2574 664 2824 718 virtutem
2853 673 2909 719 et
2932 679 3090 720 omne
3116 680 3308 720 nomen
3333 667 3474 737 quod
3501 668 3756 722 nomina-

2151 764 2258 819 tur,
2303 769 2424 809 eum
2469 754 2559 824 qui
2613 769 2776 824 super
2825 754 3112 810 Cherubim
3165 755 3336 822 sedet,
3392 760 3480 828 qui
3507 760 3759 814 concutit

2151 832 2372 911 terram,
2399 844 2489 914 qui
2520 844 2760 900 extendit
2781 847 2996 912 caelum,
3041 846 3130 916 qui
3159 847 3409 902 terribilis
3432 858 3516 905 est
3541 847 3756 903 Cheru-

2151 935 2311 999 binis,
2359 935 2662 990 inaccessus
2709 934 3042 1006 Seraphinis,
3092 953 3197 992 non
3227 954 3480 1008 sponsum
3523 940 3705 995 solum
3736 983 3754 1006 ,

2152 1026 2247 1082 sed
2276 1036 2570 1082 amatorem
2609 1028 2797 1098 quovis
2825 1028 3040 1084 homine
3065 1029 3444 1098 ardentiorem,
3471 1031 3758 1102 quomodo

2153 1135 2258 1173 non
2287 1119 2465 1174 omnia
2511 1119 2786 1191 relinquis,
2832 1137 2950 1191 qute
2987 1121 3074 1178 hic
3103 1132 3245 1186 sunt,
3275 1124 3480 1179 etiamsi
3509 1125 3757 1178 animam

2155 1212 2325 1282 ipsam
2375 1212 2678 1282 relinquere
2721 1213 3003 1283 oporteat?
3044 1213 3303 1280 Quoniam
3350 1216 3506 1286 igitur
3549 1215 3762 1271 sufficit

2157 1303 2260 1359 hoc
2287 1305 2508 1360 verbum
2537 1305 2710 1360 solum
2735 1305 2801 1360 ad
2833 1306 3048 1376 plumbo
3073 1307 3219 1361 omni
3245 1308 3543 1377 graviorem
3574 1309 3761 1362 corri-

2154 1394 2384 1465 gendum
2411 1405 2466 1450 et
2504 1395 2922 1465 promovendum
2952 1396 3018 1452 ad
3063 1413 3347 1467 supernam
3384 1399 3762 1453 conversatio-

2155 1502 2301 1552 nem,
2346 1495 2401 1541 et
2440 1501 2538 1541 nos
2581 1487 2685 1542 huc
2735 1487 3050 1554 desinimus,
3100 1498 3259 1559 teque
3303 1487 3652 1544 admonemus
3699 1499 3763 1542 ut

2156 1579 2309 1649 quasi
2353 1579 2591 1634 divinum
2641 1580 2854 1651 aliquod
2885 1581 3150 1637 canticum
3193 1582 3480 1648 concinas;
3507 1597 3574 1637 ac
3600 1582 3761 1635 domi

2157 1679 2212 1726 et
2237 1671 2288 1725 in
2317 1670 2454 1736 foro,
2482 1679 2536 1726 et
2560 1669 2648 1726 die
2667 1679 2721 1726 et
2748 1681 2924 1737 nocte,
2949 1681 3006 1726 et
3032 1672 3086 1726 in
3133 1672 3215 1726 via
3242 1682 3296 1727 et
3343 1673 3394 1727 in
3441 1671 3681 1728 thalamo
3714 1674 3760 1738 ',

2157 1770 2212 1818 et
2239 1777 2373 1819 voce
2411 1771 2466 1817 et
2494 1771 2674 1818 mente
2719 1763 2974 1820 continue
3015 1764 3249 1834 loquaris
3290 1763 3482 1819 anima:
3518 1765 3713 1818 dicens
3744 1781 3762 1817 :

2157 1851 2318 1917 Audi,
2365 1853 2562 1918 anima,
2616 1859 2673 1907 et
2715 1853 2871 1921 vide,
2918 1861 2973 1907 et
3020 1853 3212 1910 inclina
3261 1869 3442 1908 aurem
3488 1863 3656 1920 tuam,
3705 1866 3767 1908 et

2161 1942 2475 1998 obliviscere
2519 1942 2674 1998 malae
2714 1943 3138 2008 consuetudinis,
3183 1952 3238 1999 et
3276 1944 3620 2014 concupiscet
3658 1961 3765 1998 rex

2165 2031 2608 2101 pulchritudinem
2663 2041 2828 2088 tuam.
2877 2033 2946 2089 Et
2994 2035 3039 2089 si
3086 2034 3189 2088 hoc
3230 2036 3481 2090 continue
3527 2036 3765 2090 verbum

2161 2121 2378 2189 dixeris,
2421 2139 2552 2178 auro
2581 2124 2736 2204 omni
2753 2126 3024 2196 puriorem
3055 2125 3218 2180 facies
3257 2127 3508 2180 animam.
3542 2125 3768 2180 Dictum

2161 2214 2304 2269 enim
2333 2212 2436 2269 hoc
2474 2215 2596 2284 igne
2622 2215 2994 2270 vehementius
3022 2223 3077 2270 et
3105 2215 3376 2270 efﬁcacius
3417 2215 3613 2271 amare
3639 2226 3770 2270 tuas

2161 2304 2510 2374 cogitationes
2535 2313 2589 2358 et
2624 2319 2813 2359 omnes
2843 2314 2947 2359 tua;
2983 2305 3178 2360 mentis
3203 2304 3435 2360 maculas
3461 2321 3774 2376 expurgare

2161 2395 2379 2462 valebit,
2410 2396 2464 2450 in
2489 2394 2702 2450 Christo
2725 2396 2851 2451 Jesu
2894 2397 3119 2453 Domino
3145 2405 3347 2466 nostro,
3378 2398 3464 2454 cui
3506 2399 3684 2469 gloria
3717 2400 3772 2452 in

2165 2488 2362 2544 saecula
2387 2488 2724 2543 szeculorum.
2751 2487 2942 2543 Amen.

2231 2663 2247 2694 ⁸
2284 2661 2423 2712 Savil.
2449 2660 2616 2720 habet,
2639 2667 2685 2712 el
2700 2661 2750 2712 in
2771 2661 2912 2712 mari.

1822 3429 1998 3502 FINIS
2038 3441 2210 3504 TOMI
2251 3441 2456 3503 PRIMI.
