4036 6416
325 361 424 413 εει
803 352 992 422 QUOD
1031 352 1454 411 REGULARES
1494 353 1777 413 FEMIN/E
1814 356 2000 415 VIRIS
2033 358 2480 418 COIIABITARE
2511 356 2654 416 NON
2695 352 3038 412 DEBEANT.

310 474 484 544 αὐτῆς
512 471 572 526 τὸ
604 471 782 543 σῶμα,
817 473 911 525 καὶ
943 472 1424 541 συγκατακλίνασα
1473 474 1636 529 πάλιν
1663 475 1895 548 άφίησι⁶

317 562 382 613 σὺ
404 559 459 613 δὲ
480 560 573 613 τὸν
599 557 890 628 ὑϐρίζοντά
908 574 1000 610 σου
1020 557 1119 629 τὴν
1142 556 1321 630 ψυχὴν
1342 558 1438 613 καὶ
1466 558 1756 631 φθείροντα
1792 577 1895 615 κα-

314 642 547 703 λέσασα,
581 641 924 702 κατακλείεις
945 640 1091 694 ἔνδον
1119 641 1436 707 διαπαντὸς,
1468 642 1563 696 καὶ
1599 643 1661 696 οὐ
1691 660 1900 713 συγχω-

323 732 439 803 ρεῖς
473 726 695 793 ἐξιέναι,
723 725 898 795 δεσμά
931 724 1332 795 περιϐάλλουσα
1360 727 1595 796 χαλεπά,
1631 730 1697 799 τῇ
1734 728 1899 782 κολα-

314 817 461 888 κείᾳ,
487 818 553 885 τῇ
589 812 875 883 θεραπείᾳ,
906 813 1027 873 ταῖς
1056 809 1243 875 ἄλλαις
1272 811 1529 883 πράξεσι,
1560 811 1654 865 καὶ
1682 813 1789 883 ἡγῇ
1820 811 1902 864 δο-

316 898 598 963 ξάζεσθαι,
640 893 1082 965 καταισχύνουσα
1108 894 1343 964 ἐαυτὴν;
1368 891 1500 948 Εἶτα
1531 895 1630 948 οὐκ
1675 896 1896 960 ἐννοεῖς,

314 982 436 1034 εἰπέ
468 998 580 1051 μοι,
609 980 701 1032 τὸν
732 979 975 1049 παρόντα
1003 978 1135 1047 βίον,
1167 977 1285 1042 πῶς
1329 977 1560 1050 βραχὺς,
1600 977 1718 1042 πῶς
1762 979 1900 1033 ὀνεί.

316 1081 440 1135 ρασι
475 1063 788 1135 προσέοικε,
820 1061 914 1115 καὶ
941 1060 1130 1116 ἄνθεσι
1168 1063 1610 1134 μαραινομένοις,
1651 1064 1744 1117 καὶ
1774 1063 1900 1134 σκιᾷ

314 1145 770 1218 παρατρεχούσῃς
799 1146 864 1197 Τί
888 1144 1069 1215 βούλει
1086 1147 1418 1217 τρυφήσασα
1444 1145 1539 1199 νῦν
1564 1148 1623 1199 ἐν
1657 1146 1899 1217 ὀνείρατι

314 1227 643 1293 κολάζεσθαι
674 1232 732 1282 ὲν
764 1228 992 1299 ἀληθείᾳ
1012 1227 1164 1293 τότες
1187 1229 1381 1282 Καίτοι
1403 1246 1470 1297 γε
1490 1228 1611 1283 οὐδέ
1634 1229 1813 1301 τρυφὴ
1838 1229 1899 1284 τὸ

316 1314 551 1384 πρᾶγμά
580 1315 729 1366 ἐστι·
761 1313 880 1375 πῶς
906 1311 1035 1383 γάρ,
1068 1312 1204 1365 ὃπου
1240 1311 1587 1381 κατάγνωσις
1613 1313 1707 1366 καὶ
1731 1329 1902 1382 κατη-

318 1398 485 1468 γορία
524 1397 621 1450 καὶ
667 1396 977 1466 σκώμματα
1016 1396 1111 1449 καὶ
1151 1394 1453 1460 σκάνδαλα;
1495 1395 1642 1465 Πλὴν
1688 1393 1804 1448 ἀλλ’
1851 1395 1900 1446 εί

321 1481 417 1533 καὶ
442 1479 619 1551 τρυφὴ
648 1476 739 1550 ἦν,
762 1480 815 1531 τί
842 1477 1059 1547 σταγὼν
1089 1478 1280 1542 ὕδατος
1304 1478 1478 1550 μικρά
1507 1478 1647 1550 πρὸς
1677 1479 1901 1549 ἄπειρον

322 1562 591 1628 πέλαγος;
623 1564 937 1621 Ἄκουσον,
968 1562 1239 1631 θύγατερ,
1275 1561 1377 1616 καὶ
1406 1561 1517 1625 ἴδε,
1538 1560 1660 1625 ,καὶ
1689 1560 1904 1615 κλῖνον

319 1646 387 1698 τὸ
419 1642 530 1711 οὖς
564 1661 701 1711 σου,
729 1645 825 1699 καί
848 1645 1139 1700 ἐπιλάθου
1173 1644 1279 1699 τοῦ
1306 1644 1460 1700 λαοῦ
1490 1657 1628 1707 σου,
1661 1645 1761 1698 καί
1795 1644 1902 1698 τοῦ

321 1727 489 1781 οἷκου
512 1727 618 1782 τοῦ
642 1729 867 1797 πατρός
894 1742 1032 1791 σου,
1058 1726 1155 1780 καί
1178 1727 1533 1797 ἐπιθυμήσει
1549 1729 1582 1782 d
1601 1724 1903 1793 βασιλεὺς

320 1810 429 1864 τοῦ
466 1810 735 1876 κάλλους
759 1826 898 1873 σου,
918 1809 1056 1881 πρὸς
1076 1809 1178 1881 τὴν
1207 1811 1537 1881 οἰκουμένην
1555 1810 1687 1864 ποτὲ
1718 1808 1905 1873 κακῶς

320 1892 672 1963 διακειμένην
702 1893 885 1961 ἔλεγεν
921 1895 949 1946 ὁ
977 1891 1160 1946 Δαυῖδ.
1201 1891 1372 1946 Τοῦτο
1413 1893 1592 1947 τοίνυν
1617 1893 1713 1947 καὶ
1744 1893 1907 1964 ἡμεῖς

324 1976 596 2047 ὲπᾴδομέν
645 1993 726 2029 σοι
757 1976 820 2029 τὸ
856 1975 1032 2047 ρἧα,
1084 1976 1281 2047 μικρὸν
1321 1976 1773 2049 παραλλάξαντες
1811 1975 1905 2029 τοῦ

327 2061 633 2130 προφήτου,
678 2060 772 2113 καὶ
802 2059 1037 2131 ἐροῦμεν
1074 2060 1213 2131 μετὰ
1239 2060 1333 2114 τοῦ
1367 2062 1645 2132 προφήτου
1666 2076 1681 2091 ⁶
1713 2057 1913 2113 Ἀκουο

328 2159 441 2206 σον,
490 2140 750 2214 θύγατερ,
786 2143 881 2196 καὶ
915 2143 1012 2207 ίδε,
1055 2143 1147 2197 καὶ
1189 2143 1368 2197 κλῖνον
1403 2143 1465 2197 τὸ
1504 2138 1598 2207 οῦς
1640 2159 1756 2206 σου,
1806 2141 1904 2196 καὶ

328 2225 584 2279 ἐπιλάθου
613 2225 712 2295 τῆς
743 2228 987 2298 πονηρᾶς
1012 2225 1322 2296 συνηθείας,
1354 2225 1584 2282 καὶτῶν
1616 2224 1711 2279 ἐπὶ
1749 2223 1905 2293 κακῷ

330 2326 411 2361 σοι
467 2305 880 2373 συνοικούντων,
934 2308 1030 2361 καὶ
1080 2308 1412 2381 ἐπιθυμήσει
1444 2310 1473 2361 ὁ
1511 2307 1765 2379 βασιλεὺς
1808 2304 1903 2360 τοῦ

331 2390 564 2452 κάλλους
598 2407 713 2443 σου.
746 2390 812 2442 Τί
843 2409 924 2444 σοι
949 2390 1138 2445 τούτου
1169 2391 1364 2455 πλέον;
1391 2390 1443 2444 τί
1468 2390 1526 2444 δὲ
1545 2390 1658 2443 ἴσον
1684 2388 1906 2464 ἔχοιμεν

332 2473 399 2526 ἂν
431 2474 609 2526 εἰπεῖν
640 2473 790 2536 ἄλλο,
821 2474 948 2527 ὅταν
982 2474 1073 2527 τὸν
1114 2473 1223 2527 τῶν
1250 2472 1496 2545 οὐρανῶν
1534 2473 1629 2526 καὶ
1674 2472 1777 2542 γῆς
1808 2472 1905 2525 καὶ

335 2554 487 2628 [267]
517 2555 763 2623 ἀγγέλων
796 2555 890 2608 καὶ
934 2556 1289 2628 ἀρχαγγέλων
1332 2556 1429 2609 καὶ
1466 2555 1577 2609 τῶν
1610 2555 1725 2610 άνω
1751 2553 1910 2608 δυνά-

334 2656 479 2708 μεων
510 2640 786 2710 Δεσπότην
810 2639 1044 2712 ἐραστὴν
1076 2639 1270 2715 λάϐῃς,
1297 2638 1675 2708 ἀπαλλαγεῖσα
1704 2637 1908 2693 τούτων

333 2722 442 2776 τῶν
485 2723 718 2775 εὐτελῶν
760 2723 1066 2796 ὁμοδούλων
1124 2740 1226 2791 σοι,
1282 2723 1377 2776 καὶ
1430 2720 1907 2791 καταισχυνόντων

337 2821 428 2857 σου
450 2805 547 2875 τὴν
570 2807 882 2875 εύγένειαν;
906 2807 996 2859 Διὸ
1016 2807 1079 2877 δὴ
1108 2808 1202 2860 καὶ
1225 2806 1458 2860 ἐνταῦθα
1479 2803 1785 2861 καταλῦσαι
1811 2805 1906 2857 τὸν

335 2886 494 2956 λόγον
514 2889 698 2945 καλόν.
719 2888 884 2944 Οὐδὲν
904 2889 1013 2961 γὰρ
1030 2890 1142 2945 ῖσον
1160 2891 1337 2944 εἰπεῖν
1360 2887 1565 2959 ταύτης
1588 2887 1785 2959 ἔχομεν
1805 2886 1907 2957 τῆς

3477 360 3584 417 539

1996 479 2182 550 τιμῆς.
2212 481 2276 533 Et
2298 480 2405 551 γάρ
2429 478 2654 550 βασιλέα
2676 477 2770 530 τὸν
2797 475 2891 529 ἐπὶ
2923 475 3026 546 γῆς
3065 473 3307 529 λαϐοῦσά
3336 493 3421 541 τις
3444 495 3583 549 νυμ-

1999 563 2144 633 φίον,
2200 564 2418 619 πάντων
2448 564 2662 633 ἡγεῖται
2697 555 2838 614 εἶναι
2885 559 3084 629 ἑαυτὴν
3127 561 3582 631 μακαριωτέραν,

2001 646 2066 698 σὺ
2095 647 2155 700 οὐ
2197 647 2289 701 τὸν
2322 646 2414 698 ἐπὶ
2455 645 2580 715 γῆς,
2615 643 2736 698 οὑδέ
2756 645 2846 696 τὸν
2874 642 3188 713 ὁμόδουλον,
3234 642 3370 698 ἀλλὰ
3404 646 3498 697 τὸν
3526 647 3585 698 ἐν

1997 731 2112 794 τοῖς
2149 732 2418 800 οὐρανοῖς,
2465 730 2559 783 τὸν
2593 728 2849 798 ὑπεράνω
2882 726 3063 797 πάσης
3095 726 3270 797 ἀρχῆς
3298 727 3393 779 καὶ
3431 728 3583 792 ἐξου-

2001 812 2124 885 σίας
2169 814 2261 866 καὶ
2311 812 2594 882 δυνάμεως
2626 812 2721 865 κα)⁵
2759 810 2958 874 παντὸς
3012 810 3274 880 ὀνόματος
3319 810 3586 881 ὀνομαζο-

2002 897 2189 969 μένου,
2248 896 2341 950 τὸν
2392 895 2579 949 ἐπάνω
2627 895 2734 948 τῶν
2779 893 3044 966 χερουϐὶμ
3089 893 3432 964 καθήμενον,
3493 894 3585 946 τὸν

2002 981 2215 1034 σείοντα
2247 980 2348 1051 τὴν
2392 981 2514 1050 γῆν,
2563 979 2658 1032 τὸν
2710 978 3027 1032 ἐκτείναντα
3053 978 3144 1031 τὸν
3198 978 3450 1049 οὐρανὸν,
3490 978 3586 1031 τὸν

2001 1065 2230 1137 φοϐερὸν
2259 1064 2359 1136 μὲν
2388 1066 2501 1126 τοῖς
2548 1062 2836 1134 χερουϐὶμ,
2864 1062 3154 1133 ἀπρόσιτον
3182 1061 3237 1115 δὲ
3262 1066 3376 1126 τοῖς
3420 1080 3586 1135 σερα-

2000 1148 2125 1219 φὶμ,
2163 1148 2285 1218 οὐχὶ
2305 1146 2534 1218 νυμφίον
2576 1146 2775 1217 ἔχουσα
2801 1145 2981 1214 μόνον,
3012 1145 3148 1198 ἀλλὰ
3195 1145 3287 1199 καὶ
3325 1147 3584 1218 ἐραστὴν,

2000 1232 2095 1284 καὶ
2139 1231 2376 1303 ἐραστὴν
2408 1229 2609 1292 παντὸς
2651 1227 2938 1300 ἀνθρώπου
2975 1228 3352 1300 σφοδρότερον,
3383 1230 3501 1292 πῶς
3522 1229 3585 1283 οῦ

2003 1314 2182 1368 πάντα
2219 1314 2452 1384 ἀφήσεις
2480 1312 2551 1365 τὰ
2600 1310 2858 1371 ἐνταῦθα,
2893 1312 2939 1363 εί
2968 1312 3063 1363 καὶ
3087 1311 3257 1381 αὐτὴν
3313 1311 3421 1364 δέοι
3454 1328 3590 1383 προ-

2002 1397 2159 1450 έσθαι
2195 1396 2293 1467 τὴν
2329 1395 2541 1466 ψυχήνς
2601 1395 2756 1448 Ἐπεὶ
2804 1390 2899 1448 οὖν
2948 1392 3103 1447 τοῦτο
3126 1396 3289 1465 ἀρκεῖ
3336 1395 3397 1448 τὸ
3432 1395 3588 1466 ῥῆμα

2006 1481 2165 1553 μόνον
2203 1482 2418 1534 καὶτὸν
2462 1478 2723 1550 μολύϐδου
2761 1478 2959 1540 παντὸς
2991 1477 3292 1550 βαρύτερον
3321 1478 3586 1551 ὀρθῶσαι,

2003 1569 2098 1623 καὶ⁵
2136 1567 2272 1639 πρὸς
2299 1568 2397 1629 τάς
2424 1566 2535 1617 ἄνω
2584 1562 2861 1633 πτερῶσαι
2896 1562 3180 1635 διατριϐὰς
3207 1575 3257 1627 ο,
3286 1564 3379 1616 καὶ
3424 1564 3587 1634 ἡμεῖς

2004 1650 2236 1704 ἐνταῦθα
2269 1646 2634 1717 καταλύομεν,
2662 1646 2756 1699 καὶ
2778 1646 2861 1698 σοὶ
2888 1646 3264 1718 παραινοῦμεν
3283 1686 3297 1706 ,
3337 1644 3589 1713 καθάπερ

2004 1736 2128 1789 τινά
2168 1735 2317 1788 θείαν
2343 1732 2544 1800 ταύτην
2569 1732 2787 1800 ἐπᾴδειν
2819 1731 2917 1801 τὴν
2942 1730 3175 1801 ἐπῳδὴν,
3205 1728 3304 1783 καὶ
3325 1730 3383 1783 ἐν
3414 1728 3587 1799 οἰκίᾳ,

2008 1818 2105 1873 καὶ
2126 1821 2184 1871 ἐν
2211 1817 2406 1886 ἀγορᾷ,
2435 1816 2527 1868 καὶ
2553 1814 2609 1865 ἐν
2632 1813 2840 1884 ᾑμέρᾳ,
2864 1814 3040 1885 καὶέν
3055 1813 3230 1872 νυκτὶ,
3257 1813 3350 1865 καὶ
3373 1814 3432 1864 ἐν
3457 1810 3586 1880 ὁδῷ,

2011 1903 2104 1956 καὶ
2121 1902 2178 1953 ἐν
2200 1900 2449 1970 θαλάμῳ,
2478 1897 2571 1950 καὶ
2591 1896 2679 1949 διὰ
2704 1897 2906 1965 φωνῆς,
2925 1898 3020 1948 καὶ
3040 1895 3181 1949 κατὰ
3201 1896 3462 1959 διάνοιαν,
3492 1894 3589 1947 καὶ

2012 1984 2249 2055 συνεχῶς
2266 1983 2538 2051 ἐπιλέγειν
2564 1983 2629 2051 τῇ
2651 1980 2797 2050 ψυχῇ
2820 1997 2834 2010 ο
2862 1981 3147 2043 Ἄκουσον,
3166 1980 3310 2050 ψυχή
3334 1996 3457 2047 μου,
3492 1979 3587 2029 καὶ

2012 2069 2112 2134 ἴδε,
2162 2069 2257 2122 καὶ
2290 2066 2468 2121 κλῖνον
2501 2065 2562 2118 τὸ
2593 2061 2685 2126 οὖς
2718 2080 2834 2128 σου,
2861 2064 2955 2115 καὶ
2984 2063 3243 2116 ἐπιλάθου
3283 2064 3384 2131 τῆς
3428 2079 3590 2131 πονη-

2013 2156 2113 2226 ρᾶς
2158 2168 2252 2205 σου
2290 2148 2598 2219 συνηθείας,
2645 2148 2738 2200 καὶ
2772 2145 3154 2217 ἐπιθυμήσειὸ
3198 2145 3450 2215 βασιλεὺς
3492 2143 3588 2195 τοῦ

2011 2236 2242 2298 κάλλους
2270 2252 2361 2287 σου
2382 2250 2395 2264 ο
2430 2232 2535 2286 κᾶν
2562 2229 2720 2284 τοῦτο
2743 2229 3002 2303 ἐπιλέγῃς
3020 2229 3287 2299 διηνεκῶς
3320 2229 3380 2282 τὸ
3412 2228 3586 2298 ῥῆμα,

2010 2320 2235 2393 χρυσίου
2261 2318 2456 2381 παντὸς
2476 2315 2867 2387 καθαρωτέραν
2896 2314 3104 2386 ἐργάσῃ
3133 2313 3230 2384 τὴν
3256 2312 3453 2382 ψυχὴν,
3484 2328 3590 2364 πυ-

2014 2405 2107 2477 ρὸς
2133 2403 2486 2475 σφοδρότερον
2518 2402 2616 2471 τῆς
2637 2398 2831 2463 λέξεως
2862 2397 3064 2468 ταύτης
3083 2400 3195 2460 τοῖς
3220 2397 3321 2465 τῆς
3348 2394 3593 2456 διανοίας

2015 2486 2358 2559 ἐμπνεούσης
2383 2485 2683 2554 λογισμοῖς,
2705 2482 2799 2535 καὶ
2825 2482 3003 2534 πᾶσαν
3025 2478 3460 2559 ἐκκαθαιρούσης
3487 2494 3590 2546 κη-

2015 2554 2155 2635 λῖδα,
2194 2570 2253 2623 ὲν
2289 2554 2510 2639 Χριστῷ
2547 2565 2722 2638 Ἰησοῦ
2772 2563 2851 2636 τῷ
2893 2562 3083 2634 Κυρίῳ
3112 2563 3289 2635 ἡμῶν,
3322 2554 3367 2630 ᾧ
3390 2562 3425 2633 ἡ
3464 2559 3601 2632 δόξα,

2015 2657 2096 2719 εἰς
2127 2655 2255 2718 τοὺς
2284 2652 2486 2716 αἰῶνας
2515 2650 2625 2704 τῶν
2654 2648 2885 2705 αἰώνων.
2929 2648 3123 2719 Ἀμήν.

2076 2832 2102 2860 ⁸
2126 2829 2276 2879 Savil.
2303 2829 2384 2877 καὶ
2402 2827 2517 2887 πρὸς
2534 2825 2619 2881 τὰς
2638 2823 2738 2872 ἄνω
2761 2840 2817 2873 σε
2838 2824 3021 2885 ὁδηγεῖν
3039 2822 3289 2887 διατριϐάς.
3314 2819 3440 2873 Infra
3460 2819 3592 2869 idem

2011 2893 2094 2943 καὶ
2126 2893 2173 2940 ἐν
2193 2891 2308 2955 ὁδῷ,
2329 2888 2410 2937 καὶ
2434 2887 2480 2937 ἐν
2501 2887 2729 2948 θαλάσσῃ.

1481 3481 1707 3539 ΤΕΔΟΣ
1738 3482 1877 3538 τΟΥ
1916 3482 2191 3537 ΠΡΩΤΟΥ
2228 3481 2485 3537 ΤΟΜΟΥ.

704 4278 959 4338 Ordinem
990 4294 1168 4335 rerum
1204 4278 1261 4334 in
1291 4276 1390 4334 hoc
1429 4284 1569 4333 (omo
1597 4281 1963 4332 contentam":
1988 4273 2105 4331 vide
2132 4272 2204 4330 ad
2231 4270 2427 4330 calcem
2458 4270 2629 4343 parm
2663 4269 2904 4328 mundae
2927 4268 3234 4325 voluminis.

2368 5845 2443 5899 Ex
2473 5846 2612 5916 typis
2641 5832 2851 5900 Mlch
2904 5858 2970 5898 au
3004 5841 3509 5908 Pclit-Monlruugc.
