4010 6350
318 366 965 427 illm

325 419 350 427 -

502 379 1070 391 Herm

965 559 2389 738 SUPPLEMEN
2405 549 2919 712 TUM

1947 396 1950 397 ν
1991 393 2028 397 _.-,
2043 396 2058 397 κ
2079 393 2298 397 ᾼ-ῌ-ΔῘΑ
2310 393 2448 397 _,_-_____
2493 389 2573 397 .__..—
2617 391 2666 395 η...
2679 391 2684 394 .
2705 389 2722 394 .-
2769 390 2784 393 .-
2823 389 2836 393 ,ι

1646 841 1832 926 AD.
1877 831 2268 922 OPERA

464 1079 713 1301 s.
837 1075 1536 1380 ΑΗΒ.
1668 1061 1935 1282 Al

2036 1048 3434 1277 'GUSTINI.

1477 1424 1993 1494 HIPPONENSIS
2035 1421 2410 1485 EPISCOPI.

818 1791 1685 1901 NOTITIA
1809 1778 3103 1890 LITTERARIA

1004 2007 1067 2059 1N
1104 2006 1275 2067 VI'IA,
1309 2001 1589 2055 SCRIPTIS
1623 1999 1703 2049 ET
1736 1993 2150 2047 EDlTIONIBUS
2185 1991 2445 2044 OPERUM
2479 1991 2530 2040 S.
2567 1989 2928 2042 AUGUSTINI.

1404 2143 1815 2208 (Schmnemanni
1859 2139 2093 2190 Biblioth.
2141 2135 2318 2199 Lipsiae
2366 2133 2551 2194 1794.)

849 2459 1076 2516 CAPUT
1116 2453 1404 2511 PRIMUM.

867 2573 980 2626 Vita
1008 2571 1068 2626 S.
1101 2565 1396 2637 Augustini.

407 2714 576 2770 Natus
599 2721 677 2766 est
701 2708 966 2778 Tagastte,
989 2703 1226 2757 obscuro
1252 2696 1446 2752 Africa:
1471 2691 1694 2762 Oppido,
1726 2690 1779 2744 in
1813 2702 1924 2742 mc-

336 2809 646 2862 diterranea
677 2799 944 2855 Numidia:
976 2804 1147 2865 parte,
1188 2791 1326 2847 haud
1359 2787 1543 2858 procul
1578 2802 1605 2838 ει
1656 2782 1924 2838 Madanris

337 2906 395 2953 et
454 2898 699 2966 llippone
749 2893 916 2962 Regio
968 2894 1108 2953 sito,
1163 2888 1339 2942 idibus
1399 2881 1720 2937 Novembris
1785 2889 1925 2930 anno

338 3006 554 3052 cccuv.
603 2989 641 3042 i.
696 3002 746 3042 e.
791 2985 1175 3040 trecentesimo
1215 2975 1662 3050 quinquagesimo
1710 2978 1924 3042 quarto.

340 3082 660 3151 parentibus
699 3077 945 3132 honestis
989 3077 1056 3130 de
1097 3073 1417 3135 Curialium,
1464 3083 1561 3123 seu
1604 3079 1796 3121 eorum
1835 3061 1926 3132 qui

342 3173 526 3227 munia
559 3169 781 3240 publica
823 3166 1186 3238 procurabant
1216 3165 1267 3218 in
1316 3158 1642 3227 municipiis,
1676 3169 1924 3219 numero,

343 3273 403 3318 ut
431 3263 597 3316 tradit
631 3259 928 3315 Possidius.
970 3259 1126 3312 Pater
1171 3263 1287 3309 erat
1327 3245 1620 3317 Patricius,
1668 3246 1927 3302 mediocri

348 3355 587 3417 fortuna,
622 3351 715 3406 sed
748 3350 959 3404 liberali
991 3358 1046 3404 et
1077 3360 1348 3418 propenso
1397 3346 1449 3399 in
1495 3357 1684 3398 omnes
1724 3341 1927 3408 animo,

348 3445 509 3499 simul
543 3453 721 3498 tamen
744 3441 1033 3496 iracundus
1059 3450 1112 3494 et
1132 3440 1308 3506 ferox,
1335 3446 1394 3492 ut
1426 3437 1598 3507 ipsum
1624 3432 1801 3504 pinxit
1824 3433 1932 3486 Au-

350 3535 726 3609 gustinus(a);
770 3535 931 3588 fidem
956 3533 1317 3587 Christianam
1346 3529 1446 3583 sub
1487 3530 1646 3583 finem
1684 3527 1806 3579 vitae
1837 3525 1933 3578 de-

355 3645 500 3683 mum
547 3629 862 3695 amplexus;
912 3633 1088 3678 mater
1127 3621 1352 3685 Monica,
1386 3617 1748 3673 clarissimum
1794 3614 1933 3667 inter

356 3719 692 3774 Christianos
718 3730 942 3778 nomen,
964 3729 1083 3783 qure
1107 3712 1314 3767 liberos
1341 3725 1469 3764 suos
1493 3708 1560 3762 ab
1593 3704 1934 3760 incunabulis

1951 2444 1997 2500 Α
2027 2433 2369 2502 eloquentiae,
2412 2445 2513 2500 qua
2543 2430 2656 2484 sola
2690 2439 2814 2483 tunc
2844 2429 3152 2484 hominibus
3191 2429 3449 2483 mediocri
3483 2431 3604 2485 loco

2029 2527 2169 2580 natis
2197 2524 2263 2578 ad
2293 2523 2518 2592 gloriam
2559 2532 2613 2578 et
2643 2537 2773 2591 opes
2817 2531 2907 2576 aut
2953 2522 3003 2576 in
3035 2523 3151 2577 foro
3185 2534 3274 2576 aut
3324 2523 3376 2576 in
3415 2524 3607 2578 acadeo

2026 2619 2146 2672 tniis
2170 2617 2577 2686 consequendas
2608 2617 2828 2686 patebat
2857 2617 2962 2681 via,
2998 2617 3234 2671 studium
3282 2617 3561 2672 escoleret
3588 2633 3604 2680 ;

2027 2724 2188 2778 quem
2215 2709 2268 2762 in
2295 2708 2480 2777 finem,
2515 2718 2571 2761 ut
2599 2708 2714 2776 ipse
2745 2717 2946 2772 narrat,
2978 2717 3132 2775 pater
3163 2709 3349 2776 glori-.2
3380 2709 3608 2777 cupidus

2029 2799 2147 2866 plus
2181 2808 2514 2866 sumptuum,
2544 2813 2702 2866 quam
2745 2797 3060 2852 domesticae
3101 2808 3415 2866 paterentur
3443 2800 3611 2852 facul-

2029 2900 2190 2958 tates,
2224 2892 2272 2945 ei
2306 2891 2704 2960 suppeditabat.
2740 2891 2816 2944 lbi
2854 2901 2963 2943 tum
2997 2889 3184 2954 fiebat,
3234 2899 3313 2955 ut,
3347 2905 3466 2944 cum
3513 2891 3612 2944 ali-

2027 2983 2343 3051 quantisper
2368 2991 2422 3037 et
2445 2982 2596 3036 urbis
2623 2992 2676 3036 et
2699 2982 3130 3036 commilitonum
3156 2981 3423 3051 exemplis
3450 2982 3612 3050 pelle-

2030 3082 2148 3128 ctus
2180 3082 2233 3128 et
2255 3083 2446 3143 suapte
2477 3083 2665 3127 natura
2694 3073 2973 3140 proclivis,
3006 3088 3106 3127 nec
3134 3074 3412 3142 angustias
3443 3073 3614 3127 fortu-

2031 3181 2223 3220 narum
2248 3167 2512 3230 sentiens,
2541 3164 2875 3219 dissolutiori
2905 3166 3029 3218 vita:
3067 3178 3191 3219 sese
3217 3164 3476 3228 dedisset,
3519 3180 3616 3219 an-

2033 3276 2159 3313 num
2192 3260 2277 3312 vix
2307 3260 2578 3314 decimum
2611 3268 2860 3312 octavum
2894 3267 3052 3312 natus
3079 3258 3404 3311 Adcodatum
3447 3259 3615 3312 filium

2035 3366 2100 3405 ex
2124 3350 2429 3405 concubina
2451 3351 2774 3419 susciperet,
2800 3365 2958 3418 quem
2987 3365 3213 3418 puerum
3239 3350 3376 3419 frugi
3401 3359 3453 3404 et
3477 3351 3618 3404 acris

2035 3440 2235 3509 ingenii
2259 3457 2362 3494 non
2387 3441 2555 3494 semel
2579 3441 2632 3494 in
2661 3440 2876 3508 scriptis
2900 3442 3011 3494 suis
3042 3441 3224 3494 laudat
3249 3450 3303 3494 et
3332 3441 3616 3494 immatura

2035 3541 2211 3586 morte
2235 3532 2286 3584 in
2312 3532 2427 3599 ipso
2450 3530 2830 3585 adolescentiae
2855 3530 2989 3584 ﬂore
3014 3531 3116 3584 sibi
3147 3541 3390 3599 ereptum
3418 3529 3614 3584 doluit.

2037 3625 2142 3679 Sed
2175 3633 2462 3692 antequam
2489 3623 2537 3677 ei
2565 3622 2652 3676 hic
2677 3637 2810 3691 puer
2834 3633 2990 3676 natus
3016 3632 3181 3689 esset,
3215 3631 3368 3691 patre
3396 3622 3617 3676 orbatus

2037 3724 2139 3780 est,
2191 3729 2291 3769 nec
2336 3724 2514 3769 tamen
2565 3727 2811 3782 magnam
2864 3714 2989 3768 inde
3040 3713 3343 3767 studiorum
3397 3728 3616 3768 suorum

358 3811 536 3864 statim
564 3807 841 3878 religionis
869 3806 1191 3860 Christianae
1221 3817 1382 3857 sensu
1418 3810 1471 3856 et
1502 3813 1688 3854 amore
1720 3796 1929 3850 imbuit.
1967 3814 2009 3872 Β
2034 3809 2297 3876 ];ιριυτδηι
2348 3806 2493 3872 fecit,
2545 3805 2810 3874 siquidem
2870 3816 2926 3860 ει
2971 3815 3146 3860 mater
3190 3805 3619 3875 quibuscumque

361 3903 437 3957 De
473 3901 697 3956 infantia
740 3914 859 3963 sua,
902 3897 1072 3966 prima
1110 3893 1450 3956 educatione,
1494 3898 1549 3946 et
1598 3887 1936 3943 institutione

359 3993 554 4049 deinde
577 3992 799 4063 puerilis
821 3989 996 4044 relatis
1026 3987 1141 4056 ipse
1166 3987 1318 4054 plura
1341 3981 1527 4037 retulit
1546 3981 1600 4034 in
1626 3976 1936 4033 Confessio-

361 4085 542 4148 nibus,
573 4098 735 4152 quam
762 4081 828 4135 ad
854 4078 1135 4150 sequentia
1166 4078 1289 4130 vitae
1321 4075 1437 4144 ejus
1467 4081 1581 4127 acta
1616 4068 1934 4125 illustranda

361 4192 494 4246 opus
534 4184 650 4229 erat
689 4183 743 4229 et
773 4170 1133 4227 conducibile.
1162 4167 1420 4221 Vividutu
1450 4163 1550 4217 fuit
1602 4161 1806 4215 scilicet
1847 4166 1938 4212 aut

362 4267 628 4322 fervidum
650 4265 826 4334 potius
851 4263 1003 4331 pueri
1031 4269 1085 4314 et
1106 4256 1470 4313 adolescentis
1493 4252 1789 4323 ingenium,
1815 4266 1938 4317 par-

363 4360 453 4412 tim
486 4373 514 4410 a
558 4356 816 4424 sanguine
855 4352 1119 4423 parentis,
1161 4348 1354 4418 partim
1399 4346 1524 4401 caeli
1575 4355 1782 4399 natura.
1819 4342 1936 4396 Jam

365 4457 517 4516 pater
543 4447 743 4502 liberos
772 4459 921 4508 suos,
957 4449 1016 4496 ut
1044 4457 1109 4496 ex
1141 4440 1303 4494 variis
1343 4439 1541 4505 elucet,
1576 4451 1694 4506 quae
1736 4447 1938 4487 memo-

363 4539 455 4594 ria:
481 4537 548 4592 de
579 4552 644 4592 eo
667 4536 998 4606 Augustinus
1022 4532 1278 4603 prodidit,
1311 4529 1621 4585 medullitus
1645 4527 1858 4582 amabat
1885 4535 1939 4580 et

364 4630 414 4683 in
446 4630 569 4682 sinu
614 4626 974 4698 gaudebatde
1014 4607 1442 4694 quibuscumque
1473 4628 1566 4675 aut
1611 4619 1817 4689 ingenii
1847 4625 1940 4670 aut

363 4719 606 4788 corporis
629 4733 760 4787 quas
785 4725 1104 4771 exsererent
1122 4714 1355 4778 viribus;
1386 4721 1558 4766 mater
1582 4711 1666 4779 pia
1687 4725 1814 4763 sane
1843 4723 1940 4762 nec

363 4809 541 4861 minus
581 4808 837 4875 prudens,
882 4805 1171 4875 plurimum
1202 4813 1380 4857 tamen
1413 4801 1635 4856 indulsit
1677 4798 1937 4869 appetitui

364 4898 485 4967 filii,
521 4899 634 4969 qui,
660 4899 704 4952 si
732 4907 952 4953 strenue
979 4897 1186 4951 litteras
1214 4896 1466 4959 disceret,
1493 4895 1624 4947 satis
1647 4893 1782 4946 bene
1807 4892 1941 4945 edu-

363 4991 475 5044 cari
509 4990 809 5044 videbatur.
844 4989 978 5043 Hinc
1017 4988 1222 5043 semina
1255 4987 1551 5057 ingentium
1585 4985 1835 5039 vitiorum
1869 4984 1941 5036 si-

366 5083 472 5135 mul
511 5097 634 5136 cum
664 5090 823 5135 tntate
854 5090 1253 5135 maturescente
1291 5086 1698 5144 succreverant,
1734 5092 1852 5146 qua:
1894 5077 1939 5130 si

2041 3905 2226 3964 posset
2258 3896 2432 3951 modis
2473 3897 2779 3951 necessaria
2803 3896 2854 3950 ei
2886 3899 3182 3964 prospexit,
3217 3906 3272 3950 et
3298 3896 3616 3952 Romaniani

2038 3991 2338 4057 cujusdam,
2372 4005 2532 4058 quem
2560 3989 2765 4043 idcirco
2800 3989 2962 4043 enixe
3004 3987 3285 4056 praedicat,
3321 3988 3620 4044 liberalitas

2038 4082 2238 4148 eﬂ‘ecit,
2268 4097 2334 4136 ne
2354 4082 2404 4136 ei
2434 4081 2726 4151 quidquam
2754 4097 2859 4135 non
2899 4081 3073 4135 solum
3105 4081 3170 4135 ad
3205 4082 3612 4150 necessitatem,

2039 4175 2132 4229 sed
2175 4182 2229 4229 et
2261 4174 2653 4242 iucunditatem
2686 4174 2810 4227 vita:
2835 4173 3068 4227 deesset.
3102 4172 3258 4226 Circa
3306 4173 3356 4227 id
3405 4182 3618 4243 tempus

2040 4265 2231 4334 agebat
2269 4280 2399 4319 vero
2437 4265 2615 4318 aetatis
2657 4279 2855 4318 annum
2896 4262 3385 4331 undevigesimum,
3427 4265 3493 4317 ad
3532 4279 3618 4318 sa-

2041 4356 2256 4423 pientize
2298 4369 2395 4410 seu
2432 4352 2789 4423 philosophiae
2835 4353 3199 4423 cognitionem
3235 4368 3294 4407 se
3331 4354 3614 4422 applicuit,

2043 4448 2296 4501 incitatus
2325 4446 2504 4501 subito
2532 4445 2670 4500 libro
2696 4443 3001 4513 Ciceronis,
3026 4445 3114 4514 qui
3147 4445 3465 4499 Hortensius
3503 4454 3622 4499 erat

2041 4537 2334 4606 inscriptus
2365 4545 2420 4592 et
2451 4535 2518 4590 ad
2547 4536 2870 4606 sapientiam
2901 4535 3333 4604 amplectendam
3363 4535 3617 4589 hortaba-

2043 4636 2159 4693 tur;
2191 4641 2310 4697 quaa
2347 4628 2601 4696 cogitatio
2645 4627 2724 4681 sic
2756 4634 2926 4681 totum
2967 4641 3091 4680 eum
3123 4627 3268 4694 cepit
3298 4633 3352 4679 et
3387 4625 3453 4678 ad
3483 4634 3622 4677 tem-

2043 4735 2142 4788 pus
2169 4719 2356 4784 tenuit,
2391 4727 2468 4782 ut,
2493 4719 2745 4787 sepositis
2768 4716 3044 4784 extemplo
3073 4717 3322 4769 oratoriis
3349 4715 3621 4770 exercita-

2044 4809 2303 4874 tionibus,
2320 4823 2509 4863 omnes
2523 4822 2648 4876 Spes
2670 4808 2938 4862 rationum
2957 4821 3200 4873 suarum,
3225 4821 3344 4874 qua:
3369 4819 3478 4858 non
3503 4821 3624 4859 cum

2044 4899 2133 4954 illa
2163 4900 2418 4970 conjungi
2449 4913 2629 4967 posse,
2663 4907 2717 4952 et
2747 4914 2812 4953 ex
2838 4912 2902 4952 ea
2925 4897 3080 4967 quasi
3111 4896 3259 4950 nasci
3284 4895 3621 4960 viderentur,

2045 4990 2305 5059 abjiceret
2352 5000 2406 5045 et
2433 4989 2731 5054 fastidiret;
2774 4988 2989 5043 tametsi
3023 4986 3483 5041 deliberabundus
3533 4989 3627 5041 ad-

2048 5085 2153 5138 huc
2175 5084 2324 5139 velut
2351 5084 2490 5139 inter
2510 5083 2780 5137 anfractus
2802 5093 2856 5137 et
2878 5080 3198 5150 confragOsa
3223 5079 3474 5146 haereret,
3504 5095 3632 5146 qua-

366 5189 471 5228 non
499 5173 676 5243 ipsum
705 5172 918 5242 penitus
945 5171 1326 5240 perdidissent,
1352 5170 1675 5224 videbantur
1703 5176 1879 5221 tatnen
1911 5182 1935 5220 a

2050 5173 2116 5228 lis
2146 5175 2228 5228 via
2249 5175 2352 5229 sibi
2377 5173 2726 5245 ingredienda
2756 5179 2920 5227 esset.
2951 5171 3026 5225 Ex
3055 5186 3159 5224 una
3187 5181 3336 5237 parte
3367 5170 3634 5224 interiore

368 5264 471 5320 fide
496 5265 792 5320 christiana
819 5264 1136 5318 abstrahere
1157 5273 1210 5318 et
1239 5263 1397 5333 plane
1426 5261 1653 5317 reddere
1685 5262 1941 5314 alienum.

368 5355 659 5424 Postquam
692 5353 961 5409 Madauris
989 5353 1323 5423 aliquamdiu
1346 5351 1552 5406 Latinis
1575 5349 1839 5419 imprimis
1859 5347 1946 5402 lit-

366 5445 497 5498 teris
521 5453 574 5498 et
595 5443 848 5498 oratoriae
879 5443 1012 5496 artis
1039 5442 1322 5496 elementis
1347 5450 1614 5505 vacasset,
1647 5455 1770 5494 nam
1798 5439 1947 5495 Gtt!!-

367 5547 550 5588 carum
584 5534 883 5589 litterarum
917 5542 1028 5586 tum
1069 5547 1192 5587 eum
1237 5531 1467 5586 tJadebat
1499 5540 1552 5586 et
1594 5540 1773 5600 postea
1807 5546 1941 5584 non-

367 5625 470 5680 nisi
504 5626 700 5682 leviter
730 5641 822 5682 eas
854 5625 1070 5696 attigit:
1105 5624 1482 5694 Carthaginem
1521 5625 1720 5680 missus
1751 5633 1853 5690 est,
1887 5633 1945 5678 ut

429 5778 509 5852 (a)
537 5781 688 5838 Conf.
725 5782 760 5835 l.
792 5797 866 5848 lx,
901 5798 952 5835 n.
986 5782 1018 5836 9
1045 5793 1093 5837 et
1128 5783 1210 5837 19.

775 5875 1043 5933 ΡΑτιιοι..
1098 5874 1320 5934 XLVII

2049 5264 2277 5334 quadam
2325 5265 2524 5319 mentis
2564 5264 2878 5332 agitatione,
2918 5276 3078 5331 quam
3118 5259 3396 5330 religionis
3435 5259 3634 5327 aliquis

2049 5369 2243 5410 sensus
2275 5369 2338 5408 ex
2371 5355 2546 5424 prima
2575 5351 2816 5423 pueritia:
2846 5351 3194 5420 perceptione
3221 5351 3471 5406 residuus
3508 5351 3630 5404 teti-

2051 5445 2124 5514 git
2150 5452 2206 5499 et
2243 5445 2394 5517 quasi
2422 5444 2645 5508 afflavit,
2673 5443 2738 5497 ad
2772 5441 3132 5498 Christianam
3161 5441 3461 5496 doctrinam
3490 5439 3632 5494 fere-

2051 5536 2231 5602 batur,
2264 5551 2332 5592 ex
2355 5538 2524 5592 altera
2559 5545 2712 5606 parte
2750 5535 2916 5591 varia:
2945 5549 3008 5589 ac
3036 5533 3358 5604 multiplices
3386 5543 3630 5588 veterum

2049 5626 2359 5684 Graecorum
2410 5637 2465 5684 et
2494 5628 2856 5684 Romanorum
2899 5625 3220 5697 sapientium
3267 5625 3466 5681 schola:
3506 5637 3630 5679 eum

3350 5867 3381 5929 1
