  <div class='ocr_page' id='page_1' title='image "/cluster/home/n/w/nwhite01/storage/ocr_20150623/47/hvd.32044015471527/011.png"; bbox 0 0 4010 6350; ppageno 0'>
   <div class='ocr_carea' id='block_1_1' title="bbox 524 77 2864 148">
    <p class='ocr_par' dir='ltr' id='par_1_1' title="bbox 524 77 2864 148">
     <span class='ocr_line' id='line_1_1' title="bbox 524 77 2864 148; baseline -0.005 -1"><span class='ocrx_word' id='word_1_1' title='bbox 524 93 584 148; x_wconf 77' lang='grc' dir='ltr'>Η</span> <span class='ocrx_word' id='word_1_2' title='bbox 1375 80 1930 142; x_wconf 68' lang='lat' dir='ltr'><strong>SUI’PLEMENTUM</strong></span> <span class='ocrx_word' id='word_1_3' title='bbox 1978 78 2065 135; x_wconf 75' lang='lat' dir='ltr'><strong>AD</strong></span> <span class='ocrx_word' id='word_1_4' title='bbox 2104 77 2329 135; x_wconf 72' lang='lat' dir='ltr'><strong>bI’ERA</strong></span> <span class='ocrx_word' id='word_1_5' title='bbox 2373 81 2428 137; x_wconf 91' lang='lat' dir='ltr'><strong>S.</strong></span> <span class='ocrx_word' id='word_1_6' title='bbox 2474 82 2864 140; x_wconf 70' lang='lat' dir='ltr'><strong>AlGUSTlNI.</strong></span> 
     </span>
    </p>
   </div>
   <div class='ocr_carea' id='block_1_2' title="bbox 3702 89 3793 148">
    <p class='ocr_par' dir='ltr' id='par_1_2' title="bbox 3702 89 3793 148">
     <span class='ocr_line' id='line_1_2' title="bbox 3702 89 3793 148; baseline -0.044 0"><span class='ocrx_word' id='word_1_7' title='bbox 3702 89 3793 148; x_wconf 70' lang='lat' dir='ltr'><strong>i2</strong></span> 
     </span>
    </p>
   </div>
   <div class='ocr_carea' id='block_1_3' title="bbox 528 193 3789 277">
    <p class='ocr_par' dir='ltr' id='par_1_3' title="bbox 528 193 3789 277">
     <span class='ocr_line' id='line_1_3' title="bbox 528 193 3789 277; baseline 0.001 -20"><span class='ocrx_word' id='word_1_8' title='bbox 528 204 842 260; x_wconf 75' lang='lat' dir='ltr'><strong>invitabant.</strong></span> <span class='ocrx_word' id='word_1_9' title='bbox 875 200 977 256; x_wconf 86' lang='lat' dir='ltr'><strong>Sed</strong></span> <span class='ocrx_word' id='word_1_10' title='bbox 1008 215 1124 254; x_wconf 85' lang='lat' dir='ltr'><strong>cum</strong></span> <span class='ocrx_word' id='word_1_11' title='bbox 1157 200 1315 252; x_wconf 69' lang='grc' dir='ltr'>διιιιιει</span> <span class='ocrx_word' id='word_1_12' title='bbox 1349 202 1488 251; x_wconf 88' lang='lat' dir='ltr'><strong>inter</strong></span> <span class='ocrx_word' id='word_1_13' title='bbox 1517 198 1629 251; x_wconf 74' lang='lat' dir='ltr'><strong>lure</strong></span> <span class='ocrx_word' id='word_1_14' title='bbox 1658 197 1962 266; x_wconf 87' lang='lat' dir='ltr'><strong>Scripturas</strong></span> <span class='ocrx_word' id='word_1_15' title='bbox 2000 209 2086 247; x_wconf 82' lang='lat' dir='ltr'><strong>sa-</strong></span> <span class='ocrx_word' id='word_1_16' title='bbox 2120 194 2161 251; x_wconf 82' lang='grc' dir='ltr'><strong>Α</strong></span> <span class='ocrx_word' id='word_1_17' title='bbox 2191 193 2513 262; x_wconf 78' lang='lat' dir='ltr'><strong>Symmacho</strong></span> <span class='ocrx_word' id='word_1_18' title='bbox 2551 199 2847 266; x_wconf 82' lang='lat' dir='ltr'><strong>petiissent,</strong></span> <span class='ocrx_word' id='word_1_19' title='bbox 2883 207 2938 253; x_wconf 93' lang='lat' dir='ltr'><strong>ut</strong></span> <span class='ocrx_word' id='word_1_20' title='bbox 2964 200 3064 255; x_wconf 84' lang='lat' dir='ltr'><strong>sibi</strong></span> <span class='ocrx_word' id='word_1_21' title='bbox 3112 202 3394 257; x_wconf 66' lang='lat' dir='ltr'><strong>rhetm-ica:</strong></span> <span class='ocrx_word' id='word_1_22' title='bbox 3440 207 3789 277; x_wconf 82' lang='lat' dir='ltr'><strong>magistrum</strong></span> 
     </span>
    </p>
   </div>
   <div class='ocr_carea' id='block_1_4' title="bbox 530 283 2091 364">
    <p class='ocr_par' dir='ltr' id='par_1_4' title="bbox 530 283 2091 364">
     <span class='ocr_line' id='line_1_4' title="bbox 530 283 2091 364; baseline -0.005 -19"><span class='ocrx_word' id='word_1_23' title='bbox 530 309 645 350; x_wconf 83' lang='lat' dir='ltr'><strong>itas</strong></span> <span class='ocrx_word' id='word_1_24' title='bbox 672 295 849 364; x_wconf 78' lang='lat' dir='ltr'><strong>legere</strong></span> <span class='ocrx_word' id='word_1_25' title='bbox 872 292 1147 360; x_wconf 75' lang='lat' dir='ltr'><strong>cmpissct,</strong></span> <span class='ocrx_word' id='word_1_26' title='bbox 1170 299 1372 343; x_wconf 89' lang='lat' dir='ltr'><strong>tantum</strong></span> <span class='ocrx_word' id='word_1_27' title='bbox 1402 290 1579 342; x_wconf 89' lang='lat' dir='ltr'><strong>subito</strong></span> <span class='ocrx_word' id='word_1_28' title='bbox 1604 305 1723 341; x_wconf 86' lang='lat' dir='ltr'><strong>enin</strong></span> <span class='ocrx_word' id='word_1_29' title='bbox 1751 287 1892 354; x_wconf 88' lang='lat' dir='ltr'><strong>cepit</strong></span> <span class='ocrx_word' id='word_1_30' title='bbox 1921 283 2091 338; x_wconf 85' lang='lat' dir='ltr'><strong>humi-</strong></span> 
     </span>
    </p>
   </div>
   <div class='ocr_carea' id='block_1_5' title="bbox 531 378 2091 449">
    <p class='ocr_par' dir='ltr' id='par_1_5' title="bbox 531 378 2091 449">
     <span class='ocr_line' id='line_1_5' title="bbox 531 378 2091 449; baseline -0.006 -12"><span class='ocrx_word' id='word_1_31' title='bbox 531 388 592 439; x_wconf 85' lang='lat' dir='ltr'><strong>lis</strong></span> <span class='ocrx_word' id='word_1_32' title='bbox 638 399 821 438; x_wconf 89' lang='lat' dir='ltr'><strong>earum</strong></span> <span class='ocrx_word' id='word_1_33' title='bbox 871 394 919 436; x_wconf 91' lang='lat' dir='ltr'><strong>et</strong></span> <span class='ocrx_word' id='word_1_34' title='bbox 966 383 1108 445; x_wconf 82' lang='lat' dir='ltr'><strong>vilis,</strong></span> <span class='ocrx_word' id='word_1_35' title='bbox 1155 394 1205 435; x_wconf 91' lang='lat' dir='ltr'><strong>ut</strong></span> <span class='ocrx_word' id='word_1_36' title='bbox 1262 381 1385 449; x_wconf 90' lang='lat' dir='ltr'><strong>ipsi,</strong></span> <span class='ocrx_word' id='word_1_37' title='bbox 1433 380 1733 434; x_wconf 78' lang='lat' dir='ltr'><strong>Tullianam</strong></span> <span class='ocrx_word' id='word_1_38' title='bbox 1778 378 2091 446; x_wconf 75' lang='lat' dir='ltr'><strong>dignitatem</strong></span> 
     </span>
    </p>
   </div>
   <div class='ocr_carea' id='block_1_6' title="bbox 2195 283 3794 359">
    <p class='ocr_par' dir='ltr' id='par_1_6' title="bbox 2195 283 3794 359">
     <span class='ocr_line' id='line_1_6' title="bbox 2195 283 3794 359; baseline 0.011 -24"><span class='ocrx_word' id='word_1_39' title='bbox 2195 283 2521 352; x_wconf 75' lang='lat' dir='ltr'><strong>provideret,</strong></span> <span class='ocrx_word' id='word_1_40' title='bbox 2556 291 2887 357; x_wconf 79' lang='lat' dir='ltr'><strong>Augustinus</strong></span> <span class='ocrx_word' id='word_1_41' title='bbox 2925 290 3069 345; x_wconf 81' lang='lat' dir='ltr'><strong>hanc</strong></span> <span class='ocrx_word' id='word_1_42' title='bbox 3090 294 3420 359; x_wconf 81' lang='lat' dir='ltr'><strong>provinciam</strong></span> <span class='ocrx_word' id='word_1_43' title='bbox 3454 297 3678 353; x_wconf 87' lang='lat' dir='ltr'><strong>ambivit</strong></span> <span class='ocrx_word' id='word_1_44' title='bbox 3718 306 3794 353; x_wconf 72' lang='lat' dir='ltr'><strong>et</strong></span> 
     </span>
    </p>
   </div>
   <div class='ocr_carea' id='block_1_7' title="bbox 2190 377 3795 449">
    <p class='ocr_par' dir='ltr' id='par_1_7' title="bbox 2190 377 3795 449">
     <span class='ocr_line' id='line_1_7' title="bbox 2190 377 3795 449; baseline 0.008 -18"><span class='ocrx_word' id='word_1_45' title='bbox 2190 377 2428 432; x_wconf 88' lang='lat' dir='ltr'><strong>dictione</strong></span> <span class='ocrx_word' id='word_1_46' title='bbox 2458 382 2729 449; x_wconf 88' lang='lat' dir='ltr'><strong>proposita</strong></span> <span class='ocrx_word' id='word_1_47' title='bbox 2760 382 3015 449; x_wconf 89' lang='lat' dir='ltr'><strong>probatus</strong></span> <span class='ocrx_word' id='word_1_48' title='bbox 3047 382 3397 438; x_wconf 76' lang='lat' dir='ltr'><strong>Mediolanum</strong></span> <span class='ocrx_word' id='word_1_49' title='bbox 3430 387 3498 439; x_wconf 87' lang='lat' dir='ltr'><strong>ab</strong></span> <span class='ocrx_word' id='word_1_50' title='bbox 3533 403 3596 442; x_wconf 91' lang='lat' dir='ltr'><strong>eo</strong></span> <span class='ocrx_word' id='word_1_51' title='bbox 3626 390 3795 443; x_wconf 77' lang='lat' dir='ltr'><strong>mis-</strong></span> 
     </span>
    </p>
   </div>
   <div class='ocr_carea' id='block_1_8' title="bbox 531 463 2957 544">
    <p class='ocr_par' dir='ltr' id='par_1_8' title="bbox 531 463 2957 544">
     <span class='ocr_line' id='line_1_8' title="bbox 531 463 2957 544; baseline -0 -16"><span class='ocrx_word' id='word_1_52' title='bbox 531 476 777 544; x_wconf 78' lang='lat' dir='ltr'><strong>spiranti,</strong></span> <span class='ocrx_word' id='word_1_53' title='bbox 808 473 1107 535; x_wconf 56' lang='lat' dir='ltr'><strong>vidi-batur,</strong></span> <span class='ocrx_word' id='word_1_54' title='bbox 1148 471 1397 524; x_wconf 55' lang='lat' dir='ltr'><strong>dicionis</strong></span> <span class='ocrx_word' id='word_1_55' title='bbox 1444 469 1681 531; x_wconf 59' lang='lat' dir='ltr'><strong>taedium,</strong></span> <span class='ocrx_word' id='word_1_56' title='bbox 1708 477 1762 519; x_wconf 79' lang='lat' dir='ltr'><strong>ut</strong></span> <span class='ocrx_word' id='word_1_57' title='bbox 1792 480 1896 517; x_wconf 76' lang='lat' dir='ltr'><strong>non</strong></span> <span class='ocrx_word' id='word_1_58' title='bbox 1928 463 2113 531; x_wconf 72' lang='lat' dir='ltr'><strong>magis</strong></span> <span class='ocrx_word' id='word_1_59' title='bbox 2191 482 2289 522; x_wconf 87' lang='lat' dir='ltr'><strong>sus</strong></span> <span class='ocrx_word' id='word_1_60' title='bbox 2314 478 2396 522; x_wconf 87' lang='lat' dir='ltr'><strong>est</strong></span> <span class='ocrx_word' id='word_1_61' title='bbox 2421 485 2561 525; x_wconf 89' lang='lat' dir='ltr'><strong>anno</strong></span> <span class='ocrx_word' id='word_1_62' title='bbox 2595 472 2811 526; x_wconf 78' lang='lat' dir='ltr'><strong>circiter</strong></span> <span class='ocrx_word' id='word_1_63' title='bbox 2835 473 2957 527; x_wconf 69' lang='grc'><strong>584.</strong></span> 
     </span>
    </p>
   </div>
   <div class='ocr_carea' id='block_1_9' title="bbox 532 554 2093 632">
    <p class='ocr_par' dir='ltr' id='par_1_9' title="bbox 532 554 2093 632">
     <span class='ocr_line' id='line_1_9' title="bbox 532 554 2093 632; baseline -0.007 -16"><span class='ocrx_word' id='word_1_64' title='bbox 532 569 833 619; x_wconf 68' lang='lat' dir='ltr'><strong>declinasse</strong></span> <span class='ocrx_word' id='word_1_65' title='bbox 863 580 1016 631; x_wconf 75' lang='lat' dir='ltr'><strong>qnam</strong></span> <span class='ocrx_word' id='word_1_66' title='bbox 1047 562 1303 632; x_wconf 70' lang='lat' dir='ltr'><strong>refugisse</strong></span> <span class='ocrx_word' id='word_1_67' title='bbox 1330 560 1466 613; x_wconf 90' lang='lat' dir='ltr'><strong>hanc</strong></span> <span class='ocrx_word' id='word_1_68' title='bbox 1496 560 1741 613; x_wconf 77' lang='lat' dir='ltr'><strong>seiui:am</strong></span> <span class='ocrx_word' id='word_1_69' title='bbox 1770 555 1875 609; x_wconf 87' lang='lat' dir='ltr'><strong>dici</strong></span> <span class='ocrx_word' id='word_1_70' title='bbox 1904 554 2093 621; x_wconf 80' lang='lat' dir='ltr'><strong>possit.</strong></span> 
     </span>
    </p>
   </div>
   <div class='ocr_carea' id='block_1_10' title="bbox 534 645 2097 724">
    <p class='ocr_par' dir='ltr' id='par_1_10' title="bbox 534 645 2097 724">
     <span class='ocr_line' id='line_1_10' title="bbox 534 645 2097 724; baseline -0.01 -14"><span class='ocrx_word' id='word_1_71' title='bbox 534 656 772 711; x_wconf 86' lang='lat' dir='ltr'><strong>Tradidit</strong></span> <span class='ocrx_word' id='word_1_72' title='bbox 802 671 929 724; x_wconf 83' lang='lat' dir='ltr'><strong>ergo</strong></span> <span class='ocrx_word' id='word_1_73' title='bbox 959 669 1017 707; x_wconf 88' lang='lat' dir='ltr'><strong>se</strong></span> <span class='ocrx_word' id='word_1_74' title='bbox 1064 653 1265 717; x_wconf 75' lang='lat' dir='ltr'><strong>alteris,</strong></span> <span class='ocrx_word' id='word_1_75' title='bbox 1319 667 1422 705; x_wconf 90' lang='lat' dir='ltr'><strong>non</strong></span> <span class='ocrx_word' id='word_1_76' title='bbox 1455 660 1630 705; x_wconf 90' lang='lat' dir='ltr'><strong>tamen</strong></span> <span class='ocrx_word' id='word_1_77' title='bbox 1667 647 1903 717; x_wconf 82' lang='lat' dir='ltr'><strong>magistri</strong></span> <span class='ocrx_word' id='word_1_78' title='bbox 1932 645 2097 698; x_wconf 90' lang='lat' dir='ltr'><strong>alicu-</strong></span> 
     </span>
    </p>
   </div>
   <div class='ocr_carea' id='block_1_11' title="bbox 532 734 2098 815">
    <p class='ocr_par' dir='ltr' id='par_1_11' title="bbox 532 734 2098 815">
     <span class='ocr_line' id='line_1_11' title="bbox 532 734 2098 815; baseline -0.008 -15"><span class='ocrx_word' id='word_1_79' title='bbox 532 752 617 815; x_wconf 79' lang='lat' dir='ltr'><strong>jus</strong></span> <span class='ocrx_word' id='word_1_80' title='bbox 653 745 969 800; x_wconf 88' lang='lat' dir='ltr'><strong>institutioni</strong></span> <span class='ocrx_word' id='word_1_81' title='bbox 1011 742 1311 806; x_wconf 74' lang='lat' dir='ltr'><strong>conlidens,</strong></span> <span class='ocrx_word' id='word_1_82' title='bbox 1350 741 1445 795; x_wconf 86' lang='lat' dir='ltr'><strong>sed</strong></span> <span class='ocrx_word' id='word_1_83' title='bbox 1486 749 1675 807; x_wconf 89' lang='lat' dir='ltr'><strong>sn0pte</strong></span> <span class='ocrx_word' id='word_1_84' title='bbox 1710 736 1907 793; x_wconf 86' lang='lat' dir='ltr'><strong>studio.</strong></span> <span class='ocrx_word' id='word_1_85' title='bbox 1943 734 2098 789; x_wconf 86' lang='lat' dir='ltr'><strong>Arri—</strong></span> 
     </span>
    </p>
   </div>
   <div class='ocr_carea' id='block_1_12' title="bbox 537 826 2092 906">
    <p class='ocr_par' dir='ltr' id='par_1_12' title="bbox 537 826 2092 906">
     <span class='ocr_line' id='line_1_12' title="bbox 537 826 2092 906; baseline -0.008 -18"><span class='ocrx_word' id='word_1_86' title='bbox 537 839 648 906; x_wconf 86' lang='lat' dir='ltr'><strong>puit</strong></span> <span class='ocrx_word' id='word_1_87' title='bbox 688 836 921 904; x_wconf 88' lang='lat' dir='ltr'><strong>primutn</strong></span> <span class='ocrx_word' id='word_1_88' title='bbox 954 832 1257 887; x_wconf 83' lang='lat' dir='ltr'><strong>Aristotelis</strong></span> <span class='ocrx_word' id='word_1_89' title='bbox 1281 828 1615 898; x_wconf 78' lang='lat' dir='ltr'><strong>Categorias,</strong></span> <span class='ocrx_word' id='word_1_90' title='bbox 1650 840 1783 894; x_wconf 84' lang='lat' dir='ltr'><strong>quas</strong></span> <span class='ocrx_word' id='word_1_91' title='bbox 1813 842 1843 879; x_wconf 89' lang='lat' dir='ltr'><strong>a</strong></span> <span class='ocrx_word' id='word_1_92' title='bbox 1876 826 2092 880; x_wconf 85' lang='lat' dir='ltr'><strong>rhetore</strong></span> 
     </span>
    </p>
   </div>
   <div class='ocr_carea' id='block_1_13' title="bbox 535 914 2099 996">
    <p class='ocr_par' dir='ltr' id='par_1_13' title="bbox 535 914 2099 996">
     <span class='ocr_line' id='line_1_13' title="bbox 535 914 2099 996; baseline -0.01 -14"><span class='ocrx_word' id='word_1_93' title='bbox 535 927 941 996; x_wconf 70' lang='lat' dir='ltr'><strong>Carthaginiensi</strong></span> <span class='ocrx_word' id='word_1_94' title='bbox 998 924 1252 991; x_wconf 74' lang='lat' dir='ltr'><strong>magistio</strong></span> <span class='ocrx_word' id='word_1_95' title='bbox 1302 937 1399 975; x_wconf 90' lang='lat' dir='ltr'><strong>suo</strong></span> <span class='ocrx_word' id='word_1_96' title='bbox 1458 920 1681 973; x_wconf 88' lang='lat' dir='ltr'><strong>miriﬁce</strong></span> <span class='ocrx_word' id='word_1_97' title='bbox 1738 914 2099 971; x_wconf 80' lang='lat' dir='ltr'><strong>commendati</strong></span> 
     </span>
    </p>
   </div>
   <div class='ocr_carea' id='block_1_14' title="bbox 536 1008 2105 1084">
    <p class='ocr_par' dir='ltr' id='par_1_14' title="bbox 536 1008 2105 1084">
     <span class='ocr_line' id='line_1_14' title="bbox 536 1008 2105 1084; baseline -0.008 -13"><span class='ocrx_word' id='word_1_98' title='bbox 536 1021 801 1081; x_wconf 79' lang='lat' dir='ltr'><strong>audierat,</strong></span> <span class='ocrx_word' id='word_1_99' title='bbox 826 1031 1025 1084; x_wconf 85' lang='lat' dir='ltr'><strong>easque</strong></span> <span class='ocrx_word' id='word_1_100' title='bbox 1053 1015 1201 1068; x_wconf 88' lang='lat' dir='ltr'><strong>solus</strong></span> <span class='ocrx_word' id='word_1_101' title='bbox 1230 1028 1333 1065; x_wconf 89' lang='lat' dir='ltr'><strong>non</strong></span> <span class='ocrx_word' id='word_1_102' title='bbox 1367 1011 1545 1066; x_wconf 84' lang='lat' dir='ltr'><strong>solum</strong></span> <span class='ocrx_word' id='word_1_103' title='bbox 1573 1009 1720 1079; x_wconf 75' lang='lat' dir='ltr'><strong>legit’,</strong></span> <span class='ocrx_word' id='word_1_104' title='bbox 1746 1008 1839 1063; x_wconf 88' lang='lat' dir='ltr'><strong>sed</strong></span> <span class='ocrx_word' id='word_1_105' title='bbox 1868 1009 2105 1076; x_wconf 45' lang='grc' dir='ltr'><strong>βαιτερ-ιιι</strong></span> 
     </span>
    </p>
   </div>
   <div class='ocr_carea' id='block_1_15' title="bbox 536 1100 2101 1172">
    <p class='ocr_par' dir='ltr' id='par_1_15' title="bbox 536 1100 2101 1172">
     <span class='ocr_line' id='line_1_15' title="bbox 536 1100 2101 1172; baseline -0.006 -11"><span class='ocrx_word' id='word_1_106' title='bbox 536 1115 718 1172; x_wconf 75' lang='lat' dir='ltr'><strong>etiam,</strong></span> <span class='ocrx_word' id='word_1_107' title='bbox 763 1117 819 1162; x_wconf 83' lang='grc' dir='ltr'><strong>ιιι</strong></span> <span class='ocrx_word' id='word_1_108' title='bbox 864 1124 928 1161; x_wconf 86' lang='lat' dir='ltr'><strong>ex</strong></span> <span class='ocrx_word' id='word_1_109' title='bbox 978 1122 1158 1160; x_wconf 83' lang='lat' dir='ltr'><strong>sermo</strong></span> <span class='ocrx_word' id='word_1_110' title='bbox 1184 1106 1320 1159; x_wconf 74' lang='lat' dir='ltr'><strong>tibus</strong></span> <span class='ocrx_word' id='word_1_111' title='bbox 1359 1118 1481 1157; x_wconf 89' lang='lat' dir='ltr'><strong>cum</strong></span> <span class='ocrx_word' id='word_1_112' title='bbox 1529 1103 1613 1164; x_wconf 88' lang='lat' dir='ltr'><strong>iis,</strong></span> <span class='ocrx_word' id='word_1_113' title='bbox 1660 1103 1749 1171; x_wconf 91' lang='lat' dir='ltr'><strong>qui</strong></span> <span class='ocrx_word' id='word_1_114' title='bbox 1784 1101 2016 1154; x_wconf 45' lang='lat' dir='ltr'><strong>&#39;easdem</strong></span> <span class='ocrx_word' id='word_1_115' title='bbox 2051 1100 2101 1151; x_wconf 90' lang='lat' dir='ltr'><strong>itt</strong></span> 
     </span>
    </p>
   </div>
   <div class='ocr_carea' id='block_1_16' title="bbox 537 1192 2107 1266">
    <p class='ocr_par' dir='ltr' id='par_1_16' title="bbox 537 1192 2107 1266">
     <span class='ocr_line' id='line_1_16' title="bbox 537 1192 2107 1266; baseline -0.007 -11"><span class='ocrx_word' id='word_1_116' title='bbox 537 1202 715 1255; x_wconf 73' lang='lat' dir='ltr'><strong>schola</strong></span> <span class='ocrx_word' id='word_1_117' title='bbox 750 1217 869 1255; x_wconf 87' lang='lat' dir='ltr'><strong>cmn</strong></span> <span class='ocrx_word' id='word_1_118' title='bbox 905 1215 1056 1261; x_wconf 74' lang='lat' dir='ltr'><strong>voce,</strong></span> <span class='ocrx_word' id='word_1_119' title='bbox 1093 1198 1201 1252; x_wconf 86' lang='lat' dir='ltr'><strong>tum</strong></span> <span class='ocrx_word' id='word_1_120' title='bbox 1236 1198 1417 1266; x_wconf 81' lang='lat' dir='ltr'><strong>ﬁguris</strong></span> <span class='ocrx_word' id='word_1_121' title='bbox 1439 1196 1490 1250; x_wconf 92' lang='lat' dir='ltr'><strong>in</strong></span> <span class='ocrx_word' id='word_1_122' title='bbox 1522 1194 1740 1264; x_wconf 82' lang='lat' dir='ltr'><strong>pulvere</strong></span> <span class='ocrx_word' id='word_1_123' title='bbox 1766 1193 1992 1263; x_wconf 75' lang='lat' dir='ltr'><strong>depicﬁs</strong></span> <span class='ocrx_word' id='word_1_124' title='bbox 2028 1192 2107 1245; x_wconf 91' lang='lat' dir='ltr'><strong>di-</strong></span> 
     </span>
    </p>
   </div>
   <div class='ocr_carea' id='block_1_17' title="bbox 540 1289 2107 1359">
    <p class='ocr_par' dir='ltr' id='par_1_17' title="bbox 540 1289 2107 1359">
     <span class='ocr_line' id='line_1_17' title="bbox 540 1289 2107 1359; baseline -0.008 -12"><span class='ocrx_word' id='word_1_125' title='bbox 540 1298 803 1359; x_wconf 88' lang='lat' dir='ltr'><strong>dicerant,</strong></span> <span class='ocrx_word' id='word_1_126' title='bbox 837 1292 1092 1347; x_wconf 82' lang='lat' dir='ltr'><strong>institutis</strong></span> <span class='ocrx_word' id='word_1_127' title='bbox 1130 1303 1380 1359; x_wconf 44' lang='lat' dir='ltr'><strong>expertus-</strong></span> <span class='ocrx_word' id='word_1_128' title='bbox 1410 1298 1512 1345; x_wconf 85' lang='lat' dir='ltr'><strong>est.</strong></span> <span class='ocrx_word' id='word_1_129' title='bbox 1538 1289 1618 1342; x_wconf 88' lang='lat' dir='ltr'><strong>Ab</strong></span> <span class='ocrx_word' id='word_1_130' title='bbox 1643 1302 1708 1342; x_wconf 92' lang='lat' dir='ltr'><strong>eo</strong></span> <span class='ocrx_word' id='word_1_131' title='bbox 1745 1295 1986 1354; x_wconf 85' lang='lat' dir='ltr'><strong>tempore</strong></span> <span class='ocrx_word' id='word_1_132' title='bbox 2016 1299 2107 1352; x_wconf 89' lang='lat' dir='ltr'><strong>pa-</strong></span> 
     </span>
    </p>
   </div>
   <div class='ocr_carea' id='block_1_18' title="bbox 543 1379 2105 1449">
    <p class='ocr_par' dir='ltr' id='par_1_18' title="bbox 543 1379 2105 1449">
     <span class='ocr_line' id='line_1_18' title="bbox 543 1379 2105 1449; baseline -0.008 -10"><span class='ocrx_word' id='word_1_133' title='bbox 543 1392 670 1441; x_wconf 82' lang='lat' dir='ltr'><strong>riter</strong></span> <span class='ocrx_word' id='word_1_134' title='bbox 703 1400 890 1441; x_wconf 87' lang='lat' dir='ltr'><strong>omncs</strong></span> <span class='ocrx_word' id='word_1_135' title='bbox 917 1384 1217 1439; x_wconf 82' lang='lat' dir='ltr'><strong>liberalium</strong></span> <span class='ocrx_word' id='word_1_136' title='bbox 1260 1383 1454 1436; x_wconf 89' lang='lat' dir='ltr'><strong>artium</strong></span> <span class='ocrx_word' id='word_1_137' title='bbox 1488 1381 1653 1435; x_wconf 90' lang='lat' dir='ltr'><strong>libros</strong></span> <span class='ocrx_word' id='word_1_138' title='bbox 1692 1395 1786 1449; x_wconf 87' lang='lat' dir='ltr'><strong>per</strong></span> <span class='ocrx_word' id='word_1_139' title='bbox 1825 1394 1885 1433; x_wconf 88' lang='lat' dir='ltr'><strong>se</strong></span> <span class='ocrx_word' id='word_1_140' title='bbox 1935 1379 2105 1444; x_wconf 85' lang='lat' dir='ltr'><strong>ipsum</strong></span> 
     </span>
    </p>
   </div>
   <div class='ocr_carea' id='block_1_19' title="bbox 544 1471 2109 1548">
    <p class='ocr_par' dir='ltr' id='par_1_19' title="bbox 544 1471 2109 1548">
     <span class='ocr_line' id='line_1_19' title="bbox 544 1471 2109 1548; baseline -0.008 -17"><span class='ocrx_word' id='word_1_141' title='bbox 544 1480 689 1548; x_wconf 83' lang='lat' dir='ltr'><strong>hgit,</strong></span> <span class='ocrx_word' id='word_1_142' title='bbox 732 1488 787 1532; x_wconf 91' lang='lat' dir='ltr'><strong>et</strong></span> <span class='ocrx_word' id='word_1_143' title='bbox 837 1474 1099 1530; x_wconf 83' lang='lat' dir='ltr'><strong>intellexit</strong></span> <span class='ocrx_word' id='word_1_144' title='bbox 1145 1486 1515 1542; x_wconf 75' lang='lat' dir='ltr'><strong>quoscumque</strong></span> <span class='ocrx_word' id='word_1_145' title='bbox 1561 1471 1740 1540; x_wconf 88' lang='lat' dir='ltr'><strong>legere</strong></span> <span class='ocrx_word' id='word_1_146' title='bbox 1788 1477 2014 1537; x_wconf 72' lang='lat' dir='ltr'><strong>poterat,</strong></span> <span class='ocrx_word' id='word_1_147' title='bbox 2056 1474 2109 1519; x_wconf 85' lang='lat' dir='ltr'><strong>ct</strong></span> 
     </span>
    </p>
   </div>
   <div class='ocr_carea' id='block_1_20' title="bbox 2216 547 3799 638">
    <p class='ocr_par' dir='ltr' id='par_1_20' title="bbox 2216 547 3799 638">
     <span class='ocr_line' id='line_1_20' title="bbox 2216 547 3799 638; baseline 0.008 -27"><span class='ocrx_word' id='word_1_148' title='bbox 2216 547 2225 551; x_wconf 43' lang='grc'><strong><em>⁷</em></strong></span> <span class='ocrx_word' id='word_1_149' title='bbox 2264 559 2364 613; x_wconf 69' lang='lat' dir='ltr'><strong>lite</strong></span> <span class='ocrx_word' id='word_1_150' title='bbox 2390 575 2516 615; x_wconf 86' lang='lat' dir='ltr'><strong>vero</strong></span> <span class='ocrx_word' id='word_1_151' title='bbox 2548 564 2693 615; x_wconf 87' lang='lat' dir='ltr'><strong>locus</strong></span> <span class='ocrx_word' id='word_1_152' title='bbox 2725 563 2845 628; x_wconf 89' lang='lat' dir='ltr'><strong>fuit,</strong></span> <span class='ocrx_word' id='word_1_153' title='bbox 2879 566 3017 620; x_wconf 92' lang='lat' dir='ltr'><strong>unde</strong></span> <span class='ocrx_word' id='word_1_154' title='bbox 3051 566 3216 621; x_wconf 91' lang='lat' dir='ltr'><strong>totius</strong></span> <span class='ocrx_word' id='word_1_155' title='bbox 3240 568 3360 620; x_wconf 66' lang='lat' dir='ltr'><strong>vita:</strong></span> <span class='ocrx_word' id='word_1_156' title='bbox 3382 568 3499 638; x_wconf 85' lang='lat' dir='ltr'><strong>ejus</strong></span> <span class='ocrx_word' id='word_1_157' title='bbox 3535 584 3799 638; x_wconf 46' lang='lat' dir='ltr'><strong>conivere</strong></span> 
     </span>
    </p>
   </div>
   <div class='ocr_carea' id='block_1_21' title="bbox 2199 636 3805 724">
    <p class='ocr_par' dir='ltr' id='par_1_21' title="bbox 2199 636 3805 724">
     <span class='ocr_line' id='line_1_21' title="bbox 2199 636 3805 724; baseline 0.007 -21"><span class='ocrx_word' id='word_1_158' title='bbox 2199 652 2279 703; x_wconf 89' lang='lat' dir='ltr'><strong>sio</strong></span> <span class='ocrx_word' id='word_1_159' title='bbox 2310 661 2361 704; x_wconf 88' lang='lat' dir='ltr'><strong>et</strong></span> <span class='ocrx_word' id='word_1_160' title='bbox 2408 655 2758 707; x_wconf 90' lang='lat' dir='ltr'><strong>commutatio</strong></span> <span class='ocrx_word' id='word_1_161' title='bbox 2791 656 3053 724; x_wconf 79' lang='lat' dir='ltr'><strong>originem</strong></span> <span class='ocrx_word' id='word_1_162' title='bbox 3095 657 3269 711; x_wconf 71' lang='lat' dir='ltr'><strong>duxit.</strong></span> <span class='ocrx_word' id='word_1_163' title='bbox 3304 636 3433 713; x_wconf 86' lang='lat' dir='ltr'><strong>Nam</strong></span> <span class='ocrx_word' id='word_1_164' title='bbox 3476 676 3596 714; x_wconf 90' lang='lat' dir='ltr'><strong>cum</strong></span> <span class='ocrx_word' id='word_1_165' title='bbox 3640 636 3805 714; x_wconf 54' lang='lat' dir='ltr'><strong>Am:</strong></span> 
     </span>
    </p>
   </div>
   <div class='ocr_carea' id='block_1_22' title="bbox 2200 741 3801 819">
    <p class='ocr_par' dir='ltr' id='par_1_22' title="bbox 2200 741 3801 819">
     <span class='ocr_line' id='line_1_22' title="bbox 2200 741 3801 819; baseline 0.006 -25"><span class='ocrx_word' id='word_1_166' title='bbox 2200 741 2366 795; x_wconf 86' lang='lat' dir='ltr'><strong>brosii</strong></span> <span class='ocrx_word' id='word_1_167' title='bbox 2412 743 2564 798; x_wconf 87' lang='lat' dir='ltr'><strong>urbis</strong></span> <span class='ocrx_word' id='word_1_168' title='bbox 2608 744 2751 799; x_wconf 91' lang='lat' dir='ltr'><strong>illius</strong></span> <span class='ocrx_word' id='word_1_169' title='bbox 2793 747 3028 815; x_wconf 88' lang='lat' dir='ltr'><strong>episc0pi</strong></span> <span class='ocrx_word' id='word_1_170' title='bbox 3079 763 3377 819; x_wconf 77' lang='lat' dir='ltr'><strong>sermones,</strong></span> <span class='ocrx_word' id='word_1_171' title='bbox 3426 765 3561 819; x_wconf 78' lang='lat' dir='ltr'><strong>quos</strong></span> <span class='ocrx_word' id='word_1_172' title='bbox 3614 752 3801 806; x_wconf 83' lang='lat' dir='ltr'><strong>statis</strong></span> 
     </span>
    </p>
   </div>
   <div class='ocr_carea' id='block_1_23' title="bbox 2201 817 3805 911">
    <p class='ocr_par' dir='ltr' id='par_1_23' title="bbox 2201 817 3805 911">
     <span class='ocr_line' id='line_1_23' title="bbox 2201 817 3805 911; baseline 0.008 -28"><span class='ocrx_word' id='word_1_173' title='bbox 2201 832 2392 887; x_wconf 89' lang='lat' dir='ltr'><strong>diebus</strong></span> <span class='ocrx_word' id='word_1_174' title='bbox 2422 834 2486 887; x_wconf 90' lang='lat' dir='ltr'><strong>ad</strong></span> <span class='ocrx_word' id='word_1_175' title='bbox 2514 836 2767 904; x_wconf 77' lang='lat' dir='ltr'><strong>populum</strong></span> <span class='ocrx_word' id='word_1_176' title='bbox 2810 838 3009 893; x_wconf 85' lang='lat' dir='ltr'><strong>habere</strong></span> <span class='ocrx_word' id='word_1_177' title='bbox 3035 817 3261 905; x_wconf 76' lang='lat' dir='ltr'><strong>solebat,</strong></span> <span class='ocrx_word' id='word_1_178' title='bbox 3296 817 3680 911; x_wconf 82' lang='lat' dir='ltr'><strong>nullaqnidem</strong></span> <span class='ocrx_word' id='word_1_179' title='bbox 3714 842 3805 895; x_wconf 85' lang='lat' dir='ltr'><strong>ab</strong></span> 
     </span>
    </p>
   </div>
   <div class='ocr_carea' id='block_1_24' title="bbox 2208 916 3800 1001">
    <p class='ocr_par' dir='ltr' id='par_1_24' title="bbox 2208 916 3800 1001">
     <span class='ocr_line' id='line_1_24' title="bbox 2208 916 3800 1001; baseline 0.008 -26"><span class='ocrx_word' id='word_1_180' title='bbox 2208 922 2359 978; x_wconf 90' lang='lat' dir='ltr'><strong>initio</strong></span> <span class='ocrx_word' id='word_1_181' title='bbox 2401 925 2507 978; x_wconf 90' lang='lat' dir='ltr'><strong>alia</strong></span> <span class='ocrx_word' id='word_1_182' title='bbox 2550 926 2618 981; x_wconf 90' lang='lat' dir='ltr'><strong>de</strong></span> <span class='ocrx_word' id='word_1_183' title='bbox 2659 916 2841 992; x_wconf 73' lang='lat' dir='ltr'><strong>causa,</strong></span> <span class='ocrx_word' id='word_1_184' title='bbox 2873 944 3033 997; x_wconf 87' lang='lat' dir='ltr'><strong>quam</strong></span> <span class='ocrx_word' id='word_1_185' title='bbox 3077 932 3146 985; x_wconf 92' lang='lat' dir='ltr'><strong>ob</strong></span> <span class='ocrx_word' id='word_1_186' title='bbox 3185 933 3385 1001; x_wconf 90' lang='lat' dir='ltr'><strong>eloquii</strong></span> <span class='ocrx_word' id='word_1_187' title='bbox 3428 934 3800 998; x_wconf 75' lang='lat' dir='ltr'><strong>suavitatem,</strong></span> 
     </span>
    </p>
   </div>
   <div class='ocr_carea' id='block_1_25' title="bbox 2205 1014 3802 1091">
    <p class='ocr_par' dir='ltr' id='par_1_25' title="bbox 2205 1014 3802 1091">
     <span class='ocr_line' id='line_1_25' title="bbox 2205 1014 3802 1091; baseline 0.007 -26"><span class='ocrx_word' id='word_1_188' title='bbox 2205 1014 2619 1083; x_wconf 82' lang='lat' dir='ltr'><strong>frequentasset,</strong></span> <span class='ocrx_word' id='word_1_189' title='bbox 2648 1019 2844 1085; x_wconf 61' lang='lat' dir='ltr'><strong>sensim</strong></span> <span class='ocrx_word' id='word_1_190' title='bbox 2882 1034 3003 1073; x_wconf 90' lang='lat' dir='ltr'><strong>cum</strong></span> <span class='ocrx_word' id='word_1_191' title='bbox 3032 1021 3207 1075; x_wconf 87' lang='lat' dir='ltr'><strong>verbis</strong></span> <span class='ocrx_word' id='word_1_192' title='bbox 3249 1036 3336 1077; x_wconf 90' lang='lat' dir='ltr'><strong>res</strong></span> <span class='ocrx_word' id='word_1_193' title='bbox 3369 1023 3499 1091; x_wconf 70' lang='lat' dir='ltr'><strong>ipsae</strong></span> <span class='ocrx_word' id='word_1_194' title='bbox 3535 1024 3802 1077; x_wconf 87' lang='lat' dir='ltr'><strong>animum</strong></span> 
     </span>
    </p>
   </div>
   <div class='ocr_carea' id='block_1_26' title="bbox 2205 1106 3802 1181">
    <p class='ocr_par' dir='ltr' id='par_1_26' title="bbox 2205 1106 3802 1181">
     <span class='ocr_line' id='line_1_26' title="bbox 2205 1106 3802 1181; baseline 0.007 -24"><span class='ocrx_word' id='word_1_195' title='bbox 2205 1106 2324 1172; x_wconf 86' lang='lat' dir='ltr'><strong>ejus</strong></span> <span class='ocrx_word' id='word_1_196' title='bbox 2353 1112 2721 1175; x_wconf 79' lang='lat' dir='ltr'><strong>penetrarunt,</strong></span> <span class='ocrx_word' id='word_1_197' title='bbox 2754 1118 2808 1163; x_wconf 89' lang='lat' dir='ltr'><strong>et</strong></span> <span class='ocrx_word' id='word_1_198' title='bbox 2840 1109 3065 1178; x_wconf 90' lang='lat' dir='ltr'><strong>primum</strong></span> <span class='ocrx_word' id='word_1_199' title='bbox 3109 1112 3326 1181; x_wconf 87' lang='lat' dir='ltr'><strong>quidem</strong></span> <span class='ocrx_word' id='word_1_200' title='bbox 3358 1113 3802 1168; x_wconf 64' lang='lat' dir='ltr'><strong>Manichaeorum</strong></span> 
     </span>
    </p>
   </div>
   <div class='ocr_carea' id='block_1_27' title="bbox 2207 1198 3801 1274">
    <p class='ocr_par' dir='ltr' id='par_1_27' title="bbox 2207 1198 3801 1274">
     <span class='ocr_line' id='line_1_27' title="bbox 2207 1198 3801 1274; baseline 0.006 -25"><span class='ocrx_word' id='word_1_201' title='bbox 2207 1198 2478 1267; x_wconf 79' lang='lat' dir='ltr'><strong>dogmata,</strong></span> <span class='ocrx_word' id='word_1_202' title='bbox 2504 1216 2620 1267; x_wconf 70' lang='lat' dir='ltr'><strong>qnte</strong></span> <span class='ocrx_word' id='word_1_203' title='bbox 2650 1200 2740 1254; x_wconf 88' lang='lat' dir='ltr'><strong>diu</strong></span> <span class='ocrx_word' id='word_1_204' title='bbox 2770 1202 2996 1271; x_wconf 82' lang='lat' dir='ltr'><strong>quidem</strong></span> <span class='ocrx_word' id='word_1_205' title='bbox 3030 1203 3144 1257; x_wconf 80' lang='lat' dir='ltr'><strong>falsi</strong></span> <span class='ocrx_word' id='word_1_206' title='bbox 3186 1205 3507 1259; x_wconf 70' lang='lat' dir='ltr'><strong>convincere</strong></span> <span class='ocrx_word' id='word_1_207' title='bbox 3531 1208 3801 1274; x_wconf 80' lang='lat' dir='ltr'><strong>optabat,</strong></span> 
     </span>
    </p>
   </div>
   <div class='ocr_carea' id='block_1_28' title="bbox 2208 1293 3804 1366">
    <p class='ocr_par' dir='ltr' id='par_1_28' title="bbox 2208 1293 3804 1366">
     <span class='ocr_line' id='line_1_28' title="bbox 2208 1293 3804 1366; baseline 0.005 -23"><span class='ocrx_word' id='word_1_208' title='bbox 2208 1301 2639 1356; x_wconf 84' lang='lat' dir='ltr'><strong>concusserunt;</strong></span> <span class='ocrx_word' id='word_1_209' title='bbox 2668 1307 2789 1345; x_wconf 81' lang='lat' dir='ltr'><strong>mox</strong></span> <span class='ocrx_word' id='word_1_210' title='bbox 2822 1293 2908 1346; x_wconf 92' lang='lat' dir='ltr'><strong>ubi</strong></span> <span class='ocrx_word' id='word_1_211' title='bbox 2941 1294 3057 1362; x_wconf 90' lang='lat' dir='ltr'><strong>ipse</strong></span> <span class='ocrx_word' id='word_1_212' title='bbox 3101 1294 3316 1350; x_wconf 85' lang='lat' dir='ltr'><strong>tandem</strong></span> <span class='ocrx_word' id='word_1_213' title='bbox 3346 1296 3595 1351; x_wconf 89' lang='lat' dir='ltr'><strong>omnibtts</strong></span> <span class='ocrx_word' id='word_1_214' title='bbox 3621 1297 3804 1366; x_wconf 80' lang='lat' dir='ltr'><strong>inge-</strong></span> 
     </span>
    </p>
   </div>
   <div class='ocr_carea' id='block_1_29' title="bbox 2210 1381 3802 1455">
    <p class='ocr_par' dir='ltr' id='par_1_29' title="bbox 2210 1381 3802 1455">
     <span class='ocr_line' id='line_1_29' title="bbox 2210 1381 3802 1455; baseline 0.007 -23"><span class='ocrx_word' id='word_1_215' title='bbox 2210 1381 2283 1433; x_wconf 77' lang='lat' dir='ltr'><strong>nii</strong></span> <span class='ocrx_word' id='word_1_216' title='bbox 2312 1381 2581 1450; x_wconf 89' lang='lat' dir='ltr'><strong>animique</strong></span> <span class='ocrx_word' id='word_1_217' title='bbox 2605 1383 2807 1438; x_wconf 90' lang='lat' dir='ltr'><strong>viribus</strong></span> <span class='ocrx_word' id='word_1_218' title='bbox 2845 1384 3013 1439; x_wconf 90' lang='lat' dir='ltr'><strong>obniti</strong></span> <span class='ocrx_word' id='word_1_219' title='bbox 3044 1387 3322 1455; x_wconf 71' lang='lat' dir='ltr'><strong>cmpisset,</strong></span> <span class='ocrx_word' id='word_1_220' title='bbox 3352 1386 3590 1442; x_wconf 88' lang='lat' dir='ltr'><strong>funditus</strong></span> <span class='ocrx_word' id='word_1_221' title='bbox 3617 1404 3802 1442; x_wconf 86' lang='lat' dir='ltr'><strong>ever-</strong></span> 
     </span>
    </p>
   </div>
   <div class='ocr_carea' id='block_1_30' title="bbox 2212 1472 3805 1533">
    <p class='ocr_par' dir='ltr' id='par_1_30' title="bbox 2212 1472 3805 1533">
     <span class='ocr_line' id='line_1_30' title="bbox 2212 1472 3805 1533; baseline 0.004 -9"><span class='ocrx_word' id='word_1_222' title='bbox 2212 1480 2411 1525; x_wconf 85' lang='lat' dir='ltr'><strong>terunt.</strong></span> <span class='ocrx_word' id='word_1_223' title='bbox 2448 1472 2567 1526; x_wconf 87' lang='lat' dir='ltr'><strong>Fuit</strong></span> <span class='ocrx_word' id='word_1_224' title='bbox 2595 1474 2695 1527; x_wconf 87' lang='lat' dir='ltr'><strong>sub</strong></span> <span class='ocrx_word' id='word_1_225' title='bbox 2720 1486 2993 1529; x_wconf 84' lang='lat' dir='ltr'><strong>recentem</strong></span> <span class='ocrx_word' id='word_1_226' title='bbox 3024 1475 3162 1531; x_wconf 88' lang='lat' dir='ltr'><strong>banc</strong></span> <span class='ocrx_word' id='word_1_227' title='bbox 3190 1477 3259 1532; x_wconf 91' lang='lat' dir='ltr'><strong>de</strong></span> <span class='ocrx_word' id='word_1_228' title='bbox 3286 1478 3476 1533; x_wconf 67' lang='lat' dir='ltr'><strong>haeresi</strong></span> <span class='ocrx_word' id='word_1_229' title='bbox 3503 1494 3599 1532; x_wconf 92' lang='lat' dir='ltr'><strong>sua</strong></span> <span class='ocrx_word' id='word_1_230' title='bbox 3629 1479 3805 1533; x_wconf 76' lang='lat' dir='ltr'><strong>inve-</strong></span> 
     </span>
    </p>
   </div>
   <div class='ocr_carea' id='block_1_31' title="bbox 537 1547 3801 1640">
    <p class='ocr_par' dir='ltr' id='par_1_31' title="bbox 537 1547 3801 1640">
     <span class='ocr_line' id='line_1_31' title="bbox 537 1547 3801 1640; baseline -0.003 -17"><span class='ocrx_word' id='word_1_231' title='bbox 537 1547 790 1639; x_wconf 85' lang='lat' dir='ltr'><strong>quidquid</strong></span> <span class='ocrx_word' id='word_1_232' title='bbox 810 1567 875 1621; x_wconf 89' lang='lat' dir='ltr'><strong>de</strong></span> <span class='ocrx_word' id='word_1_233' title='bbox 903 1580 1017 1620; x_wconf 87' lang='lat' dir='ltr'><strong>arte</strong></span> <span class='ocrx_word' id='word_1_234' title='bbox 1046 1563 1299 1634; x_wconf 88' lang='lat' dir='ltr'><strong>loquendi</strong></span> <span class='ocrx_word' id='word_1_235' title='bbox 1325 1570 1378 1617; x_wconf 90' lang='lat' dir='ltr'><strong>et</strong></span> <span class='ocrx_word' id='word_1_236' title='bbox 1404 1560 1726 1625; x_wconf 89' lang='lat' dir='ltr'><strong>disserendi,</strong></span> <span class='ocrx_word' id='word_1_237' title='bbox 1756 1558 2013 1628; x_wconf 84' lang='lat' dir='ltr'><strong>quidquid</strong></span> <span class='ocrx_word' id='word_1_238' title='bbox 2040 1558 2104 1611; x_wconf 89' lang='lat' dir='ltr'><strong>de</strong></span> <span class='ocrx_word' id='word_1_239' title='bbox 2140 1547 2183 1605; x_wconf 74' lang='grc' dir='ltr'><strong>Β</strong></span> <span class='ocrx_word' id='word_1_240' title='bbox 2214 1573 2387 1618; x_wconf 72' lang='lat' dir='ltr'><strong>[erata</strong></span> <span class='ocrx_word' id='word_1_241' title='bbox 2424 1565 2722 1631; x_wconf 57' lang='lat' dir='ltr'><strong>victoriam,</strong></span> <span class='ocrx_word' id='word_1_242' title='bbox 2764 1583 2884 1621; x_wconf 66' lang='lat' dir='ltr'><strong>cum</strong></span> <span class='ocrx_word' id='word_1_243' title='bbox 2918 1578 3095 1623; x_wconf 64' lang='lat' dir='ltr'><strong>mater</strong></span> <span class='ocrx_word' id='word_1_244' title='bbox 3122 1569 3260 1639; x_wconf 53' lang='lat' dir='ltr'><strong>ejus,</strong></span> <span class='ocrx_word' id='word_1_245' title='bbox 3286 1586 3403 1640; x_wconf 55' lang='lat' dir='ltr'><strong>qui:</strong></span> <span class='ocrx_word' id='word_1_246' title='bbox 3432 1585 3459 1623; x_wconf 83' lang='lat' dir='ltr'><strong>a</strong></span> <span class='ocrx_word' id='word_1_247' title='bbox 3490 1572 3660 1639; x_wconf 72' lang='lat' dir='ltr'><strong>prima</strong></span> <span class='ocrx_word' id='word_1_248' title='bbox 3686 1571 3801 1624; x_wconf 78' lang='lat' dir='ltr'><strong>ﬁlii</strong></span> 
     </span>
    </p>
   </div>
   <div class='ocr_carea' id='block_1_32' title="bbox 546 1647 2097 1725">
    <p class='ocr_par' dir='ltr' id='par_1_32' title="bbox 546 1647 2097 1725">
     <span class='ocr_line' id='line_1_32' title="bbox 546 1647 2097 1725; baseline -0.008 -12"><span class='ocrx_word' id='word_1_249' title='bbox 546 1657 973 1714; x_wconf 58' lang='lat' dir='ltr'><strong>ditnensionibu~~</strong></span> <span class='ocrx_word' id='word_1_250' title='bbox 997 1655 1284 1725; x_wconf 83' lang='lat' dir='ltr'><strong>ﬁgurarum</strong></span> <span class='ocrx_word' id='word_1_251' title='bbox 1302 1663 1352 1707; x_wconf 88' lang='lat' dir='ltr'><strong>et</strong></span> <span class='ocrx_word' id='word_1_252' title='bbox 1371 1651 1438 1706; x_wconf 93' lang='lat' dir='ltr'><strong>de</strong></span> <span class='ocrx_word' id='word_1_253' title='bbox 1456 1651 1670 1705; x_wconf 88' lang='lat' dir='ltr'><strong>musicis</strong></span> <span class='ocrx_word' id='word_1_254' title='bbox 1689 1649 1819 1704; x_wconf 91' lang='lat' dir='ltr'><strong>etdc</strong></span> <span class='ocrx_word' id='word_1_255' title='bbox 1839 1664 2011 1702; x_wconf 61' lang='lat' dir='ltr'><strong>nume.</strong></span> <span class='ocrx_word' id='word_1_256' title='bbox 2030 1647 2097 1713; x_wconf 89' lang='lat' dir='ltr'><strong>is,</strong></span> 
     </span>
    </p>
   </div>
   <div class='ocr_carea' id='block_1_33' title="bbox 548 1738 2107 1819">
    <p class='ocr_par' dir='ltr' id='par_1_33' title="bbox 548 1738 2107 1819">
     <span class='ocr_line' id='line_1_33' title="bbox 548 1738 2107 1819; baseline -0.01 -13"><span class='ocrx_word' id='word_1_257' title='bbox 548 1752 665 1806; x_wconf 90' lang='lat' dir='ltr'><strong>sine</strong></span> <span class='ocrx_word' id='word_1_258' title='bbox 696 1764 886 1819; x_wconf 87' lang='lat' dir='ltr'><strong>magna</strong></span> <span class='ocrx_word' id='word_1_259' title='bbox 914 1746 1227 1801; x_wconf 87' lang='lat' dir='ltr'><strong>difﬁcultate</strong></span> <span class='ocrx_word' id='word_1_260' title='bbox 1259 1753 1315 1798; x_wconf 90' lang='lat' dir='ltr'><strong>et</strong></span> <span class='ocrx_word' id='word_1_261' title='bbox 1351 1743 1499 1797; x_wconf 75' lang='lat' dir='ltr'><strong>nullo</strong></span> <span class='ocrx_word' id='word_1_262' title='bbox 1529 1741 1805 1796; x_wconf 90' lang='lat' dir='ltr'><strong>hominum</strong></span> <span class='ocrx_word' id='word_1_263' title='bbox 1843 1738 2107 1792; x_wconf 83' lang='lat' dir='ltr'><strong>tradcn&#39;e.</strong></span> 
     </span>
    </p>
   </div>
   <div class='ocr_carea' id='block_1_34' title="bbox 548 1834 2111 1914">
    <p class='ocr_par' dir='ltr' id='par_1_34' title="bbox 548 1834 2111 1914">
     <span class='ocr_line' id='line_1_34' title="bbox 548 1834 2111 1914; baseline -0.01 -12"><span class='ocrx_word' id='word_1_264' title='bbox 548 1851 645 1902; x_wconf 78' lang='lat' dir='ltr'><strong>l‘er</strong></span> <span class='ocrx_word' id='word_1_265' title='bbox 673 1849 811 1901; x_wconf 91' lang='lat' dir='ltr'><strong>hanc</strong></span> <span class='ocrx_word' id='word_1_266' title='bbox 844 1847 1012 1914; x_wconf 91' lang='lat' dir='ltr'><strong>ipsam</strong></span> <span class='ocrx_word' id='word_1_267' title='bbox 1044 1841 1111 1899; x_wconf 89' lang='lat' dir='ltr'><strong>de</strong></span> <span class='ocrx_word' id='word_1_268' title='bbox 1156 1839 1418 1910; x_wconf 81' lang='lat' dir='ltr'><strong>sapientia</strong></span> <span class='ocrx_word' id='word_1_269' title='bbox 1449 1835 1823 1908; x_wconf 79' lang='lat' dir='ltr'><strong>consequentia</strong></span> <span class='ocrx_word' id='word_1_270' title='bbox 1852 1834 2111 1889; x_wconf 66' lang='lat' dir='ltr'><strong>sollicitu-</strong></span> 
     </span>
    </p>
   </div>
   <div class='ocr_carea' id='block_1_35' title="bbox 544 1930 2110 1999">
    <p class='ocr_par' dir='ltr' id='par_1_35' title="bbox 544 1930 2110 1999">
     <span class='ocr_line' id='line_1_35' title="bbox 544 1930 2110 1999; baseline -0.011 -5"><span class='ocrx_word' id='word_1_271' title='bbox 544 1941 722 1994; x_wconf 85' lang='lat' dir='ltr'><strong>dinem</strong></span> <span class='ocrx_word' id='word_1_272' title='bbox 774 1936 959 1991; x_wconf 87' lang='lat' dir='ltr'><strong>incidit</strong></span> <span class='ocrx_word' id='word_1_273' title='bbox 1012 1936 1064 1990; x_wconf 90' lang='lat' dir='ltr'><strong>in</strong></span> <span class='ocrx_word' id='word_1_274' title='bbox 1125 1930 1478 1997; x_wconf 71' lang='lat' dir='ltr'><strong>Manichmos,</strong></span> <span class='ocrx_word' id='word_1_275' title='bbox 1534 1941 1669 1999; x_wconf 87' lang='lat' dir='ltr'><strong>quos</strong></span> <span class='ocrx_word' id='word_1_276' title='bbox 1725 1937 1942 1997; x_wconf 88' lang='lat' dir='ltr'><strong>postea,</strong></span> <span class='ocrx_word' id='word_1_277' title='bbox 1982 1939 2110 1979; x_wconf 84' lang='lat' dir='ltr'><strong>cum</strong></span> 
     </span>
    </p>
   </div>
   <div class='ocr_carea' id='block_1_36' title="bbox 548 2018 2115 2101">
    <p class='ocr_par' dir='ltr' id='par_1_36' title="bbox 548 2018 2115 2101">
     <span class='ocr_line' id='line_1_36' title="bbox 548 2018 2115 2101; baseline -0.009 -16"><span class='ocrx_word' id='word_1_278' title='bbox 548 2032 712 2101; x_wconf 86' lang='lat' dir='ltr'><strong>probe</strong></span> <span class='ocrx_word' id='word_1_279' title='bbox 743 2030 861 2085; x_wconf 91' lang='lat' dir='ltr'><strong>illos</strong></span> <span class='ocrx_word' id='word_1_280' title='bbox 888 2026 1245 2097; x_wconf 82' lang='lat' dir='ltr'><strong>cognovisset,</strong></span> <span class='ocrx_word' id='word_1_281' title='bbox 1274 2032 1400 2094; x_wconf 88' lang='lat' dir='ltr'><strong>apte</strong></span> <span class='ocrx_word' id='word_1_282' title='bbox 1429 2029 1587 2077; x_wconf 86' lang='lat' dir='ltr'><strong>vocat</strong></span> <span class='ocrx_word' id='word_1_283' title='bbox 1625 2019 1871 2074; x_wconf 89' lang='lat' dir='ltr'><strong>homines</strong></span> <span class='ocrx_word' id='word_1_284' title='bbox 1900 2018 2115 2089; x_wconf 79' lang='lat' dir='ltr'><strong>superbe</strong></span> 
     </span>
    </p>
   </div>
   <div class='ocr_carea' id='block_1_37' title="bbox 547 2108 2115 2187">
    <p class='ocr_par' dir='ltr' id='par_1_37' title="bbox 547 2108 2115 2187">
     <span class='ocr_line' id='line_1_37' title="bbox 547 2108 2115 2187; baseline -0.009 -12"><span class='ocrx_word' id='word_1_285' title='bbox 547 2121 844 2187; x_wconf 74' lang='lat' dir='ltr'><strong>delirantes,</strong></span> <span class='ocrx_word' id='word_1_286' title='bbox 891 2118 1127 2173; x_wconf 83' lang='lat' dir='ltr'><strong>carnales</strong></span> <span class='ocrx_word' id='word_1_287' title='bbox 1177 2126 1222 2171; x_wconf 85' lang='lat' dir='ltr'><strong>ct</strong></span> <span class='ocrx_word' id='word_1_288' title='bbox 1270 2116 1530 2184; x_wconf 80' lang='lat' dir='ltr'><strong>loquaces.</strong></span> <span class='ocrx_word' id='word_1_289' title='bbox 1578 2110 1711 2166; x_wconf 86' lang='lat' dir='ltr'><strong>Nam</strong></span> <span class='ocrx_word' id='word_1_290' title='bbox 1764 2125 1882 2164; x_wconf 89' lang='lat' dir='ltr'><strong>cum</strong></span> <span class='ocrx_word' id='word_1_291' title='bbox 1931 2108 2115 2163; x_wconf 91' lang='lat' dir='ltr'><strong>nescio</strong></span> 
     </span>
    </p>
   </div>
   <div class='ocr_carea' id='block_1_38' title="bbox 547 2199 2116 2280">
    <p class='ocr_par' dir='ltr' id='par_1_38' title="bbox 547 2199 2116 2280">
     <span class='ocr_line' id='line_1_38' title="bbox 547 2199 2116 2280; baseline -0.009 -16"><span class='ocrx_word' id='word_1_292' title='bbox 547 2226 703 2280; x_wconf 88' lang='lat' dir='ltr'><strong>quam</strong></span> <span class='ocrx_word' id='word_1_293' title='bbox 750 2208 1079 2265; x_wconf 85' lang='lat' dir='ltr'><strong>reconditam</strong></span> <span class='ocrx_word' id='word_1_294' title='bbox 1122 2214 1176 2261; x_wconf 88' lang='lat' dir='ltr'><strong>et</strong></span> <span class='ocrx_word' id='word_1_295' title='bbox 1214 2204 1512 2259; x_wconf 86' lang='lat' dir='ltr'><strong>abstrusam</strong></span> <span class='ocrx_word' id='word_1_296' title='bbox 1542 2199 1963 2257; x_wconf 86' lang='lat' dir='ltr'><strong>assectatoribus</strong></span> <span class='ocrx_word' id='word_1_297' title='bbox 2005 2201 2116 2251; x_wconf 66' lang='lat' dir='ltr'><strong>su?s</strong></span> 
     </span>
    </p>
   </div>
   <div class='ocr_carea' id='block_1_39' title="bbox 548 2293 2117 2369">
    <p class='ocr_par' dir='ltr' id='par_1_39' title="bbox 548 2293 2117 2369">
     <span class='ocr_line' id='line_1_39' title="bbox 548 2293 2117 2369; baseline -0.008 -12"><span class='ocrx_word' id='word_1_298' title='bbox 548 2301 819 2357; x_wconf 72' lang='lat' dir='ltr'><strong>initiandis</strong></span> <span class='ocrx_word' id='word_1_299' title='bbox 866 2300 1248 2369; x_wconf 86' lang='lat' dir='ltr'><strong>pollicerentur</strong></span> <span class='ocrx_word' id='word_1_300' title='bbox 1292 2293 1607 2367; x_wconf 73' lang='lat' dir='ltr'><strong>Sapientiam</strong></span> <span class='ocrx_word' id='word_1_301' title='bbox 1642 2313 1653 2347; x_wconf 93' lang='lat'><strong>:</strong></span> <span class='ocrx_word' id='word_1_302' title='bbox 1689 2305 1854 2361; x_wconf 83' lang='lat' dir='ltr'><strong>nugas</strong></span> <span class='ocrx_word' id='word_1_303' title='bbox 1901 2297 1955 2347; x_wconf 89' lang='lat' dir='ltr'><strong>et</strong></span> <span class='ocrx_word' id='word_1_304' title='bbox 1984 2301 2117 2344; x_wconf 86' lang='lat' dir='ltr'><strong>vana</strong></span> 
     </span>
    </p>
   </div>
   <div class='ocr_carea' id='block_1_40' title="bbox 550 2387 2118 2457">
    <p class='ocr_par' dir='ltr' id='par_1_40' title="bbox 550 2387 2118 2457">
     <span class='ocr_line' id='line_1_40' title="bbox 550 2387 2118 2457; baseline -0.008 -7"><span class='ocrx_word' id='word_1_305' title='bbox 550 2395 792 2450; x_wconf 88' lang='lat' dir='ltr'><strong>acumina</strong></span> <span class='ocrx_word' id='word_1_306' title='bbox 832 2392 1200 2457; x_wconf 85' lang='lat' dir='ltr'><strong>venditabant,</strong></span> <span class='ocrx_word' id='word_1_307' title='bbox 1240 2397 1296 2445; x_wconf 88' lang='lat' dir='ltr'><strong>et</strong></span> <span class='ocrx_word' id='word_1_308' title='bbox 1320 2388 1666 2445; x_wconf 89' lang='lat' dir='ltr'><strong>sobrietatem</strong></span> <span class='ocrx_word' id='word_1_309' title='bbox 1707 2387 2118 2453; x_wconf 86' lang='lat' dir='ltr'><strong>castitatemqne</strong></span> 
     </span>
    </p>
   </div>
   <div class='ocr_carea' id='block_1_41' title="bbox 550 2477 2115 2558">
    <p class='ocr_par' dir='ltr' id='par_1_41' title="bbox 550 2477 2115 2558">
     <span class='ocr_line' id='line_1_41' title="bbox 550 2477 2115 2558; baseline -0.008 -16"><span class='ocrx_word' id='word_1_310' title='bbox 550 2492 603 2543; x_wconf 83' lang='lat' dir='ltr'><strong>in</strong></span> <span class='ocrx_word' id='word_1_311' title='bbox 635 2503 729 2544; x_wconf 89' lang='lat' dir='ltr'><strong>ore</strong></span> <span class='ocrx_word' id='word_1_312' title='bbox 755 2495 1002 2558; x_wconf 83' lang='lat' dir='ltr'><strong>gerentes</strong></span> <span class='ocrx_word' id='word_1_313' title='bbox 1041 2486 1191 2539; x_wconf 66' lang='lat' dir='ltr'><strong>vitam</strong></span> <span class='ocrx_word' id='word_1_314' title='bbox 1223 2483 1367 2538; x_wconf 92' lang='lat' dir='ltr'><strong>omni</strong></span> <span class='ocrx_word' id='word_1_315' title='bbox 1411 2480 1769 2551; x_wconf 87' lang='lat' dir='ltr'><strong>nequitiarum</strong></span> <span class='ocrx_word' id='word_1_316' title='bbox 1795 2489 1851 2534; x_wconf 91' lang='lat' dir='ltr'><strong>et</strong></span> <span class='ocrx_word' id='word_1_317' title='bbox 1880 2477 2115 2546; x_wconf 89' lang='lat' dir='ltr'><strong>turpitu-</strong></span> 
     </span>
    </p>
   </div>
   <div class='ocr_carea' id='block_1_42' title="bbox 549 2572 2119 2650">
    <p class='ocr_par' dir='ltr' id='par_1_42' title="bbox 549 2572 2119 2650">
     <span class='ocr_line' id='line_1_42' title="bbox 549 2572 2119 2650; baseline -0.011 -14"><span class='ocrx_word' id='word_1_318' title='bbox 549 2581 687 2636; x_wconf 82' lang='lat' dir='ltr'><strong>dinis</strong></span> <span class='ocrx_word' id='word_1_319' title='bbox 730 2593 925 2650; x_wconf 82' lang='lat' dir='ltr'><strong>genere</strong></span> <span class='ocrx_word' id='word_1_320' title='bbox 969 2575 1452 2632; x_wconf 85' lang='lat' dir='ltr'><strong>commaculabant.</strong></span> <span class='ocrx_word' id='word_1_321' title='bbox 1482 2572 1612 2639; x_wconf 67' lang='lat' dir='ltr'><strong>Qum</strong></span> <span class='ocrx_word' id='word_1_322' title='bbox 1652 2584 1973 2641; x_wconf 79' lang='lat' dir='ltr'><strong>quamquam</strong></span> <span class='ocrx_word' id='word_1_323' title='bbox 2014 2576 2119 2620; x_wconf 73' lang='lat' dir='ltr'><strong>Au-</strong></span> 
     </span>
    </p>
   </div>
   <div class='ocr_carea' id='block_1_43' title="bbox 550 2662 2117 2744">
    <p class='ocr_par' dir='ltr' id='par_1_43' title="bbox 550 2662 2117 2744">
     <span class='ocr_line' id='line_1_43' title="bbox 550 2662 2117 2744; baseline -0.011 -17"><span class='ocrx_word' id='word_1_324' title='bbox 550 2673 749 2744; x_wconf 78' lang='lat' dir='ltr'><strong>guSIini</strong></span> <span class='ocrx_word' id='word_1_325' title='bbox 785 2668 1152 2741; x_wconf 87' lang='lat' dir='ltr'><strong>perspicacem</strong></span> <span class='ocrx_word' id='word_1_326' title='bbox 1198 2666 1437 2719; x_wconf 90' lang='lat' dir='ltr'><strong>animum</strong></span> <span class='ocrx_word' id='word_1_327' title='bbox 1471 2662 1655 2743; x_wconf 76' lang='lat' dir='ltr'><strong>fugere</strong></span> <span class='ocrx_word' id='word_1_328' title='bbox 1694 2676 1799 2714; x_wconf 91' lang='lat' dir='ltr'><strong>non</strong></span> <span class='ocrx_word' id='word_1_329' title='bbox 1848 2667 2117 2727; x_wconf 88' lang='lat' dir='ltr'><strong>poterant,</strong></span> 
     </span>
    </p>
   </div>
   <div class='ocr_carea' id='block_1_44' title="bbox 550 2755 2119 2834">
    <p class='ocr_par' dir='ltr' id='par_1_44' title="bbox 550 2755 2119 2834">
     <span class='ocr_line' id='line_1_44' title="bbox 550 2755 2119 2834; baseline -0.011 -13"><span class='ocrx_word' id='word_1_330' title='bbox 550 2782 656 2821; x_wconf 91' lang='lat' dir='ltr'><strong>non</strong></span> <span class='ocrx_word' id='word_1_331' title='bbox 687 2763 949 2834; x_wconf 87' lang='lat' dir='ltr'><strong>impedire</strong></span> <span class='ocrx_word' id='word_1_332' title='bbox 989 2769 1168 2817; x_wconf 87' lang='lat' dir='ltr'><strong>tamen</strong></span> <span class='ocrx_word' id='word_1_333' title='bbox 1226 2763 1533 2828; x_wconf 88' lang='lat' dir='ltr'><strong>potuerunt,</strong></span> <span class='ocrx_word' id='word_1_334' title='bbox 1567 2755 1854 2825; x_wconf 90' lang='lat' dir='ltr'><strong>quominus</strong></span> <span class='ocrx_word' id='word_1_335' title='bbox 1885 2768 1979 2821; x_wconf 78' lang='lat' dir='ltr'><strong>per</strong></span> <span class='ocrx_word' id='word_1_336' title='bbox 2026 2765 2119 2804; x_wconf 83' lang='lat' dir='ltr'><strong>no-</strong></span> 
     </span>
    </p>
   </div>
   <div class='ocr_carea' id='block_1_45' title="bbox 550 2844 2114 2924">
    <p class='ocr_par' dir='ltr' id='par_1_45' title="bbox 550 2844 2114 2924">
     <span class='ocr_line' id='line_1_45' title="bbox 550 2844 2114 2924; baseline -0.01 -15"><span class='ocrx_word' id='word_1_337' title='bbox 550 2872 668 2912; x_wconf 88' lang='lat' dir='ltr'><strong>vem</strong></span> <span class='ocrx_word' id='word_1_338' title='bbox 698 2856 935 2924; x_wconf 88' lang='lat' dir='ltr'><strong>integros</strong></span> <span class='ocrx_word' id='word_1_339' title='bbox 962 2866 1154 2916; x_wconf 90' lang='lat' dir='ltr'><strong>annos,</strong></span> <span class='ocrx_word' id='word_1_340' title='bbox 1198 2849 1400 2918; x_wconf 80' lang='lat' dir='ltr'><strong>ingenti</strong></span> <span class='ocrx_word' id='word_1_341' title='bbox 1430 2848 1619 2902; x_wconf 91' lang='lat' dir='ltr'><strong>matris</strong></span> <span class='ocrx_word' id='word_1_342' title='bbox 1656 2844 1863 2907; x_wconf 89' lang='lat' dir='ltr'><strong>dolore,</strong></span> <span class='ocrx_word' id='word_1_343' title='bbox 1912 2856 2005 2897; x_wconf 84' lang='lat' dir='ltr'><strong>eos</strong></span> <span class='ocrx_word' id='word_1_344' title='bbox 2035 2858 2114 2895; x_wconf 90' lang='lat' dir='ltr'><strong>se-</strong></span> 
     </span>
    </p>
   </div>
   <div class='ocr_carea' id='block_1_46' title="bbox 2214 1655 3802 1731">
    <p class='ocr_par' dir='ltr' id='par_1_46' title="bbox 2214 1655 3802 1731">
     <span class='ocr_line' id='line_1_46' title="bbox 2214 1655 3802 1731; baseline 0.003 -24"><span class='ocrx_word' id='word_1_345' title='bbox 2214 1655 2266 1708; x_wconf 91' lang='lat' dir='ltr'><strong>in</strong></span> <span class='ocrx_word' id='word_1_346' title='bbox 2309 1655 2514 1710; x_wconf 90' lang='lat' dir='ltr'><strong>Italiam</strong></span> <span class='ocrx_word' id='word_1_347' title='bbox 2560 1658 3001 1714; x_wconf 83' lang='lat' dir='ltr'><strong>transfretatione</strong></span> <span class='ocrx_word' id='word_1_348' title='bbox 3041 1660 3308 1714; x_wconf 86' lang='lat' dir='ltr'><strong>consolari</strong></span> <span class='ocrx_word' id='word_1_349' title='bbox 3350 1675 3453 1715; x_wconf 92' lang='lat' dir='ltr'><strong>non</strong></span> <span class='ocrx_word' id='word_1_350' title='bbox 3492 1663 3802 1731; x_wconf 81' lang='lat' dir='ltr'><strong>potuisset,</strong></span> 
     </span>
    </p>
   </div>
   <div class='ocr_carea' id='block_1_47' title="bbox 2213 1746 3805 1820">
    <p class='ocr_par' dir='ltr' id='par_1_47' title="bbox 2213 1746 3805 1820">
     <span class='ocr_line' id='line_1_47' title="bbox 2213 1746 3805 1820; baseline 0.006 -22"><span class='ocrx_word' id='word_1_351' title='bbox 2213 1746 2569 1802; x_wconf 78' lang='lat' dir='ltr'><strong>Mediolanum</strong></span> <span class='ocrx_word' id='word_1_352' title='bbox 2600 1749 2916 1815; x_wconf 84' lang='lat' dir='ltr'><strong>accederet;</strong></span> <span class='ocrx_word' id='word_1_353' title='bbox 2950 1766 3108 1820; x_wconf 89' lang='lat' dir='ltr'><strong>quam</strong></span> <span class='ocrx_word' id='word_1_354' title='bbox 3153 1751 3377 1805; x_wconf 84' lang='lat' dir='ltr'><strong>miriﬁca</strong></span> <span class='ocrx_word' id='word_1_355' title='bbox 3409 1752 3475 1807; x_wconf 89' lang='lat' dir='ltr'><strong>de</strong></span> <span class='ocrx_word' id='word_1_356' title='bbox 3520 1768 3665 1806; x_wconf 91' lang='lat' dir='ltr'><strong>novo</strong></span> <span class='ocrx_word' id='word_1_357' title='bbox 3699 1769 3805 1807; x_wconf 80' lang='lat' dir='ltr'><strong>re-</strong></span> 
     </span>
    </p>
   </div>
   <div class='ocr_carea' id='block_1_48' title="bbox 2215 1838 3807 1913">
    <p class='ocr_par' dir='ltr' id='par_1_48' title="bbox 2215 1838 3807 1913">
     <span class='ocr_line' id='line_1_48' title="bbox 2215 1838 3807 1913; baseline 0.004 -22"><span class='ocrx_word' id='word_1_358' title='bbox 2215 1853 2332 1891; x_wconf 91' lang='lat' dir='ltr'><strong>rum</strong></span> <span class='ocrx_word' id='word_1_359' title='bbox 2380 1847 2519 1892; x_wconf 88' lang='lat' dir='ltr'><strong>statu</strong></span> <span class='ocrx_word' id='word_1_360' title='bbox 2551 1838 2734 1893; x_wconf 75' lang='lat' dir='ltr'><strong>ltetitia</strong></span> <span class='ocrx_word' id='word_1_361' title='bbox 2775 1842 2938 1909; x_wconf 89' lang='lat' dir='ltr'><strong>cepit.</strong></span> <span class='ocrx_word' id='word_1_362' title='bbox 2971 1840 3076 1896; x_wconf 89' lang='lat' dir='ltr'><strong>Sed</strong></span> <span class='ocrx_word' id='word_1_363' title='bbox 3107 1843 3206 1896; x_wconf 89' lang='lat' dir='ltr'><strong>etsi</strong></span> <span class='ocrx_word' id='word_1_364' title='bbox 3252 1842 3395 1896; x_wconf 90' lang='lat' dir='ltr'><strong>illam</strong></span> <span class='ocrx_word' id='word_1_365' title='bbox 3436 1843 3649 1913; x_wconf 88' lang='lat' dir='ltr'><strong>quidem</strong></span> <span class='ocrx_word' id='word_1_366' title='bbox 3678 1845 3807 1897; x_wconf 68' lang='lat' dir='ltr'><strong>ha:-</strong></span> 
     </span>
    </p>
   </div>
   <div class='ocr_carea' id='block_1_49' title="bbox 2215 1924 3803 1999">
    <p class='ocr_par' dir='ltr' id='par_1_49' title="bbox 2215 1924 3803 1999">
     <span class='ocr_line' id='line_1_49' title="bbox 2215 1924 3803 1999; baseline 0.003 -17"><span class='ocrx_word' id='word_1_367' title='bbox 2215 1930 2357 1983; x_wconf 82' lang='lat' dir='ltr'><strong>resin</strong></span> <span class='ocrx_word' id='word_1_368' title='bbox 2387 1924 2622 1986; x_wconf 82' lang='lat' dir='ltr'><strong>exuisset</strong></span> <span class='ocrx_word' id='word_1_369' title='bbox 2651 1943 2703 1987; x_wconf 89' lang='lat' dir='ltr'><strong>et</strong></span> <span class='ocrx_word' id='word_1_370' title='bbox 2732 1933 3019 1988; x_wconf 67' lang='lat' dir='ltr'><strong>catholica:</strong></span> <span class='ocrx_word' id='word_1_371' title='bbox 3052 1934 3177 1989; x_wconf 89' lang='lat' dir='ltr'><strong>ﬁdei</strong></span> <span class='ocrx_word' id='word_1_372' title='bbox 3219 1935 3463 1989; x_wconf 91' lang='lat' dir='ltr'><strong>redditus</strong></span> <span class='ocrx_word' id='word_1_373' title='bbox 3483 1935 3803 1999; x_wconf 80' lang='lat' dir='ltr'><strong>videretur,</strong></span> 
     </span>
    </p>
   </div>
   <div class='ocr_carea' id='block_1_50' title="bbox 2216 2020 3806 2094">
    <p class='ocr_par' dir='ltr' id='par_1_50' title="bbox 2216 2020 3806 2094">
     <span class='ocr_line' id='line_1_50' title="bbox 2216 2020 3806 2094; baseline 0.003 -20"><span class='ocrx_word' id='word_1_374' title='bbox 2216 2020 2458 2077; x_wconf 85' lang='lat' dir='ltr'><strong>incertus</strong></span> <span class='ocrx_word' id='word_1_375' title='bbox 2485 2030 2689 2090; x_wconf 90' lang='lat' dir='ltr'><strong>tamen,</strong></span> <span class='ocrx_word' id='word_1_376' title='bbox 2717 2040 2876 2094; x_wconf 89' lang='lat' dir='ltr'><strong>quem</strong></span> <span class='ocrx_word' id='word_1_377' title='bbox 2908 2027 3029 2080; x_wconf 76' lang='lat' dir='ltr'><strong>vita:</strong></span> <span class='ocrx_word' id='word_1_378' title='bbox 3054 2036 3114 2081; x_wconf 83' lang='lat' dir='ltr'><strong>et</strong></span> <span class='ocrx_word' id='word_1_379' title='bbox 3149 2026 3450 2081; x_wconf 72' lang='lat' dir='ltr'><strong>SlUdiOl&#39;lHll</strong></span> <span class='ocrx_word' id='word_1_380' title='bbox 3480 2042 3698 2080; x_wconf 89' lang='lat' dir='ltr'><strong>cursum</strong></span> <span class='ocrx_word' id='word_1_381' title='bbox 3744 2028 3806 2080; x_wconf 85' lang='lat' dir='ltr'><strong>in</strong></span> 
     </span>
    </p>
   </div>
   <div class='ocr_carea' id='block_1_51' title="bbox 2216 2117 3800 2183">
    <p class='ocr_par' dir='ltr' id='par_1_51' title="bbox 2216 2117 3800 2183">
     <span class='ocr_line' id='line_1_51' title="bbox 2216 2117 3800 2183; baseline 0.001 -15"><span class='ocrx_word' id='word_1_382' title='bbox 2216 2123 2491 2183; x_wconf 90' lang='lat' dir='ltr'><strong>posterum</strong></span> <span class='ocrx_word' id='word_1_383' title='bbox 2524 2124 2753 2182; x_wconf 86' lang='lat' dir='ltr'><strong>teneret,</strong></span> <span class='ocrx_word' id='word_1_384' title='bbox 2792 2117 3083 2173; x_wconf 84' lang='lat' dir='ltr'><strong>dubiorum</strong></span> <span class='ocrx_word' id='word_1_385' title='bbox 3113 2120 3312 2174; x_wconf 87' lang='lat' dir='ltr'><strong>aculeis</strong></span> <span class='ocrx_word' id='word_1_386' title='bbox 3340 2130 3393 2173; x_wconf 90' lang='lat' dir='ltr'><strong>et</strong></span> <span class='ocrx_word' id='word_1_387' title='bbox 3430 2121 3800 2174; x_wconf 86' lang='lat' dir='ltr'><strong>eonsiliorum</strong></span> 
     </span>
    </p>
   </div>
   <div class='ocr_carea' id='block_1_52' title="bbox 2216 2208 3805 2281">
    <p class='ocr_par' dir='ltr' id='par_1_52' title="bbox 2216 2208 3805 2281">
     <span class='ocr_line' id='line_1_52' title="bbox 2216 2208 3805 2281; baseline 0.004 -20"><span class='ocrx_word' id='word_1_388' title='bbox 2216 2208 2383 2261; x_wconf 83' lang='lat' dir='ltr'><strong>celeri</strong></span> <span class='ocrx_word' id='word_1_389' title='bbox 2418 2208 2765 2265; x_wconf 83' lang='lat' dir='ltr'><strong>fluctuatione</strong></span> <span class='ocrx_word' id='word_1_390' title='bbox 2795 2220 3019 2268; x_wconf 82' lang='lat' dir='ltr'><strong>vexatus</strong></span> <span class='ocrx_word' id='word_1_391' title='bbox 3047 2227 3110 2267; x_wconf 89' lang='lat' dir='ltr'><strong>ac</strong></span> <span class='ocrx_word' id='word_1_392' title='bbox 3133 2212 3363 2281; x_wconf 82' lang='lat' dir='ltr'><strong>jactattts</strong></span> <span class='ocrx_word' id='word_1_393' title='bbox 3402 2222 3504 2268; x_wconf 84' lang='lat' dir='ltr'><strong>est.</strong></span> <span class='ocrx_word' id='word_1_394' title='bbox 3539 2214 3805 2267; x_wconf 86' lang='lat' dir='ltr'><strong>Animum</strong></span> 
     </span>
    </p>
   </div>
   <div class='ocr_carea' id='block_1_53' title="bbox 2220 2299 3804 2375">
    <p class='ocr_par' dir='ltr' id='par_1_53' title="bbox 2220 2299 3804 2375">
     <span class='ocr_line' id='line_1_53' title="bbox 2220 2299 3804 2375; baseline 0.004 -21"><span class='ocrx_word' id='word_1_395' title='bbox 2220 2299 2380 2355; x_wconf 88' lang='lat' dir='ltr'><strong>modo</strong></span> <span class='ocrx_word' id='word_1_396' title='bbox 2422 2299 2566 2368; x_wconf 88' lang='lat' dir='ltr'><strong>huic,</strong></span> <span class='ocrx_word' id='word_1_397' title='bbox 2608 2302 2779 2371; x_wconf 85' lang='lat' dir='ltr'><strong>modo</strong></span> <span class='ocrx_word' id='word_1_398' title='bbox 2811 2302 2882 2358; x_wconf 79' lang='lat' dir='ltr'><strong>illi</strong></span> <span class='ocrx_word' id='word_1_399' title='bbox 2916 2304 3131 2373; x_wconf 86' lang='lat' dir='ltr'><strong>adjicit;</strong></span> <span class='ocrx_word' id='word_1_400' title='bbox 3165 2321 3284 2374; x_wconf 77' lang='lat' dir='ltr'><strong>qua:</strong></span> <span class='ocrx_word' id='word_1_401' title='bbox 3314 2304 3474 2359; x_wconf 71' lang='lat' dir='ltr'><strong>modo</strong></span> <span class='ocrx_word' id='word_1_402' title='bbox 3513 2307 3804 2375; x_wconf 64' lang='lat' dir='ltr'><strong>«cpisset,</strong></span> 
     </span>
    </p>
   </div>
   <div class='ocr_carea' id='block_1_54' title="bbox 2220 2393 3809 2464">
    <p class='ocr_par' dir='ltr' id='par_1_54' title="bbox 2220 2393 3809 2464">
     <span class='ocr_line' id='line_1_54' title="bbox 2220 2393 3809 2464; baseline -0.001 -16"><span class='ocrx_word' id='word_1_403' title='bbox 2220 2393 2400 2448; x_wconf 91' lang='lat' dir='ltr'><strong>medio</strong></span> <span class='ocrx_word' id='word_1_404' title='bbox 2429 2408 2591 2464; x_wconf 88' lang='lat' dir='ltr'><strong>opere</strong></span> <span class='ocrx_word' id='word_1_405' title='bbox 2634 2410 2817 2449; x_wconf 90' lang='lat' dir='ltr'><strong>rursus</strong></span> <span class='ocrx_word' id='word_1_406' title='bbox 2844 2393 3045 2449; x_wconf 90' lang='lat' dir='ltr'><strong>dimisit</strong></span> <span class='ocrx_word' id='word_1_407' title='bbox 3068 2404 3122 2450; x_wconf 91' lang='lat' dir='ltr'><strong>et</strong></span> <span class='ocrx_word' id='word_1_408' title='bbox 3160 2396 3210 2449; x_wconf 92' lang='lat' dir='ltr'><strong>in</strong></span> <span class='ocrx_word' id='word_1_409' title='bbox 3259 2396 3379 2449; x_wconf 79' lang='lat' dir='ltr'><strong>aliis</strong></span> <span class='ocrx_word' id='word_1_410' title='bbox 3414 2395 3554 2449; x_wconf 89' lang='lat' dir='ltr'><strong>viam</strong></span> <span class='ocrx_word' id='word_1_411' title='bbox 3594 2396 3683 2448; x_wconf 80' lang='lat' dir='ltr'><strong>vix</strong></span> <span class='ocrx_word' id='word_1_412' title='bbox 3715 2396 3809 2448; x_wconf 86' lang='lat' dir='ltr'><strong>in-</strong></span> 
     </span>
    </p>
   </div>
   <div class='ocr_carea' id='block_1_55' title="bbox 2218 2486 3805 2554">
    <p class='ocr_par' dir='ltr' id='par_1_55' title="bbox 2218 2486 3805 2554">
     <span class='ocr_line' id='line_1_55' title="bbox 2218 2486 3805 2554; baseline -0.001 -14"><span class='ocrx_word' id='word_1_413' title='bbox 2218 2500 2436 2554; x_wconf 69' lang='lat' dir='ltr'><strong>g-&quot;essus</strong></span> <span class='ocrx_word' id='word_1_414' title='bbox 2463 2486 2721 2541; x_wconf 64' lang='lat' dir='ltr'><strong>snbditit.</strong></span> <span class='ocrx_word' id='word_1_415' title='bbox 2750 2487 2874 2541; x_wconf 85' lang='lat' dir='ltr'><strong>Erat</strong></span> <span class='ocrx_word' id='word_1_416' title='bbox 2894 2502 3022 2543; x_wconf 80' lang='lat' dir='ltr'><strong>vero</strong></span> <span class='ocrx_word' id='word_1_417' title='bbox 3050 2487 3227 2541; x_wconf 90' lang='lat' dir='ltr'><strong>nullus</strong></span> <span class='ocrx_word' id='word_1_418' title='bbox 3260 2496 3371 2541; x_wconf 93' lang='lat' dir='ltr'><strong>tum</strong></span> <span class='ocrx_word' id='word_1_419' title='bbox 3399 2502 3506 2541; x_wconf 92' lang='lat' dir='ltr'><strong>non</strong></span> <span class='ocrx_word' id='word_1_420' title='bbox 3538 2487 3715 2541; x_wconf 89' lang='lat' dir='ltr'><strong>solum</strong></span> <span class='ocrx_word' id='word_1_421' title='bbox 3747 2487 3805 2539; x_wconf 91' lang='lat' dir='ltr'><strong>in</strong></span> 
     </span>
    </p>
   </div>
   <div class='ocr_carea' id='block_1_56' title="bbox 2222 2577 3808 2646">
    <p class='ocr_par' dir='ltr' id='par_1_56' title="bbox 2222 2577 3808 2646">
     <span class='ocr_line' id='line_1_56' title="bbox 2222 2577 3808 2646; baseline -0.001 -15"><span class='ocrx_word' id='word_1_422' title='bbox 2222 2578 2383 2633; x_wconf 88' lang='lat' dir='ltr'><strong>rebus</strong></span> <span class='ocrx_word' id='word_1_423' title='bbox 2404 2577 2535 2644; x_wconf 91' lang='lat' dir='ltr'><strong>suis,</strong></span> <span class='ocrx_word' id='word_1_424' title='bbox 2565 2579 2658 2633; x_wconf 86' lang='lat' dir='ltr'><strong>sed</strong></span> <span class='ocrx_word' id='word_1_425' title='bbox 2679 2589 2733 2634; x_wconf 90' lang='lat' dir='ltr'><strong>et</strong></span> <span class='ocrx_word' id='word_1_426' title='bbox 2760 2580 2811 2633; x_wconf 91' lang='lat' dir='ltr'><strong>in</strong></span> <span class='ocrx_word' id='word_1_427' title='bbox 2834 2579 3027 2635; x_wconf 88' lang='lat' dir='ltr'><strong>alienis</strong></span> <span class='ocrx_word' id='word_1_428' title='bbox 3053 2593 3215 2634; x_wconf 90' lang='lat' dir='ltr'><strong>casus</strong></span> <span class='ocrx_word' id='word_1_429' title='bbox 3234 2586 3340 2632; x_wconf 89' lang='lat' dir='ltr'><strong>tam</strong></span> <span class='ocrx_word' id='word_1_430' title='bbox 3370 2578 3643 2643; x_wconf 89' lang='lat' dir='ltr'><strong>fortuitus,</strong></span> <span class='ocrx_word' id='word_1_431' title='bbox 3663 2577 3808 2646; x_wconf 89' lang='lat' dir='ltr'><strong>quin</strong></span> 
     </span>
    </p>
   </div>
   <div class='ocr_carea' id='block_1_57' title="bbox 2222 2671 3810 2741">
    <p class='ocr_par' dir='ltr' id='par_1_57' title="bbox 2222 2671 3810 2741">
     <span class='ocr_line' id='line_1_57' title="bbox 2222 2671 3810 2741; baseline -0.001 -16"><span class='ocrx_word' id='word_1_432' title='bbox 2222 2686 2359 2725; x_wconf 89' lang='lat' dir='ltr'><strong>nova</strong></span> <span class='ocrx_word' id='word_1_433' title='bbox 2404 2671 2579 2741; x_wconf 90' lang='lat' dir='ltr'><strong>aliqua</strong></span> <span class='ocrx_word' id='word_1_434' title='bbox 2624 2672 2992 2728; x_wconf 90' lang='lat' dir='ltr'><strong>sollicitudine</strong></span> <span class='ocrx_word' id='word_1_435' title='bbox 3039 2674 3274 2727; x_wconf 88' lang='lat' dir='ltr'><strong>animum</strong></span> <span class='ocrx_word' id='word_1_436' title='bbox 3332 2673 3449 2741; x_wconf 85' lang='lat' dir='ltr'><strong>eius</strong></span> <span class='ocrx_word' id='word_1_437' title='bbox 3494 2674 3810 2728; x_wconf 48' lang='lat' dir='ltr'><strong>maeerare’t</strong></span> 
     </span>
    </p>
   </div>
   <div class='ocr_carea' id='block_1_58' title="bbox 2223 2764 3807 2834">
    <p class='ocr_par' dir='ltr' id='par_1_58' title="bbox 2223 2764 3807 2834">
     <span class='ocr_line' id='line_1_58' title="bbox 2223 2764 3807 2834; baseline 0 -18"><span class='ocrx_word' id='word_1_438' title='bbox 2223 2771 2317 2817; x_wconf 88' lang='lat' dir='ltr'><strong>aut</strong></span> <span class='ocrx_word' id='word_1_439' title='bbox 2359 2778 2497 2817; x_wconf 91' lang='lat' dir='ltr'><strong>novo</strong></span> <span class='ocrx_word' id='word_1_440' title='bbox 2545 2764 2724 2834; x_wconf 91' lang='lat' dir='ltr'><strong>aliquo</strong></span> <span class='ocrx_word' id='word_1_441' title='bbox 2755 2765 3033 2833; x_wconf 91' lang='lat' dir='ltr'><strong>proposito</strong></span> <span class='ocrx_word' id='word_1_442' title='bbox 3074 2765 3416 2819; x_wconf 88' lang='lat' dir='ltr'><strong>accenderet.</strong></span> <span class='ocrx_word' id='word_1_443' title='bbox 3465 2765 3577 2818; x_wconf 82' lang='lat' dir='ltr'><strong>Non</strong></span> <span class='ocrx_word' id='word_1_444' title='bbox 3607 2779 3807 2834; x_wconf 90' lang='lat' dir='ltr'><strong>parum</strong></span> 
     </span>
    </p>
   </div>
   <div class='ocr_carea' id='block_1_59' title="bbox 2224 2854 3807 2911">
    <p class='ocr_par' dir='ltr' id='par_1_59' title="bbox 2224 2854 3807 2911">
     <span class='ocr_line' id='line_1_59' title="bbox 2224 2854 3807 2911; baseline 0 -4"><span class='ocrx_word' id='word_1_445' title='bbox 2224 2856 2386 2907; x_wconf 87' lang='lat' dir='ltr'><strong>etiam</strong></span> <span class='ocrx_word' id='word_1_446' title='bbox 2417 2854 2550 2909; x_wconf 87' lang='lat' dir='ltr'><strong>aluit</strong></span> <span class='ocrx_word' id='word_1_447' title='bbox 2579 2864 2633 2910; x_wconf 89' lang='lat' dir='ltr'><strong>et</strong></span> <span class='ocrx_word' id='word_1_448' title='bbox 2661 2857 2807 2909; x_wconf 83' lang='lat' dir='ltr'><strong>auxit</strong></span> <span class='ocrx_word' id='word_1_449' title='bbox 2839 2856 2974 2910; x_wconf 91' lang='lat' dir='ltr'><strong>hanc</strong></span> <span class='ocrx_word' id='word_1_450' title='bbox 3002 2857 3164 2909; x_wconf 90' lang='lat' dir='ltr'><strong>animi</strong></span> <span class='ocrx_word' id='word_1_451' title='bbox 3203 2856 3617 2911; x_wconf 85' lang='lat' dir='ltr'><strong>concitationem</strong></span> <span class='ocrx_word' id='word_1_452' title='bbox 3649 2867 3703 2910; x_wconf 91' lang='lat' dir='ltr'><strong>et</strong></span> <span class='ocrx_word' id='word_1_453' title='bbox 3734 2870 3807 2908; x_wconf 76' lang='lat' dir='ltr'><strong>ex</strong></span> 
     </span>
    </p>
   </div>
   <div class='ocr_carea' id='block_1_60' title="bbox 550 2911 3811 3020">
    <p class='ocr_par' dir='ltr' id='par_1_60' title="bbox 550 2911 3811 3020">
     <span class='ocr_line' id='line_1_60' title="bbox 550 2911 3811 3020; baseline -0 -22"><span class='ocrx_word' id='word_1_454' title='bbox 550 2956 828 3020; x_wconf 83' lang='lat' dir='ltr'><strong>queretur.</strong></span> <span class='ocrx_word' id='word_1_455' title='bbox 879 2946 1055 3013; x_wconf 86' lang='lat' dir='ltr'><strong>Quare</strong></span> <span class='ocrx_word' id='word_1_456' title='bbox 1099 2943 1241 3014; x_wconf 90' lang='lat' dir='ltr'><strong>quod</strong></span> <span class='ocrx_word' id='word_1_457' title='bbox 1284 2943 1457 3012; x_wconf 88' lang='lat' dir='ltr'><strong>ipsum</strong></span> <span class='ocrx_word' id='word_1_458' title='bbox 1504 2941 1557 2994; x_wconf 91' lang='lat' dir='ltr'><strong>in</strong></span> <span class='ocrx_word' id='word_1_459' title='bbox 1606 2938 1883 2993; x_wconf 75' lang='lat' dir='ltr'><strong>consortio</strong></span> <span class='ocrx_word' id='word_1_460' title='bbox 1931 2911 2192 2990; x_wconf 69' lang='lat' dir='ltr'><strong>eorumC</strong></span> <span class='ocrx_word' id='word_1_461' title='bbox 2226 2944 2428 2999; x_wconf 90' lang='lat' dir='ltr'><strong>crebro</strong></span> <span class='ocrx_word' id='word_1_462' title='bbox 2467 2960 2722 3000; x_wconf 85' lang='lat' dir='ltr'><strong>sensuum</strong></span> <span class='ocrx_word' id='word_1_463' title='bbox 2754 2946 2985 3015; x_wconf 73' lang='lat' dir='ltr'><strong>impulsu</strong></span> <span class='ocrx_word' id='word_1_464' title='bbox 3032 2955 3089 3000; x_wconf 88' lang='lat' dir='ltr'><strong>et</strong></span> <span class='ocrx_word' id='word_1_465' title='bbox 3138 2937 3425 2999; x_wconf 68' lang='lat' dir='ltr'><strong>aliecmum</strong></span> <span class='ocrx_word' id='word_1_466' title='bbox 3456 2944 3811 3000; x_wconf 85' lang='lat' dir='ltr'><strong>vehementia</strong></span> 
     </span>
    </p>
   </div>
   <div class='ocr_carea' id='block_1_61' title="bbox 554 3031 2124 3107">
    <p class='ocr_par' dir='ltr' id='par_1_61' title="bbox 554 3031 2124 3107">
     <span class='ocr_line' id='line_1_61' title="bbox 554 3031 2124 3107; baseline -0.013 -8"><span class='ocrx_word' id='word_1_467' title='bbox 554 3041 802 3107; x_wconf 90' lang='lat' dir='ltr'><strong>retinuit,</strong></span> <span class='ocrx_word' id='word_1_468' title='bbox 836 3039 967 3094; x_wconf 91' lang='lat' dir='ltr'><strong>nihil</strong></span> <span class='ocrx_word' id='word_1_469' title='bbox 989 3052 1136 3107; x_wconf 79' lang='lat' dir='ltr'><strong>pene</strong></span> <span class='ocrx_word' id='word_1_470' title='bbox 1173 3034 1320 3089; x_wconf 88' lang='lat' dir='ltr'><strong>aliud</strong></span> <span class='ocrx_word' id='word_1_471' title='bbox 1350 3033 1515 3087; x_wconf 87' lang='lat' dir='ltr'><strong>fuisse</strong></span> <span class='ocrx_word' id='word_1_472' title='bbox 1542 3031 1774 3093; x_wconf 86' lang='lat' dir='ltr'><strong>videtur,</strong></span> <span class='ocrx_word' id='word_1_473' title='bbox 1809 3043 1969 3097; x_wconf 89' lang='lat' dir='ltr'><strong>quam</strong></span> <span class='ocrx_word' id='word_1_474' title='bbox 2000 3042 2124 3095; x_wconf 89' lang='lat' dir='ltr'><strong>spes</strong></span> 
     </span>
    </p>
   </div>
   <div class='ocr_carea' id='block_1_62' title="bbox 556 3116 2124 3204">
    <p class='ocr_par' dir='ltr' id='par_1_62' title="bbox 556 3116 2124 3204">
     <span class='ocr_line' id='line_1_62' title="bbox 556 3116 2124 3204; baseline -0.012 -16"><span class='ocrx_word' id='word_1_475' title='bbox 556 3131 819 3204; x_wconf 86' lang='lat' dir='ltr'><strong>jucunda,</strong></span> <span class='ocrx_word' id='word_1_476' title='bbox 852 3129 988 3195; x_wconf 85' lang='lat' dir='ltr'><strong>fore,</strong></span> <span class='ocrx_word' id='word_1_477' title='bbox 1019 3137 1097 3195; x_wconf 88' lang='lat' dir='ltr'><strong>ut,</strong></span> <span class='ocrx_word' id='word_1_478' title='bbox 1153 3125 1418 3195; x_wconf 89' lang='lat' dir='ltr'><strong>superatis</strong></span> <span class='ocrx_word' id='word_1_479' title='bbox 1466 3122 1726 3177; x_wconf 86' lang='lat' dir='ltr'><strong>auditoris</strong></span> <span class='ocrx_word' id='word_1_480' title='bbox 1771 3120 1999 3187; x_wconf 86' lang='lat' dir='ltr'><strong>aliisque</strong></span> <span class='ocrx_word' id='word_1_481' title='bbox 2043 3116 2124 3170; x_wconf 82' lang='lat' dir='ltr'><strong>di-</strong></span> 
     </span>
    </p>
   </div>
   <div class='ocr_carea' id='block_1_63' title="bbox 558 3210 2123 3287">
    <p class='ocr_par' dir='ltr' id='par_1_63' title="bbox 558 3210 2123 3287">
     <span class='ocr_line' id='line_1_63' title="bbox 558 3210 2123 3287; baseline -0.014 -5"><span class='ocrx_word' id='word_1_482' title='bbox 558 3225 821 3282; x_wconf 89' lang='lat' dir='ltr'><strong>scentium</strong></span> <span class='ocrx_word' id='word_1_483' title='bbox 860 3220 1277 3287; x_wconf 81' lang='lat' dir='ltr'><strong>docentiumqne</strong></span> <span class='ocrx_word' id='word_1_484' title='bbox 1308 3215 1586 3286; x_wconf 80' lang='lat' dir='ltr'><strong>gradibus,</strong></span> <span class='ocrx_word' id='word_1_485' title='bbox 1620 3213 1684 3266; x_wconf 88' lang='lat' dir='ltr'><strong>ad</strong></span> <span class='ocrx_word' id='word_1_486' title='bbox 1718 3210 2123 3281; x_wconf 40' lang='lat' dir='ltr'><strong>mystcria‘tan-</strong></span> 
     </span>
    </p>
   </div>
   <div class='ocr_carea' id='block_1_64' title="bbox 554 3301 2124 3385">
    <p class='ocr_par' dir='ltr' id='par_1_64' title="bbox 554 3301 2124 3385">
     <span class='ocr_line' id='line_1_64' title="bbox 554 3301 2124 3385; baseline -0.012 -14"><span class='ocrx_word' id='word_1_487' title='bbox 554 3320 675 3373; x_wconf 88' lang='lat' dir='ltr'><strong>dem</strong></span> <span class='ocrx_word' id='word_1_488' title='bbox 730 3323 1057 3385; x_wconf 83' lang='lat' dir='ltr'><strong>penetraret.</strong></span> <span class='ocrx_word' id='word_1_489' title='bbox 1114 3311 1302 3365; x_wconf 82' lang='lat' dir='ltr'><strong>Docuit</strong></span> <span class='ocrx_word' id='word_1_490' title='bbox 1349 3309 1550 3362; x_wconf 77' lang='lat' dir='ltr'><strong>interea</strong></span> <span class='ocrx_word' id='word_1_491' title='bbox 1592 3305 1853 3373; x_wconf 87' lang='lat' dir='ltr'><strong>temporis</strong></span> <span class='ocrx_word' id='word_1_492' title='bbox 1896 3301 2124 3370; x_wconf 90' lang='lat' dir='ltr'><strong>primum</strong></span> 
     </span>
    </p>
   </div>
   <div class='ocr_carea' id='block_1_65' title="bbox 555 3393 2125 3480">
    <p class='ocr_par' dir='ltr' id='par_1_65' title="bbox 555 3393 2125 3480">
     <span class='ocr_line' id='line_1_65' title="bbox 555 3393 2125 3480; baseline -0.014 -14"><span class='ocrx_word' id='word_1_493' title='bbox 555 3411 824 3480; x_wconf 66' lang='lat' dir='ltr'><strong>Tagastae,</strong></span> <span class='ocrx_word' id='word_1_494' title='bbox 858 3420 965 3476; x_wconf 86' lang='lat' dir='ltr'><strong>quo</strong></span> <span class='ocrx_word' id='word_1_495' title='bbox 994 3403 1058 3459; x_wconf 89' lang='lat' dir='ltr'><strong>ad</strong></span> <span class='ocrx_word' id='word_1_496' title='bbox 1090 3415 1300 3471; x_wconf 84' lang='lat' dir='ltr'><strong>tempus</strong></span> <span class='ocrx_word' id='word_1_497' title='bbox 1338 3415 1393 3453; x_wconf 90' lang='lat' dir='ltr'><strong>se</strong></span> <span class='ocrx_word' id='word_1_498' title='bbox 1439 3400 1768 3459; x_wconf 84' lang='lat' dir='ltr'><strong>contulerat,</strong></span> <span class='ocrx_word' id='word_1_499' title='bbox 1811 3393 2125 3464; x_wconf 88' lang='lat' dir='ltr'><strong>grammati-</strong></span> 
     </span>
    </p>
   </div>
   <div class='ocr_carea' id='block_1_66' title="bbox 556 3483 2125 3567">
    <p class='ocr_par' dir='ltr' id='par_1_66' title="bbox 556 3483 2125 3567">
     <span class='ocr_line' id='line_1_66' title="bbox 556 3483 2125 3567; baseline -0.012 -12"><span class='ocrx_word' id='word_1_500' title='bbox 556 3516 694 3566; x_wconf 90' lang='lat' dir='ltr'><strong>cam,</strong></span> <span class='ocrx_word' id='word_1_501' title='bbox 729 3508 785 3554; x_wconf 91' lang='lat' dir='ltr'><strong>et</strong></span> <span class='ocrx_word' id='word_1_502' title='bbox 824 3505 1107 3567; x_wconf 87' lang='lat' dir='ltr'><strong>postquam</strong></span> <span class='ocrx_word' id='word_1_503' title='bbox 1155 3493 1280 3546; x_wconf 87' lang='lat' dir='ltr'><strong>inde</strong></span> <span class='ocrx_word' id='word_1_504' title='bbox 1309 3489 1692 3557; x_wconf 77' lang='lat' dir='ltr'><strong>Carthaginem</strong></span> <span class='ocrx_word' id='word_1_505' title='bbox 1740 3486 2010 3546; x_wconf 82' lang='lat' dir='ltr'><strong>rcdiisset,</strong></span> <span class='ocrx_word' id='word_1_506' title='bbox 2056 3483 2125 3536; x_wconf 88' lang='lat' dir='ltr'><strong>ibi</strong></span> 
     </span>
    </p>
   </div>
   <div class='ocr_carea' id='block_1_67' title="bbox 559 3582 2129 3657">
    <p class='ocr_par' dir='ltr' id='par_1_67' title="bbox 559 3582 2129 3657">
     <span class='ocr_line' id='line_1_67' title="bbox 559 3582 2129 3657; baseline -0.013 -9"><span class='ocrx_word' id='word_1_507' title='bbox 559 3591 883 3648; x_wconf 89' lang='lat' dir='ltr'><strong>rhetoricam</strong></span> <span class='ocrx_word' id='word_1_508' title='bbox 913 3589 1188 3657; x_wconf 87' lang='lat' dir='ltr'><strong>prolessus</strong></span> <span class='ocrx_word' id='word_1_509' title='bbox 1214 3595 1314 3638; x_wconf 83' lang='lat' dir='ltr'><strong>est.</strong></span> <span class='ocrx_word' id='word_1_510' title='bbox 1347 3582 1571 3649; x_wconf 88' lang='lat' dir='ltr'><strong>Scripsit</strong></span> <span class='ocrx_word' id='word_1_511' title='bbox 1592 3589 1702 3633; x_wconf 89' lang='lat' dir='ltr'><strong>ttnn</strong></span> <span class='ocrx_word' id='word_1_512' title='bbox 1728 3592 1964 3646; x_wconf 77' lang='lat' dir='ltr'><strong>quoque,</strong></span> <span class='ocrx_word' id='word_1_513' title='bbox 1987 3589 2129 3628; x_wconf 88' lang='lat' dir='ltr'><strong>anno</strong></span> 
     </span>
    </p>
   </div>
   <div class='ocr_carea' id='block_1_68' title="bbox 566 3666 2130 3741">
    <p class='ocr_par' dir='ltr' id='par_1_68' title="bbox 566 3666 2130 3741">
     <span class='ocr_line' id='line_1_68' title="bbox 566 3666 2130 3741; baseline -0.013 -3"><span class='ocrx_word' id='word_1_514' title='bbox 566 3682 742 3737; x_wconf 71' lang='lat' dir='ltr'><strong>&#39;etatis</strong></span> <span class='ocrx_word' id='word_1_515' title='bbox 781 3680 1039 3735; x_wconf 91' lang='lat' dir='ltr'><strong>vicesimo</strong></span> <span class='ocrx_word' id='word_1_516' title='bbox 1086 3683 1241 3731; x_wconf 80' lang='lat' dir='ltr'><strong>sexto</strong></span> <span class='ocrx_word' id='word_1_517' title='bbox 1290 3682 1381 3727; x_wconf 87' lang='lat' dir='ltr'><strong>aut</strong></span> <span class='ocrx_word' id='word_1_518' title='bbox 1425 3672 1675 3741; x_wconf 91' lang='lat' dir='ltr'><strong>septimo,</strong></span> <span class='ocrx_word' id='word_1_519' title='bbox 1723 3672 1922 3736; x_wconf 83' lang='lat' dir='ltr'><strong>primos</strong></span> <span class='ocrx_word' id='word_1_520' title='bbox 1964 3666 2130 3719; x_wconf 73' lang='lat' dir='ltr'><strong>libros</strong></span> 
     </span>
    </p>
   </div>
   <div class='ocr_carea' id='block_1_69' title="bbox 566 3758 2126 3841">
    <p class='ocr_par' dir='ltr' id='par_1_69' title="bbox 566 3758 2126 3841">
     <span class='ocr_line' id='line_1_69' title="bbox 566 3758 2126 3841; baseline -0.013 -10"><span class='ocrx_word' id='word_1_521' title='bbox 566 3789 698 3831; x_wconf 89' lang='lat' dir='ltr'><strong>suos</strong></span> <span class='ocrx_word' id='word_1_522' title='bbox 721 3776 783 3827; x_wconf 87' lang='lat' dir='ltr'><strong>de</strong></span> <span class='ocrx_word' id='word_1_523' title='bbox 811 3772 944 3841; x_wconf 85' lang='lat' dir='ltr'><strong>Apto</strong></span> <span class='ocrx_word' id='word_1_524' title='bbox 973 3780 1021 3824; x_wconf 86' lang='lat' dir='ltr'><strong>et</strong></span> <span class='ocrx_word' id='word_1_525' title='bbox 1047 3768 1295 3823; x_wconf 71' lang='lat' dir='ltr'><strong>Pulchro.</strong></span> <span class='ocrx_word' id='word_1_526' title='bbox 1322 3764 1413 3820; x_wconf 85' lang='lat' dir='ltr'><strong>sed</strong></span> <span class='ocrx_word' id='word_1_527' title='bbox 1436 3765 1523 3833; x_wconf 91' lang='lat' dir='ltr'><strong>qui</strong></span> <span class='ocrx_word' id='word_1_528' title='bbox 1548 3763 1655 3832; x_wconf 88' lang='lat' dir='ltr'><strong>jam</strong></span> <span class='ocrx_word' id='word_1_529' title='bbox 1690 3773 1819 3825; x_wconf 91' lang='lat' dir='ltr'><strong>tum,</strong></span> <span class='ocrx_word' id='word_1_530' title='bbox 1846 3776 1966 3814; x_wconf 88' lang='lat' dir='ltr'><strong>cum</strong></span> <span class='ocrx_word' id='word_1_531' title='bbox 1993 3758 2126 3812; x_wconf 86' lang='lat' dir='ltr'><strong>Con-</strong></span> 
     </span>
    </p>
   </div>
   <div class='ocr_carea' id='block_1_70' title="bbox 562 3852 2125 3926">
    <p class='ocr_par' dir='ltr' id='par_1_70' title="bbox 562 3852 2125 3926">
     <span class='ocr_line' id='line_1_70' title="bbox 562 3852 2125 3926; baseline -0.012 -5"><span class='ocrx_word' id='word_1_532' title='bbox 562 3866 830 3921; x_wconf 83' lang='lat' dir='ltr'><strong>tessiones</strong></span> <span class='ocrx_word' id='word_1_533' title='bbox 855 3861 1141 3926; x_wconf 86' lang='lat' dir='ltr'><strong>scriberet,</strong></span> <span class='ocrx_word' id='word_1_534' title='bbox 1162 3858 1568 3913; x_wconf 74' lang='lat' dir='ltr'><strong>interciderunt.</strong></span> <span class='ocrx_word' id='word_1_535' title='bbox 1597 3855 1739 3909; x_wconf 91' lang='lat' dir='ltr'><strong>Inter</strong></span> <span class='ocrx_word' id='word_1_536' title='bbox 1770 3853 1883 3906; x_wconf 67' lang='lat' dir='ltr'><strong>hazc</strong></span> <span class='ocrx_word' id='word_1_537' title='bbox 1911 3852 2125 3915; x_wconf 82' lang='lat' dir='ltr'><strong>accidit,</strong></span> 
     </span>
    </p>
   </div>
   <div class='ocr_carea' id='block_1_71' title="bbox 564 3944 2129 4024">
    <p class='ocr_par' dir='ltr' id='par_1_71' title="bbox 564 3944 2129 4024">
     <span class='ocr_line' id='line_1_71' title="bbox 564 3944 2129 4024; baseline -0.009 -15"><span class='ocrx_word' id='word_1_538' title='bbox 564 3967 621 4011; x_wconf 87' lang='lat' dir='ltr'><strong>ut</strong></span> <span class='ocrx_word' id='word_1_539' title='bbox 663 3954 822 4011; x_wconf 89' lang='lat' dir='ltr'><strong>amici</strong></span> <span class='ocrx_word' id='word_1_540' title='bbox 875 3953 1091 4024; x_wconf 88' lang='lat' dir='ltr'><strong>quidam</strong></span> <span class='ocrx_word' id='word_1_541' title='bbox 1142 3951 1281 4020; x_wconf 79' lang='lat' dir='ltr'><strong>ejus,</strong></span> <span class='ocrx_word' id='word_1_542' title='bbox 1336 3951 1426 4015; x_wconf 72' lang='lat' dir='ltr'><strong>qui</strong></span> <span class='ocrx_word' id='word_1_543' title='bbox 1480 3948 1701 4001; x_wconf 66' lang='lat' dir='ltr'><strong>Bormum</strong></span> <span class='ocrx_word' id='word_1_544' title='bbox 1753 3944 2129 4015; x_wconf 82' lang='lat' dir='ltr'><strong>proﬁciscendi</strong></span> 
     </span>
    </p>
   </div>
   <div class='ocr_carea' id='block_1_72' title="bbox 561 4036 2133 4113">
    <p class='ocr_par' dir='ltr' id='par_1_72' title="bbox 561 4036 2133 4113">
     <span class='ocr_line' id='line_1_72' title="bbox 561 4036 2133 4113; baseline -0.008 -12"><span class='ocrx_word' id='word_1_545' title='bbox 561 4046 844 4101; x_wconf 88' lang='lat' dir='ltr'><strong>consilium</strong></span> <span class='ocrx_word' id='word_1_546' title='bbox 875 4052 1151 4113; x_wconf 87' lang='lat' dir='ltr'><strong>ceperant,</strong></span> <span class='ocrx_word' id='word_1_547' title='bbox 1186 4042 1287 4110; x_wconf 89' lang='lat' dir='ltr'><strong>ipsi</strong></span> <span class='ocrx_word' id='word_1_548' title='bbox 1318 4055 1550 4109; x_wconf 82' lang='lat' dir='ltr'><strong>quoque,</strong></span> <span class='ocrx_word' id='word_1_549' title='bbox 1581 4048 1636 4092; x_wconf 86' lang='lat' dir='ltr'><strong>et</strong></span> <span class='ocrx_word' id='word_1_550' title='bbox 1665 4038 1886 4091; x_wconf 87' lang='lat' dir='ltr'><strong>honoris</strong></span> <span class='ocrx_word' id='word_1_551' title='bbox 1913 4036 2133 4104; x_wconf 72' lang='lat' dir='ltr'><strong>majoris</strong></span> 
     </span>
    </p>
   </div>
   <div class='ocr_carea' id='block_1_73' title="bbox 557 4114 2130 4208">
    <p class='ocr_par' dir='ltr' id='par_1_73' title="bbox 557 4114 2130 4208">
     <span class='ocr_line' id='line_1_73' title="bbox 557 4114 2130 4208; baseline -0.01 -13"><span class='ocrx_word' id='word_1_552' title='bbox 557 4151 613 4195; x_wconf 85' lang='lat' dir='ltr'><strong>et</strong></span> <span class='ocrx_word' id='word_1_553' title='bbox 634 4140 915 4208; x_wconf 86' lang='lat' dir='ltr'><strong>amplioris</strong></span> <span class='ocrx_word' id='word_1_554' title='bbox 935 4134 1284 4191; x_wconf 83' lang='lat' dir='ltr'><strong>emolumenti</strong></span> <span class='ocrx_word' id='word_1_555' title='bbox 1317 4133 1370 4186; x_wconf 90' lang='lat' dir='ltr'><strong>in</strong></span> <span class='ocrx_word' id='word_1_556' title='bbox 1401 4147 1463 4187; x_wconf 86' lang='lat' dir='ltr'><strong>ea</strong></span> <span class='ocrx_word' id='word_1_557' title='bbox 1490 4131 1650 4197; x_wconf 88' lang='lat' dir='ltr'><strong>urbe,</strong></span> <span class='ocrx_word' id='word_1_558' title='bbox 1680 4146 1799 4200; x_wconf 75' lang='lat' dir='ltr'><strong>qua:</strong></span> <span class='ocrx_word' id='word_1_559' title='bbox 1827 4114 2130 4184; x_wconf 74' lang='lat' dir='ltr'><strong>litterarum</strong></span> 
     </span>
    </p>
   </div>
   <div class='ocr_carea' id='block_1_74' title="bbox 2224 3035 3811 3104">
    <p class='ocr_par' dir='ltr' id='par_1_74' title="bbox 2224 3035 3811 3104">
     <span class='ocr_line' id='line_1_74' title="bbox 2224 3035 3811 3104; baseline -0.001 -15"><span class='ocrx_word' id='word_1_560' title='bbox 2224 3036 2571 3090; x_wconf 83' lang='lat' dir='ltr'><strong>conflictuum</strong></span> <span class='ocrx_word' id='word_1_561' title='bbox 2604 3035 3001 3090; x_wconf 79' lang='lat' dir='ltr'><strong>Platonicorum</strong></span> <span class='ocrx_word' id='word_1_562' title='bbox 3029 3035 3319 3099; x_wconf 89' lang='lat' dir='ltr'><strong>lectio,cui</strong></span> <span class='ocrx_word' id='word_1_563' title='bbox 3351 3035 3641 3104; x_wconf 90' lang='lat' dir='ltr'><strong>pluritnum</strong></span> <span class='ocrx_word' id='word_1_564' title='bbox 3674 3045 3811 3088; x_wconf 84' lang='lat' dir='ltr'><strong>tem-</strong></span> 
     </span>
    </p>
   </div>
   <div class='ocr_carea' id='block_1_75' title="bbox 2228 3124 3807 3194">
    <p class='ocr_par' dir='ltr' id='par_1_75' title="bbox 2228 3124 3807 3194">
     <span class='ocr_line' id='line_1_75' title="bbox 2228 3124 3807 3194; baseline -0.001 -16"><span class='ocrx_word' id='word_1_565' title='bbox 2228 3141 2325 3194; x_wconf 87' lang='lat' dir='ltr'><strong>pos</strong></span> <span class='ocrx_word' id='word_1_566' title='bbox 2355 3126 2641 3181; x_wconf 87' lang='lat' dir='ltr'><strong>tribuebat.</strong></span> <span class='ocrx_word' id='word_1_567' title='bbox 2676 3126 2893 3181; x_wconf 79' lang='lat' dir='ltr'><strong>Addidit</strong></span> <span class='ocrx_word' id='word_1_568' title='bbox 2941 3127 3025 3181; x_wconf 88' lang='lat' dir='ltr'><strong>his</strong></span> <span class='ocrx_word' id='word_1_569' title='bbox 3067 3126 3218 3180; x_wconf 86' lang='lat' dir='ltr'><strong>Pauli</strong></span> <span class='ocrx_word' id='word_1_570' title='bbox 3259 3124 3537 3193; x_wconf 85' lang='lat' dir='ltr'><strong>epistolas,</strong></span> <span class='ocrx_word' id='word_1_571' title='bbox 3570 3140 3807 3192; x_wconf 88' lang='lat' dir='ltr'><strong>quarum</strong></span> 
     </span>
    </p>
   </div>
   <div class='ocr_carea' id='block_1_76' title="bbox 2227 3214 3816 3288">
    <p class='ocr_par' dir='ltr' id='par_1_76' title="bbox 2227 3214 3816 3288">
     <span class='ocr_line' id='line_1_76' title="bbox 2227 3214 3816 3288; baseline -0.002 -18"><span class='ocrx_word' id='word_1_572' title='bbox 2227 3217 2512 3271; x_wconf 80' lang='lat' dir='ltr'><strong>obscurior</strong></span> <span class='ocrx_word' id='word_1_573' title='bbox 2534 3224 2724 3272; x_wconf 87' lang='lat' dir='ltr'><strong>sensus</strong></span> <span class='ocrx_word' id='word_1_574' title='bbox 2762 3234 2883 3271; x_wconf 89' lang='lat' dir='ltr'><strong>cum</strong></span> <span class='ocrx_word' id='word_1_575' title='bbox 2914 3217 3175 3288; x_wconf 86' lang='lat' dir='ltr'><strong>gravitate</strong></span> <span class='ocrx_word' id='word_1_576' title='bbox 3198 3216 3517 3284; x_wconf 88' lang='lat' dir='ltr'><strong>conjunctus</strong></span> <span class='ocrx_word' id='word_1_577' title='bbox 3548 3214 3709 3269; x_wconf 86' lang='lat' dir='ltr'><strong>facile</strong></span> <span class='ocrx_word' id='word_1_578' title='bbox 3734 3216 3816 3268; x_wconf 86' lang='lat' dir='ltr'><strong>in-</strong></span> 
     </span>
    </p>
   </div>
   <div class='ocr_carea' id='block_1_77' title="bbox 2231 3307 3818 3378">
    <p class='ocr_par' dir='ltr' id='par_1_77' title="bbox 2231 3307 3818 3378">
     <span class='ocr_line' id='line_1_77' title="bbox 2231 3307 3818 3378; baseline -0.001 -18"><span class='ocrx_word' id='word_1_579' title='bbox 2231 3309 2399 3377; x_wconf 85' lang='lat' dir='ltr'><strong>telligi</strong></span> <span class='ocrx_word' id='word_1_580' title='bbox 2444 3318 2641 3377; x_wconf 90' lang='lat' dir='ltr'><strong>potest,</strong></span> <span class='ocrx_word' id='word_1_581' title='bbox 2689 3319 3018 3378; x_wconf 85' lang='lat' dir='ltr'><strong>quantopere</strong></span> <span class='ocrx_word' id='word_1_582' title='bbox 3044 3309 3282 3362; x_wconf 91' lang='lat' dir='ltr'><strong>animum</strong></span> <span class='ocrx_word' id='word_1_583' title='bbox 3338 3307 3480 3362; x_wconf 92' lang='lat' dir='ltr'><strong>inter</strong></span> <span class='ocrx_word' id='word_1_584' title='bbox 3523 3315 3703 3361; x_wconf 87' lang='lat' dir='ltr'><strong>metus</strong></span> <span class='ocrx_word' id='word_1_585' title='bbox 3757 3316 3818 3361; x_wconf 87' lang='lat' dir='ltr'><strong>et</strong></span> 
     </span>
    </p>
   </div>
   <div class='ocr_carea' id='block_1_78' title="bbox 2233 3400 3813 3469">
    <p class='ocr_par' dir='ltr' id='par_1_78' title="bbox 2233 3400 3813 3469">
     <span class='ocr_line' id='line_1_78' title="bbox 2233 3400 3813 3469; baseline 0.001 -19"><span class='ocrx_word' id='word_1_586' title='bbox 2233 3409 2467 3454; x_wconf 83' lang='lat' dir='ltr'><strong>terrores</strong></span> <span class='ocrx_word' id='word_1_587' title='bbox 2511 3400 2791 3469; x_wconf 74' lang='lat' dir='ltr'><strong>omnisque</strong></span> <span class='ocrx_word' id='word_1_588' title='bbox 2826 3401 3049 3469; x_wconf 83' lang='lat' dir='ltr'><strong>generis</strong></span> <span class='ocrx_word' id='word_1_589' title='bbox 3084 3400 3452 3469; x_wconf 86' lang='lat' dir='ltr'><strong>phantasmata</strong></span> <span class='ocrx_word' id='word_1_590' title='bbox 3483 3414 3813 3469; x_wconf 72' lang='lat' dir='ltr'><strong>suspensum</strong></span> 
     </span>
    </p>
   </div>
   <div class='ocr_carea' id='block_1_79' title="bbox 2234 3490 3818 3561">
    <p class='ocr_par' dir='ltr' id='par_1_79' title="bbox 2234 3490 3818 3561">
     <span class='ocr_line' id='line_1_79' title="bbox 2234 3490 3818 3561; baseline 0.002 -20"><span class='ocrx_word' id='word_1_591' title='bbox 2234 3491 2526 3555; x_wconf 62' lang='lat' dir='ltr'><strong>pervellere</strong></span> <span class='ocrx_word' id='word_1_592' title='bbox 2548 3490 2814 3545; x_wconf 82' lang='lat' dir='ltr'><strong>debuerit.</strong></span> <span class='ocrx_word' id='word_1_593' title='bbox 2842 3492 2934 3544; x_wconf 92' lang='lat' dir='ltr'><strong>llis</strong></span> <span class='ocrx_word' id='word_1_594' title='bbox 2960 3491 3293 3547; x_wconf 89' lang='lat' dir='ltr'><strong>accedebant</strong></span> <span class='ocrx_word' id='word_1_595' title='bbox 3319 3491 3641 3561; x_wconf 64' lang='lat' dir='ltr'><strong>quotidianae</strong></span> <span class='ocrx_word' id='word_1_596' title='bbox 3670 3505 3818 3545; x_wconf 86' lang='lat' dir='ltr'><strong>con-</strong></span> 
     </span>
    </p>
   </div>
   <div class='ocr_carea' id='block_1_80' title="bbox 2234 3580 3813 3653">
    <p class='ocr_par' dir='ltr' id='par_1_80' title="bbox 2234 3580 3813 3653">
     <span class='ocr_line' id='line_1_80' title="bbox 2234 3580 3813 3653; baseline 0.001 -20"><span class='ocrx_word' id='word_1_597' title='bbox 2234 3580 2591 3635; x_wconf 74' lang='lat' dir='ltr'><strong>fabulationes</strong></span> <span class='ocrx_word' id='word_1_598' title='bbox 2630 3598 2750 3635; x_wconf 90' lang='lat' dir='ltr'><strong>cum</strong></span> <span class='ocrx_word' id='word_1_599' title='bbox 2791 3581 2980 3653; x_wconf 84' lang='lat' dir='ltr'><strong>Alypio</strong></span> <span class='ocrx_word' id='word_1_600' title='bbox 3026 3594 3079 3637; x_wconf 89' lang='lat' dir='ltr'><strong>et</strong></span> <span class='ocrx_word' id='word_1_601' title='bbox 3125 3580 3381 3637; x_wconf 86' lang='lat' dir='ltr'><strong>Nebridio</strong></span> <span class='ocrx_word' id='word_1_602' title='bbox 3425 3581 3813 3648; x_wconf 85' lang='lat' dir='ltr'><strong>familiaribus,</strong></span> 
     </span>
    </p>
   </div>
   <div class='ocr_carea' id='block_1_81' title="bbox 2233 3673 3818 3742">
    <p class='ocr_par' dir='ltr' id='par_1_81' title="bbox 2233 3673 3818 3742">
     <span class='ocr_line' id='line_1_81' title="bbox 2233 3673 3818 3742; baseline 0.003 -19"><span class='ocrx_word' id='word_1_603' title='bbox 2233 3689 2462 3737; x_wconf 82' lang='lat' dir='ltr'><strong>quorum</strong></span> <span class='ocrx_word' id='word_1_604' title='bbox 2488 3673 2574 3727; x_wconf 87' lang='lat' dir='ltr'><strong>hic</strong></span> <span class='ocrx_word' id='word_1_605' title='bbox 2590 3673 2917 3742; x_wconf 86' lang='lat' dir='ltr'><strong>Carthagine</strong></span> <span class='ocrx_word' id='word_1_606' title='bbox 2943 3673 3302 3729; x_wconf 85' lang='lat' dir='ltr'><strong>Mediolanum</strong></span> <span class='ocrx_word' id='word_1_607' title='bbox 3329 3675 3527 3729; x_wconf 87' lang='lat' dir='ltr'><strong>nullam</strong></span> <span class='ocrx_word' id='word_1_608' title='bbox 3554 3675 3713 3728; x_wconf 88' lang='lat' dir='ltr'><strong>aliam</strong></span> <span class='ocrx_word' id='word_1_609' title='bbox 3741 3675 3818 3727; x_wconf 88' lang='lat' dir='ltr'><strong>ob</strong></span> 
     </span>
    </p>
   </div>
   <div class='ocr_carea' id='block_1_82' title="bbox 2234 3766 3820 3837">
    <p class='ocr_par' dir='ltr' id='par_1_82' title="bbox 2234 3766 3820 3837">
     <span class='ocr_line' id='line_1_82' title="bbox 2234 3766 3820 3837; baseline 0.004 -22"><span class='ocrx_word' id='word_1_610' title='bbox 2234 3778 2449 3818; x_wconf 77' lang='lat' dir='ltr'><strong>causam</strong></span> <span class='ocrx_word' id='word_1_611' title='bbox 2496 3779 2554 3820; x_wconf 90' lang='lat' dir='ltr'><strong>se</strong></span> <span class='ocrx_word' id='word_1_612' title='bbox 2582 3766 2907 3830; x_wconf 90' lang='lat' dir='ltr'><strong>contulerat,</strong></span> <span class='ocrx_word' id='word_1_613' title='bbox 2939 3782 3098 3837; x_wconf 86' lang='lat' dir='ltr'><strong>quam</strong></span> <span class='ocrx_word' id='word_1_614' title='bbox 3134 3776 3190 3821; x_wconf 91' lang='lat' dir='ltr'><strong>ut</strong></span> <span class='ocrx_word' id='word_1_615' title='bbox 3233 3767 3337 3836; x_wconf 79' lang='lat' dir='ltr'><strong>ipsi</strong></span> <span class='ocrx_word' id='word_1_616' title='bbox 3376 3767 3656 3822; x_wconf 68' lang='lat' dir='ltr'><strong>adhaerere</strong></span> <span class='ocrx_word' id='word_1_617' title='bbox 3684 3781 3820 3835; x_wconf 84' lang='lat' dir='ltr'><strong>pos-</strong></span> 
     </span>
    </p>
   </div>
   <div class='ocr_carea' id='block_1_83' title="bbox 2235 3855 3820 3926">
    <p class='ocr_par' dir='ltr' id='par_1_83' title="bbox 2235 3855 3820 3926">
     <span class='ocr_line' id='line_1_83' title="bbox 2235 3855 3820 3926; baseline 0.003 -19"><span class='ocrx_word' id='word_1_618' title='bbox 2235 3864 2339 3920; x_wconf 82' lang='lat' dir='ltr'><strong>set,</strong></span> <span class='ocrx_word' id='word_1_619' title='bbox 2373 3855 2466 3910; x_wconf 85' lang='lat' dir='ltr'><strong>ille</strong></span> <span class='ocrx_word' id='word_1_620' title='bbox 2490 3855 2581 3910; x_wconf 92' lang='lat' dir='ltr'><strong>diu</strong></span> <span class='ocrx_word' id='word_1_621' title='bbox 2611 3867 2884 3926; x_wconf 88' lang='lat' dir='ltr'><strong>noctuque</strong></span> <span class='ocrx_word' id='word_1_622' title='bbox 2921 3859 3139 3913; x_wconf 85' lang='lat' dir='ltr'><strong>consilia</strong></span> <span class='ocrx_word' id='word_1_623' title='bbox 3170 3859 3237 3913; x_wconf 90' lang='lat' dir='ltr'><strong>de</strong></span> <span class='ocrx_word' id='word_1_624' title='bbox 3267 3859 3391 3912; x_wconf 78' lang='lat' dir='ltr'><strong>vitte</strong></span> <span class='ocrx_word' id='word_1_625' title='bbox 3432 3858 3820 3913; x_wconf 81' lang='lat' dir='ltr'><strong>communione</strong></span> 
     </span>
    </p>
   </div>
   <div class='ocr_carea' id='block_1_84' title="bbox 2236 3948 3819 4018">
    <p class='ocr_par' dir='ltr' id='par_1_84' title="bbox 2236 3948 3819 4018">
     <span class='ocr_line' id='line_1_84' title="bbox 2236 3948 3819 4018; baseline 0.001 -19"><span class='ocrx_word' id='word_1_626' title='bbox 2236 3958 2292 4000; x_wconf 81' lang='lat' dir='ltr'><strong>et</strong></span> <span class='ocrx_word' id='word_1_627' title='bbox 2322 3955 2577 4017; x_wconf 79' lang='lat' dir='ltr'><strong>perpetua</strong></span> <span class='ocrx_word' id='word_1_628' title='bbox 2617 3948 2850 4003; x_wconf 89' lang='lat' dir='ltr'><strong>invicem</strong></span> <span class='ocrx_word' id='word_1_629' title='bbox 2881 3948 3144 4003; x_wconf 87' lang='lat' dir='ltr'><strong>societate</strong></span> <span class='ocrx_word' id='word_1_630' title='bbox 3193 3948 3521 4003; x_wconf 88' lang='lat' dir='ltr'><strong>instituenda</strong></span> <span class='ocrx_word' id='word_1_631' title='bbox 3552 3948 3819 4018; x_wconf 84' lang='lat' dir='ltr'><strong>agitabat.</strong></span> 
     </span>
    </p>
   </div>
   <div class='ocr_carea' id='block_1_85' title="bbox 2236 4038 3819 4111">
    <p class='ocr_par' dir='ltr' id='par_1_85' title="bbox 2236 4038 3819 4111">
     <span class='ocr_line' id='line_1_85' title="bbox 2236 4038 3819 4111; baseline 0.003 -19"><span class='ocrx_word' id='word_1_632' title='bbox 2236 4038 2391 4095; x_wconf 89' lang='lat' dir='ltr'><strong>Adde</strong></span> <span class='ocrx_word' id='word_1_633' title='bbox 2413 4038 2600 4095; x_wconf 89' lang='lat' dir='ltr'><strong>matris</strong></span> <span class='ocrx_word' id='word_1_634' title='bbox 2629 4040 2777 4095; x_wconf 90' lang='lat' dir='ltr'><strong>nullo</strong></span> <span class='ocrx_word' id='word_1_635' title='bbox 2807 4055 2911 4095; x_wconf 92' lang='lat' dir='ltr'><strong>non</strong></span> <span class='ocrx_word' id='word_1_636' title='bbox 2945 4051 3185 4109; x_wconf 88' lang='lat' dir='ltr'><strong>tempore</strong></span> <span class='ocrx_word' id='word_1_637' title='bbox 3213 4042 3575 4111; x_wconf 91' lang='lat' dir='ltr'><strong>quiescentem</strong></span> <span class='ocrx_word' id='word_1_638' title='bbox 3603 4040 3819 4096; x_wconf 88' lang='lat' dir='ltr'><strong>sollici-</strong></span> 
     </span>
    </p>
   </div>
   <div class='ocr_carea' id='block_1_86' title="bbox 2239 4129 3818 4209">
    <p class='ocr_par' dir='ltr' id='par_1_86' title="bbox 2239 4129 3818 4209">
     <span class='ocr_line' id='line_1_86' title="bbox 2239 4129 3818 4209; baseline 0.001 -27"><span class='ocrx_word' id='word_1_639' title='bbox 2239 4129 2501 4197; x_wconf 90' lang='lat' dir='ltr'><strong>tudinem,</strong></span> <span class='ocrx_word' id='word_1_640' title='bbox 2531 4132 2773 4209; x_wconf 86' lang='lat' dir='ltr'><strong>gemitus</strong></span> <span class='ocrx_word' id='word_1_641' title='bbox 2798 4140 2853 4187; x_wconf 89' lang='lat' dir='ltr'><strong>et</strong></span> <span class='ocrx_word' id='word_1_642' title='bbox 2884 4146 3091 4200; x_wconf 86' lang='lat' dir='ltr'><strong>preces,</strong></span> <span class='ocrx_word' id='word_1_643' title='bbox 3121 4148 3256 4201; x_wconf 90' lang='lat' dir='ltr'><strong>quas</strong></span> <span class='ocrx_word' id='word_1_644' title='bbox 3286 4132 3557 4187; x_wconf 88' lang='lat' dir='ltr'><strong>indefessa</strong></span> <span class='ocrx_word' id='word_1_645' title='bbox 3592 4146 3715 4187; x_wconf 87' lang='lat' dir='ltr'><strong>cum</strong></span> <span class='ocrx_word' id='word_1_646' title='bbox 3765 4132 3818 4185; x_wconf 93' lang='lat' dir='ltr'><strong>in</strong></span> 
     </span>
    </p>
   </div>
   <div class='ocr_carea' id='block_1_87' title="bbox 561 4220 3819 4316">
    <p class='ocr_par' dir='ltr' id='par_1_87' title="bbox 561 4220 3819 4316">
     <span class='ocr_line' id='line_1_87' title="bbox 561 4220 3819 4316; baseline -0.003 -30"><span class='ocrx_word' id='word_1_647' title='bbox 561 4232 739 4286; x_wconf 87' lang='lat' dir='ltr'><strong>studia</strong></span> <span class='ocrx_word' id='word_1_648' title='bbox 773 4228 1007 4299; x_wconf 79' lang='lat' dir='ltr'><strong>praemiis</strong></span> <span class='ocrx_word' id='word_1_649' title='bbox 1039 4224 1327 4279; x_wconf 88' lang='lat' dir='ltr'><strong>uberrimis</strong></span> <span class='ocrx_word' id='word_1_650' title='bbox 1369 4222 1541 4278; x_wconf 86' lang='lat' dir='ltr'><strong>aleret</strong></span> <span class='ocrx_word' id='word_1_651' title='bbox 1568 4232 1623 4277; x_wconf 92' lang='lat' dir='ltr'><strong>et</strong></span> <span class='ocrx_word' id='word_1_652' title='bbox 1653 4221 1741 4275; x_wconf 90' lang='lat' dir='ltr'><strong>ubi</strong></span> <span class='ocrx_word' id='word_1_653' title='bbox 1770 4220 1995 4289; x_wconf 87' lang='lat' dir='ltr'><strong>juvenes</strong></span> <span class='ocrx_word' id='word_1_654' title='bbox 2024 4234 2134 4273; x_wconf 82' lang='lat' dir='ltr'><strong>ma-</strong></span> <span class='ocrx_word' id='word_1_655' title='bbox 2164 4259 2210 4316; x_wconf 71' lang='grc' dir='ltr'>υ</span> <span class='ocrx_word' id='word_1_656' title='bbox 2242 4222 2473 4293; x_wconf 84' lang='lat' dir='ltr'><strong>templis,</strong></span> <span class='ocrx_word' id='word_1_657' title='bbox 2507 4232 2617 4277; x_wconf 91' lang='lat' dir='ltr'><strong>tum</strong></span> <span class='ocrx_word' id='word_1_658' title='bbox 2634 4222 2802 4290; x_wconf 91' lang='lat' dir='ltr'><strong>domi,</strong></span> <span class='ocrx_word' id='word_1_659' title='bbox 2829 4239 2928 4294; x_wconf 87' lang='lat' dir='ltr'><strong>pro</strong></span> <span class='ocrx_word' id='word_1_660' title='bbox 2959 4224 3052 4277; x_wconf 90' lang='lat' dir='ltr'><strong>ﬁlii</strong></span> <span class='ocrx_word' id='word_1_661' title='bbox 3084 4226 3257 4279; x_wconf 77' lang='lat' dir='ltr'><strong>salute</strong></span> <span class='ocrx_word' id='word_1_662' title='bbox 3285 4228 3348 4279; x_wconf 88' lang='lat' dir='ltr'><strong>ad</strong></span> <span class='ocrx_word' id='word_1_663' title='bbox 3378 4225 3543 4278; x_wconf 89' lang='lat' dir='ltr'><strong>Deum</strong></span> <span class='ocrx_word' id='word_1_664' title='bbox 3565 4223 3819 4278; x_wconf 82' lang='lat' dir='ltr'><strong>eﬁ‘nnde—</strong></span> 
     </span>
    </p>
   </div>
   <div class='ocr_carea' id='block_1_88' title="bbox 560 4313 2133 4393">
    <p class='ocr_par' dir='ltr' id='par_1_88' title="bbox 560 4313 2133 4393">
     <span class='ocr_line' id='line_1_88' title="bbox 560 4313 2133 4393; baseline -0.009 -16"><span class='ocrx_word' id='word_1_665' title='bbox 560 4325 851 4393; x_wconf 87' lang='lat' dir='ltr'><strong>gistrorum</strong></span> <span class='ocrx_word' id='word_1_666' title='bbox 891 4317 1147 4372; x_wconf 81' lang='lat' dir='ltr'><strong>subsellia</strong></span> <span class='ocrx_word' id='word_1_667' title='bbox 1180 4316 1586 4384; x_wconf 80' lang='lat' dir='ltr'><strong>frequentantes</strong></span> <span class='ocrx_word' id='word_1_668' title='bbox 1617 4328 1825 4368; x_wconf 89' lang='lat' dir='ltr'><strong>morum</strong></span> <span class='ocrx_word' id='word_1_669' title='bbox 1872 4313 2133 4366; x_wconf 65' lang='lat' dir='ltr'><strong>mode-sua</strong></span> 
     </span>
    </p>
   </div>
   <div class='ocr_carea' id='block_1_89' title="bbox 565 4404 2137 4481">
    <p class='ocr_par' dir='ltr' id='par_1_89' title="bbox 565 4404 2137 4481">
     <span class='ocr_line' id='line_1_89' title="bbox 565 4404 2137 4481; baseline -0.008 -11"><span class='ocrx_word' id='word_1_670' title='bbox 565 4427 617 4470; x_wconf 90' lang='lat' dir='ltr'><strong>et</strong></span> <span class='ocrx_word' id='word_1_671' title='bbox 639 4414 938 4468; x_wconf 86' lang='lat' dir='ltr'><strong>studiorum</strong></span> <span class='ocrx_word' id='word_1_672' title='bbox 962 4411 1192 4481; x_wconf 86' lang='lat' dir='ltr'><strong>quodam</strong></span> <span class='ocrx_word' id='word_1_673' title='bbox 1218 4409 1415 4464; x_wconf 87' lang='lat' dir='ltr'><strong>ordine</strong></span> <span class='ocrx_word' id='word_1_674' title='bbox 1439 4408 1599 4477; x_wconf 86' lang='lat' dir='ltr'><strong>longe</strong></span> <span class='ocrx_word' id='word_1_675' title='bbox 1619 4422 1648 4461; x_wconf 89' lang='lat' dir='ltr'><strong>a</strong></span> <span class='ocrx_word' id='word_1_676' title='bbox 1666 4406 1876 4461; x_wconf 70' lang='lat' dir='ltr'><strong>ferocia</strong></span> <span class='ocrx_word' id='word_1_677' title='bbox 1909 4404 2137 4459; x_wconf 64' lang='lat' dir='ltr'><strong>Cartha-</strong></span> 
     </span>
    </p>
   </div>
   <div class='ocr_carea' id='block_1_90' title="bbox 563 4498 2137 4577">
    <p class='ocr_par' dir='ltr' id='par_1_90' title="bbox 563 4498 2137 4577">
     <span class='ocr_line' id='line_1_90' title="bbox 563 4498 2137 4577; baseline -0.008 -15"><span class='ocrx_word' id='word_1_678' title='bbox 563 4507 863 4577; x_wconf 88' lang='lat' dir='ltr'><strong>ginensium</strong></span> <span class='ocrx_word' id='word_1_679' title='bbox 893 4504 1273 4565; x_wconf 85' lang='lat' dir='ltr'><strong>abhorrerent,</strong></span> <span class='ocrx_word' id='word_1_680' title='bbox 1307 4501 1691 4564; x_wconf 87' lang='lat' dir='ltr'><strong>ostentatione,</strong></span> <span class='ocrx_word' id='word_1_681' title='bbox 1728 4508 1784 4552; x_wconf 91' lang='lat' dir='ltr'><strong>ut</strong></span> <span class='ocrx_word' id='word_1_682' title='bbox 1822 4514 2003 4551; x_wconf 79' lang='lat' dir='ltr'><strong>secum</strong></span> <span class='ocrx_word' id='word_1_683' title='bbox 2036 4498 2137 4551; x_wconf 89' lang='lat' dir='ltr'><strong>iter</strong></span> 
     </span>
    </p>
   </div>
   <div class='ocr_carea' id='block_1_91' title="bbox 564 4588 2139 4664">
    <p class='ocr_par' dir='ltr' id='par_1_91' title="bbox 564 4588 2139 4664">
     <span class='ocr_line' id='line_1_91' title="bbox 564 4588 2139 4664; baseline -0.008 -11"><span class='ocrx_word' id='word_1_684' title='bbox 564 4601 769 4653; x_wconf 82' lang='lat' dir='ltr'><strong>faceret</strong></span> <span class='ocrx_word' id='word_1_685' title='bbox 809 4594 1218 4664; x_wconf 68' lang='lat' dir='ltr'><strong>persuadet-ent.</strong></span> <span class='ocrx_word' id='word_1_686' title='bbox 1257 4591 1350 4644; x_wconf 77' lang='lat' dir='ltr'><strong>Vix</strong></span> <span class='ocrx_word' id='word_1_687' title='bbox 1385 4600 1564 4644; x_wconf 87' lang='lat' dir='ltr'><strong>autem</strong></span> <span class='ocrx_word' id='word_1_688' title='bbox 1596 4605 1626 4645; x_wconf 89' lang='lat' dir='ltr'><strong>e</strong></span> <span class='ocrx_word' id='word_1_689' title='bbox 1666 4590 1849 4643; x_wconf 87' lang='lat' dir='ltr'><strong>matris</strong></span> <span class='ocrx_word' id='word_1_690' title='bbox 1876 4588 2139 4657; x_wconf 71' lang='lat' dir='ltr'><strong>amplexi-</strong></span> 
     </span>
    </p>
   </div>
   <div class='ocr_carea' id='block_1_92' title="bbox 563 4680 2137 4754">
    <p class='ocr_par' dir='ltr' id='par_1_92' title="bbox 563 4680 2137 4754">
     <span class='ocr_line' id='line_1_92' title="bbox 563 4680 2137 4754; baseline -0.006 -11"><span class='ocrx_word' id='word_1_691' title='bbox 563 4692 666 4744; x_wconf 88' lang='lat' dir='ltr'><strong>bus</strong></span> <span class='ocrx_word' id='word_1_692' title='bbox 698 4698 812 4741; x_wconf 88' lang='lat' dir='ltr'><strong>arte</strong></span> <span class='ocrx_word' id='word_1_693' title='bbox 862 4686 1093 4754; x_wconf 85' lang='lat' dir='ltr'><strong>quadam</strong></span> <span class='ocrx_word' id='word_1_694' title='bbox 1142 4699 1201 4737; x_wconf 89' lang='lat' dir='ltr'><strong>se</strong></span> <span class='ocrx_word' id='word_1_695' title='bbox 1238 4682 1483 4742; x_wconf 73' lang='lat' dir='ltr'><strong>extorsit.</strong></span> <span class='ocrx_word' id='word_1_696' title='bbox 1516 4690 1571 4736; x_wconf 89' lang='lat' dir='ltr'><strong>et</strong></span> <span class='ocrx_word' id='word_1_697' title='bbox 1613 4696 1734 4735; x_wconf 91' lang='lat' dir='ltr'><strong>eum</strong></span> <span class='ocrx_word' id='word_1_698' title='bbox 1789 4681 2002 4734; x_wconf 69' lang='lat' dir='ltr'><strong>tandem</strong></span> <span class='ocrx_word' id='word_1_699' title='bbox 2034 4680 2137 4733; x_wconf 79' lang='lat' dir='ltr'><strong>Ro-</strong></span> 
     </span>
    </p>
   </div>
   <div class='ocr_carea' id='block_1_93' title="bbox 570 4772 2140 4848">
    <p class='ocr_par' dir='ltr' id='par_1_93' title="bbox 570 4772 2140 4848">
     <span class='ocr_line' id='line_1_93' title="bbox 570 4772 2140 4848; baseline -0.009 -13"><span class='ocrx_word' id='word_1_700' title='bbox 570 4796 710 4836; x_wconf 89' lang='lat' dir='ltr'><strong>mam</strong></span> <span class='ocrx_word' id='word_1_701' title='bbox 754 4777 1075 4848; x_wconf 52' lang='lat' dir='ltr'><strong>appulisset,</strong></span> <span class='ocrx_word' id='word_1_702' title='bbox 1116 4774 1262 4843; x_wconf 83' lang='lat' dir='ltr'><strong>gravi</strong></span> <span class='ocrx_word' id='word_1_703' title='bbox 1314 4774 1523 4837; x_wconf 89' lang='lat' dir='ltr'><strong>morbo,</strong></span> <span class='ocrx_word' id='word_1_704' title='bbox 1576 4774 1666 4841; x_wconf 88' lang='lat' dir='ltr'><strong>qui</strong></span> <span class='ocrx_word' id='word_1_705' title='bbox 1718 4772 1875 4825; x_wconf 92' lang='lat' dir='ltr'><strong>morti</strong></span> <span class='ocrx_word' id='word_1_706' title='bbox 1923 4772 2140 4839; x_wconf 62' lang='lat' dir='ltr'><strong>projiin-</strong></span> 
     </span>
    </p>
   </div>
   <div class='ocr_carea' id='block_1_94' title="bbox 573 4863 2140 4942">
    <p class='ocr_par' dir='ltr' id='par_1_94' title="bbox 573 4863 2140 4942">
     <span class='ocr_line' id='line_1_94' title="bbox 573 4863 2140 4942; baseline -0.004 -19"><span class='ocrx_word' id='word_1_707' title='bbox 573 4889 734 4942; x_wconf 80' lang='lat' dir='ltr'><strong>quum</strong></span> <span class='ocrx_word' id='word_1_708' title='bbox 758 4870 904 4933; x_wconf 77' lang='lat' dir='ltr'><strong>fecit,</strong></span> <span class='ocrx_word' id='word_1_709' title='bbox 936 4868 1242 4935; x_wconf 87' lang='lat' dir='ltr'><strong>implicatus</strong></span> <span class='ocrx_word' id='word_1_710' title='bbox 1262 4876 1363 4925; x_wconf 84' lang='lat' dir='ltr'><strong>est,</strong></span> <span class='ocrx_word' id='word_1_711' title='bbox 1389 4880 1454 4918; x_wconf 84' lang='lat' dir='ltr'><strong>ex</strong></span> <span class='ocrx_word' id='word_1_712' title='bbox 1475 4879 1582 4933; x_wconf 91' lang='lat' dir='ltr'><strong>quo</strong></span> <span class='ocrx_word' id='word_1_713' title='bbox 1598 4864 1756 4916; x_wconf 85' lang='lat' dir='ltr'><strong>simul</strong></span> <span class='ocrx_word' id='word_1_714' title='bbox 1782 4878 1843 4916; x_wconf 89' lang='lat' dir='ltr'><strong>ac</strong></span> <span class='ocrx_word' id='word_1_715' title='bbox 1869 4863 2140 4931; x_wconf 61' lang='lat' dir='ltr'><strong>paulisper</strong></span> 
     </span>
    </p>
   </div>
   <div class='ocr_carea' id='block_1_95' title="bbox 576 4955 2137 5027">
    <p class='ocr_par' dir='ltr' id='par_1_95' title="bbox 576 4955 2137 5027">
     <span class='ocr_line' id='line_1_95' title="bbox 576 4955 2137 5027; baseline -0.008 -8"><span class='ocrx_word' id='word_1_716' title='bbox 576 4963 955 5023; x_wconf 70' lang='lat' dir='ltr'><strong>tonvaluissct,</strong></span> <span class='ocrx_word' id='word_1_717' title='bbox 989 4960 1209 5013; x_wconf 89' lang='lat' dir='ltr'><strong>scholas</strong></span> <span class='ocrx_word' id='word_1_718' title='bbox 1232 4958 1404 5027; x_wconf 88' lang='lat' dir='ltr'><strong>aperit</strong></span> <span class='ocrx_word' id='word_1_719' title='bbox 1430 4968 1482 5011; x_wconf 89' lang='lat' dir='ltr'><strong>et</strong></span> <span class='ocrx_word' id='word_1_720' title='bbox 1511 4956 1809 5024; x_wconf 88' lang='lat' dir='ltr'><strong>discipulos</strong></span> <span class='ocrx_word' id='word_1_721' title='bbox 1841 4956 1997 5022; x_wconf 75' lang='lat' dir='ltr'><strong>iunge</strong></span> <span class='ocrx_word' id='word_1_722' title='bbox 2018 4955 2137 5022; x_wconf 83' lang='lat' dir='ltr'><strong>qni-</strong></span> 
     </span>
    </p>
   </div>
   <div class='ocr_carea' id='block_1_96' title="bbox 567 5038 2175 5121">
    <p class='ocr_par' dir='ltr' id='par_1_96' title="bbox 567 5038 2175 5121">
     <span class='ocr_line' id='line_1_96' title="bbox 567 5038 2175 5121; baseline -0.007 -9"><span class='ocrx_word' id='word_1_723' title='bbox 567 5057 691 5113; x_wconf 86' lang='lat' dir='ltr'><strong>dein</strong></span> <span class='ocrx_word' id='word_1_724' title='bbox 720 5070 748 5108; x_wconf 91' lang='lat' dir='ltr'><strong>a</strong></span> <span class='ocrx_word' id='word_1_725' title='bbox 781 5052 1285 5121; x_wconf 75' lang='lat' dir='ltr'><strong>Carthaginiensium</strong></span> <span class='ocrx_word' id='word_1_726' title='bbox 1318 5047 1534 5103; x_wconf 89' lang='lat' dir='ltr'><strong>licentia</strong></span> <span class='ocrx_word' id='word_1_727' title='bbox 1567 5048 1771 5102; x_wconf 90' lang='lat' dir='ltr'><strong>alienos</strong></span> <span class='ocrx_word' id='word_1_728' title='bbox 1806 5048 2011 5109; x_wconf 89' lang='lat' dir='ltr'><strong>sensit;</strong></span> <span class='ocrx_word' id='word_1_729' title='bbox 2045 5047 2137 5101; x_wconf 83' lang='lat' dir='ltr'><strong>sed</strong></span> <span class='ocrx_word' id='word_1_730' title='bbox 2170 5038 2175 5043; x_wconf 27' lang='grc' dir='ltr'>θ</span> 
     </span>
    </p>
   </div>
   <div class='ocr_carea' id='block_1_97' title="bbox 568 5140 2138 5220">
    <p class='ocr_par' dir='ltr' id='par_1_97' title="bbox 568 5140 2138 5220">
     <span class='ocr_line' id='line_1_97' title="bbox 568 5140 2138 5220; baseline -0.008 -17"><span class='ocrx_word' id='word_1_731' title='bbox 568 5147 713 5220; x_wconf 88' lang='lat' dir='ltr'><strong>quod</strong></span> <span class='ocrx_word' id='word_1_732' title='bbox 743 5144 905 5200; x_wconf 90' lang='lat' dir='ltr'><strong>iidem</strong></span> <span class='ocrx_word' id='word_1_733' title='bbox 940 5143 1173 5212; x_wconf 88' lang='lat' dir='ltr'><strong>pessime</strong></span> <span class='ocrx_word' id='word_1_734' title='bbox 1200 5142 1451 5196; x_wconf 88' lang='lat' dir='ltr'><strong>audirent</strong></span> <span class='ocrx_word' id='word_1_735' title='bbox 1489 5140 1559 5194; x_wconf 92' lang='lat' dir='ltr'><strong>ob</strong></span> <span class='ocrx_word' id='word_1_736' title='bbox 1586 5140 1994 5207; x_wconf 82' lang='lat' dir='ltr'><strong>turpitudinem,</strong></span> <span class='ocrx_word' id='word_1_737' title='bbox 2036 5153 2138 5206; x_wconf 89' lang='lat' dir='ltr'><strong>qua</strong></span> 
     </span>
    </p>
   </div>
   <div class='ocr_carea' id='block_1_98' title="bbox 570 5228 2138 5301">
    <p class='ocr_par' dir='ltr' id='par_1_98' title="bbox 570 5228 2138 5301">
     <span class='ocr_line' id='line_1_98' title="bbox 570 5228 2138 5301; baseline -0.006 -9"><span class='ocrx_word' id='word_1_738' title='bbox 570 5240 624 5293; x_wconf 89' lang='lat' dir='ltr'><strong>in</strong></span> <span class='ocrx_word' id='word_1_739' title='bbox 655 5235 895 5291; x_wconf 84' lang='lat' dir='ltr'><strong>fraudem</strong></span> <span class='ocrx_word' id='word_1_740' title='bbox 929 5232 1191 5301; x_wconf 83' lang='lat' dir='ltr'><strong>magistri,</strong></span> <span class='ocrx_word' id='word_1_741' title='bbox 1222 5232 1306 5285; x_wconf 90' lang='lat' dir='ltr'><strong>cui</strong></span> <span class='ocrx_word' id='word_1_742' title='bbox 1337 5231 1639 5285; x_wconf 87' lang='lat' dir='ltr'><strong>mercedem</strong></span> <span class='ocrx_word' id='word_1_743' title='bbox 1671 5230 1952 5295; x_wconf 87' lang='lat' dir='ltr'><strong>deberent,</strong></span> <span class='ocrx_word' id='word_1_744' title='bbox 1985 5228 2138 5299; x_wconf 88' lang='lat' dir='ltr'><strong>quasi</strong></span> 
     </span>
    </p>
   </div>
   <div class='ocr_carea' id='block_1_99' title="bbox 570 5318 2135 5397">
    <p class='ocr_par' dir='ltr' id='par_1_99' title="bbox 570 5318 2135 5397">
     <span class='ocr_line' id='line_1_99' title="bbox 570 5318 2135 5397; baseline -0.006 -12"><span class='ocrx_word' id='word_1_745' title='bbox 570 5328 971 5397; x_wconf 85' lang='lat' dir='ltr'><strong>conspirarent,</strong></span> <span class='ocrx_word' id='word_1_746' title='bbox 1010 5338 1262 5391; x_wconf 89' lang='lat' dir='ltr'><strong>eumque,</strong></span> <span class='ocrx_word' id='word_1_747' title='bbox 1325 5322 1411 5376; x_wconf 89' lang='lat' dir='ltr'><strong>ubi</strong></span> <span class='ocrx_word' id='word_1_748' title='bbox 1442 5318 1769 5389; x_wconf 69' lang='lat' dir='ltr'><strong>aliquamdiu</strong></span> <span class='ocrx_word' id='word_1_749' title='bbox 1817 5322 2135 5387; x_wconf 66' lang='lat' dir='ltr'><strong>audi’issent,</strong></span> 
     </span>
    </p>
   </div>
   <div class='ocr_carea' id='block_1_100' title="bbox 566 5410 2136 5480">
    <p class='ocr_par' dir='ltr' id='par_1_100' title="bbox 566 5410 2136 5480">
     <span class='ocr_line' id='line_1_100' title="bbox 566 5410 2136 5480; baseline -0.006 -5"><span class='ocrx_word' id='word_1_750' title='bbox 566 5421 888 5475; x_wconf 79' lang='lat' dir='ltr'><strong>desererent</strong></span> <span class='ocrx_word' id='word_1_751' title='bbox 909 5425 966 5472; x_wconf 87' lang='lat' dir='ltr'><strong>et</strong></span> <span class='ocrx_word' id='word_1_752' title='bbox 1003 5414 1067 5469; x_wconf 84' lang='lat' dir='ltr'><strong>ad</strong></span> <span class='ocrx_word' id='word_1_753' title='bbox 1110 5413 1273 5467; x_wconf 85' lang='lat' dir='ltr'><strong>alium</strong></span> <span class='ocrx_word' id='word_1_754' title='bbox 1310 5410 1636 5468; x_wconf 83' lang='lat' dir='ltr'><strong>transirent;</strong></span> <span class='ocrx_word' id='word_1_755' title='bbox 1673 5416 1727 5463; x_wconf 91' lang='lat' dir='ltr'><strong>et</strong></span> <span class='ocrx_word' id='word_1_756' title='bbox 1753 5411 1869 5466; x_wconf 84' lang='lat' dir='ltr'><strong>haec</strong></span> <span class='ocrx_word' id='word_1_757' title='bbox 1912 5414 2136 5480; x_wconf 87' lang='lat' dir='ltr'><strong>sprevit.</strong></span> 
     </span>
    </p>
   </div>
   <div class='ocr_carea' id='block_1_101' title="bbox 574 5502 2138 5583">
    <p class='ocr_par' dir='ltr' id='par_1_101' title="bbox 574 5502 2138 5583">
     <span class='ocr_line' id='line_1_101' title="bbox 574 5502 2138 5583; baseline -0.006 -14"><span class='ocrx_word' id='word_1_758' title='bbox 574 5512 928 5583; x_wconf 73' lang='lat' dir='ltr'><strong>Posteaquam</strong></span> <span class='ocrx_word' id='word_1_759' title='bbox 962 5506 1124 5579; x_wconf 79' lang='lat' dir='ltr'><strong>igitur</strong></span> <span class='ocrx_word' id='word_1_760' title='bbox 1170 5504 1595 5563; x_wconf 78' lang='lat' dir='ltr'><strong>Mediolancnses</strong></span> <span class='ocrx_word' id='word_1_761' title='bbox 1642 5520 1670 5557; x_wconf 91' lang='lat' dir='ltr'><strong>a</strong></span> <span class='ocrx_word' id='word_1_762' title='bbox 1706 5502 1959 5574; x_wconf 82' lang='lat' dir='ltr'><strong>praefecto</strong></span> <span class='ocrx_word' id='word_1_763' title='bbox 1994 5505 2138 5560; x_wconf 89' lang='lat' dir='ltr'><strong>urbis</strong></span> 
     </span>
    </p>
   </div>
   <div class='ocr_carea' id='block_1_102' title="bbox 2241 4315 3819 4383">
    <p class='ocr_par' dir='ltr' id='par_1_102' title="bbox 2241 4315 3819 4383">
     <span class='ocr_line' id='line_1_102' title="bbox 2241 4315 3819 4383; baseline -0.001 -17"><span class='ocrx_word' id='word_1_764' title='bbox 2241 4322 2346 4377; x_wconf 89' lang='lat' dir='ltr'><strong>ret,</strong></span> <span class='ocrx_word' id='word_1_765' title='bbox 2395 4322 2450 4366; x_wconf 91' lang='lat' dir='ltr'><strong>et</strong></span> <span class='ocrx_word' id='word_1_766' title='bbox 2498 4329 2617 4382; x_wconf 72' lang='lat' dir='ltr'><strong>qua:</strong></span> <span class='ocrx_word' id='word_1_767' title='bbox 2648 4315 3004 4383; x_wconf 82' lang='lat' dir='ltr'><strong>Augustinum</strong></span> <span class='ocrx_word' id='word_1_768' title='bbox 3054 4315 3223 4368; x_wconf 84' lang='lat' dir='ltr'><strong>latere</strong></span> <span class='ocrx_word' id='word_1_769' title='bbox 3276 4315 3496 4369; x_wconf 89' lang='lat' dir='ltr'><strong>minime</strong></span> <span class='ocrx_word' id='word_1_770' title='bbox 3539 4326 3819 4383; x_wconf 89' lang='lat' dir='ltr'><strong>poterant,</strong></span> 
     </span>
    </p>
   </div>
   <div class='ocr_carea' id='block_1_103' title="bbox 2240 4404 3823 4475">
    <p class='ocr_par' dir='ltr' id='par_1_103' title="bbox 2240 4404 3823 4475">
     <span class='ocr_line' id='line_1_103' title="bbox 2240 4404 3823 4475; baseline 0.001 -18"><span class='ocrx_word' id='word_1_771' title='bbox 2240 4404 2406 4458; x_wconf 90' lang='lat' dir='ltr'><strong>immo</strong></span> <span class='ocrx_word' id='word_1_772' title='bbox 2427 4414 2478 4459; x_wconf 91' lang='lat' dir='ltr'><strong>et</strong></span> <span class='ocrx_word' id='word_1_773' title='bbox 2512 4405 2678 4473; x_wconf 64' lang='lat' dir='ltr'><strong>ipsius</strong></span> <span class='ocrx_word' id='word_1_774' title='bbox 2702 4422 2821 4460; x_wconf 91' lang='lat' dir='ltr'><strong>cum</strong></span> <span class='ocrx_word' id='word_1_775' title='bbox 2847 4422 2913 4460; x_wconf 92' lang='lat' dir='ltr'><strong>eo</strong></span> <span class='ocrx_word' id='word_1_776' title='bbox 2940 4406 3372 4461; x_wconf 87' lang='lat' dir='ltr'><strong>conversationis</strong></span> <span class='ocrx_word' id='word_1_777' title='bbox 3404 4415 3611 4475; x_wconf 90' lang='lat' dir='ltr'><strong>partem</strong></span> <span class='ocrx_word' id='word_1_778' title='bbox 3645 4408 3823 4475; x_wconf 83' lang='lat' dir='ltr'><strong>pluri-</strong></span> 
     </span>
    </p>
   </div>
   <div class='ocr_carea' id='block_1_104' title="bbox 2242 4493 3822 4565">
    <p class='ocr_par' dir='ltr' id='par_1_104' title="bbox 2242 4493 3822 4565">
     <span class='ocr_line' id='line_1_104' title="bbox 2242 4493 3822 4565; baseline 0.004 -18"><span class='ocrx_word' id='word_1_779' title='bbox 2242 4508 2385 4547; x_wconf 90' lang='lat' dir='ltr'><strong>mam</strong></span> <span class='ocrx_word' id='word_1_780' title='bbox 2426 4493 2765 4562; x_wconf 84' lang='lat' dir='ltr'><strong>efﬁciebant;</strong></span> <span class='ocrx_word' id='word_1_781' title='bbox 2801 4498 3039 4565; x_wconf 86' lang='lat' dir='ltr'><strong>itemque</strong></span> <span class='ocrx_word' id='word_1_782' title='bbox 3079 4497 3349 4549; x_wconf 78' lang='lat' dir='ltr'><strong>Ambrosii</strong></span> <span class='ocrx_word' id='word_1_783' title='bbox 3390 4498 3591 4550; x_wconf 87' lang='lat' dir='ltr'><strong>monita</strong></span> <span class='ocrx_word' id='word_1_784' title='bbox 3622 4506 3675 4552; x_wconf 93' lang='lat' dir='ltr'><strong>et</strong></span> <span class='ocrx_word' id='word_1_785' title='bbox 3719 4511 3822 4552; x_wconf 87' lang='lat' dir='ltr'><strong>co-</strong></span> 
     </span>
    </p>
   </div>
   <div class='ocr_carea' id='block_1_105' title="bbox 2241 4584 3826 4655">
    <p class='ocr_par' dir='ltr' id='par_1_105' title="bbox 2241 4584 3826 4655">
     <span class='ocr_line' id='line_1_105' title="bbox 2241 4584 3826 4655; baseline 0.002 -18"><span class='ocrx_word' id='word_1_786' title='bbox 2241 4584 2578 4638; x_wconf 87' lang='lat' dir='ltr'><strong>hortationes</strong></span> <span class='ocrx_word' id='word_1_787' title='bbox 2627 4596 2719 4638; x_wconf 90' lang='lat' dir='ltr'><strong>aut</strong></span> <span class='ocrx_word' id='word_1_788' title='bbox 2763 4586 2960 4639; x_wconf 90' lang='lat' dir='ltr'><strong>amicas</strong></span> <span class='ocrx_word' id='word_1_789' title='bbox 2998 4586 3447 4655; x_wconf 87' lang='lat' dir='ltr'><strong>reprehensiones</strong></span> <span class='ocrx_word' id='word_1_790' title='bbox 3480 4605 3491 4637; x_wconf 89' lang='lat'><strong>:</strong></span> <span class='ocrx_word' id='word_1_791' title='bbox 3526 4595 3580 4640; x_wconf 88' lang='lat' dir='ltr'><strong>et</strong></span> <span class='ocrx_word' id='word_1_792' title='bbox 3615 4585 3826 4640; x_wconf 81' lang='lat' dir='ltr'><strong>intelli-</strong></span> 
     </span>
    </p>
   </div>
   <div class='ocr_carea' id='block_1_106' title="bbox 2240 4677 3824 4748">
    <p class='ocr_par' dir='ltr' id='par_1_106' title="bbox 2240 4677 3824 4748">
     <span class='ocr_line' id='line_1_106' title="bbox 2240 4677 3824 4748; baseline 0.001 -17"><span class='ocrx_word' id='word_1_793' title='bbox 2240 4693 2357 4747; x_wconf 83' lang='lat' dir='ltr'><strong>ges,</strong></span> <span class='ocrx_word' id='word_1_794' title='bbox 2399 4692 2599 4748; x_wconf 89' lang='lat' dir='ltr'><strong>paucos</strong></span> <span class='ocrx_word' id='word_1_795' title='bbox 2644 4677 2853 4732; x_wconf 89' lang='lat' dir='ltr'><strong>futuros</strong></span> <span class='ocrx_word' id='word_1_796' title='bbox 2893 4679 3082 4744; x_wconf 83' lang='lat' dir='ltr'><strong>fuisse,</strong></span> <span class='ocrx_word' id='word_1_797' title='bbox 3113 4694 3248 4745; x_wconf 87' lang='lat' dir='ltr'><strong>quos</strong></span> <span class='ocrx_word' id='word_1_798' title='bbox 3296 4689 3458 4732; x_wconf 75' lang='lat' dir='ltr'><strong>tantae.</strong></span> <span class='ocrx_word' id='word_1_799' title='bbox 3500 4677 3663 4731; x_wconf 91' lang='lat' dir='ltr'><strong>animi</strong></span> <span class='ocrx_word' id='word_1_800' title='bbox 3697 4691 3824 4746; x_wconf 88' lang='lat' dir='ltr'><strong>per-</strong></span> 
     </span>
    </p>
   </div>
   <div class='ocr_carea' id='block_1_107' title="bbox 2244 4768 3815 4839">
    <p class='ocr_par' dir='ltr' id='par_1_107' title="bbox 2244 4768 3815 4839">
     <span class='ocr_line' id='line_1_107' title="bbox 2244 4768 3815 4839; baseline 0 -18"><span class='ocrx_word' id='word_1_801' title='bbox 2244 4769 2582 4822; x_wconf 89' lang='lat' dir='ltr'><strong>turbationes</strong></span> <span class='ocrx_word' id='word_1_802' title='bbox 2614 4783 2718 4822; x_wconf 92' lang='lat' dir='ltr'><strong>non</strong></span> <span class='ocrx_word' id='word_1_803' title='bbox 2755 4768 3037 4838; x_wconf 86' lang='lat' dir='ltr'><strong>fregissent</strong></span> <span class='ocrx_word' id='word_1_804' title='bbox 3074 4782 3123 4823; x_wconf 90' lang='lat' dir='ltr'><strong>et</strong></span> <span class='ocrx_word' id='word_1_805' title='bbox 3154 4770 3362 4837; x_wconf 82' lang='lat' dir='ltr'><strong>penitus</strong></span> <span class='ocrx_word' id='word_1_806' title='bbox 3391 4769 3815 4839; x_wconf 87' lang='lat' dir='ltr'><strong>oppressissent.</strong></span> 
     </span>
    </p>
   </div>
   <div class='ocr_carea' id='block_1_108' title="bbox 2243 4858 3824 4930">
    <p class='ocr_par' dir='ltr' id='par_1_108' title="bbox 2243 4858 3824 4930">
     <span class='ocr_line' id='line_1_108' title="bbox 2243 4858 3824 4930; baseline -0.001 -16"><span class='ocrx_word' id='word_1_807' title='bbox 2243 4860 2416 4914; x_wconf 87' lang='lat' dir='ltr'><strong>Aliter</strong></span> <span class='ocrx_word' id='word_1_808' title='bbox 2469 4869 2645 4912; x_wconf 84' lang='lat' dir='ltr'><strong>tamen</strong></span> <span class='ocrx_word' id='word_1_809' title='bbox 2698 4860 2993 4930; x_wconf 75' lang='lat' dir='ltr'><strong>Augustino</strong></span> <span class='ocrx_word' id='word_1_810' title='bbox 3053 4877 3150 4927; x_wconf 91' lang='lat' dir='ltr'><strong>pro</strong></span> <span class='ocrx_word' id='word_1_811' title='bbox 3200 4860 3407 4929; x_wconf 86' lang='lat' dir='ltr'><strong>ingenii</strong></span> <span class='ocrx_word' id='word_1_812' title='bbox 3455 4858 3716 4914; x_wconf 86' lang='lat' dir='ltr'><strong>felicitate</strong></span> <span class='ocrx_word' id='word_1_813' title='bbox 3772 4871 3824 4914; x_wconf 90' lang='lat' dir='ltr'><strong>et</strong></span> 
     </span>
    </p>
   </div>
   <div class='ocr_carea' id='block_1_109' title="bbox 2246 4953 3822 5023">
    <p class='ocr_par' dir='ltr' id='par_1_109' title="bbox 2246 4953 3822 5023">
     <span class='ocr_line' id='line_1_109' title="bbox 2246 4953 3822 5023; baseline 0.001 -18"><span class='ocrx_word' id='word_1_814' title='bbox 2246 4954 2399 5023; x_wconf 86' lang='lat' dir='ltr'><strong>ignea</strong></span> <span class='ocrx_word' id='word_1_815' title='bbox 2439 4955 2839 5023; x_wconf 89' lang='lat' dir='ltr'><strong>imaginationis</strong></span> <span class='ocrx_word' id='word_1_816' title='bbox 2885 4954 2999 5022; x_wconf 83' lang='lat' dir='ltr'><strong>ejus</strong></span> <span class='ocrx_word' id='word_1_817' title='bbox 3037 4964 3224 5009; x_wconf 89' lang='lat' dir='ltr'><strong>natura</strong></span> <span class='ocrx_word' id='word_1_818' title='bbox 3266 4955 3482 5009; x_wconf 86' lang='lat' dir='ltr'><strong>accidit.</strong></span> <span class='ocrx_word' id='word_1_819' title='bbox 3527 4953 3659 5009; x_wconf 87' lang='lat' dir='ltr'><strong>Nam</strong></span> <span class='ocrx_word' id='word_1_820' title='bbox 3700 4972 3822 5011; x_wconf 91' lang='lat' dir='ltr'><strong>cum</strong></span> 
     </span>
    </p>
   </div>
   <div class='ocr_carea' id='block_1_110' title="bbox 2243 5046 3822 5118">
    <p class='ocr_par' dir='ltr' id='par_1_110' title="bbox 2243 5046 3822 5118">
     <span class='ocr_line' id='line_1_110' title="bbox 2243 5046 3822 5118; baseline 0.002 -19"><span class='ocrx_word' id='word_1_821' title='bbox 2243 5048 2359 5115; x_wconf 90' lang='lat' dir='ltr'><strong>ipse</strong></span> <span class='ocrx_word' id='word_1_822' title='bbox 2390 5059 2443 5101; x_wconf 87' lang='lat' dir='ltr'><strong>et</strong></span> <span class='ocrx_word' id='word_1_823' title='bbox 2484 5048 2705 5118; x_wconf 84' lang='lat' dir='ltr'><strong>Alypius</strong></span> <span class='ocrx_word' id='word_1_824' title='bbox 2743 5062 2773 5101; x_wconf 93' lang='lat' dir='ltr'><strong>a</strong></span> <span class='ocrx_word' id='word_1_825' title='bbox 2806 5047 3111 5102; x_wconf 87' lang='lat' dir='ltr'><strong>Pontitiano</strong></span> <span class='ocrx_word' id='word_1_826' title='bbox 3153 5046 3409 5117; x_wconf 85' lang='lat' dir='ltr'><strong>quodam,</strong></span> <span class='ocrx_word' id='word_1_827' title='bbox 3439 5046 3573 5101; x_wconf 87' lang='lat' dir='ltr'><strong>Afro</strong></span> <span class='ocrx_word' id='word_1_828' title='bbox 3598 5061 3822 5117; x_wconf 87' lang='lat' dir='ltr'><strong>genere,</strong></span> 
     </span>
    </p>
   </div>
   <div class='ocr_carea' id='block_1_111' title="bbox 2242 5139 3823 5209">
    <p class='ocr_par' dir='ltr' id='par_1_111' title="bbox 2242 5139 3823 5209">
     <span class='ocr_line' id='line_1_111' title="bbox 2242 5139 3823 5209; baseline -0.001 -14"><span class='ocrx_word' id='word_1_829' title='bbox 2242 5142 2294 5195; x_wconf 90' lang='lat' dir='ltr'><strong>in</strong></span> <span class='ocrx_word' id='word_1_830' title='bbox 2335 5141 2545 5209; x_wconf 87' lang='lat' dir='ltr'><strong>palatio</strong></span> <span class='ocrx_word' id='word_1_831' title='bbox 2586 5141 2940 5196; x_wconf 87' lang='lat' dir='ltr'><strong>Valentiniani</strong></span> <span class='ocrx_word' id='word_1_832' title='bbox 2985 5140 3267 5196; x_wconf 86' lang='lat' dir='ltr'><strong>Mediolani</strong></span> <span class='ocrx_word' id='word_1_833' title='bbox 3324 5142 3612 5207; x_wconf 89' lang='lat' dir='ltr'><strong>militante,</strong></span> <span class='ocrx_word' id='word_1_834' title='bbox 3657 5139 3823 5194; x_wconf 88' lang='lat' dir='ltr'><strong>vitam</strong></span> 
     </span>
    </p>
   </div>
   <div class='ocr_carea' id='block_1_112' title="bbox 2243 5230 3821 5297">
    <p class='ocr_par' dir='ltr' id='par_1_112' title="bbox 2243 5230 3821 5297">
     <span class='ocr_line' id='line_1_112' title="bbox 2243 5230 3821 5297; baseline -0.002 -10"><span class='ocrx_word' id='word_1_835' title='bbox 2243 5232 2301 5287; x_wconf 89' lang='lat' dir='ltr'><strong>S.</strong></span> <span class='ocrx_word' id='word_1_836' title='bbox 2332 5230 2553 5286; x_wconf 83' lang='lat' dir='ltr'><strong>Antonii</strong></span> <span class='ocrx_word' id='word_1_837' title='bbox 2582 5232 2825 5285; x_wconf 80' lang='lat' dir='ltr'><strong>enarrari</strong></span> <span class='ocrx_word' id='word_1_838' title='bbox 2850 5230 3132 5297; x_wconf 87' lang='lat' dir='ltr'><strong>audiisset,</strong></span> <span class='ocrx_word' id='word_1_839' title='bbox 3153 5240 3333 5285; x_wconf 78' lang='lat' dir='ltr'><strong>tantus</strong></span> <span class='ocrx_word' id='word_1_840' title='bbox 3360 5248 3427 5285; x_wconf 82' lang='lat' dir='ltr'><strong>ex</strong></span> <span class='ocrx_word' id='word_1_841' title='bbox 3457 5248 3517 5286; x_wconf 86' lang='lat' dir='ltr'><strong>ea</strong></span> <span class='ocrx_word' id='word_1_842' title='bbox 3544 5230 3821 5284; x_wconf 88' lang='lat' dir='ltr'><strong>auditione</strong></span> 
     </span>
    </p>
   </div>
   <div class='ocr_carea' id='block_1_113' title="bbox 2242 5320 3821 5391">
    <p class='ocr_par' dir='ltr' id='par_1_113' title="bbox 2242 5320 3821 5391">
     <span class='ocr_line' id='line_1_113' title="bbox 2242 5320 3821 5391; baseline -0.002 -14"><span class='ocrx_word' id='word_1_843' title='bbox 2242 5324 2420 5377; x_wconf 91' lang='lat' dir='ltr'><strong>omnia</strong></span> <span class='ocrx_word' id='word_1_844' title='bbox 2459 5326 2654 5377; x_wconf 91' lang='lat' dir='ltr'><strong>mentis</strong></span> <span class='ocrx_word' id='word_1_845' title='bbox 2699 5337 2861 5377; x_wconf 88' lang='lat' dir='ltr'><strong>sensa</strong></span> <span class='ocrx_word' id='word_1_846' title='bbox 2893 5333 2949 5377; x_wconf 86' lang='lat' dir='ltr'><strong>et</strong></span> <span class='ocrx_word' id='word_1_847' title='bbox 2975 5323 3122 5376; x_wconf 90' lang='lat' dir='ltr'><strong>ideas</strong></span> <span class='ocrx_word' id='word_1_848' title='bbox 3154 5321 3429 5391; x_wconf 77' lang='lat' dir='ltr'><strong>siiperavit</strong></span> <span class='ocrx_word' id='word_1_849' title='bbox 3463 5320 3702 5389; x_wconf 90' lang='lat' dir='ltr'><strong>pectoris</strong></span> <span class='ocrx_word' id='word_1_850' title='bbox 3735 5328 3821 5374; x_wconf 85' lang='lat' dir='ltr'><strong>tu-</strong></span> 
     </span>
    </p>
   </div>
   <div class='ocr_carea' id='block_1_114' title="bbox 2245 5414 3826 5479">
    <p class='ocr_par' dir='ltr' id='par_1_114' title="bbox 2245 5414 3826 5479">
     <span class='ocr_line' id='line_1_114' title="bbox 2245 5414 3826 5479; baseline -0.002 -10"><span class='ocrx_word' id='word_1_851' title='bbox 2245 5418 2443 5469; x_wconf 90' lang='lat' dir='ltr'><strong>multus</strong></span> <span class='ocrx_word' id='word_1_852' title='bbox 2476 5426 2531 5469; x_wconf 93' lang='lat' dir='ltr'><strong>et</strong></span> <span class='ocrx_word' id='word_1_853' title='bbox 2570 5424 2872 5470; x_wconf 68' lang='lat' dir='ltr'><strong>estestuans</strong></span> <span class='ocrx_word' id='word_1_854' title='bbox 2915 5416 3162 5479; x_wconf 78' lang='lat' dir='ltr'><strong>affectus,</strong></span> <span class='ocrx_word' id='word_1_855' title='bbox 3197 5427 3253 5468; x_wconf 91' lang='lat' dir='ltr'><strong>ut</strong></span> <span class='ocrx_word' id='word_1_856' title='bbox 3282 5417 3505 5469; x_wconf 81' lang='lat' dir='ltr'><strong>excluso</strong></span> <span class='ocrx_word' id='word_1_857' title='bbox 3551 5414 3699 5467; x_wconf 88' lang='lat' dir='ltr'><strong>omni</strong></span> <span class='ocrx_word' id='word_1_858' title='bbox 3745 5428 3826 5467; x_wconf 87' lang='lat' dir='ltr'><strong>re-</strong></span> 
     </span>
    </p>
   </div>
   <div class='ocr_carea' id='block_1_115' title="bbox 2246 5506 3826 5578">
    <p class='ocr_par' dir='ltr' id='par_1_115' title="bbox 2246 5506 3826 5578">
     <span class='ocr_line' id='line_1_115' title="bbox 2246 5506 3826 5578; baseline -0.004 -15"><span class='ocrx_word' id='word_1_859' title='bbox 2246 5525 2359 5563; x_wconf 83' lang='lat' dir='ltr'><strong>runi</strong></span> <span class='ocrx_word' id='word_1_860' title='bbox 2386 5520 2730 5564; x_wconf 77' lang='lat' dir='ltr'><strong>externarum</strong></span> <span class='ocrx_word' id='word_1_861' title='bbox 2775 5510 3025 5578; x_wconf 76' lang='lat' dir='ltr'><strong>impulsu,</strong></span> <span class='ocrx_word' id='word_1_862' title='bbox 3075 5513 3267 5562; x_wconf 74' lang='lat' dir='ltr'><strong>cmlmn</strong></span> <span class='ocrx_word' id='word_1_863' title='bbox 3316 5507 3464 5560; x_wconf 74' lang='lat' dir='ltr'><strong>\‘r&#39;itll</strong></span> <span class='ocrx_word' id='word_1_864' title='bbox 3502 5506 3826 5575; x_wconf 74' lang='lat' dir='ltr'><strong>cogitatione</strong></span> 
     </span>
    </p>
   </div>
  </div>
