4010 6350
413 213 483 271 τε
1309 195 1587 254 norma
1629 190 2048 251 LITTERARIA
2091 190 2155 245 tv
2198 190 2256 244 s.
2306 152 2773 243 Auct‘srtumt.
3610 174 3687 234 tt

414 333 646 398 peteret,
676 329 727 376 et
760 334 956 375 numen
990 318 1163 387 ipsum
1193 315 1345 385 quasi
1376 311 1714 367 intercedere
1740 308 1864 362 huic
1883 307 1989 360 fre-
2019 308 2064 365 Α
2092 303 2227 359 duos
2260 303 2369 373 jam
2419 303 2700 374 presbyter
2749 300 2987 398 addiditj
3027 301 3199 398 attigit
3229 300 3585 398 quaestionem
3617 305 3682 357 de

416 419 570 475 tuitui
602 421 840 485 cogeret.
882 410 1012 466 Nam
1039 407 1217 463 subito
1244 405 1521 469 divinitus,
1551 410 1610 456 ut
1634 401 1735 473 ipsi
1768 399 1991 455 videba-

417 521 527 575 tur,
559 506 737 562 audita
769 518 923 567 voce,
950 501 1125 555 omnis
1153 499 1242 553 hic
1268 499 1419 552 furor
1449 495 1651 551 resedit
1692 503 1745 549 et
1774 489 1995 547 leniori-

416 604 519 657 bus
562 600 630 657 de
662 599 785 653 vitae
826 597 1036 651 ratione
1088 590 1473 648 conformanda
1509 584 1994 645 deliberationibus

416 697 597 749 locum
625 691 772 747 fecit.

487 789 728 842 Primum
778 784 938 856 igitur
968 782 1188 853 (accidit
1213 794 1340 835 vero
1370 794 1422 833 a.
1454 776 1581 847 586)
1608 775 1857 830 omnibus
1886 782 1995 828 ler-

416 880 680 934 restribus
720 878 866 933 curis
896 875 1200 931 valedicere
1229 872 1453 939 statuit,
1481 869 1677 939 refugit
1714 866 1996 922 consilium

416 970 559 1040 quod
591 969 692 1038 ipsi
723 968 937 1023 sederat
968 966 1342 1031 novissimum,
1374 962 1560 1017 uxoris
1580 959 1859 1026 ducendae,
1884 958 2000 1029 glo-

418 1066 515 1116 ria:
546 1062 673 1117 item
699 1076 763 1115 ex
797 1059 990 1115 litteris
1014 1058 1290 1128 capienda:
1317 1054 1586 1109 fastidium
1616 1052 1801 1120 subiit,
1834 1060 1889 1106 et
1919 1050 2000 1105 in-

417 1155 620 1209 secutis
653 1168 775 1207 mox
803 1149 1215 1206 viudemialibus
1241 1147 1388 1202 feriis
1418 1142 1731 1216 magisterio
1759 1158 1858 1197 suo
1879 1156 2001 1197 sese

417 1245 717 1309 abdicavit;
751 1251 912 1313 atque
940 1241 1019 1296 sic
1039 1238 1370 1311 gravissimis
1392 1236 1633 1292 muneris
1660 1242 1713 1289 et
1735 1232 2001 1303 cupidita-

422 1349 534 1393 tum
566 1336 794 1391 vinculis
836 1335 1140 1402 exsolutus,
1186 1332 1241 1387 in
1282 1346 1376 1386 rus
1421 1328 1639 1400 (villam
1663 1326 2000 1396 Cassiacum)

418 1427 710 1494 concessit,
734 1426 796 1480 et
822 1425 877 1479 in
907 1423 1096 1480 matris
1112 1420 1515 1490 amicorumque
1531 1416 2002 1489 congressionibus

420 1517 488 1572 de
526 1515 915 1587 quaestionibus
971 1512 1195 1569 utilibus
1236 1526 1335 1566 nec
1356 1524 1483 1565 raro
1518 1508 1803 1564 subtilibus
1830 1508 1999 1562 otium

419 1622 664 1667 Sanctum
690 1620 745 1665 et
771 1609 883 1664 Deo
910 1616 1078 1663 totum
1102 1607 1339 1663 dicatum
1362 1606 1555 1676 exegit.
1583 1602 1761 1671 Varia,
1793 1618 1912 1675 quae
1934 1618 1998 1660 ex

2101 396 2269 465 gratia
2300 394 2397 448 Dei
2416 436 2430 459 ,
2453 412 2555 465 qua
2577 411 2697 449 suos
2726 388 3012 447 electos'sic
3040 394 3475 465 prtrdestinauet,
3510 405 3565 452 ut
3598 414 3659 452 eo

2096 500 2232 551 runt,
2255 486 2342 553 qui
2358 487 2473 555 jam
2493 485 2545 538 in
2567 486 2639 539 eis
2669 495 2930 539 uterentur
2959 486 3116 540 libero
3140 486 3375 554 arbitrio,
3399 488 3509 557 ipse
3534 490 3684 544 etiam

2098 588 2351 645 praeparet
2399 578 2717 646 voluntates,
2763 579 3014 649 qumtiam
3057 578 3109 634 id
3152 579 3329 636 solum
3373 583 3686 652 quaestionis

2097 674 2244 737 erat,
2285 669 2417 721 unde
2447 670 2639 723 malum
2671 687 2688 723 :
2725 685 2828 725 non
2862 672 2997 725 unde
3028 672 3269 727 redeatur
3305 674 3374 727 ad
3409 675 3686 745 pristinum

2098 757 2173 813 vel
2202 758 2270 811 ad
2300 762 2464 830 majus
2501 761 2821 829 perveniatur
2851 761 3039 816 bonum
3080 762 3175 834 (ὁ).
3223 763 3292 819 At
3321 780 3467 836 szepe
3495 777 3684 837 postea

2101 863 2128 902 a
2164 848 2467 919 Pelagianis
2496 850 2561 904 ad
2599 850 2697 906 bos
2744 852 2889 922 ipsos
2920 854 3118 925 libros,
3151 858 3304 927 quasi
3340 874 3528 917 eorum
3555 877 3685 918 cau-

2099 957 2212 997 sam
2240 944 2291 997 in
2322 945 2387 999 iis
2408 944 2626 1014 egisset,
2656 957 3007 1016 provocatum
3036 959 3137 1021 est,
3171 967 3271 1009 nec
3293 968 3480 1023 parum
3510 956 3684 1027 ipsum

2100 1036 2387 1092 sollicitum
2420 1039 2607 1093 habuit
2632 1039 2684 1094 in
2718 1039 3175 1100 Retractationum
3213 1047 3382 1118 libris,
3413 1059 3471 1105 ut
3499 1066 3685 1106 eorum

2102 1144 2217 1199 quae
2236 1139 2362 1184 tunc
2383 1129 2729 1200 disputasset,
2753 1147 2874 1187 cum
2896 1137 3197 1193 serioribus
3218 1139 3563 1210 opinionibus
3576 1144 3687 1198 suis

2103 1236 2297 1275 nexum
2343 1230 2399 1277 et
2440 1223 2590 1293 quasi
2622 1226 2995 1295 cognationem
3036 1230 3365 1289 ostenderet.
3400 1233 3569 1291 Roma
3597 1237 3686 1291 di-

2103 1327 2318 1382 gressus
2363 1327 2549 1369 mense
2593 1315 2831 1385 Augusto
2878 1317 2964 1373 vel
3013 1318 3337 1389 Septembre
3376 1326 3503 1382 anui
3560 1329 3684 1384 588.

2106 1406 2338 1462 Africam
2380 1415 2611 1464 exeunte
2640 1408 2820 1466 hieme
2848 1412 3052 1483 appulit
3085 1423 3141 1471 et
3182 1430 3277 1486 per
3303 1416 3687 1491 Carthaginem

2105 1499 2387 1567 Tagastam
2422 1499 2593 1568 petiit,
2626 1501 2712 1556 ubi
2746 1506 2879 1570 ruri,
2912 1504 2963 1559 id
2993 1513 3108 1573 est,
3142 1509 3285 1579 agris
3313 1514 3573 1583 paternis,
3601 1516 3689 1585 qui

2111 1591 2591 1662 haereditariojure
2612 1595 2709 1664 ipsi
2731 1596 3034 1668 obtigerant
3056 1601 3152 1672 (ε),
3173 1603 3356 1660 vivere
3378 1608 3687 1675 constituit;

419 1701 566 1757 illius
595 1716 717 1756 cum
746 1699 935 1755 amicis
965 1698 1250 1769 colloquiis
1288 1712 1384 1768 per
1415 1696 1558 1751 idem
1589 1694 1821 1765 spatium
1845 1703 2000 1750 enata

2112 1700 2167 1740 ac
2215 1686 2472 1754 transegit
2503 1686 2573 1743 ibi
2616 1688 2729 1744 fere
2773 1691 3061 1749 triennium
3104 1698 3291 1765 procul
3335 1698 3402 1755 ab
3440 1702 3693 1758 omnibus

417 1806 471 1849 et
492 1794 561 1848 ab
581 1808 647 1849 eo
671 1792 816 1848 edita
838 1799 966 1846 sunt
991 1790 1272 1861 Opuscula,
1295 1789 1453 1844 facile
1476 1803 1539 1843 ex
1563 1786 1817 1855 temporis
1842 1801 1999 1857 quam

417 1885 628 1955 singula
652 1886 703 1939 in
734 1899 960 1939 recensu
993 1880 1287 1951 praeferunt
1313 1892 1437 1935 nota
1469 1879 1723 1950 cognosci
1754 1887 1999 1950 possunt.

420 1975 499 2031 Ex
527 1978 627 2030 hoc
649 1989 866 2029 recessu
888 1972 1103 2028 tandem
1128 1970 1485 2027 Mediolanum
1510 1970 1687 2038 rediit,
1715 1978 1774 2025 ut
1791 1983 2003 2025 sacrum

418 2068 742 2137 baptismum
768 2083 862 2137 per
889 2065 1232 2121 Ambrosium
1257 2066 1584 2135 susciperet;
1616 2062 1758 2133 quod
1782 2062 2006 2133 contigit

418 2160 471 2214 in
514 2158 795 2214 Paschatis
850 2156 1172 2228 pervigilio,
1215 2165 1375 2211 nOcte
1412 2164 1537 2210 ante
1580 2153 1651 2208 25
1698 2154 1921 2223 aprilem
1952 2167 2002 2207 a.

417 2254 544 2307 587.
579 2251 751 2306 Paulo
777 2258 897 2320 post
923 2249 1023 2320 ipsi
1051 2258 1107 2305 et
1127 2248 1316 2304 amicis
1344 2248 1540 2319 Alypio
1561 2258 1616 2303 et
1646 2249 1870 2316 Evodio,
1898 2248 2005 2303 Τει-

414 2343 651 2413 gastensi
673 2341 887 2407 eodem,
917 2356 1038 2397 cum
1064 2341 1222 2396 simul
1258 2341 1367 2396 Deo
1387 2340 1595 2396 servire
1623 2355 1833 2410 unaque
1855 2339 2008 2395 habi-

419 2446 536 2491 tare
578 2435 1019 2506 proposuissent,
1064 2448 1363 2504 eorumque
1400 2434 1641 2489 omnium
1670 2448 1852 2487 curam
1892 2431 2007 2488 Mo-

418 2529 537 2583 nica
562 2569 578 2594 ,
612 2528 838 2597 perinde
872 2542 937 2583 ac
974 2527 1022 2583 si
1062 2528 1397 2597 singulorum
1438 2541 1637 2598 parens
1682 2525 2004 2591 exstitisset,

415 2616 669 2688 gereret,
704 2618 758 2673 in
785 2618 1018 2674 Africam
1058 2634 1301 2675 remeare
1330 2619 1509 2689 ibique
1540 2620 1715 2674 locum
1745 2620 1866 2673 vita:
1895 2633 2008 2674 sua:

417 2708 666 2763 instituto
693 2720 876 2779 aptum
909 2725 1151 2779 quaerere
1182 2710 1398 2780 placuit.
1430 2709 1564 2765 Cum
1605 2726 1671 2765 eo
1701 2719 1819 2766 erat
1843 2710 2007 2765 Navi-

414 2798 535 2868 gius
566 2798 735 2854 frater
767 2808 824 2855 et
852 2799 1163 2856 Adeodatus
1208 2800 1348 2856 titius
1395 2817 1408 2855 :
1449 2802 1543 2856 sed
1586 2816 1705 2856 cum
1746 2802 1815 2857 ad
1858 2802 2006 2857 Ostia

415 2888 670 2945 Tiberina
700 2893 1077 2962 pervenisset,
1130 2901 1305 2948 mater
1346 2894 1550 2962 optima
1597 2893 1776 2948 subito
1816 2894 2008 2949 morbo

416 2991 667 3051 correpta
724 2982 951 3054 (paucis
994 2994 1055 3039 ut
1098 2983 1432 3039 Benedictini
1480 2992 1773 3055 supputant
1816 2984 2008 3039 diebus

2104 1776 2286 1831 saeculi
2317 1777 2492 1842 curis,
2531 1778 2968 1838 meditationibus
2998 1791 3055 1839 et
3086 1788 3364 1845 exercitiis
3399 1791 3570 1847 sacris
3596 1807 3693 1848 va-

2106 1884 2256 1937 cans,
2282 1885 2343 1925 ac
2370 1869 2501 1925 nihil
2533 1885 2668 1940 pene
2698 1888 2728 1928 a
2758 1876 3023 1931 monacho
3058 1878 3333 1937 dill‘erens.
3369 1882 3696 1956 Assumpse-

2106 1969 2188 2015 rat
2214 1976 2341 2017 vero
2381 1962 2447 2017 ad
2478 1960 2618 2019 idem
2652 1965 2775 2021 vita:
2813 1967 3118 2026 institutum
3145 2012 3158 2037 ,
3191 1973 3331 2041 quod
3367 1975 3541 2045 ipsum
3568 2018 3583 2043 ,
3611 1979 3698 2035 vel

2106 2052 2280 2109 locum
2310 2056 2397 2111 ubi
2424 2057 2713 2130 degebant,
2750 2064 3113 2117 monasterium
3142 2066 3375 2136 appellat
3406 2067 3484 2139 (ά)
3506 2110 3521 2135 ,
3564 2071 3698 2126 ami-

2106 2160 2199 2201 eos
2227 2148 2526 2217 quosdam,
2570 2167 2796 2222 quorum
2841 2170 3118 2211 numerum
3159 2160 3342 2228 augeri
3383 2158 3527 2215 haud
3556 2175 3700 2232 aegre

2108 2240 2429 2309 patiebatur.
2460 2243 2678 2300 Interim
2702 2255 2756 2301 et
2782 2249 3099 2317 scriptorum
3131 2263 3377 2321 suorum,
3408 2269 3527 2322 qua:
3549 2254 3700 2311 iden-

2111 2330 2276 2388 tidem
2321 2344 2401 2389 sat
2445 2337 2735 2406 grandibus
2772 2340 3139 2397 voluminibus
3195 2344 3403 2411 emisit,
3443 2355 3497 2401 et
3539 2346 3701 2418 hujus

2109 2426 2366 2496 speciosae
2394 2430 2517 2484 vita:
2546 2430 2683 2486 fama
2715 2446 3099 2504 usquequaque
3126 2434 3261 2491 adeo
3295 2436 3699 2506 percrebuerat,

2110 2528 2167 2573 ut
2193 2528 2249 2575 et
2274 2535 2521 2577 secessus
2544 2524 2662 2593 ejus
2687 2535 2987 2596 resonaret,
3020 2539 3072 2583 et
3106 2530 3218 2598 ipse
3239 2545 3301 2586 ea
3335 2531 3472 2598 loca,
3505 2534 3702 2603 quibus

2109 2612 2396 2684 episcopus
2439 2615 2687 2685 deesset,
2723 2620 2980 2675 accedere
3010 2632 3258 2690 caveret,
3294 2633 3563 2691 metuens,
3611 2642 3700 2693 ne,

2111 2704 2154 2758 si
2178 2705 2266 2775 qui
2289 2717 2664 2777 agnoscerent,
2684 2711 2882 2766 invitus
2899 2713 2965 2768 ad
2984 2714 3085 2783 cpi
3102 2726 3355 2783 copatum
3377 2718 3698 2774 traheretur.

2111 2796 2290 2852 Tanto
2337 2800 2508 2868 magis
2562 2800 2915 2867 improvisum
2948 2796 3013 2857 'ei
3063 2806 3299 2872 accidit,
3351 2810 3517 2877 quod,
3575 2825 3696 2865 cum

2110 2890 2271 2945 amici
2310 2891 2586 2961 cujusdam
2625 2895 2792 2964 gratia
2818 2936 2831 2961 ,
2873 2912 3030 2965 quem
3063 2898 3171 2953 Deo
3211 2913 3269 2955 se
3312 2901 3382 2955 lut
3401 2902 3507 2957 rari
3539 2918 3700 2973 posse

2111 2982 2371 3051 putabat,
2421 2994 2480 3040 ut
2517 3000 2703 3042 secum
2736 2989 2787 3042 in
2834 2992 3161 3046 monasterio
3190 3006 3329 3049 esset
3360 3035 3374 3060 ,
3406 2997 3508 3052 sub
3539 2997 3700 3054 tinem

416 3083 541 3128 ante
573 3073 694 3129 idus
724 3073 1054 3132 Novembres
1096 3090 1146 3131 a.
1178 3076 1304 3146 587)
1345 3075 1597 3132 decessit.
1645 3076 1893 3133 Dolorem
1935 3092 1998 3133 ex
2030 3064 2074 3126 C
2105 3073 2229 3126 anni
2259 3073 2354 3128 591
2412 3074 2727 3149 Ιιίρροηθιη
2768 3079 2988 3158 llegiun}
3018 3126 3031 3149 ,
3066 3096 3309 3153 securus,
3339 3087 3465 3156 quia
3496 3092 3703 3159 episco-

418 3167 534 3236 ejus
563 3167 711 3223 obitu
743 3168 845 3223 sibi
876 3168 1138 3225 inflictuin
1164 3169 1462 3226 verissimis
1494 3169 1672 3226 verbis
1715 3170 2006 3241 expressit,

418 3257 543 3313 dum
576 3261 722 3329 quasi
749 3260 1057 3317 dilaniatum
1078 3263 1175 3317 sibi
1198 3264 1355 3318 vitam
1374 3302 1390 3331 ,
1423 3279 1540 3334 qua:
1567 3279 1672 3318 una
1694 3266 1832 3334 [acta
1853 3267 2011 3335 fuerit

420 3365 595 3403 exsua
616 3360 662 3405 et
693 3352 837 3405 illius
875 3351 1083 3409 diceret
1113 3352 1210 3426 (a).
1255 3355 1375 3409 Jam
1424 3368 1555 3409 vero
1590 3355 1690 3409 hac
1726 3363 1831 3410 tam
1865 3354 2009 3412 dulci

421 3440 628 3496 itineris
653 3445 851 3500 comite
879 3432 1100 3501 orbatus
1122 3487 1137 3512 ,
1168 3446 1333 3501 dilato
1367 3446 1433 3501 ad
1460 3455 1671 3517 tempus
1698 3447 1751 3502 in
1773 3445 2009 3502 Africam

382 3522 393 3527 ’
422 3532 618 3602 reditu,
651 3533 873 3589 Romam
909 3536 1215 3591 divertitur.
1249 3536 1354 3593 Ubi
1394 3551 1514 3593 cum
1546 3546 1705 3593 antea
1734 3553 1858 3593 cum
1896 3540 2009 3595 Ma-

421 3622 644 3678 nichaeis
710 3624 1135 3682 familiarissime
1193 3622 1455 3693 vixisset,
1519 3628 1787 3698 iidemque
1847 3629 2013 3683 inter-

421 3725 635 3783 ceptam
661 3716 902 3773 discessu
929 3718 1044 3787 ejus
1074 3720 1520 3777 consuetudinem
1561 3735 1818 3776 revocare
1846 3736 2008 3791 cupe-

424 3819 563 3877 rent,
594 3812 686 3867 ille
711 3826 842 3867 vero
867 3812 1137 3884 refugeret
1165 3814 1336 3884 iisque
1359 3828 1577 3870 errores
1598 3823 1806 3869 sunset
1835 3814 2012 3883 pravi-

428 3911 594 3958 tatem
621 3904 747 3959 vitae
772 3905 917 3959 serio
955 3906 1349 3975 exprobraret,
1397 3916 1519 3975 post
1545 3906 1725 3960 varias
1764 3904 1833 3959 ab
1863 3905 2014 3959 initio

424 3994 786 4059 velitationes,
818 3995 1038 4051 tandem
1080 3996 1134 4051 in
1165 4006 1409 4067 apertum
1453 3998 1585 4052 illud
1624 3997 1886 4052 adversus
1920 4011 2015 4051 eos

425 4096 649 4143 cunctos
688 4103 751 4143 ac
787 4088 1031 4158 singulos
1075 4088 1271 4144 bellum
1300 4088 1567 4159 prorupit,
1596 4088 1739 4159 quod
1765 4088 1881 4143 sine
1907 4088 2013 4141 ulla

427 4178 620 4232 virium
664 4189 718 4234 et
757 4179 921 4234 animi
958 4179 1296 4235 relaxatione
1334 4179 1400 4234 ad
1430 4179 1632 4233 obitum
1672 4192 1841 4249 usque
1864 4193 2017 4233 acer-

427 4271 563 4327 rime
587 4286 722 4327 voce
752 4281 805 4327 et
832 4272 1049 4342 scriptis
1075 4274 1262 4343 gessit.
1305 4272 1532 4342 Scripsit
1572 4273 1752 4343 itaque
1775 4316 1790 4340 ,
1832 4270 2017 4326 Romae

427 4365 771 4431 constitutus,
800 4365 918 4421 sine
942 4365 1346 4437 intercapedine
1371 4366 1566 4428 libros.
1606 4380 1833 4435 quorum
1876 4365 2015 4420 fama

2116 3179 2238 3233 pum
2268 3166 2416 3221 locus
2445 3166 2687 3236 haberet,
2713 3170 2955 3237 adiisset,
2991 3173 3169 3245 ibique
3198 3175 3393 3232 Valerii
3418 3178 3706 3239 interesset

2114 3256 2485 3325 concionibus,
2518 3260 2699 3315 subito
2730 3261 2795 3315 ad
2829 3262 3089 3318 tno:.itum
3132 3265 3274 3321 illius
3301 3266 3369 3323 de
3415 3268 3704 3328 ordinandi

2115 3347 2415 3419 presbyteri
2449 3353 2802 3419 necessitate,
2838 3370 3030 3425 magno
3077 3370 3199 3412 cum
3234 3359 3463 3415 tumultu
3501 3370 3555 3418 et
3594 3362 3705 3418 cla-

2116 3456 2267 3496 more
2298 3444 2538 3497 omnium
2579 3454 2859 3514 raperetur
2886 3456 2936 3501 ct
2968 3451 3317 3516 quantumvis
3353 3464 3703 3523 repugnaret,

2114 3543 2392 3588 crearetur
2420 3535 2718 3605 presbyter.
2756 3536 2959 3591 Ferunt
2989 3549 3113 3595 tunc
3142 3540 3445 3612 quosdam,
3478 3558 3599 3600 cum
3630 3545 3707 3600 la-

2114 3640 2330 3695 crymns
2355 3643 2476 3682 eum
2503 3629 2781 3685 effundere
2811 3632 3092 3701 vidissent,
3119 3639 3441 3706 suspicatus,
3472 3653 3562 3695 eas
3594 3654 3708 3709 pa:-

2116 3718 2356 3773 nitentiae
2381 3719 2598 3785 deberi,
2626 3721 2767 3791 quod
2797 3739 2903 3779 non
2932 3726 3189 3785 continuo
3216 3729 3510 3799 episcopus
3539 3732 3709 3788 factus

2115 3820 2278 3877 esset,
2311 3810 2583 3867 studuisse
2613 3814 2880 3871 consolari
2913 3819 3274 3888 suggerendo,
3308 3821 3705 3893 presbyterium

2115 3901 2329 3969 quidem
2364 3902 2500 3956 infra
2537 3902 2853 3974 dignitatem
2897 3906 3014 3976 ejus
3045 3923 3170 3965 esse
3192 3949 3207 3975 ,
3255 3912 3500 3978 proxime
3527 3922 3709 3970 tamen

2116 3992 2183 4047 ad
2209 3994 2577 4064 episcopatum
2610 3998 2891 4053 accedere.
2927 4004 2996 4054 At
3018 4000 3121 4057 alia
3150 4012 3207 4058 et
3229 4004 3442 4074 dignior
3464 4006 3562 4077 ipsi
3594 4018 3712 4064 erat

2118 4085 2475 4157 Iacrymarum
2507 4102 2667 4142 causa
2688 4131 2703 4156 ,
2729 4098 2786 4144 ut
2811 4107 2916 4146 non
2941 4094 3106 4149 semel
3130 4095 3182 4150 in
3205 4098 3425 4168 scriptis
3446 4103 3563 4157 suis
3586 4118 3714 4174 pro-

2120 4174 2295 4230 fessus
2338 4186 2440 4231 est.
2488 4176 2698 4249 Quippe
2740 4180 2896 4252 longe
2935 4186 3217 4254 augustior
3255 4199 3307 4243 et
3353 4192 3569 4261 gravior
3610 4195 3711 4264 ipsi

2118 4284 2276 4338 quam
2306 4270 2463 4339 vulgo
2502 4271 2775 4342 plerisque
2817 4289 2937 4329 eam
2966 4277 3330 4337 ambientibus
3372 4286 3549 4340 omnis
3593 4285 3711 4345 htec

2121 4377 2398 4417 sacrorum
2430 4363 2731 4421 ofﬁciorum
2763 4370 3033 4437 provincia
3072 4371 3384 4442 videbatur,
3417 4386 3473 4433 et
3505 4391 3712 4437 metue-

427 4471 552 4513 mox
570 4473 787 4514 omnem
811 4458 1045 4514 Africam
1067 4468 1149 4515 est
1170 4470 1479 4530 pervagata,
1501 4462 1563 4513 de
1584 4458 1816 4512 Moribus
1839 4456 2020 4511 Eccte-
2051 4438 2098 4497 Ι)
2124 4454 2233 4519 bat,
2263 4468 2329 4509 ne
2356 4462 2562 4509 tantum
2592 4471 2696 4511 non
2736 4459 2787 4513 in
2820 4473 2878 4515 se
2904 4460 3141 4529 praesidii
3175 4438 3421 4536 haberet,
3454 4483 3617 4540 quam
3644 4472 3710 4526 ad

427 4552 518 4606 site
546 4553 812 4608 catholica:
836 4562 891 4609 et
918 4555 981 4609 de
1011 4553 1241 4608 Moribus
1278 4552 1682 4608 Manichworum
1700 4596 1714 4623 ,
1742 4556 1792 4608 in
1820 4552 2018 4622 quibus

360 4653 366 4656 '
425 4642 735 4714 jactantiam
763 4661 948 4702 eorum
988 4646 1055 4702 de
1085 4646 1215 4701 falsa
1254 4655 1308 4701 et
1346 4646 1522 4702 fallaci
1555 4662 1648 4702 sua
1689 4647 2018 4702 continentia

429 4739 728 4807 reprimere
770 4740 1010 4806 studuit;
1051 4740 1356 4811 ibidemque
1383 4755 1518 4811 opus
1547 4742 1615 4797 de
1663 4740 1844 4796 Libero
1885 4742 2022 4796 arbi-

430 4831 529 4882 trio
573 4840 761 4886 contra
808 4831 1198 4902 disputationes
1244 4848 1430 4890 eorum
1488 4834 1556 4889 de
1608 4836 1820 4905 origine
1873 4834 2016 4896 mali.

431 4921 570 4990 quod
597 4922 672 4977 illi
701 4923 769 4978 ab
799 4923 1115 4980 immutabili
1142 4924 1369 4995 quadam
1398 4935 1452 4981 et
1492 4927 1601 4982 Deo
1628 4934 1895 4982 comterna
1930 4941 2023 4980 na-

433 5020 545 5066 tura
572 5012 947 5083 deducebant,
992 5017 1105 5087 ipse
1139 5034 1208 5073 ex
1245 5017 1412 5072 libero
1462 5018 1754 5073 voluntatis
1797 5018 2024 5072 arbitrio

431 5102 747 5171 derivabat,
792 5106 1085 5164 inchoavit.
1135 5108 1381 5164 Nondum
1428 5118 1607 5165 autem
1647 5110 1698 5164 in
1747 5110 1831 5164 his
1872 5108 2025 5163 libris

430 5193 684 5265 (quorum
717 5197 947 5267 primum
979 5210 1184 5255 tantum
1214 5199 1399 5255 Roma:
1425 5199 1767 5272 conscripsit,
1790 5198 2025 5268 reliquos

510 5378 586 5443 (ιι)
625 5378 895 5439 Cutt”t:.ss.,
927 5381 960 5432 l.
997 5398 1077 5438 tv.
1111 5398 1156 5431 ‹·.
1197 5382 1275 5438 ΙΞ.
1309 5399 1357 5430 ll.
1394 5382 1481 5435 ΞΟ.

625 5449 887 5521 licitum”
920 5452 952 5504 Ι.
991 5470 1020 5503 ΙΔ
1062 5468 1179 5513 t-np,
1217 5454 1277 5511 ii,
1316 5452 1342 5521 ᾗ
1376 5456 1424 5504 2.

508 5523 582 5584 (ι’)
625 5519 900 5573 Pthsidius
930 5524 979 5573 in
1017 5523 1128 5573 \‘ilt
1166 5519 1472 5587 ;\tl;ttS*lt-l,
1508 5538 1554 5572 (τ.
1588 5523 1652 5581 5,
1688 5529 1865 5572 ttart‘al
1900 5535 2020 5571 eum

438 5604 594 5658 agros
618 5608 738 5643 suos
761 5635 773 5657 ,
810 5594 963 5644 simul
991 5612 1050 5644 at:
1097 5592 1377 5656 'l‘agn-tam
1412 5592 1679 5653 tedtisset,
1720 5592 2025 5644 vctnltdi~se

438 5672 490 5715 et
521 5662 752 5727 pretium
788 5663 1122 5717 distribuisse
1157 5664 1499 5731 pauperibus.
1542 5661 1692 5729 Quod
1725 5662 1768 5717 si
1802 5676 1928 5718 vete
1958 5662 2024 5715 ab

2121 4558 2239 4598 eam
2267 4545 2368 4600 rite
2397 4546 2702 4601 obeundatn
2734 4564 2868 4619 opus
2894 4560 3064 4606 esset.
3103 4552 3441 4627 Quapropter
3468 4561 3630 4616 etiam
3661 4562 3714 4618 id

2118 4637 2398 4705 temporis,
2426 4639 2566 4708 quod
2609 4640 2896 4697 interesset
2928 4643 2998 4698 ab
3026 4645 3366 4705 ordinatione
3386 4666 3483 4706 sua
3523 4654 3591 4709 ad
3615 4654 3714 4711 Pa-

2123 4727 2322 4782 schatis
2350 4729 2541 4784 festum
2590 4745 2642 4787 a.
2690 4732 2811 4800 592,
2866 4732 2981 4789 dari
3020 4735 3121 4791 sibi
3177 4738 3244 4793 ad
3303 4744 3714 4812 praeparandum

2122 4819 2345 4889 Optavit,
2369 4830 2562 4875 etcum
2582 4822 2942 4891 impetrasset,
2962 4826 3014 4880 in
3037 4828 3384 4887 solitudinem
3408 4848 3468 4890 se
3491 4839 3714 4908 recepit.

2128 4914 2289 4982 Igitur
2303 4916 2540 4968 muneris
2557 4915 2696 4968 illius
2714 4917 3009 4985 primordia
3030 4935 3096 4973 ex
3115 4919 3217 4977 hoc
3243 4922 3455 4980 demum
3477 4938 3717 4999 tempore

2124 5002 2269 5071 juste
2300 5003 2471 5071 repeti
2501 5019 2659 5072 posse
2683 5004 2953 5062 videntur.
2993 5008 3169 5065 Prima
3193 5022 3371 5071 autem
3397 5017 3565 5087 ipsius
3590 5036 3717 5079 cura

2132 5101 2248 5165 fuit,
2283 5108 2339 5153 ut
2364 5098 2607 5166 llippone
2634 5113 2851 5168 quoque
2882 5106 3265 5161 monasterium
3299 5110 3629 5178 institueret,
3666 5116 3718 5170 iu

2132 5211 2238 5267 quo
2259 5202 2384 5249 vota
2412 5191 2530 5261 ejus
2556 5190 2761 5261 adjuvit
2804 5191 3077 5264 Valerius,
3111 5196 3268 5255 horto
3298 5199 3559 5260 Ecclesia:
3593 5206 3719 5278 Hip-

2129 5376 2218 5429 illo
2244 5372 2515 5445 proditum
2547 5370 2675 5445 fuit,
2709 5382 2936 5445 necesse
2961 5384 3074 5442 est,
3107 5381 3354 5437 eum-vel
3387 5381 3440 5437 in
3474 5384 3719 5445 inlimatis

2130 5455 2226 5528 aut
2244 5441 2437 5526 alienis
2463 5442 2619 5514 plane
2645 5441 2891 5521 degisse,
2921 5454 3013 5500 aut
3044 5441 3236 5504 saltem
3271 5463 3475 5519 partem
3512 5441 3720 5515 de’suis

2130 5527 2440 5571 retinuisse.

2203 5576 2279 5658 (at)
2320 5586 2511 5643 Sermo
2539 5582 2676 5654 355,
2706 5598 2756 5642 c.
2788 5582 2839 5653 l,
2872 5600 2925 5640 n.
2962 5583 3014 5641 2.
