4010 6350
450 322 519 377 ts
1331 311 1881 371 SUPPLEMENTUM
1920 314 2012 370 AD
2051 311 2277 369 creua
2322 316 2379 369 s.
2420 298 2814 372 'aucusrttvt.
3623 317 3695 376 ιο

436 435 691 508 ponensis
711 434 778 489 ad
810 436 948 488 hunc
967 446 1120 486 usum
1151 429 1198 485 ei
1223 445 1500 485 concesso.
1543 429 1714 484 Aliam
1742 429 1937 484 deinde
1961 436 2015 483 et
2045 431 2089 488 Α
2121 429 2419 499 presbyteri
2465 430 2784 497 celebritas,
2833 444 2931 486 nec
2971 432 3119 501 ipsos
3154 434 3438 504 episcopos
3469 436 3695 505 puderet

437 529 751 599 prmelaram
774 527 842 581 de
871 526 1106 580 Ecclesia
1131 523 1269 578 bene
1291 524 1530 578 merendi
1559 533 1611 579 et
1628 523 1783 578 simul
1816 537 2011 577 nomen

383 664 389 684 .
435 636 591 676 suum
623 617 925 674 illustrandi
953 615 1293 671 occasionem
1326 624 1512 669 nactus
1533 624 1615 669 est
1642 630 1735 682 per
1761 613 2011 667 eumdem

436 711 707 766 Valerium
733 751 748 775 ,
783 723 849 763 eo
892 707 1031 776 quod
1063 705 1164 775 ipsi
1203 720 1387 760 coram
1421 720 1478 760 se
1529 702 1883 759 concionandi
1912 718 2010 773 po-

437 809 684 854 testatem
715 798 930 853 faceret.
974 796 1125 863 Quod
1164 795 1380 867 quidem
1410 795 1639 851 antehac
1673 810 1702 848 a
1736 796 2012 863 presbyte-

435 896 509 950 ris
533 894 648 949 ﬁeri
671 894 944 947 insolitum
971 891 1022 944 in
1047 890 1302 944 Ecclesiis
1325 888 1555 953 Latinis,
1582 902 1703 942 mox
1749 887 1835 942 ubi
1876 901 2013 955 prae-

434 986 623 1041 ivlsset
669 983 931 1045 Valerius,
964 982 1183 1036 Grmcus
1234 980 1449 1035 natione
1495 979 1701 1033 scilicet
1743 986 1799 1033 et
1839 976 2012 1032 Latini

435 1074 703 1129 sermonis
742 1088 841 1126 usu
877 1071 1113 1136 tardior,
1150 1070 1329 1136 plures
1375 1083 1472 1138 per
1499 1068 1733 1123 Africam
1772 1065 2011 1135 episcopi

436 1164 625 1219 imitati
678 1170 823 1216 sunt.
883 1161 989 1216 Nec
1042 1175 1173 1214 vero
1209 1159 1366 1213 desiit
1402 1158 1540 1213 inter
1581 1158 1695 1212 haec
1738 1166 1792 1211 et
1818 1168 2012 1212 caetera

437 1254 678 1309 muneris
709 1260 1054 1306 avocamenta
1098 1250 1318 1319 scriptis
1357 1248 1647 1318 insigniora
1691 1246 1812 1302 ﬁdei
1839 1247 2013 1316 capita

436 1356 528 1398 aut
568 1344 839 1398 illustrare
868 1353 919 1397 et
947 1341 1085 1411 apud
1131 1354 1257 1394 suos
1286 1339 1661 1404 corroborare,
1695 1348 1784 1391 aut
1826 1346 2013 1391 contra

434 1436 589 1489 aliter
618 1449 680 1489 ac
711 1449 870 1502 prave
898 1434 1196 1487 sentientes
1229 1438 1471 1484 astruere
1498 1438 1553 1483 et
1582 1428 1897 1493 defendere;
1930 1441 2016 1481 as-

435 1528 647 1583 siduum
678 1529 894 1595 insuper
922 1525 1020 1595 ipsi
1040 1538 1161 1578 cum
1184 1522 1368 1576 amicis
1399 1531 1504 1575 tam
1537 1521 1849 1590 prOpinquis
1869 1520 2011 1587 loco,

435 1636 592 1689 quam
649 1620 1023 1675 remotissimis
1075 1613 1401 1684 permultis,
1454 1613 1552 1667 fuit
1608 1612 2009 1667 commercium.

436 1712 606 1767 Tanta
633 1727 764 1767 vero
805 1710 903 1764 fuit
941 1708 1100 1778 hujus
1136 1705 1435 1777 presbyteri
1466 1705 1606 1775 apud
1635 1720 1823 1759 omnes
1852 1705 2012 1758 etiam

2115 519 2232 587 ejus
2280 521 2507 574 consilia
2559 531 2613 576 et
2658 531 2782 576 vota
2839 525 3105 593 exsequi,
3157 526 3305 579 nulla
3353 535 3532 583 tamen
3578 540 3696 587 erat

2114 610 2405 664 auctoritas
2439 609 2555 678 ejus
2583 611 2789 680 legibus
2814 614 3196 670 ecclesiasticis
3224 617 3560 685 confirmata,
3590 620 3696 676 cir-

2114 704 2543 771 cumscriptaque
2582 704 2773 773 agendi
2825 705 3041 761 licentia
3081 708 3261 763 alieno
3313 710 3559 766 arbitrio.
3615 711 3695 767 Ex

2113 808 2221 862 quo
2257 810 2384 848 vero
2429 798 2595 851 semel
2638 796 2705 851 ad
2737 798 3023 867 regendam
3055 800 3352 857 Ecclesiam
3384 804 3696 874 Hipponen-

2115 902 2227 941 scm
2260 897 2477 943 evectus
2506 898 2608 959 est,
2638 905 2701 945 ex
2729 891 2847 960 ejus
2874 903 3004 947 nutu
3030 902 3191 964 atque
3212 896 3558 953 ordinatione
3588 915 3693 955 non

2114 978 2287 1031 solum
2339 977 2587 1035 Valerius
2622 982 3029 1053 *coepiscopus,
3082 986 3178 1041 sed
3230 986 3481 1043 Aurelius
3531 992 3694 1046 etiam

2113 1068 2554 1139 Carthaginensis
2597 1074 2884 1144 episcopus
2922 1085 2977 1131 et
3015 1078 3177 1133 totius
3226 1078 3421 1135 Africa:
3474 1083 3694 1151 primas,

2116 1171 2333 1231 totaque
2361 1179 2483 1217 cum
2512 1179 2577 1218 eo
2600 1164 2842 1221 Ecclesia
2870 1166 3143 1234 Africana,
3175 1171 3299 1239 quin
3332 1172 3496 1226 immo
3518 1180 3694 1226 trans-

2116 1253 2337 1307 marinae
2371 1254 2627 1310 Ecclesia:
2671 1271 2766 1325 per
2796 1266 2967 1312 totum
2996 1258 3343 1316 Occidentem
3370 1305 3385 1329 ,
3426 1263 3696 1333 plurimae-

2115 1359 2219 1414 que
2250 1344 2302 1399 in
2332 1344 2569 1401 Orientis
2595 1348 2832 1417 partibus
2863 1350 3254 1420 pependerunt.

2182 1436 2435 1492 Nostrum
2491 1439 2709 1509 quidem
2755 1440 2808 1495 in
2859 1445 3112 1511 praesenti
3168 1459 3274 1499 non
3326 1453 3411 1499 est
3450 1448 3691 1501 omnium

2115 1527 2233 1596 ejus
2284 1528 2549 1584 factorum
2602 1541 2988 1603 gestorumque
3043 1533 3325 1589 historiam
3372 1546 3693 1609 contexere,

2115 1620 2314 1689 quippe
2360 1636 2479 1690 qua:
2526 1638 2647 1677 cum
2710 1624 2961 1679 universa
3011 1634 3309 1695 temporum
3360 1628 3578 1683 illorum
3634 1646 3697 1686 ac

2116 1721 2401 1765 eventuum
2419 1702 2561 1768 serie
2586 1722 2691 1767 tam
2716 1725 2865 1771 arcte
2894 1715 3197 1783 cohaerent,
3229 1719 3421 1774 utsine
3446 1731 3694 1777 accurata

437 1802 631 1857 Africa:
694 1801 975 1870 episcopos
1033 1800 1165 1853 citra
1217 1796 1469 1851 invidiam
1537 1795 1902 1861 existimatio,
1955 1801 2013 1847 ut
2045 1791 2340 1856 Bistorum
2388 1805 2736 1861 enarratione
2788 1822 2977 1876 parum
3028 1809 3291 1864 concinne
3330 1810 3442 1866 fieri
3496 1814 3694 1881 possit,

438 1910 645 1949 summa
672 1894 929 1963 dignitate
958 1892 1096 1946 inter
1122 1904 1215 1945 eos
1244 1890 1367 1952 viri,
1393 1888 1558 1942 veluti
1584 1887 1857 1951 Aurelius,
1881 1900 2013 1940 con-

436 1987 555 2041 silia
580 1986 694 2055 ejus
714 1985 962 2040 lubenter
982 1984 1343 2050 admitterent,
1368 1988 1421 2035 et
1441 1981 1613 2034 cuncti
1638 1979 1772 2033 adeo
1794 1978 1848 2032 in
1888 1992 2016 2033 con-

438 2078 560 2131 cilio
586 2075 913 2145 Hipponensi
953 2088 1005 2126 a.
1035 2074 1156 2139 595,
1189 2073 1304 2127 sine
1330 2071 1576 2139 exemplo
1598 2085 1781 2125 curant
1804 2070 1932 2137 ipsis
1952 2068 2016 2121 de

438 2166 541 2233 ﬁde
567 2177 613 2219 et
636 2165 863 2235 symbolo
893 2178 1197 2219 sermonem
1226 2162 1404 2216 facere
1430 2176 1550 2216 eum
1577 2160 1851 2229 juberent.
1887 2159 2015 2226 Qui-

441 2261 538 2313 bus
577 2257 827 2312 omnibus
866 2256 931 2311 de
958 2256 1134 2311 causis
1162 2254 1571 2323 haudquaquam
1604 2267 1738 2308 sane
1766 2252 2016 2307 inanibus

437 2361 685 2407 metuens
726 2350 974 2404 Valerius
994 2389 1008 2415 ,
1040 2362 1135 2412 ne,
1173 2346 1345 2402 sicubi
1376 2347 1658 2414 episc0pus
1684 2344 1915 2409 deesset,
1948 2343 2014 2398 ad

438 2443 732 2499 Ecclesiam
761 2441 905 2496 illam
947 2438 1230 2508 regendam
1263 2437 1439 2492 subito
1470 2444 1787 2492 evocaretur
1807 2476 1821 2500 ,
1860 2435 2016 2505 petiit

437 2536 506 2590 ab
550 2534 768 2590 Aurelio
816 2531 1151 2601 Carthaginis
1199 2530 1454 2599 episcopo
1503 2529 1769 2598 totiusque
1818 2527 2015 2583 Africte

438 2625 675 2694 primati,
704 2632 761 2677 nt
781 2621 881 2676 sibi
912 2622 1098 2676 liceret
1118 2634 1239 2674 eum
1268 2619 1527 2688 collegam
1556 2626 1617 2673 et
1640 2618 2014 2687 coepiscopum

438 2730 591 2770 suum
616 2713 810 2768 facere.
838 2710 992 2778 Quod
1023 2709 1111 2765 ubi
1135 2710 1494 2778 impetrasset,
1527 2723 1649 2762 mox
1673 2710 1820 2762 clero
1841 2717 1894 2762 et
1918 2723 2015 2776 po-

438 2808 564 2878 pulo
591 2820 690 2861 suo
728 2805 1079 2875 pluribusque
1118 2801 1387 2871 episcopis
1429 2800 1786 2869 prtesentibus
1815 2798 2019 2868 signifi-

438 2900 580 2955 cavit
624 2908 679 2953 et
717 2910 908 2967 magno
953 2910 1073 2950 cum
1119 2894 1357 2947 omnium
1396 2906 1663 2947 consensu
1710 2907 1740 2944 a
1794 2890 2019 2959 Megalio

439 2992 692 3061 episcopo
721 2987 1020 3044 Calamensi
1052 2985 1314 3040 Numidiae
1341 2984 1575 3054 primati,
1603 2983 1756 3051 cujus
1786 2982 1868 3036 hae
1897 2996 2019 3051 par-

443 3096 524 3139 tes
549 3090 724 3150 erant,
750 3077 1058 3150 postulavit,
1092 3084 1149 3130 ut
1176 3076 1483 3146 episcopum
1516 3074 1812 3129 ordinaret.
1848 3072 2020 3127 Inter-

2116 1907 2238 1962 nec,
2275 1895 2321 1949 si
2348 1895 2500 1950 locus
2544 1896 2724 1951 minus
2753 1906 2899 1953 esset
2935 1900 3174 1965 alienus,
3207 1910 3444 1956 nostram
3474 1918 3694 1971 Operam

2116 1996 2236 2054 post
2266 1994 2345 2041 tot
2384 2001 2719 2042 summorum
2747 1989 2985 2044 virorum
3027 1991 3357 2060 diligentiam
3394 1994 3691 2061 requirant.

2120 2077 2527 2147 Exspectabitur
2540 2094 2672 2135 vero
2700 2080 2872 2151 imago
2889 2081 3012 2147 viri,
3038 2083 3208 2152 qualis
3229 2083 3297 2137 ab
3326 2083 3429 2139 hoc
3456 2092 3697 2153 tempore

2118 2168 2299 2234 fuerit,
2351 2184 2417 2223 ex
2459 2169 2677 2239 scriptis
2731 2170 2847 2240 ejus
2898 2182 3279 2242 gestorumque
3310 2175 3567 2229 memoria
3597 2192 3695 2231 ex-

2115 2273 2326 2328 pressa,
2361 2259 2415 2313 in
2443 2275 2572 2331 qua,
2600 2261 2644 2315 si
2676 2262 2852 2315 minus
2876 2270 3033 2317 acute
3060 2263 3309 2327 viderim,
3339 2264 3431 2335 qui
3451 2265 3693 2321 colorum

2114 2349 2354 2405 delectus
2404 2358 2551 2405 esset
2599 2350 2906 2421 habendus,
2948 2352 2999 2406 id
3042 2354 3365 2423 reprehendi
3415 2370 3520 2410 non
3553 2371 3697 2426 aegre

2118 2439 2309 2508 patiar.
2344 2441 2421 2495 Ac
2472 2441 2705 2511 primum
2747 2443 2964 2512 quidem
3013 2443 3118 2499 huc
3167 2445 3293 2499 facit
3321 2446 3444 2501 vitae
3471 2448 3695 2516 privata:

2116 2531 2233 2600 ejus
2261 2533 2645 2589 consideratio.
2677 2535 2877 2591 Natura
2913 2537 3207 2593 vehemens
3251 2549 3399 2604 erat,
3431 2539 3695 2611 facileque

2117 2624 2365 2679 sensibus
2393 2627 2851 2693 commovebatur,
2906 2628 2975 2683 ita
3015 2639 3071 2683 ut
3116 2644 3467 2700 qutecumque
3497 2633 3697 2699 objice-

2117 2724 2323 2779 rentur,
2351 2716 2531 2770 subito
2572 2718 3054 2786 complecteretur,
3090 2720 3414 2790 modumque
3438 2738 3545 2776 non
3572 2738 3696 2777 raro

2119 2803 2173 2856 in
2220 2804 2444 2861 fruendo
2491 2808 2799 2864 excederet.
2852 2810 3137 2866 Exercitiis
3187 2828 3316 2883 ergo
3363 2815 3694 2884 quotidianis

2119 2894 2245 2950 huic
2272 2898 2437 2951 animi
2466 2899 2656 2953 morbo
2679 2914 2740 2955 ac
2762 2900 3115 2956 imbecillitati
3140 2904 3342 2959 mederi
3364 2904 3693 2971 instituerat,

2119 3001 2313 3057 nempe
2358 2989 2808 3058 contemplatione
2857 2992 2938 3046 sui
2980 2992 3146 3060 ipsius
3191 3009 3253 3048 ac
3284 2994 3697 3062 iuveStigatione

2121 3076 2403 3144 vitiorum,
2448 3093 2605 3147 prece
2652 3094 2816 3149 porro
2864 3083 3118 3137 continua
3158 3093 3213 3139 et
3240 3085 3418 3140 studio
3454 3099 3695 3142 amorem

440 3174 669 3230 cedebat
688 3171 905 3243 quidem
935 3170 1050 3240 ejus
1077 3167 1416 3236 ordinationi,
1446 3166 1687 3221 criminis
1716 3165 1898 3220 nescio
1926 3180 2019 3219 cu-
2046 3153 2091 3216 C
2125 3167 2215 3221 Dci
2248 3168 2301 3222 in
2324 3183 2382 3221 se
2409 3169 2660 3239 augendi.
2690 3169 2768 3226 Ac
2800 3172 2911 3231 hoc.
2934 3180 3261 3242 postremum
3285 3176 3499 3245 quidem
3525 3179 3697 3247 potis-

442 3268 528 3336 jus
562 3282 684 3323 eum
715 3264 1031 3319 insimulans
1061 3261 1345 3331 Megalius;
1388 3260 1483 3316 sed
1523 3260 1613 3315 ubi
1658 3260 1847 3315 falsum
1889 3258 2019 3314 illud

444 3378 593 3429 esse,
627 3362 680 3416 in
711 3361 813 3414 hoc
842 3359 957 3428 ipso
986 3357 1156 3426 litigio
1190 3355 1569 3426 cognovisset,
1610 3353 1858 3423 paenituit
1896 3368 2017 3408 eum

446 3455 747 3518 calumnias,
780 3467 881 3508 nec
909 3452 1110 3507 diutius
1140 3452 1193 3505 in
1223 3450 1615 3505 ordinationem
1646 3449 1763 3517 ejus
1788 3462 2018 3502 consen-

446 3560 563 3601 sum
607 3544 867 3600 cohibuit.
906 3542 1011 3597 Sed
1047 3551 1100 3597 et
1138 3542 1251 3611 ipse
1288 3540 1613 3611 Augustinus
1659 3539 2022 3594 reluctabatur

447 3644 501 3689 et
530 3649 635 3689 nou
666 3633 769 3688 nisi
800 3633 1019 3703 prolatis
1043 3630 1236 3697 variis,
1268 3645 1375 3684 non
1408 3628 1677 3684 Africanis
1706 3627 1895 3692 modo,
1925 3627 2020 3682 sed

448 3727 816 3781 transmarinis
843 3724 1138 3793 exemplis,
1172 3737 1292 3793 qua:
1332 3723 1398 3776 ab
1436 3721 1689 3776 Ecclesiae
1731 3729 2020 3775 consuetu-

448 3820 572 3875 dine
620 3834 726 3873 non
771 3818 1064 3872 abhorrere
1111 3816 1435 3884 probarent,
1484 3824 1543 3867 ut
1590 3814 1801 3867 vivente
1848 3811 2023 3867 adhuc

447 3914 698 3983 episcopo
740 3911 877 3966 alius
924 3910 1096 3965 eidem
1141 3906 1396 3964 Ecclesiae
1444 3908 1839 3976 praeficeretur,
1878 3904 2021 3959 vinci

448 4004 641 4072 potuit.
691 4005 827 4072 Apte
858 4001 956 4055 hoc
996 4002 1115 4056 loco
1153 3999 1220 4054 ad
1257 3998 1525 4069 ingenium
1570 3996 1801 4051 hominis
1842 3995 2023 4050 decla-

447 4092 673 4148 randum
709 4092 777 4146 de
822 4092 1165 4146 recusatione
1210 4090 1326 4158 ejus
1370 4088 1565 4144 excidit
1613 4086 2019 4142 Benedictinis:

450 4184 573 4239 Non
598 4185 765 4238 minor
790 4191 897 4235 erat
923 4186 1037 4254 ejus
1068 4181 1310 4235 modestia
1339 4189 1385 4234 et
1420 4178 1629 4248 religio,
1662 4194 1815 4248 quam
1854 4186 1924 4230 tot
1960 4176 2025 4231 if-

451 4277 686 4331 iustrium
711 4276 955 4340 virorum,
985 4273 1072 4343 qui
1100 4282 1244 4327 aetate
1268 4273 1383 4340 illa,
1416 4281 1470 4325 ut
1495 4271 1841 4340 episcopatum
1865 4270 2027 4323 susci-

449 4375 643 4435 perent,
666 4364 814 4419 sicuti
838 4363 1006 4417 scribit
1035 4362 1111 4433 (a)
1132 4402 1146 4426 ,
1175 4361 1463 4416 tenebantur
1490 4359 1652 4422 inviti,
1677 4357 2023 4428 perduceban-

450 4469 533 4511 tur
552 4500 565 4523 ,
595 4454 1018 4521 includebantur,
1047 4452 1488 4520 custodiebantur,
1527 4450 1854 4520 patiebantur
1884 4457 2027 4502 tanta

450 4566 563 4621 quae
602 4550 872 4613 nolebant,
916 4549 1076 4601 donec
1118 4548 1188 4600 eis
1232 4546 1427 4599 adesset
1457 4545 1690 4598 voluntas
1717 4541 2026 4610 suscipiendi

452 4642 618 4709 operis
661 4641 798 4694 boni.
843 4636 1083 4706 Contigit
1129 4635 1396 4691 ordinatio
1441 4633 1558 4702 ejus
1606 4642 1835 4687 exeunte
1884 4645 2027 4685 anno

453 4730 558 4787 595
594 4739 687 4785 aut
730 4730 835 4785 sub
882 4728 1092 4782 initium
1139 4726 1433 4796 sequentis.
1479 4724 1535 4778 In
1569 4725 1705 4780 hanc
1743 4738 1872 4778 vero
1920 4733 2024 4777 tam

455 4819 718 4889 insignem
753 4818 1068 4888 dignitatem
1110 4816 1224 4884 ipse
1264 4822 1467 4874 tantum
1503 4814 1571 4869 de
1608 4827 1705 4867 suo
1744 4813 2031 4867 transfodit

458 4911 715 4965 honorem
743 4918 901 4977 atque
924 4906 1300 4963 claritudinem
1323 4946 1338 4972 ,
1364 4914 1427 4960 ut
1448 4905 1650 4960 nullum
1679 4920 1743 4960 eo
1774 4905 2030 4959 illustrio-

456 5016 571 5058 rem
605 5000 917 5070 episcopum
950 4998 1187 5053 Ecclesia
1233 4998 1421 5052 Latina
1466 4997 1693 5052 noverit.
1750 4996 1881 5050 Nam
1929 4996 2028 5051 etsi

454 5090 562 5160 jam
614 5098 740 5143 ante
803 5097 1114 5158 susceptum
1184 5088 1553 5157 episcOpatum
1610 5101 1818 5141 summa
1886 5096 2031 5141 esset

553 5242 605 5312 a)
645 5241 815 5312 ipsius
845 5242 1004 5312 verba
1032 5241 1085 5295 in
1111 5258 1191 5312 ep.
1222 5242 1290 5294 ad
1322 5241 1581 5294 Donatum
1608 5240 1812 5312 {75.n.
1832 5239 1885 5292 5.

555 5310 606 5374 6)
636 5311 884 5367 Confess.
909 5311 944 5364 l.
981 5327 1091 5373 χιιι,
1121 5310 1169 5365 (ἑ.
1200 5312 1254 5374 8,
1286 5327 1338 5363 n.
1363 5312 1435 5364 9:
1472 5329 1490 5361 ‹
1524 5311 1593 5363 Da
1624 5311 1750 5362 mihi
1786 5318 1857 5371 te,
1887 5310 2027 5365 Deus

458 5381 633 5446 meus,
664 5381 831 5435 redde
856 5389 911 5435 te
938 5381 1062 5433 mihi
1089 5398 1102 5433 :
1130 5388 1179 5433 te
1208 5381 1351 5433 enim
1381 5394 1523 5443 amo,
1552 5389 1604 5433 et
1634 5381 1677 5431 si
1712 5394 1895 5445 parum
1921 5390 2026 5445 est,

456 5468 633 5507 amem
652 5449 896 5505 validius.
929 5450 1042 5503 Non
1078 5464 1293 5515 possum
1327 5450 1524 5512 metiri,
1552 5458 1607 5502 ttt
1631 5450 1822 5512 sciam,
1856 5465 2026 5518 quan-

459 5534 569 5575 tmn
600 5522 742 5575 desit
769 5522 895 5574 mihi
925 5522 1124 5573 amoris
1150 5520 1214 5573 ad
1253 5520 1302 5571 id
1330 5520 1471 5588 quod
1502 5528 1584 5572 sat
1607 5527 1720 5582 est,
1761 5528 1819 5570 ut
1849 5526 2032 5574 currat

459 5593 566 5645 vita
606 5605 721 5645 mea
774 5591 827 5643 in
864 5591 1150 5656 amplexus
1191 5599 1342 5654 tuos,
1395 5603 1492 5642 nec
1542 5596 1815 5641 avertatur
1856 5588 2029 5643 donec

458 5660 820 5715 abscondatur
858 5661 909 5712 in
950 5659 1267 5713 abscondito
1305 5657 1481 5711 vultus
1519 5658 1615 5710 tui.
1663 5658 1773 5709 Hoc
1826 5666 2028 5711 tantum

462 5731 575 5786 scio
595 5770 609 5795 ,
640 5731 760 5795 quia
784 5730 914 5782 male
942 5737 1017 5782 est
1062 5737 1259 5797 praeter
1288 5737 1369 5795 te,
1401 5742 1506 5781 non
1532 5726 1703 5781 solum
1736 5736 1885 5780 extra
1909 5743 1993 5779 me
2012 5767 2026 5791 ,

2120 3259 2314 3313 simum
2353 3259 2453 3314 fuit
2482 3260 2811 3331 prtesidiutn,
2839 3278 2948 3334 quo
2989 3274 3179 3321 contra
3205 3265 3555 3335 cupiditatum
3595 3270 3699 3324 im-

2124 3360 2280 3420 petus
2322 3366 2387 3407 ac
2416 3353 2635 3409 insidias
2683 3356 2758 3409 uti
2804 3356 3027 3413 soleret.
3061 3358 3324 3415 Nimirum
3373 3370 3432 3416 ut
3487 3354 3697 3419 celeres

2122 3442 2254 3498 istos
2276 3458 2526 3498 sensuum
2550 3454 2723 3501 motus
2750 3454 2804 3501 et
2831 3449 3050 3505 crebras
3072 3450 3400 3507 vibrationes
3421 3462 3512 3507 aut
3541 3452 3698 3507 siste-

2124 3544 2207 3589 ret
2251 3543 2343 3588 aut
2373 3538 2561 3592 saltem
2588 3539 2933 3609 praepediret,
2968 3541 3076 3598 alio
3104 3552 3424 3599 convertere
3448 3560 3581 3614 opus
3603 3544 3700 3599 ha-

2124 3623 2235 3677 bttit
2263 3622 2477 3679 interna
2509 3626 2738 3695 quadam
2766 3631 3113 3686 contentione
3137 3633 3407 3703 animique
3433 3633 3499 3688 ad
3530 3634 3702 3689 subli-

2125 3714 2325 3769 miores
2354 3716 2709 3784 cogitationes
2738 3720 3015 3775 evectione
3059 3730 3152 3775 aut
3182 3724 3357 3790 potius
3384 3720 3565 3793 raptu,
3593 3739 3700 3793 quo

2126 3807 2413 3874 plurimum
2436 3809 2583 3863 omni
2616 3820 2859 3877 tempore
2883 3826 2944 3866 ac
2978 3813 3028 3867 in
3050 3814 3195 3868 omni
3226 3816 3702 3883 contemplationis

2123 3911 2324 3963 genere
2354 3900 2600 3956 homines
2633 3901 2795 3955 vividi
2834 3903 3035 3973 ingenii
3085 3906 3321 3973 potuisse
3363 3916 3699 3975 compertum

2124 3998 2227 4043 est.
2258 3987 2367 4043 Nec
2390 4004 2518 4045 vero
2542 3991 2643 4045 iste
2674 3992 2824 4047 nisus
2852 3992 3165 4049 infirmioris
3190 4003 3306 4050 erat
3328 3996 3569 4063 cerebri,
3608 4007 3703 4053 aut

2127 4095 2356 4144 mentem
2380 4089 2499 4158 ejus
2519 4089 2589 4144 de
2610 4097 2752 4144 statu
2773 4091 3118 4157 deturbabat,
3144 4093 3238 4147 sed
3271 4094 3517 4148 utebatur
3538 4094 3703 4149 etiam

2129 4187 2181 4241 in
2214 4187 2297 4242 his
2319 4189 2727 4244 ratiocinatione
2751 4190 2983 4258 quadam
3012 4190 3111 4260 ipsi
3140 4192 3357 4261 propria
3382 4201 3435 4247 et
3459 4192 3607 4248 velut
3634 4208 3705 4247 ex

2129 4288 2365 4361 perfecta
2413 4290 2717 4360 cognitione
2744 4298 2797 4345 et
2847 4291 3088 4361 propiori
3124 4302 3343 4362 aspectu
3386 4293 3705 4349 inﬂammari

2130 4390 2429 4446 videbatur.
2460 4389 2599 4443 Hinc
2627 4389 2951 4459 querebatur
2980 4390 3124 4460 apud
3163 4406 3223 4447 se
3269 4391 3338 4446 de
3382 4392 3705 4448 lassitudine

2054 4521 2107 4581 D
2131 4504 2246 4558 sua,
2281 4506 2398 4559 quae
2429 4488 2733 4558 impediret,
2757 4492 3047 4559 quominus
3094 4491 3286 4559 Deum,
3316 4500 3476 4562 prout
3504 4492 3702 4561 vellet,

2128 4597 2358 4648 amaret.
2390 4588 2634 4642 Metuens
2665 4587 2873 4643 scilicet
2908 4590 3153 4659 corporis
3201 4590 3487 4659 imaginem
3510 4592 3563 4644 in
3592 4589 3707 4643 Deo

2126 4691 2434 4759 concipere,
2464 4702 2623 4742 sensu
2667 4697 2843 4743 tamen
2879 4688 3128 4756 amplecti
3161 4689 3442 4757 cupiebat,
3466 4704 3586 4761 quas
3615 4702 3707 4742 so-

2128 4791 2232 4845 lius
2261 4788 2563 4843 intellectus
2590 4798 2763 4841 erant.
2791 4784 2921 4840 Nam
2962 4787 3411 4856 pulchritudinem
3440 4797 3495 4842 et
3524 4788 3707 4842 dulce-

2129 4891 2308 4945 dinem
2349 4888 2444 4943 Dei
2473 4886 2654 4941 laudat
2692 4895 2746 4941 et
2796 4886 2849 4941 in
2879 4886 3161 4954 amplexus
3198 4886 3315 4957 ejus
3356 4887 3519 4941 vitam
3551 4902 3705 4941 suam

2130 5002 2349 5043 currere
2386 4986 2513 5040 dicit
2558 4993 2611 5040 et
2653 5000 2773 5040 cum
2820 4984 2916 5039 illo
2960 4985 3113 5053 quasi
3144 4985 3317 5040 amico
3364 4994 3418 5040 et
3456 4984 3706 5039 familiari

2132 5086 2328 5141 blando
2357 5098 2628 5150 sermone,
2651 5083 3168 5154 colloquebaturtb).
3185 5083 3295 5139 Nec
3323 5092 3502 5140 tamen
3521 5100 3708 5139 emen-

2136 5240 2230 5296 sed
2257 5248 2311 5295 et
2334 5240 2386 5294 in
2410 5254 2497 5295 me
2518 5240 2653 5308 ipso,
2682 5247 2736 5293 et
2758 5240 2935 5311 omnis
2961 5241 3089 5295 mihi
3111 5241 3263 5311 copia
3289 5256 3407 5311 qua:
3431 5240 3575 5297 Deus
3597 5257 3708 5296 non
3788 5302 3791 5305 Α

2134 5312 2604 5381 θεμθεεδιθξίθειῑ
2639 5330 2657 5362 ι
2688 5310 2822 5364 lbid.
2853 5310 2945 5364 lib.
2974 5311 3096 5381 eod.
3121 5310 3240 5380 cap.
3263 5310 3365 5375 29,
3393 5321 3449 5366 et
3475 5326 3555 5381 sq.
3586 5312 3708 5367 tim:

2139 5398 2158 5431 ι
2190 5380 2254 5433 Ει
2282 5380 2483 5434 attendi
2512 5390 2569 5433 ut
2598 5382 2895 5435 invenirem
2916 5421 2930 5443 ,
2981 5380 3158 5435 utrum
3191 5383 3391 5449 septies
3424 5380 3711 5436 vel’octies

2132 5449 2350 5515 videris,
2393 5450 2515 5519 quia
2547 5450 2682 5503 bona
2714 5462 2837 5504 sunt
2866 5466 3027 5517 opera
3058 5462 3168 5514 tua,
3195 5468 3316 5505 cum
3350 5451 3445 5506 tibi
3486 5453 3707 5520 placue-

2133 5529 2255 5590 runt
2281 5536 2293 5573 :
2319 5528 2373 5573 et
2400 5520 2453 5573 in
2482 5528 2569 5573 tua
2599 5521 2806 5590 visione
2832 5535 2935 5573 non
2960 5520 3143 5574 inveni
3175 5529 3440 5589 tempora.
3472 5536 3569 5590 per
3589 5534 3737 5589 quae.

2134 5588 2523 5659 intelligerem,
2573 5589 2715 5657 quod
2757 5591 2918 5644 toties
2951 5589 3190 5654 videris,
3230 5588 3351 5659 qua:
3410 5588 3735 5645 feéistifEt'

2135 5658 2276 5720 dixi,
2307 5659 2352 5711 υ
2377 5658 2627 5724 Domine,
2683 5675 2859 5713 nonne
2886 5661 2986 5712 ista
3016 5658 3278 5729 scriptura
3323 5672 3412 5715 tua
3436 5676 3557 5713 vera
3589 5670 3707 5724 cst,

2133 5731 2383 5794 quoniam
2412 5738 2465 5782 tu
2497 5743 2656 5782 verax
2688 5737 2742 5783 et
2775 5730 2967 5785 veritas
3006 5729 3221 5785 editlisti
3250 5732 3407 5786 eam?
3445 5730 3555 5786 Cur
3580 5745 3709 5791 ergo
