4010 6350
415 254 479 310 ιιι
1297 242 1859 305 sUPPLEMENTUM
1903 242 1993 298 an
2034 241 2266 297 OPERA
2307 241 2364 297 s.
2410 242 2798 301 AUGUSTINI.

413 366 744 438 ceplabttlur,
775 370 866 416 aut
894 362 960 416 de
993 361 1095 415 vita
1127 369 1179 413 et
1213 361 1448 414 nitoribus
1505 359 1826 441 clericorum
1886 361 1998 411 s'm—
2029 355 2081 414 A
2106 356 2401 412 diffidentia
2431 377 2498 415 ne
2527 362 2740 430 quidem
2774 377 3007 432 unquam
3041 363 3340 418 rescribere
3364 363 3646 421 voluerunt
3675 380 3702 420 :

413 463 662 531 gulorum
692 456 946 526 judicium
989 454 1147 508 liebat
1174 496 1187 519 ,
1221 461 1312 506 aut
1341 451 1572 520 denique
1620 463 1715 519 pro
1756 447 2003 503 doctrina

415 549 790 608 confirmanda
819 544 1279 615 custodiendaque
1305 542 1526 598 consilia
1557 539 1809 594 salutaria
1840 539 2006 608 agita-

415 644 633 706 bantur,
662 656 724 696 ac
754 640 1127 694 haereticorum
1156 650 1219 690 ac
1248 634 1712 690 schismaticorum
1759 630 2007 700 dogmata

419 743 672 804 artesque
724 732 1116 787 damnabantur
1169 740 1221 783 et
1263 728 1726 798 impugnabantur.
1764 724 2010 780 Interfuit

418 826 580 894 igitur
628 823 893 886 conciliis,
921 821 988 876 de
1029 819 1224 890 quibus
1262 821 1474 889 quidem
1523 821 1856 888 exploratum
1904 829 2007 886 est,

424 911 999 983 Carthaginiensibus,
1057 920 1247 978 quarto
1292 925 1344 964 a.
1398 909 1524 976 598,
1587 909 1774 978 quinto
1820 910 2010 964 eodem

420 1020 584 1069 anno,
612 1014 771 1059 sexto
801 1013 854 1058 et
881 1002 1107 1071 septimo
1129 1016 1180 1054 a.
1205 999 1310 1054 419
1335 1002 1385 1052 in
1413 1017 1568 1054 causa
1598 1001 2011 1069 appellationum

419 1098 654 1162 habitis;
693 1096 945 1152 Africano
994 1094 1153 1150 tertio
1193 1110 1243 1146 a.
1300 1093 1427 1156 40f.
1477 1104 1530 1147 et
1559 1104 1750 1163 quarto
1775 1110 1825 1146 a.
1858 1093 1961 1149 407
1995 1109 2010 1158 ;

421 1187 707 1242 Collationi
746 1187 1005 1240 adversus
1053 1185 1357 1238 Donatistas
1384 1201 1435 1237 a.
1464 1185 1559 1239 till
1589 1203 1602 1248 ;
1629 1184 1857 1238 Cirtensi
1887 1200 2016 1240 cou-

429 1287 508 1330 tra
539 1276 756 1331 eosdem
789 1291 839 1327 a.
871 1273 1000 1339 412,
1043 1281 1098 1326 et
1140 1274 1450 1330 Milevitano
1478 1283 1664 1329 contra
1700 1275 2015 1346 Pelagianos

426 1387 479 1421 ει.
506 1369 632 1423 418.
666 1368 842 1437 Atque
871 1376 928 1420 ut
959 1366 1101 1420 nulla
1144 1367 1330 1420 harum
1368 1367 1693 1436 synodorum
1742 1377 1859 1422 acta
1907 1371 2017 1423 cla-

424 1461 570 1515 riora
603 1469 750 1524 sunt,
781 1472 940 1529 quam
985 1473 1104 1527 qua:
1144 1458 1211 1511 ad
1245 1457 1530 1513 ha‘resium
1562 1460 2014 1529 impugnationem

424 1559 756 1620 spectarunt,
782 1549 854 1602 ita
887 1547 1165 1618 Augustini
1192 1564 1402 1619 quoque
1433 1552 1576 1604 nulla
1607 1551 1692 1605 vel
1723 1551 1774 1605 in
1804 1551 2015 1615 iisdem,

426 1642 511 1697 vel
542 1651 732 1711 su0pte
754 1641 978 1697 consilio
1007 1652 1156 1711 gesta
1202 1643 1490 1697 illustriora
1536 1652 1683 1711 sunt,
1734 1659 1894 1713 quam
1925 1646 2020 1698 ad-

427 1749 621 1789 versus
650 1749 761 1788 sua:
792 1734 968 1787 aetatis
1000 1734 1301 1789 hmreticos.

501 1825 602 1878 llic
627 1825 1082 1894 Schaenemannus,
1123 1841 1229 1879 sum
1249 1835 1395 1879 sectce
1412 1826 1574 1880 indoli
1601 1827 1814 1880 nimium
1840 1828 2014 1881 indul-

429 1935 584 1990 gens,
609 1918 696 1973 ‘S.
742 1918 1011 1988 Augustini
1046 1929 1222 1970 contra
1250 1919 1482 1970 haeresim
1513 1918 1856 1972 nobilissimos
1884 1937 2012 1989 ago-

430 2019 674 2062 nestanta
701 2008 892 2062 invidia
920 2009 1244 2078 prosequitur
1269 2019 1320 2061 ut
1353 2009 1520 2060 minus
1551 2009 1849 2061 historicum
1865 2025 2017 2078 quam

431 2100 798 2168 sycophantam
826 2116 973 2170 agere
999 2100 1247 2152 uideatur.
1283 2098 1409 2165 Qua:
1453 2098 1609 2168 igitur
1636 2097 1775 2152 illius
1804 2097 2018 2151 Νοιὶιὶω

431 2201 760 2262 supererant,
812 2191 1096 2259 nostrisque
1137 2194 1342 2260 fuerant
1391 2189 1539 2242 nimis
1583 2189 1796 2256 ﬁdenter
1828 2189 2021 2242 inserta

433 2255 706 2349 colii’nmis,
733 2281 1065 2347 succidimus,
1095 2291 1247 2352 atque
1269 2297 1330 2334 ea:
1356 2278 1617 2346 Possidio,
1649 2281 1830 2333 charta
1857 2283 2022 2333 medi-

437 2375 591 2431 cabili
620 2374 874 2439 adhibita,
907 2377 1225 2442 supplemus,
1277 2372 1399 2425 alibi
1442 2373 1580 2426 dicta
1605 2384 1827 2443 repetere
1873 2388 2026 2442 quam

436 2467 677 2523 hceretica
709 2466 939 2537 proferre
966 2467 1226 2536 eligentes.
1260 2462 1420 2519 Eutr.

521 2576 541 2611 ‹
566 2559 817 2623 Docebat,
832 2559 996 2628 inquit
1013 2558 1308 2625 Possidius,
1330 2565 1384 2613 et
1403 2558 1724 2628 praedicabat
1741 2558 1831 2614 ille
1853 2558 2028 2628 priva-

444 2653 542 2708 tim
560 2661 613 2708 et
635 2651 866 2723 publice,
890 2652 945 2706 in
971 2652 1130 2706 domo
1158 2662 1211 2706 et
1238 2652 1291 2705 in
1323 2651 1570 2717 ecclesia,
1595 2651 1780 2706 salutis
1803 2651 2026 2705 verbum

440 2758 563 2799 eum
585 2744 730 2799 omni
755 2741 946 2797 fiducia
971 2741 1227 2796 adversus
1254 2740 1536 2798 Africanas
1565 2741 1819 2805 haereses,
1854 2741 2025 2793 maxi-

443 2851 638 2907 meque
666 2843 852 2890 contra
884 2833 1208 2899 Donatistae,
1235 2833 1559 2888 Manichaeos
1584 2841 1640 2888 et
1669 2832 1930 2903 Paganos,
1967 2831 2028 2884 li-

443 2926 558 2980 bris
595 2921 887 2989 confectis,
939 2931 996 2978 et
1032 2922 1332 2991 repentinis
1357 2922 1732 2987 sermonibus,
1785 2919 2029 2976 ineffabi-

444 3016 569 3072 liter
618 3015 1004 3070 admirantibus
1043 3013 1365 3068 Christianis
1408 3023 1462 3068 et
1499 3013 1928 3077 collretantibus,
1975 3021 2033 3065 et

447 3108 552 3161 hoc
567 3105 753 3175 .ipsum
785 3104 874 3159 ubi
922 3113 1168 3174 poterant
1200 3118 1305 3158 non
1352 3104 1688 3170 tacentibus,
1746 3103 1838 3157 sed
1878 3102 2033 3157 ditl‘a-
2058 3085 2107 3150 Ο

447 3196 735 3253 mentibus.
756 3196 973 3266 Sicque,
994 3195 1282 3265 adjuvante
1309 3195 1551 3260 Domino,
1574 3197 1755 3251 levare
1781 3195 1834 3248 in
1853 3193 2034 3249 Africa

449 3293 689 3348 Ecclesia
720 3290 982 3347 catholica
1011 3305 1202 3348 exorsa
1235 3300 1318 3346 est
1342 3302 1522 3358 caput,
1550 3306 1669 3361 quae
1703 3293 1874 3346 multo
1899 3300 2036 3346 tem-

452 3397 585 3450 pore
628 3381 737 3437 illic
780 3381 1279 3437 convalescentibus
1321 3382 1618 3446 haereticis,
1665 3382 2036 3452 praecipueque

451 3473 820 3545 rebaptizante
869 3476 1056 3529 Donati
1099 3483 1252 3544 parte
1317 3474 1574 3543 majorem
1637 3473 2033 3530 multitudinem

453 3563 736 3630 Afrorum,
778 3564 999 3620 seducta
1042 3573 1096 3620 et
1121 3579 1377 3634 oppressa
1414 3565 1646 3634 jacebat.
1697 3565 1764 3619 Et
1794 3565 1892 3618 hos
1919 3568 2039 3634 ejus

453 3655 622 3711 libros
653 3657 764 3710 sive
795 3663 1050 3710 tractatus
1091 3655 1321 3711 mirabili
1353 3655 1450 3711 Dei
1479 3657 1648 3726 gratia
1686 3656 2040 3726 procedentes

454 3764 520 3804 ac
545 3749 894 3820 profluentes,
929 3750 1219 3805 instructos
1250 3750 1474 3806 rationis
1514 3752 1699 3819 copia,
1732 3760 1892 3822 atque
1914 3765 2042 3807 aue-

456 3841 673 3897 toritate
701 3851 1006 3897 sanctarum
1039 3841 1473 3912 Scripturarum,
1519 3842 1620 3912 ipsi
1667 3857 1880 3912 quoque
1929 3843 2041 3897 hae-

457 3933 612 3989 retici
651 3942 1035 3988 concurrentes
1081 3948 1203 3987 cum
1253 3932 1543 3988 Catholicis
1605 3932 1808 4003 ingenti
1850 3933 2046 3989 ardore

459 4025 750 4080 audiebant
776 4043 788 4080 :
814 4034 871 4080 et
896 4025 1159 4094 quisquis,
1191 4034 1250 4080 ut
1277 4025 1465 4089 voluit,
1496 4033 1554 4080 et
1583 4026 1777 4093 potuit,
1808 4026 2045 4078 notarios

460 4116 768 4182 adhibens,
821 4115 982 4171 etiam
1029 4129 1094 4171 ea
1138 4130 1258 4184 qua:
1304 4114 1622 4170 dicebantur
1658 4122 1880 4184 excepta
1919 4114 2047 4172 des-

461 4209 673 4280 cripsit.

545 4318 566 4352 c
607 4298 735 4369 Ejus
763 4297 904 4354 dicta
942 4307 1101 4368 atque
1143 4305 1388 4367 excepta,
1413 4297 1646 4352 maxime
1673 4295 1965 4352 Donatista:
1995 4298 2048 4353 in

465 4389 659 4447 eadem
688 4388 1017 4459 Hipponensi
1050 4389 1136 4443 vel
1170 4388 1342 4443 vicina
1385 4395 1664 4443 manentes
1692 4388 1938 4455 civitate,
1979 4388 2046 4443 ad

470 4494 600 4537 suos
648 4479 927 4550 episcopos
974 4477 1311 4534 deferebant.
1343 4479 1473 4546 Quae
1501 4493 1624 4533 cum
1653 4479 1948 4543 audissent,
1998 4489 2052 4535 et

470 4579 657 4624 contra
700 4570 835 4623 forte
864 4566 1065 4635 aliquid
1092 4566 1366 4632 dicerent,
1405 4575 1497 4621 aut
1522 4581 1554 4621 a
1588 4568 1697 4622 suis
1735 4567 2053 4623 refellebat:-

471 4671 598 4725 tur,
649 4668 740 4714 aut
789 4658 974 4714 eadem
1005 4671 1265 4726 responsa
1314 4658 1378 4711 ad
1411 4669 1652 4713 sanctum
1702 4659 2052 4728 Augustinum

471 4750 874 4815 deferebantur,
906 4748 1092 4818 eisque
1118 4748 1428 4815 compertis,
1463 4749 1731 4818 patienter
1755 4766 1820 4804 ac
1846 4751 2058 4818 leniter,

476 4849 552 4905 et,
586 4850 643 4894 ut
677 4841 931 4908 scriptum
962 4847 1066 4906 est,
1091 4852 1213 4892 cum
1255 4837 1446 4893 timore
1487 4846 1541 4894 et
1577 4847 1810 4895 tremore
1830 4840 2057 4896 salutem

477 4929 715 4986 omnium
766 4929 1090 4999 operabatur
1130 4927 1400 5000 (Philipp.
1440 4945 1510 4995 ll,
1564 4929 1654 4999 12)
1686 4946 1701 4983 :
1733 4932 2060 4999 ostendens,

479 5036 639 5090 quam
663 5020 794 5074 nihil
820 5020 895 5075 illi
923 5019 1170 5074 refellere
1191 5020 1456 5074 voluerint
1483 5035 1545 5075 ac
1567 5022 1855 5087 valuerint,
1880 5038 2065 5093 quam-

481 5127 587 5180 que
633 5124 823 5165 verum
869 5109 1324 5178 manifestumque
1368 5110 1439 5166 sit
1486 5112 1628 5178 quod
1679 5112 1934 5171 Ecclesia:
1970 5113 2066 5169 Dei

486 5203 619 5258 ﬁdes
664 5211 813 5258 tenet
841 5217 904 5256 ac
946 5202 1123 5256 docet.
1157 5202 1222 5256 Et
1251 5201 1368 5256 haec
1405 5190 1596 5258 diebus
1623 5218 1687 5259 ac
1728 5206 1970 5261 noctibus
1998 5208 2066 5260 ab

488 5297 676 5353 eodem
699 5296 902 5366 jugiter
930 5296 1241 5366 agebantur.
1275 5295 1405 5349 Nam
1447 5305 1504 5351 et
1545 5298 1800 5366 epistolas
1831 5302 2066 5367 privatas

490 5386 557 5440 ad
597 5399 840 5456 quosque
862 5384 1104 5453 ejusdem
1131 5386 1330 5440 erroris
1358 5386 1658 5456 episcopos,
1692 5395 1748 5442 et
1769 5387 2068 5443 eminentes

490 5477 702 5534 scilicet
724 5477 893 5533 laicos
914 5475 1083 5542 dedit,
1115 5479 1323 5534 ratione
1351 5480 1559 5536 reddita
1589 5481 1885 5536 admonens
1909 5492 2071 5550 atque

494 5570 822 5636 exhortans,
875 5579 934 5625 ut
967 5572 1050 5627 vel
1093 5573 1161 5627 ab
1198 5572 1288 5628 illa
1317 5587 1375 5629 se
1407 5574 1673 5642 pravitate
1697 5572 2028 5642 corrigerent
2051 5612 2068 5638 ,

495 5659 582 5716 vel
619 5668 767 5717 certe
796 5661 863 5718 ad
906 5662 1320 5734 disputationem
1369 5665 1632 5720 venirent.
1686 5663 1756 5718 At
1786 5662 1860 5717 illi
1896 5675 2072 5717 causae

2108 449 2200 502 sed
2235 450 2354 506 irati
2407 451 2606 507 furiosa
2650 452 3040 522 loquebantur,
3073 463 3232 525 atque
3271 455 3610 512 seductorem
3637 466 3709 514 et

2108 543 2450 612 deceptorem
2481 546 2778 600 animarum
2810 546 3162 617 Augustinum
3190 562 3334 614 esse,
3365 557 3419 602 et
3447 550 3708 618 privatim

2110 648 2163 693 et
2193 640 2403 704 publice
2448 642 2888 705 conclamabant;
2922 650 2975 696 et
3018 651 3075 696 ut
3115 642 3298 711 lupum
3344 643 3711 699 occidendum

2109 745 2230 786 esse
2270 733 2320 786 in
2355 732 2719 788 defensionem
2751 735 2928 804 gregis
2973 736 3078 802 sui,
3110 734 3362 789 dicebant
3401 744 3456 789 et
3496 744 3712 790 tracta-

2114 822 2268 882 bant;
2302 824 2586 892 omniaque
2615 835 2832 893 peccata
2855 841 2882 875 a
2910 825 3018 879 Deo
3047 825 3413 880 indubitanter
3432 840 3558 880 esse
3581 841 3714 881 cre—

2113 914 2346 968 dentium
2380 929 2536 982 posse
2566 915 2758 969 dimitti
2789 916 2854 969 iis
2885 916 2973 985 qui
3009 916 3108 971 hoc
3141 916 3316 972 facere
3345 932 3409 972 ac
3442 919 3715 985 perficere

2116 1009 2445 1076 potuissent,
2496 1022 2595 1062 nec
2627 1008 2791 1062 Deum
2823 1009 3101 1075 timentes,
3151 1023 3253 1064 nec
3284 1009 3531 1063 homines
3572 1024 3717 1064 eru-

2118 1098 2416 1152 bescentes.
2453 1097 2520 1151 Et
2548 1108 2608 1152 ut
2635 1113 2816 1152 eorum
2849 1113 3028 1153 causae
3057 1098 3354 1160 difﬁdentia
3383 1098 3590 1153 cunctis
3621 1099 3718 1152 in-

2117 1198 2451 1255 notesceret,
2502 1189 2837 1244 elaboravit:
2872 1199 2926 1244 et
2967 1190 3193 1259 publicis
3219 1191 3385 1259 gestis
3429 1190 3716 1253 conventi,

2121 1297 2226 1336 non
2256 1291 2380 1336 sunt
2411 1283 2526 1337 ausi
2552 1283 2820 1338 conferre.
2842 1283 3120 1338 Habebam
3145 1284 3308 1338 etiam
3337 1282 3496 1337 iidem
3530 1283 3720 1337 Dona-

2121 1373 2256 1426 tistae
2287 1389 2380 1440 per
2420 1387 2547 1427 suas
2587 1388 2722 1443 pene
2747 1389 2935 1429 omnes
2981 1375 3250 1430 Ecclesias
3278 1375 3573 1428 inauditum
3603 1376 3720 1428 ho-

2121 1465 2322 1518 minum
2368 1477 2537 1532 genus
2582 1479 2887 1530 perversum
2919 1477 2983 1517 ac
3029 1464 3362 1530 violentum,
3417 1464 3564 1517 velut
3607 1461 3721 1516 sub

2125 1555 2455 1624 professione
2493 1553 2884 1609 continentium
2915 1555 3284 1620 ambulantes,
3323 1553 3416 1624 qui
3459 1553 3722 1608 Circum-

2123 1645 2380 1699 celliones
2407 1644 2747 1699 dicebantur.
2782 1645 2849 1699 Et
2890 1654 3043 1700 erant
3083 1645 3136 1699 in
3168 1645 3367 1714 ingenti
3400 1659 3626 1700 numero
3656 1652 3725 1699 et

2049 1726 2093 1787 Β
2124 1738 2292 1792 turbis
2317 1752 2410 1806 per
2439 1751 2627 1791 omnes
2656 1751 2794 1806 pene
2823 1735 3104 1791 Africanas
3133 1735 3382 1805 regiones
3411 1736 3724 1791 constituti.

2118 1832 2222 1899 Qui
2253 1831 2407 1886 malis
2440 1829 2624 1885 imbuti
2663 1829 2994 1895 doctoribus,
3027 1829 3249 1884 audacia
3289 1829 3518 1895 superba
3551 1836 3608 1882 et
3635 1835 3726 1881 te-

2117 1926 2363 1980 meritate
2392 1924 2598 1987 illicita,
2629 1939 2728 1977 nec
2755 1923 2888 1990 suis,
2923 1937 3022 1978 nec
3050 1923 3243 1978 alienis
3273 1921 3562 1990 aliquando
3587 1933 3723 1988 par-

2119 2017 2332 2078 cebant,
2365 2023 2551 2070 contra
2575 2014 2661 2082 jus
2691 2014 2877 2084 fasque
2920 2015 2973 2068 in
3003 2015 3180 2070 causis
3206 2012 3590 2068 interdicentes
3617 2011 3728 2064 ho-

2122 2105 2353 2160 minibus
2382 2122 2395 2159 :
2420 2113 2475 2159 et
2518 2106 2618 2160 nisi
2664 2105 3006 2170 obedissent,
3039 2105 3251 2159 damnis
3279 2101 3611 2174 gravissimis
3660 2110 3730 2157 et

2123 2197 2360 2253 caedibus
2390 2197 2717 2261 efficiebant,
2748 2196 2942 2251 armati
2966 2196 3196 2251 diversis
3220 2195 3363 2261 telis,
3391 2193 3732 2249 bacchantes

2125 2304 2222 2359 per
2249 2304 2407 2357 agros
2436 2288 2727 2358 villasque,
2780 2302 2948 2356 usque
2994 2287 3061 2341 ad
3093 2284 3369 2356 sanguinis
3398 2283 3727 2340 effusionem

2126 2379 2386 2434 accedere
2414 2395 2518 2433 non
2559 2389 2884 2434 metuentes.
2931 2377 3038 2433 Sed
3067 2377 3195 2432 dum
3223 2377 3448 2432 verbum
3491 2375 3582 2429 Dei
3626 2388 3727 2430 se-

2128 2472 2252 2526 dulo
2281 2471 2699 2540 praedicaretur,
2731 2477 2932 2525 etcum
2975 2469 3057 2523 his
3093 2468 3185 2536 qui
3215 2467 3444 2522 oderant
3487 2479 3681 2535 pacem
3708 2505 3732 2531 .

2130 2561 2276 2631 pacis
2327 2561 2468 2615 ratio
2523 2560 2845 2624 haberetur,
2899 2559 2974 2614 illi
3033 2560 3336 2629 loquentem
3375 2556 3730 2614 debellabant

2131 2653 2315 2722 gratis.
2347 2653 2412 2707 Et
2439 2667 2559 2709 cum
2586 2651 2848 2706 adversus
2877 2665 3063 2707 eorum
3094 2651 3291 2719 dogma
3333 2647 3536 2703 veritas
3567 2646 3734 2700 inno-

2134 2751 2401 2808 tesceret,
2431 2743 2520 2810 qui
2567 2741 2822 2796 volebant
2869 2751 2924 2795 et
2977 2749 3252 2809 poterant,
3295 2752 3420 2794 sese
3465 2737 3591 2792 inde
3642 2737 3737 2792 vel

2135 2831 2436 2902 eripiebant
2461 2831 2543 2887 vel
2570 2831 2957 2895 subdueebant,
2983 2840 3038 2885 et
3068 2831 3181 2898 paci
3213 2838 3373 2898 atque
3401 2828 3596 2883 unitati
3621 2827 3731 2881 Ee-

2136 2923 2315 2978 clesiaa
2344 2937 2466 2978 cum
2502 2921 2615 2976 suis
2643 2922 2840 2989 quibus
2879 2930 3124 2989 poterant
3154 2920 3519 2975 cohaerebant.
3569 2916 3734 2974 [inde

2141 3015 2218 3070 illi
2246 3016 2328 3069 sui
2358 3016 2560 3069 erroris
2587 3015 3031 3084 congregationes
3059 3014 3222 3068 minui
3253 3013 3524 3080 videntes,
3569 3021 3739 3082 atque

2139 3105 2442 3174 augmentis
2491 3104 2746 3160 Ecclesiae
2786 3105 3124 3169 invidentes,
3157 3104 3367 3159 accensi
3413 3101 3741 3158 exardesce-

2140 3195 2271 3251 bant
2305 3195 2381 3249 ira
2412 3195 2756 3262 gravissima,
2808 3204 2864 3250 et
2901 3194 3272 3251 intolerabiles
3325 3193 3743 3264 persecutiones

2140 3286 2331 3340 unitati
2362 3285 2621 3340 Ecclesiae
2649 3285 2914 3355 compacti
2943 3285 3239 3348 faciebant;
3274 3284 3516 3354 ipsisque
3551 3297 3743 3339 sacer-

2141 3377 2358 3434 dotibus
2383 3377 2659 3432 catholicis
2695 3385 2750 3432 et
2797 3376 3057 3432 ministris
3095 3378 3471 3448 aggressiones
3510 3375 3744 3430 diurnas

2140 3479 2300 3541 atque
2326 3483 2634 3535 nocturnas,
2661 3469 3096 3538 direptionesque
3125 3485 3304 3524 rerum
3336 3467 3576 3523 omnium
3599 3464 3745 3522 infe-

2142 3565 2353 3620 rebant.
2384 3563 2515 3618 Nam
2545 3573 2600 3617 et
2631 3562 2828 3617 multos
2875 3563 2967 3618 Dei
2997 3577 3185 3618 servos
3215 3560 3452 3617 caedibus
3482 3560 3747 3616 debilita-

2143 3665 2359 3711 verunt.
2389 3655 2668 3726 Aliquibus
2695 3657 2855 3709 etiam
2887 3655 3089 3709 calcem
3119 3669 3241 3709 cum
3274 3663 3426 3708 aceto
3453 3653 3506 3707 in
3548 3651 3746 3705 oculos

2146 3747 2444 3811 miserunt,
2507 3747 2749 3817 aliosque
2797 3747 3129 3801 occiderunt.
3191 3744 3347 3800 Unde
3402 3743 3562 3799 etiam
3624 3741 3747 3796 suis

2147 3837 2310 3893 iidem
2341 3837 2631 3892 Donatistae
2677 3838 3104 3906 rebaptizatores
3135 3837 3186 3892 in
3215 3836 3398 3891 odium
3425 3834 3747 3890 veniebant.

2226 3946 2245 3978 ι
2274 3928 2571 3998 Aliquoties
2608 3943 2738 3983 vero
2766 3928 2925 3984 etiam
2955 3928 3068 3982 vias
3097 3930 3286 3982 armati
3312 3927 3472 3982 iidem
3491 3926 3750 3980 Circum-

2148 4018 2405 4072 celliones
2441 4026 2629 4072 contra
2676 4017 2933 4074 famulum
2983 4017 3077 4072 Dei
3116 4016 3471 4085 Augustinum
3512 4016 3750 4072 obsede-

2149 4118 2311 4173 runt,
2371 4106 2497 4161 dum
2557 4108 2692 4162 forte
2734 4108 2835 4162 iret
2892 4116 3107 4177 rogatus
3151 4108 3219 4161 ad
3264 4106 3600 4167 visitandas,
3651 4104 3746 4158 in-

2151 4199 2433 4254 struendas
2453 4208 2507 4254 et
2527 4198 2892 4254 exhortandus
2913 4198 3203 4253 catholicas
3225 4198 3437 4267 plebes;
3460 4196 3601 4267 quod
3625 4196 3751 4265 ipse

2151 4293 2587 4361 frequentissime
2616 4293 2871 4347 faciebat.
2900 4292 2967 4346 Et
2993 4291 3280 4359 aliquando
3307 4291 3555 4360 contigit,
3584 4299 3644 4342 ut
3666 4288 3750 4343 illi

2152 4383 2531 4438 succenturiati
2563 4384 2820 4438 hactenus
2861 4383 3144 4452 perderent
3183 4382 3528 4451 captionem:
3559 4380 3753 4435 evenit

2080 4461 2297 4532 Denim
2331 4476 2424 4532 Dei
2465 4477 2685 4546 quidem
2732 4476 3097 4546 providentia,
3137 4475 3232 4529 sed
3273 4475 3544 4529 ducatoris
3575 4473 3756 4526 homi-

2161 4571 2246 4626 nis
2284 4584 2468 4625 erroie
2489 4611 2504 4638 ,
2555 4578 2612 4622 ut
2644 4583 2739 4637 per
2768 4568 2925 4622 aliam
2958 4567 3100 4622 viam
3131 4581 3254 4620 cum
3287 4568 3398 4620 suis
3434 4563 3750 4629 comitibus,

2162 4660 2412 4715 sacerdos
2437 4673 2544 4728 quo
2570 4658 2820 4714 tendebat
2839 4659 3089 4723 venisset,
3117 4665 3279 4727 atque
3308 4673 3403 4727 per
3428 4656 3569 4710 hunc
3590 4670 3758 4724 quem

2165 4761 2347 4822 postea
2375 4752 2622 4820 cognovit
2650 4765 2910 4816 errorem,
2940 4764 3128 4803 manus
3159 4749 3349 4817 impias
3376 4749 3659 4804 evasisset.
3689 4749 3761 4804 Et

2166 4858 2287 4897 cum
2310 4843 2363 4896 in
2376 4841 2624 4896 omnibus
2646 4841 2922 4896 liberatori
2944 4841 3053 4895 Deo
3074 4840 3271 4910 gratias
3290 4842 3510 4910 egisset,
3531 4841 3760 4896 omnino

2167 4949 2265 4989 suo
2304 4949 2453 4990 more
2500 4935 2573 4988 illi
2627 4948 2726 4988 nec
2776 4933 2927 4988 laicis
2971 4947 3074 4987 nec
3109 4933 3320 4987 clericis
3356 4941 3757 5001 pepercerunt,

2167 5026 2304 5082 sicut
2343 5025 2550 5096 publica
2590 5033 2958 5079 contestantur
2986 5034 3154 5094 gesta.

2247 5137 2266 5168 ε
2297 5117 2440 5171 lnter
2469 5131 2530 5170 ea
2560 5115 2822 5169 silendum
2855 5131 2960 5169 non
2993 5127 3095 5180 est,
3125 5115 3267 5184 quod
3305 5114 3371 5169 ad
3415 5115 3627 5170 laudem
3661 5114 3761 5170 Dei

2169 5225 2264 5279 per
2292 5208 2434 5262 illius
2459 5217 2562 5260 tam
2585 5207 2784 5276 egregii
2812 5206 2864 5260 in
2889 5208 3122 5261 Ecclesia
3152 5207 3250 5261 viri
3278 5206 3513 5262 studium
3537 5206 3763 5260 domus-

2171 5314 2274 5368 que
2296 5299 2387 5353 Dei
2417 5297 2587 5351 zelum
2617 5297 2876 5350 adversus
2901 5297 3181 5365 praedictos
3203 5296 3627 5365 rebaptizatores
3655 5293 3764 5348 Do-

2172 5393 2397 5446 natistas
2423 5399 2626 5459 gestum
2659 5397 2712 5442 et
2739 5387 3034 5456 perfectum
3065 5396 3163 5442 est.
3195 5386 3326 5440 Cum
3357 5386 3492 5439 forte
3518 5399 3661 5439 unus
3692 5399 3762 5439 ex

2173 5481 2238 5536 iis
2262 5495 2397 5549 quos
2427 5479 2494 5533 de
2529 5494 2627 5534 suo
2657 5477 2982 5532 monasterio
3008 5486 3061 5532 et
3085 5477 3230 5532 clero
3259 5476 3545 5547 episc'mios
3572 5477 3761 5532 Ecclec

2174 5572 2269 5626 site
2299 5577 2698 5639 propagaverat,
2728 5569 2794 5622 ad
2823 5583 2974 5623 suam
3001 5583 3185 5623 curam
3217 5569 3574 5636 pertinentem
3603 5566 3760 5621 C‘ala-

2177 5661 2376 5716 mensis
2409 5659 2663 5714 Ecclesiae
2691 5657 2964 5716 dioecesim
2995 5659 3255 5727 visitaret,
3279 5667 3333 5712 et
3355 5672 3476 5728 quae
3499 5656 3762 5712 didicerat
