4010 6350
237 320 295 372 21
1156 302 1432 363 NOTITIA
1471 293 1892 356 LlTTEBARlA
1935 292 1998 349 ΙΝ
2037 294 2097 351 S.
2143 291 2612 351 AUGUSTINUM.
3421 281 3490 334 22

241 446 328 497 pro
361 441 490 497 pace
523 421 776 479 Ecclesia:
805 427 992 475 contra
1021 418 1164 473 iilam
1198 416 1442 472 haeresim
1474 413 1807 483 prardiearct,
1839 433 1850 466 .‘

1955 443 2036 481 ire
2062 428 2488 496 frequentissime
2509 427 2804 493 disputans.
2825 423 2887 476 Et
2913 420 3161 491 quoniam
3186 418 3343 472 iidem
3371 431 3489 485 per-

238 523 430 575 faetum
465 528 547 574 est
578 529 631 570 ut
659 517 833 571 medio
864 516 1056 570 itinere
1094 528 1279 568 eorum
1310 511 1528 566 insidias
1558 509 1815 564 incurris—
1915 521 2052 574 versi
2077 519 2201 574 θεαί
2228 519 2536 586 apostolica;
2567 532 2664 586 per
2693 529 2843 570 suam
2873 511 3219 568 ambitionem
3247 512 3489 564 eamdem

235 620 334 675 εει»
371 619 423 663 ει
455 622 735 678 βετνλευηι
760 621 882 661 cum
911 603 1157 660 omnib'ls
1196 605 1268 658 illi
1295 601 1694 663 comitantibus,
1727 614 1810 654 sn-
1918 610 2191 680 perfidiam
2216 611 2540 680 persuadere
2561 609 2911 675 conabamur,
2935 607 3315 662 instantissime
3330 604 3488 660 etiam

239 701 397 755 blatis
427 700 742 754 animalibus
769 710 820 754 ει
844 699 1024 762 Rbus.
1055 697 1262 768 ἰηζιυνίἰι
1291 706 1345 750 ει
1369 695 1517 750 (‘de
1546 709 1666 747 eum
1695 706 1816 761 8m-
1917 703 2159 758 cnnciliis
2201 701 2466 756 Africanis
2515 710 2820 755 sanctorum
2861 701 3233 768 episcoporum
3283 707 3489 764 gestum
3555 737 3559 750 .

233 792 456 847 vissima
486 791 805 846 an‘ecissent.
832 791 907 846 De
926 806 1026 860 qua
1051 806 1130 857 re,
1163 806 1230 844 ne
1253 789 1399 860 pacis
1428 788 1680 843 Ecclesia:
1703 801 1819 840 am—
1919 805 2022 860 est,
2063 803 2119 848 ιιι
2143 802 2328 849 sancio
2359 807 2510 862 papa,
2541 790 2725 856 Urbis,
2759 799 2811 844 ει
2842 789 2990 858 prius
3015 785 3306 842 venerabili
3340 786 3489 838 ιηηο-

235 883 376 951 plius
408 882 758 949 impediretur
800 883 1090 950 profectus,
1119 882 1370 936 defensor
1399 879 1648 934 Ecclesiae
1682 878 1819 931 inter

1955 886 2114 944 entio.
2147 893 2201 939 et
2235 895 2417 954 postea
2448 890 2636 937 sancto
2666 881 2878 935 Zosimo
2907 879 3022 949 ejus
3048 874 3347 934 successori
3376 890 3494 944 per-

236 973 384 1038 leges
415 988 522 1027 non
549 972 712 1026 siluit.
747 973 808 1026 Et
830 973 1137 1042 praeceptus
1165 979 1247 1025 est
1277 969 1572 1038 Crispinus,
1601 967 1689 1036 qui
1716 965 1821 1020 eis-

1955 977 2249 1039 naderetur,
2275 992 2432 1045 quam
2454 975 2543 1030 illa
2569 983 2713 1029 secta
2739 988 2767 1027 a
2785 973 2902 1027 iide
2924 971 3184 1026 catholica
3212 980 3266 1025 et
3290 970 3496 1024 abomi-

234 1062 357 1116 dem
391 1063 680 1118 Donatistis
710 1063 759 1117 in
790 1061 1092 1116 Calamensi
1137 1062 1350 1116 civitate
1376 1070 1430 1115 et
1459 1059 1677 1129 regione
1701 1057 1820 1125 epi-

1959 1066 2095 1120 anda
2123 1077 2178 1120 et
2203 1066 2502 1120 damnanda
2537 1066 2742 1120 fuisset.
2775 1067 2844 1118 At
2873 1063 2947 1117 illi
2981 1071 3139 1117 tanta:
3165 1061 3307 1116 sedis
3336 1061 3498 1114 antis-

234 1171 434 1223 Sropus
483 1157 598 1219 fuit,
626 1157 946 1225 Draadicatus
972 1156 1176 1210 scilicet
1198 1163 1250 1207 et
1277 1153 1426 1206 multi
1459 1150 1736 1219 temporis,
1769 1156 1823 1202 et

1955 1161 2068 1222 ltes,
2090 1159 2200 1212 suis
2213 1157 2441 1213 diversis
2463 1159 2790 1226 temporibus
2810 1156 3027 1212 eosdem
3049 1165 3316 1219 notantes,
3341 1164 3498 1222 atque

234 1245 430 1300 doctus
460 1248 524 1298 ad
563 1246 816 1300 mulctam
865 1246 1032 1300 teucri
1063 1243 1327 1298 aurarium
1365 1241 1592 1310 publicis
1621 1239 1822 1308 legibus
1923 1265 1952 1304 a
1984 1249 2238 1305 membris
2270 1249 2524 1305 Ecclesia;
2555 1249 2928 1318 praecidentes,
2956 1247 3094 1301 datis
3123 1247 3311 1300 litteris
3353 1253 3405 1298 et
3433 1245 3499 1298 ad

235 1349 424 1391 contra
477 1338 759 1406 haereticos
787 1339 1152 1391 constitutam.
1185 1335 1286 1402 Qui
1318 1335 1583 1389 resultans
1618 1330 1824 1401 legibus
1925 1342 2202 1398 Africanas
2241 1341 2568 1409 Occidentis,
2599 1350 2653 1396 et,
2677 1342 2742 1395 ad
2771 1339 3001 1396 Orientis
3027 1342 3191 1410 partis
3214 1341 3501 1404 Ecclesins,

239 1440 600 1500 prtcsentatus
621 1447 740 1486 cum
763 1431 902 1501 apud
931 1430 1312 1485 Prnconsulem
1334 1443 1395 1484 se
1417 1436 1636 1496 negaret
1653 1425 1826 1479 haere-
1925 1448 2018 1488 eos
2044 1434 2463 1488 anathemandos
2500 1442 2556 1489 et
2595 1433 2908 1489 devitandas
2941 1433 3008 1488 ab
3033 1435 3283 1488 omnibus
3308 1434 3502 1488 Catho-

241 1527 426 1590 ticum,
453 1525 640 1580 oborta
670 1535 754 1580 est
783 1525 1095 1590 necessitas,
1122 1533 1181 1578 ut
1209 1523 1285 1577 illi
1329 1520 1615 1580 recedente
1643 1517 1826 1573 Eccle—
1927 1522 2045 1577 licis
2069 1533 2410 1579 censuerunt.
2445 1524 2512 1578 Et
2541 1525 2644 1578 tale
2670 1525 2738 1579 de
2776 1524 2882 1579 illis
2914 1524 3168 1578 Ecclesia:
3194 1524 3291 1579 Dei
3315 1523 3504 1578 catho-

240 1617 338 1669 size
372 1615 696 1679 defensore,
746 1630 775 1668 a
831 1614 1097 1669 catholico
1148 1613 1400 1681 episcopo
1450 1609 1823 1673 resisteretur,

243 1717 300 1759 et
324 1707 731 1761 convinceretur
756 1720 875 1760 eum
896 1719 1038 1768 esse,
1060 1703 1200 1774 quod
1227 1717 1287 1758 se
1315 1701 1476 1756 fuisse
1499 1705 1785 1769 negaverat
1811 1713 1822 1749 :

1930 1613 2046 1668 lica:
2091 1615 2355 1684 prolatum
2398 1614 2689 1684 judicium,
2720 1615 2880 1670 etiam
2923 1615 3191 1684 piissimus
3216 1616 3506 1684 imperator

1932 1705 2194 1762 Honorius
2232 1708 2455 1762 audiens
2496 1723 2560 1763 ac
2589 1723 2844 1777 sequens,
2875 1709 2986 1762 suis
3013 1722 3107 1763 eos
3131 1708 3334 1777 legibus
3361 1707 3506 1762 dam-

243 1797 496 1864 quoniam
525 1797 569 1850 si
598 1794 666 1849 ab
687 1795 874 1849 eodem
898 1794 1345 1857 dissimularetur,
1377 1790 1514 1844 forte
1533 1788 1826 1842 catholicus

1955 1809 2104 1866 latos,
2130 1800 2268 1856 inter
2295 1800 2572 1855 haereticos
2602 1800 2781 1855 haberi
2812 1800 3009 1855 debere
3036 1801 3330 1854 constituit.
3359 1799 3510 1854 Unde

245 1888 530 1956 episcOpus
580 1888 648 1941 ab
705 1888 1074 1956 ignorantibus
1132 1887 1414 1941 haereticus
1472 1885 1824 1950 crederetur,

248 1979 342 2033 illo
371 1994 430 2032 se
457 1979 595 2047 quod
616 1989 734 2032 erat
759 1989 1185 2047 negante,_atque
1202 1979 1270 2034 ita
1295 1994 1357 2033 ex
1387 1978 1486 2032 hac
1505 1978 1722 2033 dissidia
1750 1978 1830 2031 itt-

256 2069 426 2125 tirmis
455 2071 767 2126 scandalum
820 2081 1148 2127 nasceretur.
1192 2073 1256 2127 Et
1287 2072 1618 2128 memorabili
1646 2073 1831 2137 Augu-

248 2160 395 2213 Stino
424 2162 659 2216 antistite
687 2163 1011 2218 omnimodis
1037 2163 1290 2228 instante,
1315 2163 1380 2218 ad
1410 2164 1827 2218 controversiam

250 2249 412 2304 ambo
434 2251 508 2306 illi
529 2250 874 2308 Calamenses
895 2254 1132 2324 episcopi
1154 2265 1434 2320 venerunt,
1458 2262 1512 2308 et
1528 2253 1595 2309 de
1621 2255 1735 2324 ipsa
1756 2253 1835 2307 di-

251 2354 410 2395 versa
439 2345 818 2400 communione
845 2346 1004 2400 tertio
1031 2345 1336 2401 conﬂictum
1378 2360 1560 2402 secum
1589 2357 1834 2416 egerunt,

255 2445 450 2500 magna
483 2434 796 2502 p0pulorum
837 2434 1252 2491 christianorum
1292 2436 1632 2492 multitudine
1657 2451 1837 2491 causae

255 2521 483 2592 exitum,
528 2534 582 2578 et
605 2525 744 2594 apud
775 2524 1173 2597 Carthaginem,
1206 2535 1260 2582 et
1285 2541 1380 2596 per
1407 2535 1572 2582 totam
1601 2526 1838 2583 Africam

258 2619 646 2680 exspectante:
678 2625 836 2685 atque
868 2617 958 2672 ille
987 2617 1268 2684 CriSpinus
1299 2616 1664 2686 proconsulari
1692 2627 1748 2672 et
1777 2615 1842 2672 li-

258 2702 450 2757 bellari
475 2707 736 2761 sententia
763 2716 844 2762 est
872 2709 1251 2778 pronuntiatus
1278 2710 1582 2768 haereticus.
1609 2710 1712 2764 Pro
1733 2724 1840 2779 quo

259 2792 349 2848 ille
363 2794 504 2863 apud
526 2795 869 2866 Cognitoretn
892 2799 1191 2855 catholicus
1208 2803 1492 2870 episcopus
1515 2802 1837 2868 lntercessit,

260 2900 329 2940 ne
350 2888 560 2941 auraria
582 2890 778 2944 mulcta
800 2892 1133 2960 exigeretur;
1157 2902 1214 2948 et
1231 2893 1281 2949 ei
1301 2903 1383 2948 est
1406 2893 1721 2950 beneficium
1745 2893 1846 2949 im-

260 2986 547 3048 petratum.
579 2980 734 3038 Unde
761 2998 883 3038 cum
915 2984 1155 3056 ingratus
1184 2985 1250 3040 ad
1303 2986 1602 3056 piissimum
1636 2986 1843 3041 Princi-

260 3082 380 3138 pem
415 3082 781 3138 provocasset,
802 3082 859 3128 et
882 3075 951 3130 ab
977 3076 1301 3145 lmperatore
1329 3076 1571 3133 relationi
1602 3077 1839 3134 debitum

263 3171 346 3217 est
384 3176 706 3234 responsum
747 3166 1018 3234 solutum,
1047 3177 1102 3224 et
1128 3177 1476 3226 consecutum
1513 3179 1598 3226 est
1644 3184 1844 3238 praece-
1867 3150 1916 3215 (ἶ

264 3262 438 3323 ptum,
470 3255 623 3310 nullo
670 3271 889 3326 prorsus
931 3259 1051 3315 loco
1081 3260 1365 3316 haereticos
1394 3260 1700 3318 Donatistas
1724 3276 1845 3318 esse

262 3344 484 3412 debere,
513 3355 567 3401 et
593 3361 688 3402 eos
716 3347 783 3402 ad
814 3349 918 3404 vim
944 3349 1116 3420 legum
1146 3354 1385 3407 omnium
1415 3361 1599 3408 contra
1632 3353 1846 3408 haereti-

263 3450 354 3492 cos
386 3436 618 3492 latarum
649 3439 847 3508 ubique
878 3440 1047 3495 teneri
1077 3441 1292 3498 debere.
1326 3441 1405 3496 Ex
1436 3457 1545 3510 quo
1568 3450 1624 3498 et
1649 3442 1844 3509 iudex,

267 3536 317 3582 et
344 3526 617 3597 Ofﬁcium,
667 3540 724 3586 et
753 3532 896 3588 idem
925 3533 1225 3603 Crispinus,
1259 3535 1402 3604 quod
1441 3535 1660 3592 minime
1689 3534 1849 3590 fuerit

268 3626 508 3685 exactus,
539 3622 790 3692 praecepti
818 3631 946 3677 sunt
968 3623 1136 3679 denas
1163 3625 1278 3679 auri
1311 3625 1476 3680 libras
1506 3627 1617 3680 tisci
1643 3626 1848 3696 juribus

268 3709 486 3766 inferre.
524 3711 628 3768 Sed
660 3715 906 3784 protinus
953 3731 1116 3785 opera
1156 3716 1276 3772 data
1304 3729 1383 3774 est
1431 3733 1526 3787 per
1557 3718 1849 3774 catholicos

269 3802 582 3874 θρίεωροε,
635 3807 898 3876 praecipue
925 3822 1025 3877 per
1061 3817 1262 3864 sancta
1291 3810 1570 3866 memoriae
1597 3810 1850 3878 Augusti-

271 3907 417 3960 num,
456 3901 516 3948 ut
544 3895 630 3948 illa
658 3895 897 3952 omnium
926 3897 1302 3953 condemnatio
1332 3900 1586 3969 principis
1610 3899 1847 3956 dimitte-

272 3994 417 4039 retur
461 3984 827 4056 indulgentia:
858 3995 912 4044 et
961 3989 1186 4044 Domino
1224 3990 1510 4055 adiuvante
1554 3989 1850 4060 perfectum

275 4085 371 4129 est.
402 4075 517 4144 Qua
547 4077 819 4148 diligentia
844 4091 898 4137 et
925 4094 1110 4138 saneto
1151 4085 1329 4139 studio
1361 4084 1529 4158 magis
1559 4086 1848 4155 magisque,

276 4164 492 4234 iuvante
531 4165 782 4236 Christo,
822 4172 892 4226 de
929 4171 1016 4228 die
1043 4173 1096 4228 in
1128 4174 1268 4229 diem
1309 4175 1601 4246 augebatur
1629 4185 1681 4231 et
1720 4175 1857 4231 mul-

278 4258 615 4327 tip'icabatur
645 4263 790 4330 pacis
819 4263 1014 4331 unitas,
1042 4274 1094 4321 et
1117 4265 1373 4321 Ecclesiae
1397 4265 1488 4320 Dei
1523 4265 1852 4322 fraternitas.

279 4347 341 4402 Et
368 4349 420 4404 id
465 4351 696 4407 maxime
726 4353 918 4408 factum
965 4365 1045 4410 est
1073 4363 1196 4424 post
1233 4356 1597 4423 collationem,
1631 4371 1749 4427 quae
1789 4359 1856 4412 ab

279 4445 542 4500 universis
571 4446 834 4515 episcopis
856 4447 1135 4504 catholicis
1164 4449 1302 4518 apud
1332 4448 1705 4519 Carthaginem
1734 4464 1854 4504 cum

1931 1890 2168 1945 nonnulli
2208 1906 2273 1945 ex
2303 1890 2380 1946 eis
2409 1890 2474 1945 ad
2502 1900 2700 1945 sancta:
2731 1890 2916 1945 matris
2939 1890 3192 1946 Ecclesia:
3220 1890 3507 1960 gremium,

1932 1981 2075 2036 unde
2118 1982 2443 2046 resilierant,
2493 1981 2782 2046 redierunt,
2822 1980 3188 2036 innotescente
3221 1992 3277 2036 et
3306 1997 3511 2049 praeva-

1932 2071 2164 2127 lescente
2193 2072 2446 2128 adversus
2484 2073 2632 2128 illum
2662 2073 3028 2129 detestabilem
3081 2089 3318 2129 errorem
3350 2084 3509 2130 rectm

1936 2164 2061 2220 ﬁdei
2086 2165 2328 2220 veritate.

2013 2275 2031 2309 ι
2064 2257 2129 2312 Et
2168 2267 2281 2312 erat
2317 2257 2408 2312 ille
2438 2257 2799 2313 memorabilis
2828 2258 2940 2328 vir,
2972 2261 3297 2330 prtecipuum
3344 2259 3515 2314 domi-

1938 2348 2041 2403 nici
2069 2348 2311 2418 corporis
2352 2348 2681 2413 membrum,
2727 2350 2866 2404 circa
2894 2351 3216 2407 universalis
3262 2352 3518 2406 Ecclesia;

1936 2438 2215 2493 utilitatem
2245 2437 2506 2492 sollicitus
2529 2453 2742 2509 semper
2770 2454 2832 2494 ac
2857 2441 3097 2510 pervigil.
3132 2442 3198 2496 Et
3227 2441 3300 2496 illi
3328 2442 3518 2496 divini-

1937 2536 2022 2582 tus
2043 2529 2295 2583 donatum
2325 2538 2426 2594 est,
2459 2539 2516 2583 ut
2544 2530 2610 2585 de
2631 2545 2846 2586 suorum
2876 2531 3112 2587 laborum
3137 2531 3336 2595 fructu.
3355 2534 3518 2588 etiam

1941 2620 1995 2676 in
2023 2619 2120 2675 hac
2140 2619 2245 2675 vita
2268 2618 2501 2691 gaudere
2527 2622 2880 2691 provenisset,
2903 2623 3048 2691 prius
3079 2622 3292 2694 quidem
3319 2625 3369 2677 in
3392 2623 3520 2693 Hip-

1942 2714 2164 2784 ponensi
2195 2713 2431 2768 Ecclesia
2463 2722 2516 2767 et
2541 2713 2782 2782 regione,
2804 2715 2888 2768 cui
2919 2713 3150 2769 maxime
3180 2715 3519 2784 prtesidebat,

1943 2804 2146 2860 unitate
2181 2818 2246 2858 ac
2273 2819 2401 2872 pace
2431 2803 2695 2873 perfecta;
2721 2805 2913 2860 deinde
2945 2806 2995 2859 in
3027 2806 3146 2861 aliis
3183 2806 3374 2860 Africa:
3404 2823 3524 2875 par-

1944 2895 2103 2963 tibus,
2133 2896 2244 2952 sive
2275 2912 2370 2966 per
2396 2911 2456 2952 se
2490 2896 2684 2967 ipsum,
2710 2900 2825 2954 sive
2863 2913 2957 2967 per
2986 2897 3141 2963 alios,
3163 2907 3218 2952 et
3245 2913 3380 2967 quos
3410 2900 3525 2968 ipse

1945 2987 2166 3042 dederat
2189 2987 2518 3052 sacerdotes,
2537 2988 2844 3056 pullulasse,
2861 2999 2914 3042 et
2932 2988 3335 3056 multiplicatam
3363 2989 3526 3045 fuisse

1947 3076 2157 3132 Domini
2182 3076 2471 3133 Ecclesiam
2491 3078 2795 3147 pervidens,
2821 3080 3041 3149 illosque
3059 3079 3395 3144 Manichazos,
3423 3080 3528 3136 Do-

1949 3170 2201 3235 natistas,
2237 3167 2647 3239 Pelagianistas,
2679 3181 2732 3226 et
2777 3171 3016 3240 Paganns
3042 3185 3107 3226 ex
3156 3187 3346 3242 magna
3375 3179 3528 3240 parte

1947 3258 2226 3325 deiecisse,
2257 3263 2311 3313 et
2337 3257 2591 3314 Ecclesia:
2620 3258 2710 3314 Dei
2740 3259 2971 3314 sociatos
3001 3274 3119 3315 esse
3146 3260 3484 3330 congaudens
3510 3276 3527 3314 :

1947 3349 2277 3420 profectibus
2315 3363 2527 3420 quoque
2550 3359 2605 3404 et
2624 3349 2813 3405 studiis
2849 3351 3035 3406 favens
3063 3360 3179 3406 erat
3201 3360 3256 3405 et
3281 3352 3528 3406 exultans

1947 3439 2210 3494 bonorum
2249 3439 2528 3504 omnium;
2580 3439 3095 3508 indiscipliuatioues
3143 3443 3226 3510 pie
3254 3457 3316 3496 ac
3344 3452 3531 3496 sancte

1948 3533 2180 3587 tolerans
2225 3530 2484 3595 fratrum,
2535 3530 2996 3602 ingemiscensque
3038 3532 3104 3586 de
3163 3532 3531 3602 iniquitatibus

1949 3623 2232 3688 malorum,
2250 3622 2362 3678 sive
2381 3636 2563 3677 eorum
2591 3621 2683 3692 qui
2708 3623 2843 3677 intra
2873 3624 3186 3688 Ecclesiam,
3210 3624 3323 3678 sive
3345 3639 3532 3678 eorum

1949 3718 2039 3785 qui
2070 3726 2222 3770 extra
2273 3715 2568 3771 Ecclesiam
2619 3724 2745 3770 sunt
2779 3716 3094 3785 constituti,
3127 3716 3433 3783 dominicis,
3479 3726 3536 3770 ut

1950 3809 2086 3874 dixi,
2128 3809 2292 3864 lucris
2320 3824 2533 3878 semper
2557 3809 2814 3878 gaudens,
2845 3819 2899 3864 et
2928 3809 3140 3864 damnis
3172 3823 3425 3865 mmrens.

2029 3918 2048 3954 ί
2088 3899 2277 3956 Vestes
2304 3899 2422 3968 ejus
2467 3907 2521 3954 ct
2547 3900 2910 3955 calceamenta
2940 3902 3020 3953 vel
3054 3900 3292 3954 lectualia
3322 3914 3389 3953 ex
3422 3914 3535 3953 mo-

1955 3991 2140 4047 derato
2177 4000 2230 4046 et
2265 3992 2588 4058 competenti
2641 3991 2820 4044 habitu
2874 4001 3058 4057 erant,
3103 4007 3202 4045 nec
3237 3990 3401 4044 nitida
3453 3991 3504 4043 ni

1955 4085 2152 4152 mium,
2202 4097 2301 4138 nec
2329 4082 2534 4151 abiecta
2576 4081 2862 4152 plurimum
2895 4101 2907 4135 :
2943 4084 3068 4152 quia
3108 4082 3192 4136 his
3223 4081 3536 4152 plerumque

1956 4175 2037 4229 vel
2065 4175 2264 4244 jactare
2293 4190 2351 4229 se
2374 4174 2664 4230 insolenter
2687 4174 2931 4230 homines
2952 4175 3147 4239 solent,
3171 4174 3252 4229 vel
3275 4175 3540 4243 ahjicere;

1957 4280 2025 4322 ex
2060 4274 2285 4336 utroque
2314 4281 2420 4322 non
2460 4280 2580 4337 qua:
2607 4264 2736 4320 Jesu
2774 4265 2993 4332 Christi,
3026 4265 3118 4320 sed
3148 4281 3264 4335 qua:
3292 4281 3388 4320 sua
3417 4274 3545 4320 sunt

1959 4359 2117 4414 iidem
2147 4367 2450 4428 qurerentes
2482 4374 2493 4409 :
2523 4366 2577 4411 at
2607 4358 2736 4424 iste,
2769 4366 2824 4410 ιιι
2853 4356 3001 4423 dixi,
3041 4357 3276 4411 medium
3307 4356 3542 4422 tenebat,

1961 4465 2134 4522 neque
2181 4451 2232 4505 in
2262 4451 2572 4515 dexteram,
2621 4464 2794 4516 neque
2842 4449 2894 4502 in
2924 4449 3196 4503 sinistram
3245 4449 3542 4505 declinans.

282 4535 486 4592 eisdem
517 4537 910 4594 Donatistarum
937 4541 1202 4610 episcopis
1232 4542 1568 4610 postmodum
1599 4543 1733 4596 facta
1754 4551 1858 4608 est,
1887 4524 1936 4587 Ι)
1962 4541 2117 4596 Olera
2165 4550 2218 4595 et
2255 4541 2547 4612 legumina,
2594 4541 2755 4595 etiam
2785 4553 2974 4594 carnes
3003 4539 3289 4608 aliquando
3331 4548 3548 4610 propter

282 4627 332 4683 id
352 4629 578 4698 jubente
607 4631 993 4700 gloriosissimo
1016 4641 1070 4687 et
1095 4632 1495 4703 religiosissime
1540 4635 1861 4703 imperatore

285 4720 553 4789 Honorio;
586 4735 804 4794 propter
828 4726 969 4796 quod
1000 4727 1381 4796 perficiendum
1413 4731 1571 4783 etiam
1606 4743 1634 4783 a
1665 4745 1762 4784 suo
1785 4731 1863 4784 la-

285 4821 397 4868 tere
428 4815 698 4871 tribunum
745 4827 801 4873 et
827 4820 1090 4873 notarium
1123 4819 1485 4875 Marcellinum
1525 4822 1589 4876 ad
1626 4822 1859 4878 Africam

286 4905 518 4977 judicem
550 4908 785 4963 miserat.
814 4908 872 4963 in
901 4924 1018 4980 qua'
1046 4912 1408 4967 controversia
1439 4912 1513 4967 illi
1544 4914 1866 4969 omnimodis

287 5001 568 5068 confutati,
597 5011 756 5071 atque
796 5004 861 5058 de
889 5016 1071 5059 errore
1099 5021 1128 5059 a
1159 5004 1448 5059 Catholicis
1467 5006 1720 5073 convicti,
1747 5022 1869 5061 scn-

289 5094 455 5145 tentia
483 5091 786 5162 Cognitnris
831 5092 995 5146 notati
1024 5102 1181 5158 sunt;
1227 5103 1282 5148 et
1313 5101 1432 5162 post
1468 5108 1650 5149 eorum
1680 5095 1867 5164 appel-

296 5181 582 5250 lationem,
624 5184 845 5252 piissimi
874 5183 1033 5252 Regis
1060 5199 1314 5256 responso
1340 5185 1484 5254 juste
1517 5185 1654 5240 inter
1693 5185 1867 5240 hatre-

297 5275 426 5331 ticos
456 5275 794 5331 condemnati
838 5287 979 5330 sunt.

368 5384 390 5418 t
411 5368 680 5422 Adversus
711 5366 1090 5436 Pelagianistas
1110 5379 1339 5435 quoque,
1371 5365 1728 5434 disputatores
1760 5365 1871 5419 cal-

302 5456 457 5524 lidos,
489 5467 606 5512 arte
635 5457 802 5526 magis
829 5457 1010 5511 subtili
1042 5467 1095 5512 et
1124 5457 1280 5510 noxia
1327 5457 1645 5520 scribentes,
1674 5464 1727 5511 ct
1755 5455 1873 5509 ubi-

303 5564 528 5622 cumque
558 5557 807 5618 poterant
855 5548 1061 5619 publice
1107 5558 1163 5603 et
1210 5563 1305 5618 per
1332 5548 1520 5602 domos
1556 5547 1832 5617 loquentes
1855 5589 1870 5614 ,

307 5658 398 5711 per
427 5657 597 5698 annos
625 5641 794 5697 ferme
819 5640 1003 5696 decem
1054 5641 1358 5704 laboravit,
1407 5640 1661 5695 librorum
1711 5640 1872 5695 multa

305 5734 537 5791 condens
566 5743 619 5789 et
639 5733 884 5802 edens,ct
915 5732 964 5788 in
996 5731 1217 5789 ecclesia
1247 5730 1453 5801 populis
1483 5730 1547 5786 de
1577 5731 1762 5788 codem
1788 5747 1874 5787 er-

1964 4633 2223 4700 hospites,
2251 4633 2334 4687 vel
2370 4646 2606 4702 quosque
2637 4629 2988 4697 infirmiores,
3019 4644 3229 4697 semper
3258 4639 3434 4684 autem
3467 4629 3546 4684 vi-

1965 4741 2092 4780 num
2125 4725 2371 4790 habebat,
2400 4725 2518 4794 quia
2552 4732 2797 4791 noverat,
2822 4733 2875 4778 et
2905 4723 3153 4786 docebat,
3179 4733 3233 4776 ut
3265 4723 3550 4792 Apostolus

1965 4817 2115 4881 dicit,
2145 4816 2283 4887 quod
2315 4818 2480 4871 omnis
2508 4826 2743 4870 creatura
2777 4816 2870 4868 Dei
2895 4816 3027 4869 bona
3055 4816 3139 4881 sit,
3181 4825 3228 4869 et
3255 4814 3385 4868 nihil
3412 4814 3550 4885 abji-

1968 4912 2224 4975 ciendum,
2249 4912 2386 4981 quod
2407 4927 2520 4963 cum
2545 4911 2826 4981 gratiarum
2852 4911 3049 4963 actione
3075 4909 3383 4978 percipitur;
3404 4924 3556 4961 sanc-

1971 5001 2195 5069 tiﬁcatur
2223 5001 2356 5053 enim
2383 5015 2468 5066 per
2490 4999 2694 5052 verbum
2716 4998 2808 5051 Dei
2831 5008 2877 5051 et
2905 4999 3184 5051 orationem
3199 4997 3238 5066 (1
3258 4997 3391 5050 Tim.
3411 4995 3550 5063 ΝΑ,

1973 5089 2050 5160 5).
2085 5091 2177 5155 Et,
2220 5098 2279 5143 ut
2323 5089 2463 5145 idem
2493 5091 2818 5160 Augustinus
2859 5103 3078 5143 sanctus
3109 5089 3159 5142 in
3192 5093 3300 5142 suis
3330 5088 3556 5144 Confes-

1974 5183 2184 5237 sionnm
2224 5182 2372 5237 libris
2405 5182 2609 5250 posuit,
2655 5182 2875 5236 dicens:
2906 5179 3030 5234 Non
3059 5197 3150 5251 ego
3181 5181 3558 5234 immunditiam

1977 5276 2170 5330 obsonii
2202 5275 2372 5341 timeo,
2405 5275 2494 5329 sed
2521 5275 2898 5327 immunditiam
2927 5274 3247 5342 cupiditatis.
3289 5273 3412 5328 Scio
3444 5272 3561 5327 Noe

1977 5383 2124 5421 omne
2170 5384 2328 5438 genus
2373 5368 2542 5420 carnis
2589 5367 2725 5437 quod
2755 5365 2865 5418 cibo
2895 5374 3018 5418 esset
3052 5367 3198 5430 usui,
3249 5366 3562 5419 manducare

1979 5459 2311 5528 permissum;
2346 5457 2516 5511 Etiam
2543 5459 2653 5511 ciba
2683 5458 2849 5511 carnis
2877 5461 3154 5527 refectum;
3185 5457 3441 5509 Joannem
3469 5457 3566 5508 mi-

1978 5549 2133 5602 rabili
2163 5549 2466 5603 abstinentia
2496 5549 2789 5618 prteditum,
2821 5547 3157 5611 animalibus,
3194 5549 3286 5600 hoc
3316 5556 3390 5599 est
3421 5547 3563 5600 locu-

1981 5641 2094 5704 stis,
2123 5641 2175 5694 in
2205 5654 2370 5693 escam
2402 5638 2692 5693 cedentibus
2732 5655 2831 5692 non
2864 5639 3019 5709 fuisse
3046 5637 3318 5708 pollutum.
3355 5637 3475 5691 Scio
3518 5647 3568 5692 et

1982 5730 2121 5790 Esau
2146 5730 2394 5788 lenticula:
2415 5733 2820 5802 concupiscentia
2844 5732 3137 5802 deceptum;
3161 5740 3203 5786 ct
3225 5729 3391 5785 David
3413 5748 3567 5801 prop—
