4010 6350
487 326 558 379 25
1344 316 1898 388 sumussumus!
1940 326 2032 383 AD
2069 324 2295 381 orsus
2338 326 2396 382 s.
2438 327 2825 386 AUGUSTINI.
3674 327 3746 382 et

486 451 562 494 ter
590 457 737 509 aqua:
759 444 1066 498 desiderium
1088 462 1121 500 α
1146 461 1197 499 se
1228 447 1337 513 ipso
1371 447 1756 517 reprehensum;
1791 457 1837 500 et
1872 446 2057 515 Regem
2088 444 2134 502 Α
2166 443 2485 499 inﬁrmitatis
2517 445 2841 509 intuebatur,
2868 444 3164 515 etlegebat,
3200 455 3253 501 et
3274 447 3468 517 iugiter
3490 463 3553 503 ac
3580 450 3743 505 uber-

485 540 713 586 nostrum
734 577 750 601 ,
799 550 902 588 non
939 536 999 589 de
1025 552 1175 590 carne
1198 579 1212 601 ,
1263 538 1350 591 sed
1379 538 1443 591 de
1487 555 1617 609 pane
1646 555 1751 593 esse
1797 548 2061 592 tentatum.

484 623 712 695 Ideoque
739 636 785 681 et
808 630 1027 699 populus
1052 630 1104 683 in
1131 646 1297 684 eremo
1315 672 1329 696 ,
1362 646 1462 685 non
1490 634 1610 699 quia
1654 649 1831 685 carnes
1861 633 2061 686 deside-

482 716 615 769 ravit
637 757 652 780 ,
703 718 792 771 sed
819 720 938 787 quia
968 734 1095 774 esca!
1136 720 1389 775 desiderio
1420 731 1595 775 contra
1626 722 1789 775 Deum
1836 739 2065 776 murmu-

482 811 633 876 ravit,
657 812 841 865 meruit
865 812 1140 881 improbari
1165 812 1576 884 (Confessionum
1603 816 1692 868 tib.
1727 816 1811 879 i0,
1838 831 1949 885 cap.
1971 816 2059 881 51,

482 918 535 956 n.
569 902 684 967 23).
728 905 802 958 De
831 905 954 960 vino
983 915 1159 960 autem
1192 906 1454 963 sumendo
1480 908 1718 976 Aposto'i
1744 919 1915 963 exstat
1940 924 2063 962 sen-

484 993 650 1047 tentia
696 996 759 1047 ad
806 992 1480 1055 Timotheum‘scribentis
1526 1014 1590 1053 ac
1632 999 1899 1071 dicentis:
1936 999 2062 1054 Noti

482 1101 641 1155 usque
670 1087 839 1140 adhuc
867 1104 1055 1158 aquam
1079 1089 1263 1155 bibere,
1295 1092 1383 1146 sed
1402 1092 1517 1145 vino
1545 1092 1745 1146 modico
1774 1101 1912 1146 utere
1939 1109 2061 1159 pro-

483 1184 594 1244 pter
622 1179 941 1231 stomachum
966 1189 1014 1233 et
1046 1181 1332 1250 frequentes
1360 1191 1474 1236 tuas
1500 1183 1819 1251 inﬁmitate:
1841 1183 1891 1251 (I
1922 1182 2057 1238 Tim.

479 1281 545 1333 v,
591 1265 727 1337 25).
829 1270 1211 1327 Cochlearibus
1285 1282 1486 1329 tantttm
1544 1274 1809 1344 argenteis
1864 1285 2057 1341 utens,

478 1365 673 1412 cratera
720 1376 843 1415 vasa
896 1362 1091 1432 quibus
1139 1380 1335 1419 mensae
1387 1365 1753 1421 inferebantur
1791 1367 1942 1433 cibi,
1977 1368 2058 1423 vel

481 1457 668 1515 testes,
698 1453 778 1507 vel
809 1454 999 1523 lignea,
1029 1456 1112 1511 vel
1144 1472 1438 1511 marmorea
1467 1456 1682 1513 fuerunt
1707 1479 1722 1515 :
1747 1475 1853 1513 non
1883 1468 2057 1515 tamen

482 1542 821 1598 necessitatis
854 1545 1059 1613 inepia,
1102 1546 1195 1602 sed
1228 1550 1501 1615 prepositn
1530 1550 1832 1603 voluntatis.
1877 1551 1979 1607 Sed
2007 1560 2061 1607 et

476 1631 892 1699 hOSpitalitatem
940 1650 1156 1707 semper
1200 1640 1459 1695 exhibuit.
1514 1642 1582 1696 Et
1630 1643 1681 1695 in
1723 1642 1835 1711 ipsa
1875 1658 2059 1699 mensa

416 1798 423 1813 ἢ
476 1727 645 1795 magis
676 1727 957 1783 lectionem
990 1732 1070 1785 vel
1103 1731 1515 1801 disputationem
1537 1776 1551 1800 ,
1604 1750 1761 1803 quam
1790 1736 2055 1804 epulatio-

2170 536 2260 589 tim
2285 538 2437 591 ﬁebat
2456 556 2468 590 :
2484 548 2536 592 et
2559 554 2625 593 ne
2653 539 2875 593 intentio
2902 538 3017 606 ejus
3037 553 3064 591 a
3083 554 3345 608 quoquam
3371 542 3740 610 impediretur,

2166 637 2289 681 ante
2312 629 2425 681 dies
2448 631 2611 683 ferme
2638 629 2821 683 decem
2847 644 3004 698 quam
3033 630 3203 684 exiret
3232 630 3299 684 de
3320 646 3565 700 corpore,
3592 648 3619 685 a
3649 649 3744 689 no-

2166 719 2247 772 bis
2277 720 2557 788 postulavit
2584 719 2931 787 prresentibus
2953 760 2968 785 ,
3003 734 3070 774 ne
3098 721 3215 788 quis
3244 720 3308 774 ad
3340 736 3459 775 eum
3494 722 3743 791 ingrede-

2165 818 2329 866 retur.
2360 809 2457 862 nisi
2499 809 2565 863 iis
2593 818 2793 862 tantum
2826 810 2999 877 horis,
3028 812 3219 872 quibus
3251 813 3439 867 medici
3469 816 3533 867 ad
3567 815 3745 884 inspi-

2164 900 2407 954 ciendum
2441 902 2718 963 intrarent.
2749 901 2831 956 vel
2861 917 2981 956 cum
3012 904 3059 957 ei
3094 904 3314 960 refectio
3341 906 3646 961 inferretur.
3672 907 3744 963 Et

2164 988 2233 1043 ita
2268 991 2602 1045 observatum
2635 1008 2696 1046 ac
2723 992 2914 1046 factum
2958 1002 3040 1048 est
3068 1011 3080 1047 :
3112 1002 3166 1051 et
3194 998 3337 1050 omni
3378 997 3469 1052 illo
3501 1009 3743 1068 tempore

2163 1081 2386 1134 orationi
2420 1082 2656 1136 vacabat.
2710 1082 2937 1137 Verbum
2970 1085 3060 1139 Dei
3094 1100 3260 1154 usque
3289 1087 3353 1140 ad
3386 1088 3554 1154 ipsam
3586 1104 3737 1143 suam

2162 1180 2455 1226 extremam
2500 1174 2866 1242 n‘gritttdincm
2898 1175 3365 1242 imprtetermisse,
3394 1179 3643 1233 alacriter
3686 1190 3742 1235 et

2168 1264 2407 1329 fortiter,
2449 1280 2578 1319 sana
2624 1278 2841 1333 mente,
2891 1282 3123 1337 sannque
3152 1270 3375 1323 consilio
3429 1272 3481 1323 in
3514 1272 3741 1327 ecclesia

2162 1357 2495 1426 praedicavit.
2520 1356 2765 1413 Membris
2790 1358 3039 1413 omnibus
3064 1360 3144 1413 sui
3173 1360 3412 1424 corporis
3434 1360 3737 1427 incolumis,

2164 1450 2371 1518 integro
2392 1458 2608 1519 aspectu
2632 1458 2790 1517 atque
2810 1450 3015 1516 auditu,
3039 1459 3114 1515 et,
3144 1461 3203 1504 ut
3225 1452 3477 1520 scriptum
3513 1461 3616 1518 est,
3645 1469 3742 1508 no-

2161 1541 2242 1595 bis
2269 1541 2584 1604 astantibus.
2609 1551 2664 1595 et
2684 1541 3005 1603 videntibus.
3034 1552 3087 1595 et
3114 1557 3234 1597 cum
3262 1559 3327 1597 eo
3351 1544 3547 1613 pariter
3573 1561 3739 1600 oran-

2162 1632 2301 1687 tibus
2345 1632 2670 1687 obdormivit
2716 1647 2835 1687 cum
2887 1633 3127 1702 patribus
3180 1635 3325 1698 suis,
3372 1637 3634 1689 enutritus
3684 1636 3736 1690 in

2165 1722 2302 1776 bona
2347 1731 2653 1788 senectute;
2686 1731 2738 1777 et
2768 1722 2922 1777 nobis
2968 1737 3149 1776 coram
3181 1738 3277 1791 pro
3313 1724 3429 1791 ejus
3466 1739 3740 1780 commen-

424 1814 429 1821 ’
476 1834 597 1873 nem
630 1821 1066 1892 potationemque
1089 1823 1363 1894 diligebat.
1397 1826 1463 1881 Et
1488 1834 1673 1881 contra
1701 1827 2055 1895 pestilentiam

2165 1815 2331 1869 danda
2375 1815 2618 1884 corporis
2646 1815 2978 1884 depositione
3007 1816 3326 1869 sacriﬁcium
3358 1816 3464 1871 Deo
3502 1816 3737 1870 oblatum

475 1909 721 1966 humanm
750 1914 1152 1969 consuetudinis
1185 1916 1236 1970 in
1268 1932 1329 1970 ea
1373 1915 1628 1985 scriptum
1656 1917 1725 1970 ita
1752 1917 1979 1972 habebat
2006 1934 2018 1969 :

661 2004 890 2069 Quisquis
927 2013 1055 2053 amat
1076 2006 1219 2055 dictis
1241 2008 1498 2056 absentum
1524 2009 1701 2056 rodere
1729 2026 1743 2050 κ
1760 2011 1901 2069 itam,

724 2064 859 2114 Hanc
897 2079 1111 2116 mensam
1141 2070 1338 2117 vetitam
1364 2071 1557 2120 noverit
1583 2084 1695 2119 esse
1719 2072 1826 2119 sibi.

474 2144 542 2200 Et
567 2146 688 2202 ideo
706 2162 920 2202 omnem
943 2150 1219 2203 convivam
1242 2165 1271 2203 a
1296 2151 1579 2219 superﬁuis
1598 2160 1651 2205 et
1667 2152 1837 2207 noxiis
1865 2152 2056 2209 fabulis

472 2244 528 2291 et
570 2236 991 2293 detractionibus
1022 2254 1142 2294 sese
1178 2239 1449 2294 abstinere
1486 2240 1685 2296 debere
1713 2241 2052 2297 admonebat.

474 2326 607 2382 Nam
636 2336 693 2382 et
718 2328 976 2397 quosdam
1007 2344 1134 2384 suos
1158 2329 1604 2385 familiarissimos
1628 2333 1969 2404 coepiscOpos
1994 2333 2057 2405 il-

472 2417 574 2474 lius
600 2420 875 2490 scripturae
906 2420 1125 2487 oblitos,
1159 2431 1213 2476 et
1245 2432 1434 2476 contra
1462 2437 1579 2478 eam
1616 2423 1915 2493 loquentes,
1949 2433 2054 2480 tam

471 2526 663 2581 aspere
689 2512 974 2581 aliquando
1001 2514 1367 2583 reprehendit,
1401 2526 1699 2571 commoms
1741 2525 1797 2570 ut
1830 2517 2052 2583 diceret,

473 2611 566 2657 aut
588 2602 845 2658 delendos
874 2618 995 2659 esse
1034 2603 1157 2659 illos
1182 2604 1248 2657 de
1276 2619 1458 2659 mensa
1505 2619 1726 2672 versus,
1772 2618 1863 2659 aut
1891 2621 1950 2661 se
1990 2606 2057 2663 de

472 2694 649 2748 media
694 2694 989 2760 refectione
1019 2695 1083 2749 ad
1132 2710 1285 2751 suum
1314 2696 1619 2751 cubiculum
1670 2709 2053 2755 surrecturum.

473 2784 772 2856 Pauperum
821 2801 948 2841 vero
994 2801 1209 2857 semper
1260 2804 1467 2843 memor
1508 2802 1656 2857 erat,
1709 2792 1889 2863 eisque
1932 2793 2057 2850 inde

470 2879 746 2950 erogabat,
780 2879 919 2932 unde
949 2888 1004 2934 et
1032 2879 1131 2933 sibi
1162 2879 1379 2947 suisque
1407 2883 1655 2937 omnibus
1695 2898 1875 2938 secum
1908 2885 2057 2940 habi-

472 2972 743 3037 tantibus;
788 2973 890 3026 hoc
933 2980 1053 3037 est,
1104 2972 1185 3026 vel
1231 2988 1299 3027 ex
1347 2974 1608 3029 reditibus
1657 2976 2055 3043 possessionum

473 3062 766 3127 Ecclesiae,
812 3062 897 3118 vel
962 3063 1121 3118 etiam
1171 3079 1236 3117 ex
1273 3064 1632 3121 oblationibus
1681 3066 1937 3122 ﬁdelium.
1989 3067 2058 3122 Et

472 3155 601 3211 dum
629 3153 767 3211 forte
796 3156 863 3209 de
890 3154 1318 3225 possessionibus
1345 3156 1474 3225 ipsis
1502 3157 1697 3212 invidia
1727 3159 1939 3214 clericis
1964 3158 2057 3215 ﬁe-

474 3254 592 3314 ret,
638 3245 1005 3315 alloquebatur
1033 3245 1238 3314 plebem
1268 3245 1392 3318 Dei,
1423 3248 1582 3305 malle
1625 3264 1683 3305 se
1709 3264 1772 3306 ex
1803 3251 2057 3307 collatio-

475 3340 632 3395 nibus
660 3340 826 3411 magis
858 3341 1025 3410 plebis
1053 3341 1147 3396 Dei
1177 3341 1378 3406 vivere,
1421 3358 1579 3413 quam
1608 3344 1815 3400 illarum
1848 3360 2060 3415 posses-

476 3434 684 3488 sionum
732 3449 916 3488 curam
949 3434 1029 3489 vel
1059 3436 1497 3506 gubernationem
1554 3439 1689 3507 pati;
1734 3448 1788 3493 et
1814 3449 2056 3509 paratum

477 3540 536 3581 se
565 3540 685 3581 esse
712 3525 817 3581 illis
860 3525 1075 3594 cedere,
1110 3536 1167 3579 ut
1196 3542 1261 3581 eo
1309 3527 1467 3581 modo
1496 3542 1684 3584 omnes
1717 3530 1806 3584 Dei
1836 3532 1977 3585 servi
2005 3538 2061 3586 et

478 3617 705 3672 ministri
740 3617 1004 3683 viverent,
1038 3634 1143 3689 quo
1183 3619 1236 3673 in
1278 3620 1468 3675 Vetere
1506 3619 1848 3676 Testamento
1878 3623 2061 3693 legun-

479 3721 566 3765 tur
606 3710 782 3780 (Deut.
814 3724 973 3775 xvtu,
1024 3711 1111 3779 1),
1163 3710 1317 3765 altari
1367 3710 1733 3787 deservientes
1778 3713 1842 3767 de
1868 3714 2057 3769 eodem

480 3802 929 3873 comparticipari.
959 3801 1065 3859 Sed
1103 3817 1370 3873 nunquam
1413 3802 1463 3856 id
1496 3802 1612 3858 laici
1643 3804 1914 3873 suscipere
1966 3818 2061 3859 vo-

481 3894 1016 4036 lugi‘cnkugustinus,
1046 3962 1176 4019 solis
1216 3962 1454 4019 hostibus
1501 3963 1620 4019 ﬁdei
1648 3962 1925 4031 terribilis,
1967 3978 2062 4032 per

482 4056 660 4112 omnia
698 4066 974 4123 sanctum,
1009 4054 1306 4125 simplicem
1353 4065 1408 4110 et
1447 4064 1778 4110 mansuetum
1821 4069 1879 4109 se
1925 4070 2061 4125 prte-

482 4147 673 4214 bebat,
731 4163 834 4202 non
865 4149 1123 4203 minorem
1163 4148 1296 4201 forte
1325 4148 1547 4217 gloriam
1596 4162 1802 4201 morum
1847 4149 2066 4217 integri-

486 4253 594 4296 tate
614 4241 836 4295 meritus
848 4254 1006 4309 quam
1032 4238 1326 4293 innumeris
1348 4254 1481 4306 pene
1498 4238 1647 4292 libris
1660 4252 1791 4306 quos
1809 4237 1972 4306 ipsms
1989 4238 2069 4291 in-

484 4333 696 4401 genium
730 4329 983 4384 adversus
1016 4328 1314 4391 haireticos,
1347 4326 1715 4381 schismaticos
1752 4338 1805 4381 et
1836 4342 2068 4397 paganos

486 4422 639 4491 quasi
687 4436 753 4476 ex
792 4420 1108 4475 inexhausta
1153 4418 1299 4473 fonte
1348 4418 1585 4487 protulit.
1635 4417 1739 4472 Sed
1785 4429 2066 4488 antequam

487 4513 853 4584 gloriosissimi
908 4512 1139 4568 doctoris
1184 4525 1406 4579 operum
1459 4508 1560 4563 sub
1618 4510 1833 4563 lectoris
1884 4508 2067 4564 oculos

490 4605 649 4660 index
691 4606 998 4668 evolvatur,
1047 4602 1343 4655 Possidium
1368 4638 1385 4665 ,
1420 4601 1571 4655 nobis
1610 4602 1836 4670 qualiter
1882 4616 1914 4656 e
1961 4603 2067 4655 vita

488 4698 784 4754 excesserit
814 4704 1118 4750 narrantem
1150 4695 1447 4751 audiamus.
1486 4694 1635 4749 Eutr.

482 4800 487 4809 ‘
565 4808 585 4843 ι
620 4790 761 4845 Sane
788 4790 875 4843 ille
907 4797 1121 4841 sanctus
1169 4788 1219 4838 in
1254 4786 1359 4839 vita
1407 4801 1500 4839 sua
1529 4784 1732 4853 prolixa
1780 4797 1875 4850 pro
1919 4784 2066 4837 utili-

491 4890 600 4935 tate
642 4894 703 4933 ac
753 4879 1006 4933 felicitate
1055 4886 1253 4930 sancta:
1299 4875 1553 4929 Ecclesiae
1607 4872 1885 4927 catholitte
1933 4872 2069 4926 divi-

495 4973 636 5027 nitus
677 4973 1005 5037 condonata,
1039 4970 1165 5023 vixit
1209 4969 1361 5022 annis
1391 4967 1720 5036 septuaginta
1750 4976 1805 5021 et
1843 4950 1972 5029 sex,
2016 4966 2066 5020 in

492 5062 748 5120 clcricatu
797 5074 975 5118 autem
1007 5063 1088 5116 vel
1120 5061 1426 5129 cpismpatu
1464 5059 1617 5111 annis
1656 5057 1823 5111 ferme
1846 5055 2072 5124 quadra-

494 5160 660 5229 ginta.
697 5157 883 5211 Dicere
926 5165 1103 5209 autem
1138 5153 1285 5206 nobis
1320 5153 1455 5205 inter
1488 5149 1763 5203 familiaria
1805 5148 2067 5216 colloquia

494 5258 864 5313 consueverat,
897 5260 963 5314 po
995 5256 1015 5299 t
1054 5253 1355 5313 perceptum
1389 5242 1734 5308 baptismum,
1764 5240 1920 5293 etiam
1956 5238 2072 5292 lau-

497 5345 651 5397 datos
679 5341 1009 5394 Christianos
1038 5347 1091 5392 et
1119 5336 1421 5390 sacerdotes
1448 5335 1647 5404 absque
1669 5334 1824 5400 digna
1852 5341 1903 5387 et
1928 5347 2074 5385 cum-

498 5434 701 5504 petenti
720 5430 1033 5502 paenitentia
1053 5431 1199 5483 exire
1220 5427 1285 5481 de
1310 5441 1534 5493 corpore
1559 5442 1660 5477 non
1688 5424 1903 5477 debere.
1923 5423 2071 5486 Quod

497 5534 555 5581 et
586 5524 698 5593 ipse
728 5522 882 5586 fecit,
930 5520 1116 5574 ultima
1149 5533 1249 5587 qua
1286 5515 1565 5570 defunctus
1594 5524 1677 5568 est
1713 5512 2026 5583 agritud'ne
2057 5530 2069 5563 :

499 5632 619 5672 nam
649 5613 747 5671 sibi
782 5613 1015 5683 iusserat
1042 5611 1274 5679 psalmos
1316 5606 1622 5669 Davidicos,
1654 5604 1745 5673 qui
1785 5612 1907 5656 sunt
1940 5618 2071 5669 pau-

497 5710 696 5767 cissimi
727 5705 794 5762 de
835 5702 1140 5775 paenitentia
1172 5699 1364 5767 scribi,
1415 5698 1666 5769 ipsosque
1692 5693 2071 5764 quaterniones

503 5805 682 5858 iacens
724 5800 776 5856 in
806 5799 943 5855 lecto
987 5805 1169 5852 contra
1202 5792 1455 5864 parietem
1498 5789 1699 5859 positos
1730 5784 1915 5842 diebus
1963 5800 2072 5841 sua:

2160 1913 2261 1968 est,
2292 1912 2347 1958 et
2374 1905 2613 1974 sepultus
2640 1914 2740 1958 est.
2773 1905 3175 1960 Testamentum
3208 1907 3407 1959 nullum
3437 1906 3581 1970 fecit,
3615 1907 3740 1975 quia

2160 1996 2301 2051 unde
2329 1996 2529 2052 faceret
2559 2012 2761 2065 pauper
2784 1996 2877 2050 Dei
2906 2012 3011 2051 non
3043 1996 3243 2050 habuit.
3271 1997 3517 2051 Ecclesia:
3544 1997 3739 2052 biblio-

2160 2089 2391 2154 thecam,
2422 2104 2714 2158 omucsque
2742 2088 2955 2143 codices
2981 2088 3262 2159 diligenter
3299 2090 3525 2158 posteris
3556 2101 3740 2144 custo-

2158 2177 2383 2233 diendos
2409 2193 2624 2247 semper
2646 2179 2887 2247 iubebat.
2912 2179 2968 2233 Si
2991 2179 3114 2248 quid
3143 2194 3270 2234 vero
3295 2180 3549 2244 Ecclesia,
3574 2182 3657 2235 vel
3687 2182 3740 2236 in

2158 2270 2482 2338 sumptibus,
2507 2269 2588 2325 vel
2613 2270 2665 2324 in
2691 2270 3022 2325 ornamentis
3045 2270 3248 2336 habuit,
3272 2270 3390 2325 ﬁdei
3417 2272 3740 2345 presbyteri,

2158 2361 2244 2430 qui
2292 2363 2390 2417 sub
2419 2360 2608 2417 eodem
2656 2361 2846 2415 domus
2880 2360 3135 2416 Ecclesiae
3164 2376 3344 2415 curam
3378 2361 3629 2431 gerebat,
3658 2362 3743 2416 di-

2159 2455 2324 2509 misit.
2358 2454 2465 2509 Nec
2493 2468 2623 2508 suos
2666 2454 3120 2521 consanguineos,
3152 2453 3233 2506 vel
3265 2455 3316 2506 in
3354 2454 3627 2522 proposito
3656 2452 3741 2509 vel

2158 2554 2309 2598 extra
2346 2544 2699 2607 constitutus,
2746 2543 2797 2595 in
2825 2556 2920 2597 sua
2952 2541 3058 2596 vita'
3103 2551 3157 2595 et
3194 2551 3366 2596 morte
3408 2542 3547 2613 vulgi
3588 2558 3741 2597 more

2161 2638 2434 2704 tractavit,
2465 2636 2681 2706 quibus,
2712 2634 2835 2689 dum
2866 2634 3039 2689 adhuc
3084 2642 3409 2703 superesset,
3447 2634 3497 2687 id
3528 2635 3570 2688 si
3602 2648 3739 2702 npus

2159 2727 2276 2794 fuit,
2305 2727 2445 2797 quod
2475 2738 2527 2782 et
2556 2726 2787 2789 ceteris,
2821 2724 3083 2794 erogavit,
3117 2740 3222 2778 non
3253 2733 3311 2777 ut
3330 2723 3546 2777 divitias
3573 2724 3739 2778 habe-

2159 2827 2297 2884 rent,
2323 2818 2415 2871 sed
2440 2825 2607 2871 utaut
2629 2831 2757 2883 non,
2784 2824 2872 2869 aut
2901 2815 3077 2869 minus
3117 2823 3357 2883 egerent.
3386 2814 3599 2869 Clerum
3628 2816 3741 2869 suf-

2161 2908 2607 2974 ﬁcientissimum,
2630 2916 2686 2962 et
2722 2907 3047 2962 monasteria
3067 2907 3305 2960 virorum
3326 2918 3390 2959 ac
3419 2904 3741 2959 feminarum

2158 3002 2543 3058 continentium
2593 3015 2713 3054 cum
2764 3001 2875 3054 suis
2916 2998 3216 3069 praepositis
3244 2997 3431 3065 plena,
3483 2995 3742 3052 Ecclesia:

2164 3092 2388 3161 dimisit,
2411 3105 2516 3146 una
2540 3106 2661 3145 cum
2691 3090 3048 3155 bibliothecis,
3084 3089 3248 3145 libros
3286 3098 3341 3143 et
3372 3096 3627 3143 tractatus
3656 3089 3741 3144 vel

2085 3184 2132 3248 C
2161 3200 2287 3240 suos
2315 3183 2401 3238 vel
2444 3183 2668 3237 aliorum
2714 3189 3018 3236 sanctorum
3067 3180 3412 3246 habentibus,
3449 3179 3502 3234 in
3543 3181 3740 3249 quibus

2162 3276 2305 3331 dono
2320 3274 2411 3330 Dei
2434 3274 2604 3344 qualis
2623 3283 2962 3343 quantusque
2984 3272 3036 3326 in
3052 3272 3286 3326 Ecclesia
3306 3271 3460 3326 fuerit
3481 3272 3738 3336 noscitur,

2160 3374 2215 3423 et
2242 3367 2298 3421 in
2330 3365 2412 3421 his
2444 3378 2658 3433 semper
2684 3363 2865 3418 vivere
2907 3378 2938 3417 a
2979 3363 3222 3416 ﬁdelibus
3253 3363 3542 3416 invenitur.
3582 3360 3735 3416 Juxta

2160 3457 2300 3527 quod
2341 3456 2499 3512 etiam
2532 3456 2869 3510 saecularium
2914 3455 3127 3524 quidam
3160 3464 3465 3524 poetarum,
3509 3455 3619 3508 suis
3646 3454 3738 3522 ju-

2162 3548 2293 3603 bens
2314 3563 2420 3619 quo
2440 3547 2540 3602 sibi
2571 3547 2830 3601 tumulum
2859 3556 3070 3600 mortuo
3095 3546 3145 3599 in
3168 3560 3360 3615 aggere
3388 3544 3602 3613 publico
3624 3544 3741 3600 col-

2162 3642 2433 3706 locarent,
2463 3654 2559 3710 pro
2585 3640 2969 3709 epigrammate
2998 3638 3147 3691 ﬁnxit
3173 3638 3385 3702 dicens,

2348 3734 2528 3782 Vivere
2564 3740 2671 3793 post
2692 3733 2878 3781 obitum
2902 3736 3062 3781 vatem
3085 3732 3159 3779 vis
3183 3742 3325 3779 nosse
3350 3731 3523 3790 viator,

2414 3794 2552 3853 Quod
2570 3792 2702 3854 legis
2725 3806 2845 3842 ecce
2870 3792 3061 3853 loquor,
3089 3806 3181 3841 vox
3215 3802 3295 3841 tua
3316 3804 3492 3852 nempe
3514 3802 3623 3839 mea
3644 3797 3743 3840 est.

2165 3878 2232 3934 Et
2257 3877 2307 3933 in
2335 3877 2447 3932 suis
2475 3877 2686 3948 quidem
2713 3876 2926 3941 scriptis
2957 3875 3045 3932 ille
3073 3874 3178 3928 Deo
3199 3882 3450 3941 acceptus
3471 3882 3525 3925 et
3544 3871 3746 3927 charus

2163 3971 2437 4038 sacerdos,
2455 3978 2707 4040 quantum
2734 3968 2942 4023 lucente
2961 3968 3185 4023 veritate
3210 3966 3394 4021 videre
3410 3964 3744 4019 conceditur.

2166 4070 2311 4117 recte
2325 4075 2388 4114 ac
2404 4073 2554 4122 sane,
2580 4058 2720 4123 ﬁdei,
2746 4058 2881 4127 spei,
2895 4066 2950 4113 et
2975 4055 3254 4110 cbaritatis
3267 4054 3546 4109 catholica:
3566 4052 3746 4107 Eccle-

2166 4152 2259 4205 sia:
2285 4150 2481 4205 vixisse
2508 4147 2875 4202 manifestatur
2899 4165 2912 4199 :
2934 4146 3076 4218 quod
3097 4154 3393 4216 agnoscunt
3410 4144 3501 4214 qui
3523 4158 3647 4200 eum
3677 4143 3749 4199 de

2168 4242 2365 4297 divinis
2392 4240 2717 4295 scribentem
2746 4239 2986 4308 legentes
3009 4238 3316 4307 proﬁciunt.
3346 4235 3451 4291 Sed
3480 4248 3578 4303 ego
3599 4234 3749 4287 arbi-

2170 4342 2284 4388 trur
2312 4332 2429 4399 plus
2452 4346 2518 4386 ex
2539 4345 2604 4385 eo
2627 4328 2887 4400 proﬁcere
2911 4329 3169 4399 potuisse,
3197 4328 3285 4396 qui
3309 4341 3430 4382 eum
3455 4335 3513 4381 et
3531 4326 3750 4395 loquen-

2171 4431 2279 4478 tem
2324 4422 2373 4475 iu
2405 4421 2634 4475 ecclesia
2668 4427 2983 4488 praesentem
3017 4417 3201 4472 audire
3230 4427 3285 4472 et
3334 4416 3519 4470 videre
3566 4421 3751 4483 potue~

2172 4524 2325 4579 runt,
2359 4522 2415 4567 et
2460 4514 2575 4582 ejus
2608 4511 2908 4580 praesertim
2956 4510 3092 4563 inter
3123 4508 3364 4563 homines
3389 4503 3752 4561 conversatio-

2178 4624 2298 4663 nem
2334 4622 2439 4660 non
2461 4606 2857 4674 iguoraverunt.
2882 4602 3005 4656 Erat
3025 4600 3166 4656 enim
3195 4614 3299 4654 non
3321 4598 3493 4654 solum
3514 4596 3754 4651 eruditus

2175 4696 2349 4751 scriba
2391 4695 2443 4749 in
2467 4709 2631 4763 regno
2659 4695 2940 4758 canorum,
2966 4692 3033 4745 de
3062 4692 3313 4745 thesauro
3339 4704 3437 4744 suo
3473 4688 3755 4758 proferens
3823 4729 3835 4737 .

2176 4802 2311 4841 nova
2342 4794 2395 4839 et
2424 4798 2602 4839 vetera
2624 4823 2638 4849 ,
2671 4796 2723 4838 et
2753 4798 2889 4835 unus
2920 4782 3329 4849 negotiatorum,
3363 4778 3451 4847 qui
3485 4778 3755 4833 inventam

2180 4879 2465 4947 pretiosam
2498 4877 2873 4945 margaritam,
2904 4888 3021 4943 quas
3074 4873 3303 4925 habebat
3327 4871 3579 4934 venditis,
3608 4883 3757 4923 com-

2180 4968 2385 5037 paravit
2414 4964 2627 5034 (Matth.
2664 4979 2777 5029 xm,
2807 4963 2895 5027 52,
2922 4962 3012 5027 45,
3042 4960 3131 5030 ⁸46)
3159 4976 3174 5015 :
3200 4975 3380 5013 verum
3411 4960 3571 5013 etiam
3600 4972 3663 5011 ex
3692 4957 3757 5009 iis

2176 5062 2241 5115 ad
2268 5072 2401 5131 quos
2430 5059 2687 5125 scriptum
2721 5066 2823 5117 est,
2858 5054 2948 5108 Sic
2979 5052 3262 5121 loquimini,
3293 5062 3338 5104 et
3366 5052 3436 5104 sic
3463 5052 3615 5121 facile
3642 5047 3758 5119 (Ja-

2176 5153 2286 5206 cobi
2318 5168 2374 5214 tt,
2410 5150 2529 5218 li);
2559 5158 2612 5202 et
2642 5146 2710 5201 de
2732 5146 2921 5215 quibus
2947 5144 3189 5199 Salvator
3210 5142 3361 5207 dicit,
3390 5142 3488 5205 Qui
3511 5140 3684 5211 fecerit
3711 5150 3760 5194 et

2174 5228 2403 5300 docuerit
2436 5244 2507 5296 sic
2555 5242 2815 5303 homines,
2848 5238 2928 5290 hic
2967 5252 3180 5307 magnus
3215 5234 3473 5289 vocabitur
3515 5235 3568 5289 in
3596 5248 3757 5303 regno

2183 5338 2423 5391 caelorum
2460 5331 2676 5404 (Matth.
2708 5347 2770 5395 v,
2806 5328 2915 5398 l9).
2950 5346 2968 5379 ι

2799 5418 3023 5474 CAPUT
3066 5416 3104 5469 11

2676 5501 2880 5569 Scripta
2913 5498 2974 5552 S.
3002 5495 3288 5564 Augustini.

2182 5598 2261 5658 §I.
2309 5595 2498 5658 Scripta
2544 5588 3073 5658 Augustinigenniua,
3111 5579 3760 5658 serv-atodietgctatiqnum

2175 5640 2433 5712 iret-diue:
2479 5640 2883 5713 queuf'similite't‘
2931 5656 3155 5695 auctores
3212 5644 3398 5702 Magnas
3444 5640 3761 5689 Bibliotheca

2242 5720 2437 5767 Patrum
2456 5714 2613 5762 secuti
2640 5716 2769 5759 sunt.

2244 5759 2437 5835 ἱέἶνῆὗίᾶ
2459 5759 2801 5833 Ἆὲὶιαοιηῑτοο
2832 5769 2952 5825 libri
3005 5775 3112 5824 tres
3162 5774 3279 5836 post
3311 5763 3502 5819 librum
3540 5762 3604 5818 de
3630 5759 3760 5816 Put-
