4010 6350
236 382 313 437 25
1148 370 1425 428 NOTITIA
1463 366 1840 428 LITTERAM

1980 367 1995 425 l
2034 368 2095 424 S.
2137 365 2602 424 AUGUSTINUII.
3427 363 3501 422 26

312 492 433 546 chro
487 498 538 544 et
570 488 701 560 Apto
753 483 1113 556 deperditum,
1170 482 1330 554 primi
1385 482 1623 537 omnium
1670 484 1823 545 sunt,
1856 483 1901 540 Α
1999 493 2140 534 anno
2172 479 2394 547 scripta.
2428 479 2582 532 Exsl.
2616 476 2668 530 in
2701 475 2788 530 ed.
2827 477 3034 533 Erasm.
3065 485 3120 533 et
3144 475 3341 532 Lovan.
3371 486 3503 533 tom.

311 581 501 650 scripti
525 595 584 634 a.
616 577 743 633 586.

233 674 296 728 2.
329 673 409 728 De
435 672 557 727 Vita
587 669 733 724 beata
762 669 922 735 liber,
952 667 1178 737 dialogis
1226 665 1403 721 tribus
1432 672 1707 731 constans,
1736 676 1828 717 eo-

314 764 437 820 dem
466 779 520 818 a.
555 762 681 828 586,
734 774 839 815 non
872 768 994 830 post
1047 758 1215 814 libros
1267 765 1446 812 contra
1472 755 1827 821 Academicos,

314 857 410 911 sed
437 857 583 911 inter
612 854 735 908 illos
766 852 1020 922 scriptus.

233 950 293 1003 5.
326 947 406 1001 De
439 946 635 1000 Ordine
659 944 783 999 libri
816 942 946 1009 duo,
979 941 1176 1012 dialogi
1207 946 1461 1011 quatuor,
1485 936 1677 993 eodem
1694 945 1830 992 tem-

314 1053 467 1108 pore,
498 1051 606 1106 quo
634 1033 1005 1105 praecedentes
1037 1032 1249 1101 scripti.

230 1129 295 1181 4.
326 1125 743 1195 Solitoquiorum
774 1124 897 1179 libri
928 1122 1036 1177 duo
1064 1121 1165 1176 sub
1201 1120 1411 1175 initium
1436 1134 1487 1174 a.
1518 1116 1647 1175 587.

231 1214 293 1269 5.
330 1216 406 1270 De
425 1214 809 1269 immortalitate
844 1213 1044 1267 Animae
1072 1211 1230 1277 liber,
1261 1225 1311 1264 a.
1345 1210 1472 1266 587.

233 1306 296 1361 6.
336 1304 413 1360 De
441 1304 643 1359 Nasica
665 1303 787 1361 libri
817 1318 915 1359 ses
944 1317 996 1359 a.
1031 1302 1134 1358 587
1167 1299 1456 1357 Mediolani
1487 1297 1747 1365 inchoati,
1778 1312 1829 1350 a.

316 1396 423 1452 589
446 1396 501 1450 in
532 1395 710 1451 Africa
735 1392 992 1450 absoluti.

238 1489 300 1543 7.
337 1485 416 1540 De
439 1486 671 1541 Moribus
684 1484 934 1541 Ecclesia:
961 1485 1138 1539 catlto-
1171 1484 1181 1543 l
1214 1482 1361 1539 Libri
1382 1481 1490 1537 duo
1503 1482 1691 1539 Roma:
1713 1495 1833 1535 ver-

323 1557 437 1611 ticae
1174 1552 1313 1611 lsus
1366 1553 1578 1608 initium
1623 1567 1677 1606 a.
1726 1552 1831 1607 588

238 1626 302 1680 8.
339 1626 417 1682 De
457 1624 694 1680 Moribus
734 1624 1141 1680 Manichazorum
1178 1624 1189 1693 ι
1222 1624 1429 1693 scripti.

237 1719 303 1773 9.
340 1717 416 1772 De
463 1718 750 1788 quantitate
797 1717 999 1771 Anima:
1050 1715 1296 1786 dialogus
1350 1713 1570 1783 ibidem,
1640 1711 1829 1769 eodem

326 1819 428 1865 tem
438 1825 572 1880 pore
602 1808 967 1879 conscriptus.

244 1901 347 1956 10.
378 1901 454 1955 De
478 1901 636 1956 libero
665 1900 895 1955 Arbitrio
918 1898 1040 1954 libri
1059 1906 1194 1965 tres,
1222 1912 1449 1968 quorum
1477 1897 1710 1967 primum
1724 1892 1836 1950 Ro-

322 2011 425 2049 mae
454 2009 505 2048 a.
538 1995 643 2050 588
687 1992 999 2060 inchoavit,
1032 1992 1170 2046 duos
1219 1991 1553 2061 posteriores
1584 1988 1835 2059 Hippone

321 2088 613 2159 presbyter
633 2086 939 2152 ordinatus,
970 2082 1206 2139 absolvit
1235 2097 1287 2137 a.
1320 2080 1445 2137 595.

238 2184 337 2237 11.
369 2178 449 2234 De
468 2177 655 2234 Genesi
679 2179 926 2232 adversus
950 2173 1271 2230 Manichazos
1299 2171 1426 2228 libri
1457 2169 1566 2227 duo
1593 2184 1732 2241 quos
1781 2169 1837 2223 in

318 2286 543 2329 secessu
571 2285 742 2341 prope
769 2269 1053 2339 Tagastam
1096 2265 1312 2335 scripsit
1342 2265 1485 2319 circa
1522 2279 1576 2317 a.
1604 2262 1728 2318 589.

236 2366 339 2420 12.
372 2363 449 2418 De
477 2362 733 2434 Magistro
762 2360 902 2416 liber
931 2358 1132 2414 ibidem
1176 2366 1232 2414 et
1270 2355 1461 2411 eodem
1486 2369 1538 2409 a.
1570 2352 1675 2409 589
1706 2349 1842 2405 scri-

320 2467 467 2527 plus.

240 2552 339 2605 15.
373 2549 451 2604 De
485 2547 625 2604 Vera
652 2546 928 2619 Religione
952 2543 1143 2602 eodem
1174 2559 1225 2599 a.
1255 2542 1362 2600 589
1408 2538 1497 2595 vel
1548 2535 1655 2594 590
1706 2536 1841 2591 scri-

320 2650 467 2711 ptus.

391 2732 457 2787 Hi
483 2731 608 2788 libri
643 2744 750 2785 una
791 2743 913 2785 cum
953 2744 1010 2784 n.
1038 2728 1133 2794 55,
1164 2727 1217 2781 in
1267 2725 1297 2780 I
1345 2734 1481 2779 tomo
1534 2722 1837 2779 editionum

321 2828 550 2891 Erasmi,
584 2824 979 2879 Lovaniensium
1008 2820 1064 2877 et
1088 2819 1562 2875 Benedictinorum.

245 2920 343 2978 11.
370 2919 449 2973 De
474 2919 711 2974 Utilitate
737 2916 977 2972 credendi
1030 2914 1166 2970 liber
1196 2913 1442 2982 Hippone
1470 2925 1523 2964 a.
1558 2908 1665 2965 592
1708 2920 1841 2964 exa-

319 3021 494 3066 ratus.
527 3010 676 3065 Exst.
713 3008 769 3062 in
813 3007 947 3063 edit.
1005 3005 1211 3059 Erasm.
1250 3012 1305 3057 et
1331 2999 1640 3056 Loraniens.
1688 3004 1840 3052 torno

321 3104 416 3170 Vl,
441 3102 646 3159 Bened.
674 3100 813 3157 VIII.

246 3197 345 3251 I5.
382 3194 460 3248 De
485 3194 683 3275 duabus
714 3190 998 3246 Animabus
1053 3187 1191 3243 liber
1220 3184 1411 3241 eodem
1439 3198 1490 3237 a.
1651 3178 1841 3275 confe-
1866 3212 1914 3275 ρ

323 3297 468 3343 ctus.
500 3269 653 3341 ἔχει.
700 3286 753 3340 in
783 3282 871 3340 ed.
907 3281 1114 3337 Erasm.
1146 3287 1202 3335 et
1229 3277 1424 3332 Lovan.
1452 3283 1493 3330 t.
1520 3273 1610 3340 VI,
1638 3272 1838 3327 Bened.

326 3379 467 3434 VIII.
620 3388 623 3391 ’

250 3472 348 3526 16.
384 3468 514 3522 Acta
548 3474 737 3522 contra
785 3462 1136 3518 Fortunatam
1184 3457 1474 3530 quemdam
1518 3452 1841 3512 Manicbteo-

329 3575 452 3613 rum
477 3557 660 3627 presb.
692 3570 924 3624 quocum
954 3553 1323 3620 disputaverat
1358 3548 1415 3603 d.
1436 3546 1508 3602 28
1530 3556 1584 3601 et
1610 3544 1680 3599 29
1703 3544 1839 3613 Aug.

325 3665 381 3702 a.
413 3649 541 3704 592.
576 3648 728 3702 Exst.
778 3646 831 3701 in
862 3644 950 3701 ed.
984 3642 1191 3698 Erasm.
1232 3650 1289 3697 et
1334 3638 1532 3694 Lovan.
1584 3647 1717 3692 tom.
1753 3633 1842 3701 VI,

326 3740 529 3794 Bened.
558 3738 697 3794 VIII.

250 3835 348 3887 I7.
394 3830 469 3885 De
491 3827 626 3884 Fide
669 3839 715 3882 et
759 3826 1006 3898 Symbolo
1053 3825 1192 3880 liber
1236 3831 1396 3877 natus
1442 3835 1505 3874 es
1565 3830 1845 3882 sermone,

328 3939 490 3992 quem
522 3936 707 3976 coram
740 3920 1007 3989 episcopis
1038 3918 1092 3971 in
1142 3914 1376 3972 concilio
1417 3910 1749 3982 Hipponensi
1791 3924 1842 3962 a.

327 4014 457 4080 595,
487 4014 776 4083 presbyter
793 4011 989 4074 adhuc,
1022 4005 1399 4064 babuit.Exst.
1434 4004 1491 4058 in
1518 4002 1605 4058 ed.
1637 4001 1844 4055 Erasm.

331 4118 389 4164 et
415 4107 615 4161 Lovan.
645 4115 776 4160 tom.
807 4103 895 4169 IlI,
932 4102 1126 4156 Bened.
1160 4099 1246 4154 VI.

256 4200 351 4257 18.
392 4199 474 4253 De
499 4197 686 4252 Genesi
714 4195 780 4249 ad
809 4196 1035 4249 litteram
1063 4193 1205 4248 liber
1233 4188 1590 4260 imperfectus
1630 4183 1851 4241 circiter

334 4306 386 4346 a.
408 4290 517 4345 595
535 4290 787 4355 scriptus.
814 4286 971 4341 Exst.
994 4286 1047 4339 in
1072 4283 1163 4340 ed.
1191 4281 1425 4347 Erasm.,
1450 4279 1646 4334 Lovan.
1676 4288 1729 4333 et
1750 4276 1853 4331 Be-

333 4380 458 4434 ned.
498 4390 631 4433 tom.
660 4377 749 4433 Ill.

262 4475 358 4532 19.
383 4473 463 4527 De
503 4487 737 4526 sermone
767 4467 961 4524 Christi
1004 4468 1056 4521 in
1084 4474 1256 4520 monte
1279 4464 1345 4519 ad
1374 4462 1562 4519 Matth.
1592 4476 1643 4516 c.
1686 4475 1740 4526 v,
1772 4474 1849 4529 vt,

338 4582 439 4630 vn,
469 4563 598 4619 libri
625 4563 733 4618 duo
760 4562 908 4617 circa
957 4576 1007 4613 a.
1054 4560 1181 4615 595.
1221 4559 1376 4613 Exst.
1426 4558 1480 4611 in
1525 4557 1611 4610 ed.
1642 4553 1850 4607 E'rasm.
1876 4584 1933 4645 Β

333 4669 390 4713 et
416 4659 615 4711 Lovan.
648 4666 787 4711 tom.
809 4655 899 4721 IV,
934 4653 1129 4709 Bened.
1156 4652 1243 4707 Ill.

264 4751 358 4806 20.
417 4749 664 4803 Psalmus
714 4758 892 4801 contra
924 4746 1223 4799 Donatistas
1250 4759 1300 4798 a.
1330 4740 1453 4799 595.
1489 4741 1642 4796 East.
1674 4741 1726 4795 in
1756 4740 1848 4796 ed.

339 4841 546 4895 Erasm.
576 4849 629 4893 et
649 4838 846 4893 Lovan.
880 4846 1013 4892 tom.
1042 4835 1154 4902 Vll,
1182 4844 1325 4905 part.
1355 4850 1395 4900 ι,
1428 4830 1623 4887 Bened.
1657 4831 1747 4885 IX.

271 4933 405 5003 |2|.]
436 4931 517 4987 Ad
555 4930 803 4983 eumdem
839 4928 953 4983 fere
978 4943 1026 4981 a.
1057 4927 1163 4984 595
1211 4926 1537 4982 referendus
1581 4933 1663 4978 est
1715 4923 1851 4978 liber

336 5024 653 5094 deperditus
673 5031 855 5076 contra
884 5021 1170 5093 Epistolam
1198 5020 1409 5087 Donati,
1436 5017 1627 5073 Carth.
1677 5018 1846 5087 episc.

336 5115 698 5173 schismatici.
757 5113 892 5168 Nam
941 5115 1195 5182 proxime
1248 5122 1369 5183 post
1402 5109 1670 5164 Psalmum
1701 5109 1853 5178 ponit

337 5209 654 5283 Augustinus
700 5205 942 5259 Retract.
974 5219 1014 5267 ι,
1046 5203 1137 5257 2I.

273 5300 356 5354 22.
379 5302 574 5356 Contra
624 5298 959 5351 Adimantum
1011 5296 1231 5352 libera.
1281 5296 1405 5351 594.
1456 5296 1613 5351 Exst.
1675 5294 1728 5348 in
1760 5292 1849 5349 ed.

340 5393 547 5446 Erasm.
568 5400 623 5446 et
652 5389 846 5445 Lovan.
877 5397 1010 5443 tom.
1035 5386 1125 5454 VI,
1143 5386 1338 5441 Bened.
1366 5386 1500 5440 VIII.

274 5485 357 5539 25.
388 5485 659 5554 Expositio
708 5481 1052 5554 quarumdam
1103 5478 1525 5547 PrOpositiouum
1576 5493 1642 5531 ex
1674 5477 1850 5545 Epist.

341 5577 495 5630 Pauli
528 5576 595 5629 ad
626 5576 919 5628 Romanos.
955 5572 1112 5627 Dedit
1140 5571 1467 5641 Carthagine
1505 5569 1680 5623 adhuc
1702 5584 1849 5638 pres-

340 5666 499 5737 byter
530 5681 579 5719 a.
614 5665 738 5720 591.
767 5665 921 5719 Exst.
955 5664 1007 5719 in
1049 5662 1137 5718 ed.
1174 5663 1375 5717 Erasm.
1406 5672 1461 5717 et
1488 5661 1680 5716 Lovan.
1715 5669 1850 5715 tom.

341 5756 434 5820 IV,
470 5756 667 5811 Bened.
706 5753 793 5811 III.

276 5849 363 5903 24.
393 5846 665 5910 Expositio
721 5846 970 5915 Epistolas
1024 5848 1091 5902 ad
1141 5846 1353 5903 Galatas
1411 5846 1602 5905 eodem
1634 5846 1855 5905 circiter

2001 569 2093 635 IV,
2130 568 2327 623 Bened.
2360 566 2447 623 III.

1929 657 2028 717 25.
2059 659 2332 731 Expositio
2352 658 2605 731 Episton
2621 658 2690 713 ad
2709 658 2965 713 Romanos
2988 657 3231 713 inchoata
3248 658 3354 713 sub
3367 658 3506 712 idem

2004 754 2117 808 fere
2147 761 2384 822 tempus.
2433 751 2586 806 East.
2631 750 2688 805 in
2713 750 2801 806 ed.
2828 749 3035 806 Erasm.
3058 761 3112 806 et
3144 749 3340 806 Lovan.
3374 757 3504 803 tom.

2002 842 2092 910 IV,
2124 841 2313 896 Bened.
2353 841 2440 897 III.

1931 934 2024 991 26.
2055 934 2133 989 De
2158 934 2436 989 Mendacio
2480 936 2548 989 ad
2579 933 2905 990 Consentium
2931 935 3068 990 liber
3094 947 3148 988 a.
3175 932 3302 990 595.
3351 930 3506 987 East.

2004 1026 2059 1081 in
2089 1025 2178 1081 ed.
2212 1024 2420 1081 Erasm.
2450 1034 2506 1080 et
2528 1025 2726 1080 Louan.
2760 1034 2893 1079 tom.
2920 1024 3011 1090 IV,
3038 1023 3236 1080 Bened.
3267 1022 3356 1078 VI.

1932 1116 2026 1173 27.
2056 1114 2135 1170 De
2158 1115 2485 1169 Continentia
2519 1115 2660 1170 liber
2692 1116 2745 1168 in
2796 1112 2894 1169 Ps.
2945 1130 3092 1178 esu,
3139 1116 3194 1181 5,
3224 1113 3281 1180 4,
3311 1126 3419 1168 scr.
3450 1125 3504 1165 e.

2003 1221 2055 1260 a.
2080 1205 2205 1261 595.
2241 1205 2393 1260 Exst.
2449 1206 2504 1264 in
2535 1206 2627 1262 ed.
2667 1204 2875 1261 Erasm.
2907 1214 2961 1260 et
2990 1203 3189 1261 Lovan.
3235 1211 3366 1258 tom.
3416 1201 3505 1270 IV,

2008 1298 2202 1354 Bened.
2243 1299 2308 1352 VI

1933 1390 2024 1446 28.
2057 1390 2136 1445 De
2168 1393 2381 1445 diversis
2411 1391 2786 1458 Qutestionibus
2835 1387 3116 1451 LXXXIII,
3138 1387 3254 1442 sive
3282 1386 3511 1454 Respon-

2003 1483 2171 1537 siones
2202 1483 2270 1536 ad
2314 1482 2632 1549 Quwstiones
2661 1480 2948 1537 LXXXIII.
2984 1480 3091 1534 llas
3121 1476 3453 1549 Augustinus
3479 1489 3510 1531 a

2004 1573 2262 1628 fratribus
2314 1574 2718 1644 interrogatus,
2770 1572 2920 1628 nullo
2968 1571 3260 1625 observato
3298 1567 3506 1632 ordine,

2005 1668 2230 1724 dictavit
2278 1671 2330 1723 in
2366 1667 2544 1722 Africa
2576 1682 2629 1722 c.
2661 1681 2712 1722 a.
2745 1665 2870 1721 590.
2898 1665 3201 1733 Episcopus
3244 1675 3373 1716 vero
3427 1659 3505 1712 la-

2006 1771 2151 1828 ctus,
2183 1777 2275 1815 eas
2300 1760 2482 1829 colligi
2508 1758 2694 1829 jussit,
2721 1768 2776 1813 et
2800 1771 2966 1811 unum
2988 1770 3055 1808 ex
3087 1755 3151 1808 iis
3173 1752 3369 1807 librum
3392 1750 3510 1804 ﬁeri

1865 1850 1911 1909 Β
2006 1852 2218 1910 curavit
2250 1868 2303 1906 a.
2338 1852 2460 1908 598.
2514 1851 2675 1905 East.
2725 1850 2778 1903 in
2822 1847 2910 1903 ed.
2959 1845 3165 1899 Erasm.
3204 1852 3260 1900 et
3304 1842 3507 1923 ‘Lovan.
3586 1836 3589 1837 ⁷

2011 1955 2141 2001 tom.
2164 1945 2251 2011 IV,
2280 1944 2473 1998 Bened.
2509 1943 2593 1998 VI.

1936 2040 2027 2095 29.
2055 2036 2135 2093 De
2162 2038 2375 2091 diversis
2408 2035 2787 2101 Quwstionibus
2816 2034 2905 2087 VII
2937 2030 3061 2087 libri
3108 2030 3237 2084 duo.
3268 2026 3367 2093 Qui
3400 2024 3510 2094 pri-

2010 2129 2085 2186 mi
2111 2129 2351 2183 omnium
2381 2137 2527 2192 sunt,
2563 2140 2701 2197 quos
2732 2126 3017 2195 episcopus
3038 2121 3255 2189 scripsit
3274 2117 3490 2187 Augusti
3501 2147 3513 2158 -

2009 2239 2108 2277 nus
2139 2221 2205 2275 ad
2236 2220 2638 2290 Simplicianam
2668 2216 2884 2273 Mediol.
2916 2213 3114 2283 episc.,
3165 2210 3258 2281 qui
3294 2208 3352 2264 S.
3382 2210 3507 2263 Am-

2010 2314 2198 2368 brosio
2228 2312 2488 2366 sutl‘ectus
2516 2319 2599 2366 est
2626 2325 2679 2365 a.
2734 2309 2865 2364 597.
2897 2308 3049 2363 Exst.
3080 2305 3134 2359 in
3167 2303 3257 2358 ed.
3308 2300 3512 2355 Erasm.

2010 2414 2066 2462 et
2092 2404 2287 2460 Lovan.
2321 2416 2450 2457 tom.
2486 2403 2577 2467 IV,
2624 2400 2818 2455 Bened.
2857 2399 2944 2455 VI.

1941 2500 2031 2556 50.
2059 2498 2248 2553 Contra
2291 2495 2512 2551 Manetis
2539 2492 2859 2564 Epistulam,
2920 2490 3007 2546 cui
3055 2488 3245 2543 titulus
3296 2482 3517 2539 Funda-

2013 2591 2189 2655 menti,
2219 2589 2357 2645 liber
2382 2587 2618 2657 scriptus
2646 2584 2869 2640 circiter
2896 2599 2949 2637 a.
2997 2582 3121 2638 597.
3156 2580 3306 2634 Esst.
3344 2577 3398 2631 in
3422 2574 3516 2631 ed.

2010 2684 2223 2740 Erasm.
2251 2691 2305 2737 et
2332 2680 2526 2734 Lovan.
2560 2688 2690 2733 tom.
2725 2677 2812 2749 VI,
2843 2675 3035 2730 Bened.
3070 2672 3202 2727 VIII.

1941 2778 2032 2834 51.
2066 2773 2141 2829 De
2170 2776 2350 2845 Agone
2394 2771 2686 2827 Christiano
2730 2783 2780 2822 a.
2822 2766 2928 2822 596
2970 2764 3330 2832 conscriptus.
3364 2759 3518 2813 Exst.

2013 2869 2067 2922 in
2091 2866 2180 2922 ed.
2211 2864 2419 2918 Erasm.
2453 2873 2506 2918 et
2526 2861 2722 2916 Lovan.
2749 2869 2880 2914 tom.
2911 2856 2998 2923 III,
3032 2855 3229 2909 Bened.
3256 2851 3344 2907 VI.

1942 2961 2035 3016 52.
2065 2959 2143 3014 De
2172 2957 2422 3012 Doctrina
2450 2956 2742 3010 Christiana
2768 2950 2892 3006 libri
2919 2959 3170 3020 quatuor.
3204 2941 3523 2999 Hosincbo-

2013 3054 2126 3109 avit
2169 3052 2316 3107 circa
2344 3065 2395 3105 a.
2429 3048 2567 3112 597;
2602 3059 2784 3100 verum
2807 3042 2873 3096 ad
2900 3040 3047 3095 tertii
3074 3037 3198 3092 libri
3223 3044 3384 3105 caput
3414 3043 3524 3089 ter-

2014 3147 2149 3203 tium
2180 3142 2434 3207 absolvit,
2484 3138 2765 3207 tribusque
2799 3143 3050 3205 quartum
3080 3128 3289 3184 addidit
3313 3142 3368 3182 a.
3396 3124 3522 3180 426.

2018 3238 2178 3293 Exst.
2208 3236 2260 3290 in
2284 3232 2371 3289 ed.
2406 3230 2637 3293 Erasm.,
2669 3228 2888 3294 Looan.,
2914 3234 2968 3279 et
2997 3221 3191 3276 Bened.
3223 3229 3356 3274 tom.
3390 3216 3479 3271 III.

1945 3330 2080 3404 [55.]
2105 3328 2184 3385 Ad
2213 3343 2262 3383 a.
2308 3326 2413 3383 598
2434 3322 2703 3380 referendi
2730 3333 2942 3391 quoque
2974 3316 3164 3371 Contra
3192 3322 3388 3404 partem
3415 3307 3525 3404 De:

2016 3397 2125 3478 nati
2155 3421 2278 3476 libri
2308 3419 2433 3486 duo,
2458 3430 2687 3488 quorum
2718 3412 2963 3468 meminit
2996 3408 3237 3463 Retraet.
3268 3419 3306 3470 ι,
3337 3403 3390 3457 5.
3417 3397 3526 3455 Sed

2016 3530 2123 3570 non
2153 3514 2384 3583 amplius
2415 3508 2650 3566 exstant.

1954 3608 2042 3662 54.
2076 3607 2154 3661 De
2185 3607 2287 3674 ﬁde
2312 3619 2509 3667 rerum,
2536 3618 2649 3671 qua:
2671 3615 2772 3654 non
2798 3597 3057 3651 videntur.
3075 3587 3527 3646 Hunctractatum

2019 3699 2273 3753 Erasmus
2305 3706 2359 3752 et
2382 3710 2505 3751 eum
2533 3692 2705 3748 secuti
2736 3690 3075 3746 Lovanienses
3104 3690 3381 3751 tamquam
3409 3690 3528 3745 spu-

2018 3792 2156 3846 rinm
2187 3799 2243 3845 et
2271 3803 2339 3843 ex
2369 3785 2647 3857 Augustini
2672 3781 2886 3852 scriptis
2908 3774 3345 3834 consarcinatum
3390 3768 3529 3837 reje-

2020 3891 2240 3945 eerant;
2264 3877 2588 3933 Benedictini
2629 3888 2759 3929 vero
2785 3886 2886 3942 pro
2916 3869 3151 3939 genuino
3180 3866 3525 3930 receperunt.

2023 3973 2248 4028 Videtur
2276 3971 2341 4024 ad
2374 3985 2425 4023 a.
2453 3968 2556 4023 599
2584 3964 2921 4021 referendus.
2947 3961 3097 4015 Exst.
3123 3958 3179 4011 in
3202 3955 3291 4011 ed.
3319 3950 3525 4006 Erasm.

2021 4074 2079 4121 et
2110 4064 2303 4117 Lovan.
2335 4072 2465 4115 tom.
2496 4058 2584 4125 IV,
2613 4054 2862 4126 Append.
2886 4049 3079 4107 Bened.
3115 4058 3245 4102 tom.
3278 4044 3369 4098 VI.

1951 4157 2038 4213 55.
2069 4154 2459 4224 Confessionum
2492 4149 2617 4204 libri
2641 4146 2902 4202 tredecim
2933 4144 3075 4197 circa
3102 4155 3153 4194 a.
3182 4137 3287 4194 400
3316 4130 3526 4211 scripti.
3626 4130 3629 4131 ⁷

2025 4249 2174 4303 Exsr.
2212 4246 2264 4300 in
2288 4244 2375 4299 ed.
2409 4241 2643 4310 Erasm.,
2666 4238 2890 4301 Lovatt.,
2913 4232 3176 4290 etBened.
3205 4238 3341 4285 tom.
3365 4226 3407 4281 Ι.

1953 4341 2043 4398 56.
2086 4338 2285 4395 Contra
2313 4334 2361 4387 F
2365 4342 2573 4389 austum
2602 4330 2957 4386 Manichmum
3013 4321 3395 4395 Disputationes
3433 4330 3530 4371 seu

2028 4432 2149 4488 libri
2211 4429 2429 4499 triginta
2488 4436 2620 4482 tres.
2666 4426 2815 4492 Opus
2870 4418 3171 4475 absolutum
3208 4431 3258 4469 c.
3308 4428 3359 4467 a.
3403 4408 3529 4478 100,

2027 4525 2168 4597 quod
2217 4523 2284 4578 ad
2334 4522 2713 4591 Hieronymum
2760 4517 2907 4570 misit
2935 4529 2986 4567 a.
3015 4509 3139 4565 404.
3173 4510 3329 4564 Exsr.
3359 4506 3411 4560 in
3442 4502 3531 4559 ed.

2027 4627 2237 4682 Erasm.
2271 4635 2325 4680 et
2358 4623 2557 4677 Lovan.
2588 4630 2718 4674 tom.
2742 4617 2833 4684 Vl,
2862 4613 3056 4669 Bened.
3079 4610 3215 4666 VIII.

1954 4734 2044 4792 57.
2095 4731 2169 4786 De
2214 4729 2343 4783 actis
2373 4741 2487 4780 cum
2520 4722 2694 4778 Felice
2735 4719 3029 4774 Manicltteo
3082 4713 3204 4769 libri
3254 4711 3361 4765 duo
3410 4716 3532 4760 sunt

2025 4841 2140 4886 acta
2161 4827 2469 4886 Collationis
2519 4837 2680 4894 quam
2711 4834 2836 4875 cum
2867 4832 2933 4873 eo
2975 4813 3163 4870 habuit
3209 4808 3533 4878 Augustinus

2026 4934 2273 5009 Hippone
2319 4940 2505 4982 mense
2555 4919 2836 4978 Decembri
2867 4933 2917 4971 a.
2965 4914 3091 4970 404.
3126 4912 3281 4966 Exst.
3330 4908 3383 4961 in
3443 4909 3534 4959 ed.

2030 5032 2232 5086 Erasm.
2254 5035 2310 5084 et
2332 5025 2531 5080 Lovan.
2560 5031 2694 5078 tom.
2726 5019 2819 5088 VI,
2851 5015 3045 5071 Bened.
3080 5010 3213 5067 VIII.

1954 5132 2041 5189 58.
2072 5131 2148 5186 De
2192 5138 2380 5183 natura
2423 5125 2557 5179 Boni
2588 5124 2725 5178 liber
2756 5119 3022 5174 adversus
3066 5109 3391 5168 Manichacus
3424 5120 3515 5159 sua

2023 5242 2145 5302 post
2168 5246 2220 5283 a.
2253 5228 2378 5283 404.
2398 5228 2553 5282 Exst.
2587 5219 2969 5279 ined.Erasm.
2995 5212 3260 5271 etLoran.
3290 5219 3421 5263 tom.
3446 5203 3533 5265 γι,

2024 5332 2215 5387 Bened.
2252 5328 2388 5384 VIII.

1954 5436 2044 5492 59.
2078 5435 2333 5488 Adversus
2367 5430 2724 5487 Secundinum
2774 5421 3117 5479 Manichwum
3160 5416 3297 5471 liber
3343 5424 3450 5464 scr.
3477 5422 3530 5460 a.

2026 5535 2246 5592 circiter
2265 5532 2557 5589 40515st
2582 5529 2635 5583 in
2654 5526 2742 5583 ed.
2768 5524 2978 5579 Erasnt.
2999 5531 3050 5577 et
3066 5520 3264 5573 Lovan.
3289 5523 3421 5567 tum.
3441 5509 3475 5561 Υ
3490 5508 3535 5572 I,

2028 5637 2227 5691 Bened.
2254 5634 2391 5690 VIII.

1958 5737 2094 5814 [40.]
2127 5737 2225 5792 llic
2250 5733 2570 5790 referendus
2597 5739 2762 5796 esset,
2795 5728 2838 5783 si
2871 5728 3133 5788 exstaret,
3159 5731 3315 5790 quem
3343 5720 3532 5768 contra

2035 5840 2299 5897 Hilarium
2327 5836 2614 5911 quemdam
2637 5834 2809 5892 virum
2843 5824 3180 5886 tribunitium
3210 5819 3410 5878 laicuttt
3439 5826 3530 5871 ce.-
