  <div class='ocr_page' id='page_1' title='image "/cluster/home/n/w/nwhite01/storage/ocr_20150623/47/hvd.32044015471527/021.png"; bbox 0 0 4010 6350; ppageno 0'>
   <div class='ocr_carea' id='block_1_1' title="bbox 10 5628 29 5917">
    <p class='ocr_par' dir='ltr' id='par_1_1' title="bbox 10 5628 29 5861">
     <span class='ocr_line' id='line_1_1' title="bbox 10 5628 23 5683; baseline 0 0"><span class='ocrx_word' id='word_1_1' title='bbox 10 5628 23 5683; x_wconf 49' lang='grc' dir='ltr'><em>Α</em></span> 
     </span>
     <span class='ocr_line' id='line_1_2' title="bbox 10 5684 27 5795; baseline -0.118 0"><span class='ocrx_word' id='word_1_2' title='bbox 10 5684 27 5795; x_wconf 59' lang='lat' dir='ltr'><strong><em>gl</em></strong></span> 
     </span>
     <span class='ocr_line' id='line_1_3' title="bbox 12 5812 29 5861; baseline 0.118 -2"><span class='ocrx_word' id='word_1_3' title='bbox 12 5812 29 5861; x_wconf 63' lang='lat' dir='ltr'><strong><em>ll</em></strong></span> 
     </span>
    </p>
   </div>
   <div class='ocr_carea' id='block_1_2' title="bbox 425 342 485 398">
    <p class='ocr_par' dir='ltr' id='par_1_2' title="bbox 425 342 485 398">
     <span class='ocr_line' id='line_1_4' title="bbox 425 342 485 398; baseline -0.067 0"><span class='ocrx_word' id='word_1_4' title='bbox 425 342 485 398; x_wconf 80' lang='grc'><strong>31</strong></span> 
     </span>
    </p>
   </div>
   <div class='ocr_carea' id='block_1_3' title="bbox 1302 314 3704 387">
    <p class='ocr_par' dir='ltr' id='par_1_3' title="bbox 1302 314 3704 387">
     <span class='ocr_line' id='line_1_5' title="bbox 1302 314 3704 387; baseline -0.007 0"><span class='ocrx_word' id='word_1_5' title='bbox 1302 328 1710 387; x_wconf 79' lang='lat' dir='ltr'><strong><em>SUPPLEMEN</em></strong></span> <span class='ocrx_word' id='word_1_6' title='bbox 1727 329 1858 386; x_wconf 75' lang='grc' dir='ltr'><strong><em>[ΗΜ</em></strong></span> <span class='ocrx_word' id='word_1_7' title='bbox 1899 328 1990 384; x_wconf 80' lang='lat' dir='ltr'><strong><em>AD</em></strong></span> <span class='ocrx_word' id='word_1_8' title='bbox 2026 327 2259 385; x_wconf 67' lang='lat' dir='ltr'><strong><em>OPERA</em></strong></span> <span class='ocrx_word' id='word_1_9' title='bbox 2297 327 2355 383; x_wconf 88' lang='lat' dir='ltr'><strong><em>S.</em></strong></span> <span class='ocrx_word' id='word_1_10' title='bbox 2400 321 2797 382; x_wconf 67' lang='lat' dir='ltr'><strong><em>AUGUSTINI.</em></strong></span> <span class='ocrx_word' id='word_1_11' title='bbox 3609 314 3704 374; x_wconf 69' lang='grc'><strong>52</strong></span> 
     </span>
    </p>
   </div>
   <div class='ocr_carea' id='block_1_4' title="bbox 489 433 3694 515">
    <p class='ocr_par' dir='ltr' id='par_1_4' title="bbox 489 433 3694 515">
     <span class='ocr_line' id='line_1_6' title="bbox 489 433 3694 515; baseline -0.004 -17"><span class='ocrx_word' id='word_1_12' title='bbox 489 444 651 515; x_wconf 78' lang='lat' dir='ltr'><strong><em>vulgo</em></strong></span> <span class='ocrx_word' id='word_1_13' title='bbox 680 446 743 499; x_wconf 81' lang='lat' dir='ltr'><strong><em>de</em></strong></span> <span class='ocrx_word' id='word_1_14' title='bbox 787 443 931 499; x_wconf 88' lang='lat' dir='ltr'><strong><em>Dono</em></strong></span> <span class='ocrx_word' id='word_1_15' title='bbox 963 444 1363 499; x_wconf 78' lang='lat' dir='ltr'><strong><em>Perseverantite</em></strong></span> <span class='ocrx_word' id='word_1_16' title='bbox 1406 452 1743 514; x_wconf 89' lang='lat' dir='ltr'><strong><em>nuncupatus</em></strong></span> <span class='ocrx_word' id='word_1_17' title='bbox 1780 445 1847 497; x_wconf 91' lang='lat' dir='ltr'><strong><em>ad</em></strong></span> <span class='ocrx_word' id='word_1_18' title='bbox 1876 457 1996 498; x_wconf 81' lang='lat' dir='ltr'><strong><em>eos-</em></strong></span> <span class='ocrx_word' id='word_1_19' title='bbox 2022 449 2071 503; x_wconf 79' lang='grc' dir='ltr'>Α</span> <span class='ocrx_word' id='word_1_20' title='bbox 2172 441 2489 506; x_wconf 70' lang='lat' dir='ltr'><strong><em>Maximum;</em></strong></span> <span class='ocrx_word' id='word_1_21' title='bbox 2547 439 2649 494; x_wconf 88' lang='grc'><strong>150</strong></span> <span class='ocrx_word' id='word_1_22' title='bbox 2696 438 3115 507; x_wconf 83' lang='lat' dir='ltr'><strong><em>Chrysostomum</em></strong></span> <span class='ocrx_word' id='word_1_23' title='bbox 3158 442 3435 490; x_wconf 87' lang='lat' dir='ltr'><strong><em>auctorem</em></strong></span> <span class='ocrx_word' id='word_1_24' title='bbox 3480 433 3694 495; x_wconf 86' lang='lat' dir='ltr'><strong><em>habet;</em></strong></span> 
     </span>
    </p>
   </div>
   <div class='ocr_carea' id='block_1_5' title="bbox 493 533 2001 590">
    <p class='ocr_par' dir='ltr' id='par_1_5' title="bbox 493 533 2001 590">
     <span class='ocr_line' id='line_1_7' title="bbox 493 533 2001 590; baseline -0.001 -1"><span class='ocrx_word' id='word_1_25' title='bbox 493 534 615 589; x_wconf 89' lang='lat' dir='ltr'><strong><em>dem</em></strong></span> <span class='ocrx_word' id='word_1_26' title='bbox 656 547 762 587; x_wconf 91' lang='lat' dir='ltr'><strong><em>scr.</em></strong></span> <span class='ocrx_word' id='word_1_27' title='bbox 793 548 843 587; x_wconf 89' lang='lat' dir='ltr'><strong><em>a.</em></strong></span> <span class='ocrx_word' id='word_1_28' title='bbox 876 535 979 590; x_wconf 64' lang='lat'><strong><em>428</em></strong></span> <span class='ocrx_word' id='word_1_29' title='bbox 1006 534 1091 589; x_wconf 90' lang='lat' dir='ltr'><strong><em>vel</em></strong></span> <span class='ocrx_word' id='word_1_30' title='bbox 1139 533 1265 589; x_wconf 60' lang='lat'><strong><em>429.</em></strong></span> <span class='ocrx_word' id='word_1_31' title='bbox 1300 533 1452 588; x_wconf 81' lang='lat' dir='ltr'><strong><em>Exst.</em></strong></span> <span class='ocrx_word' id='word_1_32' title='bbox 1484 536 1537 589; x_wconf 92' lang='lat' dir='ltr'><strong><em>in</em></strong></span> <span class='ocrx_word' id='word_1_33' title='bbox 1576 534 1666 589; x_wconf 90' lang='lat' dir='ltr'><strong><em>ed.</em></strong></span> <span class='ocrx_word' id='word_1_34' title='bbox 1709 533 1909 587; x_wconf 81' lang='lat' dir='ltr'><strong><em>Erasm.</em></strong></span> <span class='ocrx_word' id='word_1_35' title='bbox 1945 542 2001 588; x_wconf 87' lang='lat' dir='ltr'><strong><em>et</em></strong></span> 
     </span>
    </p>
   </div>
   <div class='ocr_carea' id='block_1_6' title="bbox 494 624 1202 694">
    <p class='ocr_par' dir='ltr' id='par_1_6' title="bbox 494 624 1202 694">
     <span class='ocr_line' id='line_1_8' title="bbox 494 624 1202 694; baseline 0.001 -15"><span class='ocrx_word' id='word_1_36' title='bbox 494 626 694 680; x_wconf 82' lang='lat' dir='ltr'><strong><em>Lovan.</em></strong></span> <span class='ocrx_word' id='word_1_37' title='bbox 715 626 779 682; x_wconf 88' lang='grc' dir='ltr'><strong><em>Τ.</em></strong></span> <span class='ocrx_word' id='word_1_38' title='bbox 802 626 891 694; x_wconf 70' lang='grc' dir='ltr'><strong>Π,</strong></span> <span class='ocrx_word' id='word_1_39' title='bbox 916 626 1107 679; x_wconf 85' lang='lat' dir='ltr'><strong><em>Bened.</em></strong></span> <span class='ocrx_word' id='word_1_40' title='bbox 1133 624 1202 680; x_wconf 86' lang='lat' dir='ltr'><strong><em>X.</em></strong></span> 
     </span>
    </p>
   </div>
   <div class='ocr_carea' id='block_1_7' title="bbox 2176 523 3694 600">
    <p class='ocr_par' dir='ltr' id='par_1_7' title="bbox 2176 523 3694 600">
     <span class='ocr_line' id='line_1_9' title="bbox 2176 523 3694 600; baseline -0.008 -13"><span class='ocrx_word' id='word_1_41' title='bbox 2176 532 2297 600; x_wconf 89' lang='grc'><strong>156,</strong></span> <span class='ocrx_word' id='word_1_42' title='bbox 2334 532 2456 594; x_wconf 85' lang='grc'><strong>158,</strong></span> <span class='ocrx_word' id='word_1_43' title='bbox 2492 531 2616 593; x_wconf 97' lang='grc'><strong>156,</strong></span> <span class='ocrx_word' id='word_1_44' title='bbox 2650 528 2779 592; x_wconf 72' lang='grc'><strong>176,</strong></span> <span class='ocrx_word' id='word_1_45' title='bbox 2828 528 2967 582; x_wconf 87' lang='lat' dir='ltr'><strong><em>inter</em></strong></span> <span class='ocrx_word' id='word_1_46' title='bbox 3011 523 3328 580; x_wconf 75' lang='lat' dir='ltr'><strong><em>Eusebianos</em></strong></span> <span class='ocrx_word' id='word_1_47' title='bbox 3371 524 3640 578; x_wconf 84' lang='lat' dir='ltr'><strong><em>habemur</em></strong></span> <span class='ocrx_word' id='word_1_48' title='bbox 3663 537 3694 588; x_wconf 90' lang='lat'><strong><em>;</em></strong></span> 
     </span>
    </p>
   </div>
   <div class='ocr_carea' id='block_1_8' title="bbox 2174 612 3696 690">
    <p class='ocr_par' dir='ltr' id='par_1_8' title="bbox 2174 612 3696 690">
     <span class='ocr_line' id='line_1_10' title="bbox 2174 612 3696 690; baseline -0.005 -15"><span class='ocrx_word' id='word_1_49' title='bbox 2174 621 2275 675; x_wconf 87' lang='lat'><strong><em>177</em></strong></span> <span class='ocrx_word' id='word_1_50' title='bbox 2320 621 2382 676; x_wconf 91' lang='lat' dir='ltr'><strong><em>S.</em></strong></span> <span class='ocrx_word' id='word_1_51' title='bbox 2434 620 2667 690; x_wconf 84' lang='lat' dir='ltr'><strong><em>Gregorii</em></strong></span> <span class='ocrx_word' id='word_1_52' title='bbox 2708 628 2823 683; x_wconf 83' lang='lat' dir='ltr'><strong><em>est;</em></strong></span> <span class='ocrx_word' id='word_1_53' title='bbox 2852 619 2953 672; x_wconf 83' lang='grc'><strong>175</strong></span> <span class='ocrx_word' id='word_1_54' title='bbox 2983 632 3047 671; x_wconf 77' lang='lat' dir='ltr'><strong><em>ex</em></strong></span> <span class='ocrx_word' id='word_1_55' title='bbox 3076 615 3320 685; x_wconf 85' lang='lat' dir='ltr'><strong><em>ejusdem</em></strong></span> <span class='ocrx_word' id='word_1_56' title='bbox 3348 613 3563 682; x_wconf 77' lang='lat' dir='ltr'><strong><em>scriptis</em></strong></span> <span class='ocrx_word' id='word_1_57' title='bbox 3586 612 3696 668; x_wconf 83' lang='lat' dir='ltr'><strong><em>de—</em></strong></span> 
     </span>
    </p>
   </div>
   <div class='ocr_carea' id='block_1_9' title="bbox 426 705 2059 787">
    <p class='ocr_par' dir='ltr' id='par_1_9' title="bbox 426 716 1997 787">
     <span class='ocr_line' id='line_1_11' title="bbox 426 716 1997 787; baseline -0.003 -14"><span class='ocrx_word' id='word_1_58' title='bbox 426 718 548 773; x_wconf 74' lang='lat'><strong>112.</strong></span> <span class='ocrx_word' id='word_1_59' title='bbox 575 719 765 774; x_wconf 84' lang='lat' dir='ltr'><strong><em>Contra</em></strong></span> <span class='ocrx_word' id='word_1_60' title='bbox 787 718 1061 774; x_wconf 85' lang='lat' dir='ltr'><strong><em>secundant</em></strong></span> <span class='ocrx_word' id='word_1_61' title='bbox 1087 716 1286 771; x_wconf 73' lang='lat' dir='ltr'><strong><em>Iuliani</em></strong></span> <span class='ocrx_word' id='word_1_62' title='bbox 1315 716 1711 787; x_wconf 78' lang='lat' dir='ltr'><strong><em>responsionem,</em></strong></span> <span class='ocrx_word' id='word_1_63' title='bbox 1740 732 1869 786; x_wconf 82' lang='lat' dir='ltr'><strong><em>Opus</em></strong></span> <span class='ocrx_word' id='word_1_64' title='bbox 1896 716 1997 768; x_wconf 77' lang='lat' dir='ltr'><strong><em>im-</em></strong></span> 
     </span>
    </p>
   </div>
   <div class='ocr_carea' id='block_1_10' title="bbox 2230 705 3694 787">
    <p class='ocr_par' dir='ltr' id='par_1_10' title="bbox 2230 705 3694 783">
     <span class='ocr_line' id='line_1_12' title="bbox 2230 705 3694 783; baseline -0.003 -21"><span class='ocrx_word' id='word_1_65' title='bbox 2230 722 2449 783; x_wconf 77' lang='lat' dir='ltr'><strong><em>mptus;</em></strong></span> <span class='ocrx_word' id='word_1_66' title='bbox 2476 712 2613 778; x_wconf 82' lang='lat'><strong><em>226,</em></strong></span> <span class='ocrx_word' id='word_1_67' title='bbox 2651 711 2755 766; x_wconf 84' lang='lat'><strong><em>228</em></strong></span> <span class='ocrx_word' id='word_1_68' title='bbox 2778 751 2794 778; x_wconf 95' lang='lat'><strong>,</strong></span> <span class='ocrx_word' id='word_1_69' title='bbox 2825 707 2959 775; x_wconf 76' lang='lat'><strong>229,</strong></span> <span class='ocrx_word' id='word_1_70' title='bbox 2986 707 3123 777; x_wconf 16' lang='lat'><strong>2.12,</strong></span> <span class='ocrx_word' id='word_1_71' title='bbox 3163 723 3234 763; x_wconf 78' lang='lat' dir='ltr'><strong><em>ex</em></strong></span> <span class='ocrx_word' id='word_1_72' title='bbox 3268 705 3520 761; x_wconf 87' lang='lat' dir='ltr'><strong><em>Ambrosii</em></strong></span> <span class='ocrx_word' id='word_1_73' title='bbox 3547 706 3694 760; x_wconf 81' lang='lat' dir='ltr'><strong><em>scri-</em></strong></span> 
     </span>
    </p>
   </div>
   <div class='ocr_carea' id='block_1_11' title="bbox 492 796 2298 882">
    <p class='ocr_par' dir='ltr' id='par_1_11' title="bbox 492 796 2298 882">
     <span class='ocr_line' id='line_1_13' title="bbox 492 796 2298 882; baseline -0.001 -17"><span class='ocrx_word' id='word_1_74' title='bbox 492 815 774 882; x_wconf 83' lang='lat' dir='ltr'><strong><em>perfectum</em></strong></span> <span class='ocrx_word' id='word_1_75' title='bbox 818 826 905 866; x_wconf 75' lang='lat' dir='ltr'><strong><em>ses;</em></strong></span> <span class='ocrx_word' id='word_1_76' title='bbox 938 809 1095 863; x_wconf 91' lang='lat' dir='ltr'><strong><em>libros</em></strong></span> <span class='ocrx_word' id='word_1_77' title='bbox 1145 796 1488 877; x_wconf 84' lang='lat' dir='ltr'><strong><em>complectens</em></strong></span> <span class='ocrx_word' id='word_1_78' title='bbox 1528 824 1633 863; x_wconf 91' lang='lat' dir='ltr'><strong><em>scr.</em></strong></span> <span class='ocrx_word' id='word_1_79' title='bbox 1681 825 1732 863; x_wconf 72' lang='grc' dir='ltr'><strong><em>ει.</em></strong></span> <span class='ocrx_word' id='word_1_80' title='bbox 1761 809 1886 864; x_wconf 71' lang='grc'><strong><em>428.</em></strong></span> <span class='ocrx_word' id='word_1_81' title='bbox 1916 809 2001 864; x_wconf 87' lang='lat' dir='ltr'><strong><em>vel</em></strong></span> <span class='ocrx_word' id='word_1_82' title='bbox 2174 804 2298 873; x_wconf 77' lang='lat' dir='ltr'><strong><em>plis-</em></strong></span> 
     </span>
    </p>
   </div>
   <div class='ocr_carea' id='block_1_12' title="bbox 492 897 3688 974">
    <p class='ocr_par' dir='ltr' id='par_1_12' title="bbox 492 897 3688 974">
     <span class='ocr_line' id='line_1_14' title="bbox 492 897 3688 974; baseline -0.003 -15"><span class='ocrx_word' id='word_1_83' title='bbox 492 903 617 959; x_wconf 73' lang='lat'><strong><em>429.</em></strong></span> <span class='ocrx_word' id='word_1_84' title='bbox 663 905 813 959; x_wconf 82' lang='lat' dir='ltr'><strong><em>Exst.</em></strong></span> <span class='ocrx_word' id='word_1_85' title='bbox 865 905 919 958; x_wconf 91' lang='lat' dir='ltr'><strong><em>in</em></strong></span> <span class='ocrx_word' id='word_1_86' title='bbox 972 903 1207 974; x_wconf 86' lang='lat' dir='ltr'><strong><em>Vignerii</em></strong></span> <span class='ocrx_word' id='word_1_87' title='bbox 1256 901 1526 973; x_wconf 87' lang='lat' dir='ltr'><strong><em>Supplem.</em></strong></span> <span class='ocrx_word' id='word_1_88' title='bbox 1576 901 1641 956; x_wconf 87' lang='grc' dir='ltr'><strong><em>Τ.</em></strong></span> <span class='ocrx_word' id='word_1_89' title='bbox 1699 900 1761 967; x_wconf 91' lang='lat' dir='ltr'><strong><em>ll,</em></strong></span> <span class='ocrx_word' id='word_1_90' title='bbox 1808 901 1999 956; x_wconf 81' lang='lat' dir='ltr'><strong><em>Bened.</em></strong></span> <span class='ocrx_word' id='word_1_91' title='bbox 2244 904 2301 959; x_wconf 82' lang='lat'><strong>5°</strong></span> <span class='ocrx_word' id='word_1_92' title='bbox 2339 903 2417 957; x_wconf 88' lang='lat' dir='ltr'><strong><em>De</em></strong></span> <span class='ocrx_word' id='word_1_93' title='bbox 2442 902 2649 958; x_wconf 88' lang='lat' dir='ltr'><strong><em>Sanctis</em></strong></span> <span class='ocrx_word' id='word_1_94' title='bbox 2680 900 2952 957; x_wconf 80' lang='lat' dir='ltr'><strong><em>Sermones</em></strong></span> <span class='ocrx_word' id='word_1_95' title='bbox 2975 899 3153 967; x_wconf 76' lang='lat' dir='ltr'><strong>I.I,ex</strong></span> <span class='ocrx_word' id='word_1_96' title='bbox 3179 898 3371 968; x_wconf 83' lang='lat' dir='ltr'><strong><em>quibus</em></strong></span> <span class='ocrx_word' id='word_1_97' title='bbox 3394 897 3688 952; x_wconf 79' lang='lat' dir='ltr'><strong><em>Sermones</em></strong></span> 
     </span>
    </p>
   </div>
   <div class='ocr_carea' id='block_1_13' title="bbox 493 987 3685 1067">
    <p class='ocr_par' dir='ltr' id='par_1_13' title="bbox 493 987 3685 1067">
     <span class='ocr_line' id='line_1_15' title="bbox 493 987 3685 1067; baseline -0.003 -17"><span class='ocrx_word' id='word_1_98' title='bbox 493 998 579 1050; x_wconf 92' lang='lat' dir='ltr'><strong><em>ed.</em></strong></span> <span class='ocrx_word' id='word_1_99' title='bbox 612 996 681 1050; x_wconf 85' lang='lat' dir='ltr'><strong><em>X.</em></strong></span> <span class='ocrx_word' id='word_1_100' title='bbox 1679 1019 1682 1023; x_wconf 62' lang='grc'><strong>’</strong></span> <span class='ocrx_word' id='word_1_101' title='bbox 2176 998 2201 1052; x_wconf 88' lang='grc'><strong><em>1</em></strong></span> <span class='ocrx_word' id='word_1_102' title='bbox 2236 1006 2290 1051; x_wconf 90' lang='lat' dir='ltr'><strong><em>et</em></strong></span> <span class='ocrx_word' id='word_1_103' title='bbox 2330 996 2395 1051; x_wconf 88' lang='lat'><strong>18</strong></span> <span class='ocrx_word' id='word_1_104' title='bbox 2426 993 2706 1067; x_wconf 86' lang='lat' dir='ltr'><strong><em>Fulgentio</em></strong></span> <span class='ocrx_word' id='word_1_105' title='bbox 2747 994 3023 1050; x_wconf 78' lang='lat' dir='ltr'><strong><em>ascribunt</em></strong></span> <span class='ocrx_word' id='word_1_106' title='bbox 3053 991 3327 1057; x_wconf 86' lang='lat' dir='ltr'><strong><em>nonnulli;</em></strong></span> <span class='ocrx_word' id='word_1_107' title='bbox 3356 987 3628 1046; x_wconf 82' lang='lat' dir='ltr'><strong><em>sermo22</em></strong></span> <span class='ocrx_word' id='word_1_108' title='bbox 3654 1005 3685 1042; x_wconf 89' lang='lat' dir='ltr'><strong><em>e</em></strong></span> 
     </span>
    </p>
   </div>
   <div class='ocr_carea' id='block_1_14' title="bbox 426 1082 3688 1157">
    <p class='ocr_par' dir='ltr' id='par_1_14' title="bbox 426 1082 3688 1157">
     <span class='ocr_line' id='line_1_16' title="bbox 426 1082 3688 1157; baseline -0.003 -15"><span class='ocrx_word' id='word_1_109' title='bbox 426 1087 547 1142; x_wconf 88' lang='grc'><strong>115.</strong></span> <span class='ocrx_word' id='word_1_110' title='bbox 591 1085 870 1156; x_wconf 87' lang='lat' dir='ltr'><strong><em>Speculum</em></strong></span> <span class='ocrx_word' id='word_1_111' title='bbox 916 1103 980 1141; x_wconf 77' lang='lat' dir='ltr'><strong><em>ex</em></strong></span> <span class='ocrx_word' id='word_1_112' title='bbox 1024 1098 1239 1157; x_wconf 87' lang='lat' dir='ltr'><strong><em>utroque</em></strong></span> <span class='ocrx_word' id='word_1_113' title='bbox 1280 1085 1597 1140; x_wconf 88' lang='lat' dir='ltr'><strong><em>Testamento</em></strong></span> <span class='ocrx_word' id='word_1_114' title='bbox 1648 1083 1751 1138; x_wconf 90' lang='lat' dir='ltr'><strong><em>sub</em></strong></span> <span class='ocrx_word' id='word_1_115' title='bbox 1797 1100 1849 1138; x_wconf 88' lang='lat' dir='ltr'><strong><em>a.</em></strong></span> <span class='ocrx_word' id='word_1_116' title='bbox 1901 1084 2002 1139; x_wconf 76' lang='lat' dir='ltr'><strong><em>I27</em></strong></span> <span class='ocrx_word' id='word_1_117' title='bbox 2177 1088 2334 1143; x_wconf 84' lang='lat' dir='ltr'><strong><em>Petro</em></strong></span> <span class='ocrx_word' id='word_1_118' title='bbox 2366 1087 2746 1142; x_wconf 82' lang='lat' dir='ltr'><strong><em>Ravennatensi</em></strong></span> <span class='ocrx_word' id='word_1_119' title='bbox 2788 1087 3076 1155; x_wconf 78' lang='lat' dir='ltr'><strong><em>decerptus</em></strong></span> <span class='ocrx_word' id='word_1_120' title='bbox 3115 1096 3228 1150; x_wconf 88' lang='lat' dir='ltr'><strong><em>est;</em></strong></span> <span class='ocrx_word' id='word_1_121' title='bbox 3267 1084 3341 1139; x_wconf 81' lang='lat'><strong><em>26</em></strong></span> <span class='ocrx_word' id='word_1_122' title='bbox 3381 1084 3522 1138; x_wconf 84' lang='lat' dir='ltr'><strong><em>inter</em></strong></span> <span class='ocrx_word' id='word_1_123' title='bbox 3562 1082 3688 1134; x_wconf 85' lang='lat' dir='ltr'><strong><em>Am-</em></strong></span> 
     </span>
    </p>
   </div>
   <div class='ocr_carea' id='block_1_15' title="bbox 489 1173 3689 1248">
    <p class='ocr_par' dir='ltr' id='par_1_15' title="bbox 489 1173 3689 1248">
     <span class='ocr_line' id='line_1_17' title="bbox 489 1173 3689 1248; baseline -0.002 -15"><span class='ocrx_word' id='word_1_124' title='bbox 489 1177 775 1247; x_wconf 87' lang='lat' dir='ltr'><strong><em>scriptum,</em></strong></span> <span class='ocrx_word' id='word_1_125' title='bbox 803 1188 857 1234; x_wconf 90' lang='lat' dir='ltr'><strong><em>et</em></strong></span> <span class='ocrx_word' id='word_1_126' title='bbox 893 1194 923 1233; x_wconf 89' lang='lat' dir='ltr'><strong><em>a</em></strong></span> <span class='ocrx_word' id='word_1_127' title='bbox 950 1178 1193 1233; x_wconf 75' lang='lat' dir='ltr'><strong><em>Possidio</em></strong></span> <span class='ocrx_word' id='word_1_128' title='bbox 1223 1178 1275 1232; x_wconf 93' lang='lat' dir='ltr'><strong><em>in</em></strong></span> <span class='ocrx_word' id='word_1_129' title='bbox 1318 1176 1557 1231; x_wconf 86' lang='lat' dir='ltr'><strong><em>Indiculo</em></strong></span> <span class='ocrx_word' id='word_1_130' title='bbox 1596 1188 1651 1233; x_wconf 90' lang='lat' dir='ltr'><strong><em>et</em></strong></span> <span class='ocrx_word' id='word_1_131' title='bbox 1681 1177 1798 1230; x_wconf 82' lang='lat' dir='ltr'><strong><em>Vita</em></strong></span> <span class='ocrx_word' id='word_1_132' title='bbox 1832 1178 2005 1248; x_wconf 83' lang='lat' dir='ltr'><strong><em>Augu-</em></strong></span> <span class='ocrx_word' id='word_1_133' title='bbox 2176 1180 2443 1233; x_wconf 90' lang='lat' dir='ltr'><strong><em>brosianos</em></strong></span> <span class='ocrx_word' id='word_1_134' title='bbox 2469 1178 2767 1247; x_wconf 89' lang='lat' dir='ltr'><strong><em>reperitur;</em></strong></span> <span class='ocrx_word' id='word_1_135' title='bbox 2797 1178 2864 1230; x_wconf 81' lang='lat'><strong><em>27</em></strong></span> <span class='ocrx_word' id='word_1_136' title='bbox 2893 1177 3114 1232; x_wconf 68' lang='lat' dir='ltr'><strong><em>Haximi</em></strong></span> <span class='ocrx_word' id='word_1_137' title='bbox 3141 1184 3253 1240; x_wconf 88' lang='lat' dir='ltr'><strong><em>est;</em></strong></span> <span class='ocrx_word' id='word_1_138' title='bbox 3284 1174 3353 1230; x_wconf 79' lang='grc'><strong>50</strong></span> <span class='ocrx_word' id='word_1_139' title='bbox 3380 1184 3433 1229; x_wconf 89' lang='lat' dir='ltr'><strong><em>et</em></strong></span> <span class='ocrx_word' id='word_1_140' title='bbox 3462 1173 3525 1229; x_wconf 88' lang='grc'><strong><em>51</em></strong></span> <span class='ocrx_word' id='word_1_141' title='bbox 3557 1186 3689 1241; x_wconf 87' lang='lat' dir='ltr'><strong><em>spu-</em></strong></span> 
     </span>
    </p>
   </div>
   <div class='ocr_carea' id='block_1_16' title="bbox 490 1262 3687 1337">
    <p class='ocr_par' dir='ltr' id='par_1_16' title="bbox 490 1262 3687 1337">
     <span class='ocr_line' id='line_1_18' title="bbox 490 1262 3687 1337; baseline -0.002 -18"><span class='ocrx_word' id='word_1_142' title='bbox 490 1266 614 1319; x_wconf 89' lang='lat' dir='ltr'><strong><em>stini</em></strong></span> <span class='ocrx_word' id='word_1_143' title='bbox 643 1278 1023 1322; x_wconf 89' lang='lat' dir='ltr'><strong><em>memoratum.</em></strong></span> <span class='ocrx_word' id='word_1_144' title='bbox 1071 1268 1230 1321; x_wconf 79' lang='lat' dir='ltr'><strong><em>Exst.</em></strong></span> <span class='ocrx_word' id='word_1_145' title='bbox 1261 1268 1314 1320; x_wconf 91' lang='lat' dir='ltr'><strong><em>in</em></strong></span> <span class='ocrx_word' id='word_1_146' title='bbox 1366 1267 1453 1321; x_wconf 90' lang='lat' dir='ltr'><strong><em>ed.</em></strong></span> <span class='ocrx_word' id='word_1_147' title='bbox 1486 1266 1689 1321; x_wconf 84' lang='lat' dir='ltr'><strong><em>Erasm.</em></strong></span> <span class='ocrx_word' id='word_1_148' title='bbox 1716 1278 1770 1322; x_wconf 89' lang='lat' dir='ltr'><strong><em>et</em></strong></span> <span class='ocrx_word' id='word_1_149' title='bbox 1810 1267 2003 1322; x_wconf 86' lang='lat' dir='ltr'><strong><em>Lovan.</em></strong></span> <span class='ocrx_word' id='word_1_150' title='bbox 2178 1269 2241 1322; x_wconf 92' lang='lat' dir='ltr'><strong><em>rii</em></strong></span> <span class='ocrx_word' id='word_1_151' title='bbox 2275 1276 2428 1333; x_wconf 90' lang='lat' dir='ltr'><strong><em>sunt,</em></strong></span> <span class='ocrx_word' id='word_1_152' title='bbox 2458 1268 2731 1337; x_wconf 71' lang='lat' dir='ltr'><strong><em>posterior</em></strong></span> <span class='ocrx_word' id='word_1_153' title='bbox 2764 1268 2905 1321; x_wconf 89' lang='lat' dir='ltr'><strong><em>inter</em></strong></span> <span class='ocrx_word' id='word_1_154' title='bbox 2931 1267 3292 1320; x_wconf 84' lang='lat' dir='ltr'><strong><em>Ambrosianus</em></strong></span> <span class='ocrx_word' id='word_1_155' title='bbox 3325 1265 3575 1325; x_wconf 84' lang='lat' dir='ltr'><strong><em>habetur,</em></strong></span> <span class='ocrx_word' id='word_1_156' title='bbox 3610 1262 3687 1314; x_wconf 92' lang='lat' dir='ltr'><strong><em>uti</em></strong></span> 
     </span>
    </p>
   </div>
   <div class='ocr_carea' id='block_1_17' title="bbox 491 1353 3689 1428">
    <p class='ocr_par' dir='ltr' id='par_1_17' title="bbox 491 1353 3689 1428">
     <span class='ocr_line' id='line_1_19' title="bbox 491 1353 3689 1428; baseline -0.002 -17"><span class='ocrx_word' id='word_1_157' title='bbox 491 1355 558 1411; x_wconf 86' lang='grc' dir='ltr'><strong>Τ.</strong></span> <span class='ocrx_word' id='word_1_158' title='bbox 589 1355 680 1425; x_wconf 92' lang='lat' dir='ltr'><strong>III,</strong></span> <span class='ocrx_word' id='word_1_159' title='bbox 716 1355 945 1427; x_wconf 82' lang='lat' dir='ltr'><strong><em>Vignerii</em></strong></span> <span class='ocrx_word' id='word_1_160' title='bbox 976 1357 1169 1428; x_wconf 83' lang='lat' dir='ltr'><strong><em>Suppl.</em></strong></span> <span class='ocrx_word' id='word_1_161' title='bbox 1202 1356 1245 1424; x_wconf 92' lang='lat' dir='ltr'><strong><em>I,</em></strong></span> <span class='ocrx_word' id='word_1_162' title='bbox 1272 1357 1463 1411; x_wconf 87' lang='lat' dir='ltr'><strong><em>Bened.</em></strong></span> <span class='ocrx_word' id='word_1_163' title='bbox 1486 1357 1573 1411; x_wconf 95' lang='lat' dir='ltr'><strong><em>IlI.</em></strong></span> <span class='ocrx_word' id='word_1_164' title='bbox 2178 1371 2230 1415; x_wconf 91' lang='lat' dir='ltr'><strong><em>et</em></strong></span> <span class='ocrx_word' id='word_1_165' title='bbox 2257 1376 2436 1415; x_wconf 87' lang='lat' dir='ltr'><strong><em>sermo</em></strong></span> <span class='ocrx_word' id='word_1_166' title='bbox 2458 1363 2558 1418; x_wconf 86' lang='grc'><strong>55;</strong></span> <span class='ocrx_word' id='word_1_167' title='bbox 2581 1360 2648 1414; x_wconf 87' lang='grc'><strong><em>55</em></strong></span> <span class='ocrx_word' id='word_1_168' title='bbox 2674 1358 2909 1413; x_wconf 79' lang='lat' dir='ltr'><strong><em>Fulberti</em></strong></span> <span class='ocrx_word' id='word_1_169' title='bbox 2935 1366 3047 1424; x_wconf 89' lang='lat' dir='ltr'><strong><em>est;</em></strong></span> <span class='ocrx_word' id='word_1_170' title='bbox 3073 1357 3162 1424; x_wconf 83' lang='grc'><strong><em>56,</em></strong></span> <span class='ocrx_word' id='word_1_171' title='bbox 3190 1357 3393 1411; x_wconf 82' lang='lat' dir='ltr'><strong><em>Eusebii</em></strong></span> <span class='ocrx_word' id='word_1_172' title='bbox 3416 1353 3689 1425; x_wconf 83' lang='lat' dir='ltr'><strong><em>episc0pi;</em></strong></span> 
     </span>
    </p>
   </div>
   <div class='ocr_carea' id='block_1_18' title="bbox 425 1442 3686 1519">
    <p class='ocr_par' dir='ltr' id='par_1_18' title="bbox 425 1442 3686 1519">
     <span class='ocr_line' id='line_1_20' title="bbox 425 1442 3686 1519; baseline -0.003 -16"><span class='ocrx_word' id='word_1_173' title='bbox 425 1447 549 1503; x_wconf 73' lang='grc'><strong>114.</strong></span> <span class='ocrx_word' id='word_1_174' title='bbox 580 1447 1001 1503; x_wconf 78' lang='lat' dir='ltr'><strong><em>Examinationes</em></strong></span> <span class='ocrx_word' id='word_1_175' title='bbox 1037 1454 1089 1502; x_wconf 83' lang='lat' dir='ltr'><strong><em>in</em></strong></span> <span class='ocrx_word' id='word_1_176' title='bbox 1116 1448 1355 1503; x_wconf 87' lang='lat' dir='ltr'><strong><em>Psalmos</em></strong></span> <span class='ocrx_word' id='word_1_177' title='bbox 1397 1448 1609 1505; x_wconf 82' lang='lat' dir='ltr'><strong><em>Davidis</em></strong></span> <span class='ocrx_word' id='word_1_178' title='bbox 1635 1448 1743 1506; x_wconf 88' lang='lat' dir='ltr'><strong><em>CL.</em></strong></span> <span class='ocrx_word' id='word_1_179' title='bbox 1774 1450 1926 1506; x_wconf 83' lang='lat' dir='ltr'><strong><em>Exsl.</em></strong></span> <span class='ocrx_word' id='word_1_180' title='bbox 1954 1451 2006 1505; x_wconf 92' lang='lat' dir='ltr'><strong><em>in</em></strong></span> <span class='ocrx_word' id='word_1_181' title='bbox 2179 1452 2269 1512; x_wconf 77' lang='lat' dir='ltr'><strong>5T,</strong></span> <span class='ocrx_word' id='word_1_182' title='bbox 2303 1452 2509 1505; x_wconf 85' lang='lat' dir='ltr'><strong><em>Alcuini</em></strong></span> <span class='ocrx_word' id='word_1_183' title='bbox 2556 1449 2874 1519; x_wconf 73' lang='lat' dir='ltr'><strong><em>presbyteri,</em></strong></span> <span class='ocrx_word' id='word_1_184' title='bbox 2908 1464 2970 1503; x_wconf 80' lang='lat' dir='ltr'><strong><em>ex</em></strong></span> <span class='ocrx_word' id='word_1_185' title='bbox 3008 1448 3169 1501; x_wconf 84' lang='lat' dir='ltr'><strong><em>variis</em></strong></span> <span class='ocrx_word' id='word_1_186' title='bbox 3200 1456 3376 1500; x_wconf 88' lang='lat' dir='ltr'><strong><em>tamen</em></strong></span> <span class='ocrx_word' id='word_1_187' title='bbox 3409 1442 3686 1499; x_wconf 85' lang='lat' dir='ltr'><strong><em>consarci-</em></strong></span> 
     </span>
    </p>
   </div>
   <div class='ocr_carea' id='block_1_19' title="bbox 495 1538 3229 1607">
    <p class='ocr_par' dir='ltr' id='par_1_19' title="bbox 495 1538 3229 1607">
     <span class='ocr_line' id='line_1_21' title="bbox 495 1538 3229 1607; baseline -0.001 -14"><span class='ocrx_word' id='word_1_188' title='bbox 495 1539 583 1593; x_wconf 90' lang='lat' dir='ltr'><strong><em>ed.</em></strong></span> <span class='ocrx_word' id='word_1_189' title='bbox 614 1538 818 1592; x_wconf 85' lang='lat' dir='ltr'><strong><em>Erasm.</em></strong></span> <span class='ocrx_word' id='word_1_190' title='bbox 849 1548 902 1594; x_wconf 87' lang='lat' dir='ltr'><strong><em>et</em></strong></span> <span class='ocrx_word' id='word_1_191' title='bbox 930 1538 1125 1593; x_wconf 87' lang='lat' dir='ltr'><strong><em>Lovan.</em></strong></span> <span class='ocrx_word' id='word_1_192' title='bbox 1155 1539 1220 1593; x_wconf 88' lang='lat' dir='ltr'><strong><em>T.</em></strong></span> <span class='ocrx_word' id='word_1_193' title='bbox 1255 1538 1393 1607; x_wconf 83' lang='lat' dir='ltr'><strong>VIII,</strong></span> <span class='ocrx_word' id='word_1_194' title='bbox 1423 1538 1619 1594; x_wconf 88' lang='lat' dir='ltr'><strong><em>Bened.</em></strong></span> <span class='ocrx_word' id='word_1_195' title='bbox 1646 1540 1732 1595; x_wconf 88' lang='lat' dir='ltr'><strong><em>IV.</em></strong></span> <span class='ocrx_word' id='word_1_196' title='bbox 1916 1563 1929 1565; x_wconf 46' lang='lat'><strong><em>&quot;&#39;</em></strong></span> <span class='ocrx_word' id='word_1_197' title='bbox 2181 1552 2367 1607; x_wconf 81' lang='lat' dir='ltr'><strong><em>natus;</em></strong></span> <span class='ocrx_word' id='word_1_198' title='bbox 2398 1542 2463 1596; x_wconf 68' lang='lat' dir='ltr'><strong><em>l7</em></strong></span> <span class='ocrx_word' id='word_1_199' title='bbox 2494 1542 2655 1597; x_wconf 89' lang='lat' dir='ltr'><strong><em>etiam</em></strong></span> <span class='ocrx_word' id='word_1_200' title='bbox 2680 1540 2743 1596; x_wconf 90' lang='lat' dir='ltr'><strong><em>S.</em></strong></span> <span class='ocrx_word' id='word_1_201' title='bbox 2768 1540 2928 1594; x_wconf 85' lang='lat' dir='ltr'><strong><em>Leoni</em></strong></span> <span class='ocrx_word' id='word_1_202' title='bbox 2955 1539 3229 1594; x_wconf 89' lang='lat' dir='ltr'><strong><em>tribuitur.</em></strong></span> 
     </span>
    </p>
   </div>
   <div class='ocr_carea' id='block_1_20' title="bbox 428 1625 3691 1700">
    <p class='ocr_par' dir='ltr' id='par_1_20' title="bbox 428 1625 3691 1700">
     <span class='ocr_line' id='line_1_22' title="bbox 428 1625 3691 1700; baseline -0.001 -15"><span class='ocrx_word' id='word_1_203' title='bbox 428 1626 551 1685; x_wconf 84' lang='grc'><strong>115.</strong></span> <span class='ocrx_word' id='word_1_204' title='bbox 584 1628 832 1699; x_wconf 78' lang='lat' dir='ltr'><strong><em>Epistolrc</em></strong></span> <span class='ocrx_word' id='word_1_205' title='bbox 854 1643 1081 1683; x_wconf 91' lang='lat' dir='ltr'><strong><em>numero</em></strong></span> <span class='ocrx_word' id='word_1_206' title='bbox 1101 1626 1375 1693; x_wconf 80' lang='lat' dir='ltr'><strong>CCLXXI,</strong></span> <span class='ocrx_word' id='word_1_207' title='bbox 1398 1628 1551 1697; x_wconf 73' lang='lat' dir='ltr'><strong><em>juxta</em></strong></span> <span class='ocrx_word' id='word_1_208' title='bbox 1582 1627 1824 1683; x_wconf 86' lang='lat' dir='ltr'><strong><em>ordinem</em></strong></span> <span class='ocrx_word' id='word_1_209' title='bbox 1855 1628 2011 1684; x_wconf 75' lang='grc' dir='ltr'><strong><em>ειη-ο·</em></strong></span> <span class='ocrx_word' id='word_1_210' title='bbox 2250 1636 2311 1690; x_wconf 80' lang='lat'><strong><em>6’</em></strong></span> <span class='ocrx_word' id='word_1_211' title='bbox 2347 1636 2624 1690; x_wconf 79' lang='lat' dir='ltr'><strong><em>Sermones</em></strong></span> <span class='ocrx_word' id='word_1_212' title='bbox 2654 1633 2743 1687; x_wconf 84' lang='lat' dir='ltr'><strong><em>alii</em></strong></span> <span class='ocrx_word' id='word_1_213' title='bbox 2770 1631 2948 1698; x_wconf 81' lang='lat' dir='ltr'><strong>XVII,</strong></span> <span class='ocrx_word' id='word_1_214' title='bbox 2992 1647 3056 1686; x_wconf 79' lang='lat' dir='ltr'><strong><em>ex</em></strong></span> <span class='ocrx_word' id='word_1_215' title='bbox 3094 1630 3288 1700; x_wconf 79' lang='lat' dir='ltr'><strong><em>quibus</em></strong></span> <span class='ocrx_word' id='word_1_216' title='bbox 3314 1644 3408 1683; x_wconf 83' lang='lat' dir='ltr'><strong><em>sex</em></strong></span> <span class='ocrx_word' id='word_1_217' title='bbox 3437 1628 3501 1681; x_wconf 85' lang='lat' dir='ltr'><strong><em>de</em></strong></span> <span class='ocrx_word' id='word_1_218' title='bbox 3541 1625 3691 1680; x_wconf 67' lang='lat' dir='ltr'><strong><em>Tem~</em></strong></span> 
     </span>
    </p>
   </div>
   <div class='ocr_carea' id='block_1_21' title="bbox 499 1716 3693 1795">
    <p class='ocr_par' dir='ltr' id='par_1_21' title="bbox 499 1716 3693 1795">
     <span class='ocr_line' id='line_1_23' title="bbox 499 1716 3693 1795; baseline -0.002 -20"><span class='ocrx_word' id='word_1_219' title='bbox 499 1719 804 1789; x_wconf 85' lang='lat' dir='ltr'><strong><em>nulogicum</em></strong></span> <span class='ocrx_word' id='word_1_220' title='bbox 834 1735 863 1773; x_wconf 90' lang='lat' dir='ltr'><strong><em>a</em></strong></span> <span class='ocrx_word' id='word_1_221' title='bbox 892 1720 1260 1775; x_wconf 88' lang='lat' dir='ltr'><strong><em>Benedictinis</em></strong></span> <span class='ocrx_word' id='word_1_222' title='bbox 1290 1719 1343 1775; x_wconf 91' lang='lat' dir='ltr'><strong><em>in</em></strong></span> <span class='ocrx_word' id='word_1_223' title='bbox 1374 1719 1441 1775; x_wconf 84' lang='lat' dir='ltr'><strong>IV</strong></span> <span class='ocrx_word' id='word_1_224' title='bbox 1470 1720 1675 1775; x_wconf 86' lang='lat' dir='ltr'><strong><em>classes</em></strong></span> <span class='ocrx_word' id='word_1_225' title='bbox 1716 1720 2009 1790; x_wconf 55' lang='lat' dir='ltr'><strong><em>disposita.</em></strong></span> <span class='ocrx_word' id='word_1_226' title='bbox 2185 1744 2326 1795; x_wconf 77' lang='lat' dir='ltr'><strong><em>pore,</em></strong></span> <span class='ocrx_word' id='word_1_227' title='bbox 2346 1727 2611 1795; x_wconf 83' lang='lat' dir='ltr'><strong><em>septimus</em></strong></span> <span class='ocrx_word' id='word_1_228' title='bbox 2632 1726 2695 1780; x_wconf 85' lang='lat' dir='ltr'><strong><em>de</em></strong></span> <span class='ocrx_word' id='word_1_229' title='bbox 2728 1724 2909 1779; x_wconf 84' lang='lat' dir='ltr'><strong><em>Verbis</em></strong></span> <span class='ocrx_word' id='word_1_230' title='bbox 2936 1722 3188 1791; x_wconf 86' lang='lat' dir='ltr'><strong><em>Apostoli,</em></strong></span> <span class='ocrx_word' id='word_1_231' title='bbox 3218 1719 3404 1775; x_wconf 85' lang='lat' dir='ltr'><strong><em>decem</em></strong></span> <span class='ocrx_word' id='word_1_232' title='bbox 3432 1719 3498 1771; x_wconf 80' lang='lat' dir='ltr'><strong><em>de</em></strong></span> <span class='ocrx_word' id='word_1_233' title='bbox 3527 1716 3693 1772; x_wconf 83' lang='lat' dir='ltr'><strong><em>Sanc-</em></strong></span> 
     </span>
    </p>
   </div>
   <div class='ocr_carea' id='block_1_22' title="bbox 500 1804 3521 1881">
    <p class='ocr_par' dir='ltr' id='par_1_22' title="bbox 500 1804 3521 1881">
     <span class='ocr_line' id='line_1_24' title="bbox 500 1804 3521 1881; baseline -0.001 -19"><span class='ocrx_word' id='word_1_234' title='bbox 500 1808 607 1863; x_wconf 89' lang='lat' dir='ltr'><strong><em>Ima</em></strong></span> <span class='ocrx_word' id='word_1_235' title='bbox 647 1809 836 1865; x_wconf 85' lang='lat' dir='ltr'><strong><em>classis</em></strong></span> <span class='ocrx_word' id='word_1_236' title='bbox 867 1824 963 1865; x_wconf 88' lang='lat' dir='ltr'><strong><em>eas</em></strong></span> <span class='ocrx_word' id='word_1_237' title='bbox 984 1810 1226 1866; x_wconf 89' lang='lat' dir='ltr'><strong><em>continet</em></strong></span> <span class='ocrx_word' id='word_1_238' title='bbox 1250 1826 1381 1880; x_wconf 89' lang='lat' dir='ltr'><strong><em>quas</em></strong></span> <span class='ocrx_word' id='word_1_239' title='bbox 1407 1810 1743 1879; x_wconf 80' lang='lat' dir='ltr'><strong><em>Augustinus</em></strong></span> <span class='ocrx_word' id='word_1_240' title='bbox 1772 1810 2012 1865; x_wconf 92' lang='lat' dir='ltr'><strong><em>nondum</em></strong></span> <span class='ocrx_word' id='word_1_241' title='bbox 2041 1804 2090 1865; x_wconf 85' lang='lat' dir='ltr'><strong>B</strong></span> <span class='ocrx_word' id='word_1_242' title='bbox 2187 1818 2250 1872; x_wconf 88' lang='lat' dir='ltr'><strong><em>tis</em></strong></span> <span class='ocrx_word' id='word_1_243' title='bbox 2274 1817 2325 1870; x_wconf 93' lang='lat' dir='ltr'><strong><em>in</em></strong></span> <span class='ocrx_word' id='word_1_244' title='bbox 2356 1819 2592 1871; x_wconf 72' lang='lat' dir='ltr'><strong><em>editione</em></strong></span> <span class='ocrx_word' id='word_1_245' title='bbox 2624 1815 2911 1871; x_wconf 86' lang='lat' dir='ltr'><strong><em>Parisiensi</em></strong></span> <span class='ocrx_word' id='word_1_246' title='bbox 2940 1812 3074 1868; x_wconf 85' lang='grc'><strong>1551</strong></span> <span class='ocrx_word' id='word_1_247' title='bbox 3108 1813 3342 1881; x_wconf 91' lang='lat' dir='ltr'><strong><em>primum</em></strong></span> <span class='ocrx_word' id='word_1_248' title='bbox 3370 1809 3521 1865; x_wconf 82' lang='lat' dir='ltr'><strong><em>editi.</em></strong></span> 
     </span>
    </p>
   </div>
   <div class='ocr_carea' id='block_1_23' title="bbox 499 1895 3693 1971">
    <p class='ocr_par' dir='ltr' id='par_1_23' title="bbox 499 1895 3693 1971">
     <span class='ocr_line' id='line_1_25' title="bbox 499 1895 3693 1971; baseline -0.003 -16"><span class='ocrx_word' id='word_1_249' title='bbox 499 1900 783 1971; x_wconf 89' lang='lat' dir='ltr'><strong><em>episcopus</em></strong></span> <span class='ocrx_word' id='word_1_250' title='bbox 830 1900 1051 1971; x_wconf 86' lang='lat' dir='ltr'><strong><em>scripsit</em></strong></span> <span class='ocrx_word' id='word_1_251' title='bbox 1095 1903 1162 1957; x_wconf 88' lang='lat' dir='ltr'><strong><em>ab</em></strong></span> <span class='ocrx_word' id='word_1_252' title='bbox 1212 1917 1265 1955; x_wconf 82' lang='lat' dir='ltr'><strong><em>a.</em></strong></span> <span class='ocrx_word' id='word_1_253' title='bbox 1295 1902 1400 1957; x_wconf 84' lang='grc'><strong>586</strong></span> <span class='ocrx_word' id='word_1_254' title='bbox 1440 1901 1504 1955; x_wconf 88' lang='lat' dir='ltr'><strong><em>ad</em></strong></span> <span class='ocrx_word' id='word_1_255' title='bbox 1556 1901 1680 1957; x_wconf 85' lang='grc'><strong>595.</strong></span> <span class='ocrx_word' id='word_1_256' title='bbox 1730 1900 2006 1966; x_wconf 85' lang='lat' dir='ltr'><strong><em>Secunda,</em></strong></span> <span class='ocrx_word' id='word_1_257' title='bbox 2253 1908 2313 1960; x_wconf 66' lang='grc' dir='ltr'><strong><em>γ</em></strong></span> <span class='ocrx_word' id='word_1_258' title='bbox 2350 1906 2622 1961; x_wconf 76' lang='lat' dir='ltr'><strong><em>Sermones</em></strong></span> <span class='ocrx_word' id='word_1_259' title='bbox 2658 1904 2751 1967; x_wconf 78' lang='lat' dir='ltr'><strong>IV,</strong></span> <span class='ocrx_word' id='word_1_260' title='bbox 2784 1904 3034 1957; x_wconf 90' lang='lat' dir='ltr'><strong><em>videlicet</em></strong></span> <span class='ocrx_word' id='word_1_261' title='bbox 3067 1902 3128 1955; x_wconf 88' lang='lat' dir='ltr'><strong><em>de</em></strong></span> <span class='ocrx_word' id='word_1_262' title='bbox 3167 1900 3329 1954; x_wconf 71' lang='lat' dir='ltr'><strong><em>Iacob</em></strong></span> <span class='ocrx_word' id='word_1_263' title='bbox 3358 1907 3404 1951; x_wconf 89' lang='lat' dir='ltr'><strong><em>et</em></strong></span> <span class='ocrx_word' id='word_1_264' title='bbox 3441 1896 3610 1960; x_wconf 85' lang='lat' dir='ltr'><strong><em>Esau,</em></strong></span> <span class='ocrx_word' id='word_1_265' title='bbox 3638 1895 3693 1947; x_wconf 89' lang='lat' dir='ltr'><strong><em>in</em></strong></span> 
     </span>
    </p>
   </div>
   <div class='ocr_carea' id='block_1_24' title="bbox 502 1984 3695 2063">
    <p class='ocr_par' dir='ltr' id='par_1_24' title="bbox 502 1984 3695 2063">
     <span class='ocr_line' id='line_1_26' title="bbox 502 1984 3695 2063; baseline -0.001 -18"><span class='ocrx_word' id='word_1_266' title='bbox 502 2006 636 2061; x_wconf 83' lang='lat' dir='ltr'><strong><em>quas</em></strong></span> <span class='ocrx_word' id='word_1_267' title='bbox 690 1991 759 2046; x_wconf 87' lang='lat' dir='ltr'><strong><em>ab</em></strong></span> <span class='ocrx_word' id='word_1_268' title='bbox 810 2007 876 2047; x_wconf 91' lang='lat' dir='ltr'><strong><em>eo</em></strong></span> <span class='ocrx_word' id='word_1_269' title='bbox 930 2002 1177 2063; x_wconf 90' lang='lat' dir='ltr'><strong><em>tempore</em></strong></span> <span class='ocrx_word' id='word_1_270' title='bbox 1230 1993 1451 2062; x_wconf 86' lang='lat' dir='ltr'><strong><em>scripsit</em></strong></span> <span class='ocrx_word' id='word_1_271' title='bbox 1501 2001 1627 2046; x_wconf 90' lang='lat' dir='ltr'><strong><em>ante</em></strong></span> <span class='ocrx_word' id='word_1_272' title='bbox 1677 1991 2014 2047; x_wconf 86' lang='lat' dir='ltr'><strong><em>Collationem</em></strong></span> <span class='ocrx_word' id='word_1_273' title='bbox 2186 1997 2320 2051; x_wconf 80' lang='lat' dir='ltr'><strong><em>festo</em></strong></span> <span class='ocrx_word' id='word_1_274' title='bbox 2349 1997 2413 2051; x_wconf 92' lang='lat' dir='ltr'><strong><em>S.</em></strong></span> <span class='ocrx_word' id='word_1_275' title='bbox 2446 1996 2734 2059; x_wconf 81' lang='lat' dir='ltr'><strong><em>Vincentii,</em></strong></span> <span class='ocrx_word' id='word_1_276' title='bbox 2772 1994 2823 2048; x_wconf 91' lang='lat' dir='ltr'><strong><em>in</em></strong></span> <span class='ocrx_word' id='word_1_277' title='bbox 2848 1991 3092 2045; x_wconf 85' lang='lat' dir='ltr'><strong><em>Proverb.</em></strong></span> <span class='ocrx_word' id='word_1_278' title='bbox 3133 2006 3255 2053; x_wconf 75' lang='lat' dir='ltr'><strong><em>xm,</em></strong></span> <span class='ocrx_word' id='word_1_279' title='bbox 3289 1990 3339 2042; x_wconf 93' lang='lat' dir='ltr'><strong><em>in</em></strong></span> <span class='ocrx_word' id='word_1_280' title='bbox 3385 1984 3695 2041; x_wconf 86' lang='lat' dir='ltr'><strong><em>Parabolam</em></strong></span> 
     </span>
    </p>
   </div>
   <div class='ocr_carea' id='block_1_25' title="bbox 504 2076 3691 2153">
    <p class='ocr_par' dir='ltr' id='par_1_25' title="bbox 504 2076 3691 2153">
     <span class='ocr_line' id='line_1_27' title="bbox 504 2076 3691 2153; baseline -0.003 -16"><span class='ocrx_word' id='word_1_281' title='bbox 504 2081 954 2153; x_wconf 79' lang='lat' dir='ltr'><strong><em>Carthaginensem</em></strong></span> <span class='ocrx_word' id='word_1_282' title='bbox 971 2099 1092 2139; x_wconf 89' lang='lat' dir='ltr'><strong><em>cum</em></strong></span> <span class='ocrx_word' id='word_1_283' title='bbox 1110 2084 1402 2139; x_wconf 86' lang='lat' dir='ltr'><strong><em>Donatistis</em></strong></span> <span class='ocrx_word' id='word_1_284' title='bbox 1418 2083 1653 2139; x_wconf 89' lang='lat' dir='ltr'><strong><em>habitam</em></strong></span> <span class='ocrx_word' id='word_1_285' title='bbox 1677 2093 1730 2139; x_wconf 90' lang='lat' dir='ltr'><strong><em>et</em></strong></span> <span class='ocrx_word' id='word_1_286' title='bbox 1746 2084 2013 2140; x_wconf 86' lang='lat' dir='ltr'><strong><em>detectam</em></strong></span> <span class='ocrx_word' id='word_1_287' title='bbox 2188 2087 2501 2143; x_wconf 86' lang='lat' dir='ltr'><strong><em>Seminanlis</em></strong></span> <span class='ocrx_word' id='word_1_288' title='bbox 2521 2127 2537 2153; x_wconf 95' lang='lat'><strong>,</strong></span> <span class='ocrx_word' id='word_1_289' title='bbox 2569 2095 2623 2141; x_wconf 92' lang='lat' dir='ltr'><strong><em>et</em></strong></span> <span class='ocrx_word' id='word_1_290' title='bbox 2653 2086 2707 2139; x_wconf 91' lang='lat' dir='ltr'><strong><em>in</em></strong></span> <span class='ocrx_word' id='word_1_291' title='bbox 2739 2082 2868 2139; x_wconf 89' lang='lat' dir='ltr'><strong><em>illud</em></strong></span> <span class='ocrx_word' id='word_1_292' title='bbox 2902 2080 3089 2136; x_wconf 80' lang='lat' dir='ltr'><strong><em>Matth.</em></strong></span> <span class='ocrx_word' id='word_1_293' title='bbox 3120 2096 3239 2139; x_wconf 75' lang='lat' dir='ltr'><strong><em>xvt.</em></strong></span> <span class='ocrx_word' id='word_1_294' title='bbox 3270 2079 3369 2145; x_wconf 82' lang='lat' dir='ltr'><strong><em>Qui</em></strong></span> <span class='ocrx_word' id='word_1_295' title='bbox 3390 2080 3492 2131; x_wconf 78' lang='lat' dir='ltr'><strong><em>ruit</em></strong></span> <span class='ocrx_word' id='word_1_296' title='bbox 3519 2076 3691 2130; x_wconf 80' lang='lat' dir='ltr'><strong><em>venire</em></strong></span> 
     </span>
    </p>
   </div>
   <div class='ocr_carea' id='block_1_26' title="bbox 504 2170 3697 2248">
    <p class='ocr_par' dir='ltr' id='par_1_26' title="bbox 504 2170 3697 2248">
     <span class='ocr_line' id='line_1_28' title="bbox 504 2170 3697 2248; baseline -0.003 -21"><span class='ocrx_word' id='word_1_297' title='bbox 504 2172 560 2227; x_wconf 92' lang='lat' dir='ltr'><strong><em>in</em></strong></span> <span class='ocrx_word' id='word_1_298' title='bbox 588 2173 772 2229; x_wconf 81' lang='lat' dir='ltr'><strong><em>Africa</em></strong></span> <span class='ocrx_word' id='word_1_299' title='bbox 806 2173 1003 2245; x_wconf 85' lang='lat' dir='ltr'><strong><em>Pelagii</em></strong></span> <span class='ocrx_word' id='word_1_300' title='bbox 1032 2174 1262 2230; x_wconf 66' lang='lat' dir='ltr'><strong><em>haeresin</em></strong></span> <span class='ocrx_word' id='word_1_301' title='bbox 1286 2214 1302 2241; x_wconf 94' lang='lat'><strong><em>,</em></strong></span> <span class='ocrx_word' id='word_1_302' title='bbox 1330 2174 1369 2228; x_wconf 94' lang='lat' dir='ltr'><strong><em>i.</em></strong></span> <span class='ocrx_word' id='word_1_303' title='bbox 1401 2188 1453 2229; x_wconf 93' lang='lat' dir='ltr'><strong><em>e.</em></strong></span> <span class='ocrx_word' id='word_1_304' title='bbox 1483 2174 1550 2229; x_wconf 87' lang='lat' dir='ltr'><strong><em>ab</em></strong></span> <span class='ocrx_word' id='word_1_305' title='bbox 1580 2189 1629 2228; x_wconf 91' lang='lat' dir='ltr'><strong><em>a.</em></strong></span> <span class='ocrx_word' id='word_1_306' title='bbox 1658 2174 1762 2230; x_wconf 85' lang='lat'><strong><em>596</em></strong></span> <span class='ocrx_word' id='word_1_307' title='bbox 1790 2175 1856 2230; x_wconf 89' lang='lat' dir='ltr'><strong><em>ad</em></strong></span> <span class='ocrx_word' id='word_1_308' title='bbox 1886 2175 2014 2230; x_wconf 77' lang='lat' dir='ltr'><strong><em>M2.</em></strong></span> <span class='ocrx_word' id='word_1_309' title='bbox 2188 2186 2302 2248; x_wconf 86' lang='lat' dir='ltr'><strong><em>post</em></strong></span> <span class='ocrx_word' id='word_1_310' title='bbox 2327 2194 2426 2244; x_wconf 90' lang='lat' dir='ltr'><strong><em>me,</em></strong></span> <span class='ocrx_word' id='word_1_311' title='bbox 2452 2188 2556 2231; x_wconf 87' lang='lat' dir='ltr'><strong><em>etc.</em></strong></span> <span class='ocrx_word' id='word_1_312' title='bbox 2580 2176 2643 2229; x_wconf 88' lang='lat' dir='ltr'><strong><em>Ili</em></strong></span> <span class='ocrx_word' id='word_1_313' title='bbox 2671 2177 2900 2245; x_wconf 91' lang='lat' dir='ltr'><strong><em>primum</em></strong></span> <span class='ocrx_word' id='word_1_314' title='bbox 2928 2171 3243 2243; x_wconf 88' lang='lat' dir='ltr'><strong><em>prodierunt</em></strong></span> <span class='ocrx_word' id='word_1_315' title='bbox 3269 2170 3425 2241; x_wconf 92' lang='lat' dir='ltr'><strong><em>(cum</em></strong></span> <span class='ocrx_word' id='word_1_316' title='bbox 3459 2174 3697 2221; x_wconf 83' lang='lat' dir='ltr'><strong><em>tractatu</em></strong></span> 
     </span>
    </p>
   </div>
   <div class='ocr_carea' id='block_1_27' title="bbox 506 2256 3705 2337">
    <p class='ocr_par' dir='ltr' id='par_1_27' title="bbox 506 2256 3705 2337">
     <span class='ocr_line' id='line_1_29' title="bbox 506 2256 3705 2337; baseline -0.003 -17"><span class='ocrx_word' id='word_1_317' title='bbox 506 2263 686 2320; x_wconf 85' lang='lat' dir='ltr'><strong><em>Tertia</em></strong></span> <span class='ocrx_word' id='word_1_318' title='bbox 705 2305 721 2331; x_wconf 92' lang='lat'><strong>,</strong></span> <span class='ocrx_word' id='word_1_319' title='bbox 771 2279 904 2335; x_wconf 89' lang='lat' dir='ltr'><strong><em>quas</em></strong></span> <span class='ocrx_word' id='word_1_320' title='bbox 945 2266 1012 2321; x_wconf 88' lang='lat' dir='ltr'><strong><em>ab</em></strong></span> <span class='ocrx_word' id='word_1_321' title='bbox 1041 2280 1108 2321; x_wconf 91' lang='lat' dir='ltr'><strong><em>co</em></strong></span> <span class='ocrx_word' id='word_1_322' title='bbox 1136 2275 1377 2335; x_wconf 89' lang='lat' dir='ltr'><strong><em>tempore</em></strong></span> <span class='ocrx_word' id='word_1_323' title='bbox 1408 2266 1474 2320; x_wconf 90' lang='lat' dir='ltr'><strong><em>ad</em></strong></span> <span class='ocrx_word' id='word_1_324' title='bbox 1504 2266 1706 2321; x_wconf 87' lang='lat' dir='ltr'><strong><em>obitum</em></strong></span> <span class='ocrx_word' id='word_1_325' title='bbox 1757 2267 2015 2337; x_wconf 90' lang='lat' dir='ltr'><strong><em>scripsit,</em></strong></span> <span class='ocrx_word' id='word_1_326' title='bbox 2190 2271 2241 2325; x_wconf 94' lang='lat' dir='ltr'><strong><em>in</em></strong></span> <span class='ocrx_word' id='word_1_327' title='bbox 2274 2269 2571 2323; x_wconf 85' lang='lat' dir='ltr'><strong><em>Orationem</em></strong></span> <span class='ocrx_word' id='word_1_328' title='bbox 2611 2262 2967 2334; x_wconf 86' lang='lat' dir='ltr'><strong><em>Dominicam)</em></strong></span> <span class='ocrx_word' id='word_1_329' title='bbox 2997 2264 3050 2317; x_wconf 91' lang='lat' dir='ltr'><strong><em>in</em></strong></span> <span class='ocrx_word' id='word_1_330' title='bbox 3078 2263 3166 2318; x_wconf 90' lang='lat' dir='ltr'><strong><em>ed.</em></strong></span> <span class='ocrx_word' id='word_1_331' title='bbox 3196 2262 3360 2317; x_wconf 84' lang='lat' dir='ltr'><strong><em>Basil.</em></strong></span> <span class='ocrx_word' id='word_1_332' title='bbox 3389 2261 3546 2316; x_wconf 83' lang='lat'><strong>1556.</strong></span> <span class='ocrx_word' id='word_1_333' title='bbox 3570 2256 3705 2326; x_wconf 82' lang='lat' dir='ltr'><strong><em>Qui-</em></strong></span> 
     </span>
    </p>
   </div>
   <div class='ocr_carea' id='block_1_28' title="bbox 514 2356 3122 2429">
    <p class='ocr_par' dir='ltr' id='par_1_28' title="bbox 514 2356 3122 2429">
     <span class='ocr_line' id='line_1_30' title="bbox 514 2356 3122 2429; baseline 0.001 -18"><span class='ocrx_word' id='word_1_334' title='bbox 514 2371 709 2427; x_wconf 89' lang='lat' dir='ltr'><strong><em>nempe</em></strong></span> <span class='ocrx_word' id='word_1_335' title='bbox 737 2357 805 2411; x_wconf 90' lang='lat' dir='ltr'><strong><em>ab</em></strong></span> <span class='ocrx_word' id='word_1_336' title='bbox 825 2372 878 2413; x_wconf 89' lang='lat' dir='ltr'><strong><em>a.</em></strong></span> <span class='ocrx_word' id='word_1_337' title='bbox 904 2359 1006 2413; x_wconf 79' lang='grc'><strong>411</strong></span> <span class='ocrx_word' id='word_1_338' title='bbox 1034 2357 1099 2413; x_wconf 90' lang='lat' dir='ltr'><strong><em>ad</em></strong></span> <span class='ocrx_word' id='word_1_339' title='bbox 1121 2358 1249 2413; x_wconf 77' lang='grc'><strong>450.</strong></span> <span class='ocrx_word' id='word_1_340' title='bbox 1270 2357 1494 2427; x_wconf 83' lang='lat' dir='ltr'><strong><em>Quarta,</em></strong></span> <span class='ocrx_word' id='word_1_341' title='bbox 1519 2373 1611 2414; x_wconf 89' lang='lat' dir='ltr'><strong><em>eas</em></strong></span> <span class='ocrx_word' id='word_1_342' title='bbox 1632 2374 1861 2429; x_wconf 89' lang='lat' dir='ltr'><strong><em>quarum</em></strong></span> <span class='ocrx_word' id='word_1_343' title='bbox 1885 2368 2020 2415; x_wconf 89' lang='lat' dir='ltr'><strong><em>tem—</em></strong></span> <span class='ocrx_word' id='word_1_344' title='bbox 2190 2364 2289 2419; x_wconf 91' lang='lat' dir='ltr'><strong><em>bus</em></strong></span> <span class='ocrx_word' id='word_1_345' title='bbox 2315 2374 2659 2417; x_wconf 88' lang='lat' dir='ltr'><strong><em>accesserunt</em></strong></span> <span class='ocrx_word' id='word_1_346' title='bbox 2686 2361 2737 2414; x_wconf 90' lang='lat' dir='ltr'><strong><em>in</em></strong></span> <span class='ocrx_word' id='word_1_347' title='bbox 2767 2359 2855 2414; x_wconf 91' lang='lat' dir='ltr'><strong><em>ed.</em></strong></span> <span class='ocrx_word' id='word_1_348' title='bbox 2881 2374 2931 2413; x_wconf 92' lang='lat' dir='ltr'><strong><em>a.</em></strong></span> <span class='ocrx_word' id='word_1_349' title='bbox 2961 2356 3122 2414; x_wconf 75' lang='lat'><strong>1569.</strong></span> 
     </span>
    </p>
   </div>
   <div class='ocr_carea' id='block_1_29' title="bbox 514 2449 2021 2520">
    <p class='ocr_par' dir='ltr' id='par_1_29' title="bbox 514 2449 2021 2520">
     <span class='ocr_line' id='line_1_31' title="bbox 514 2449 2021 2520; baseline 0.004 -19"><span class='ocrx_word' id='word_1_350' title='bbox 514 2463 616 2518; x_wconf 91' lang='lat' dir='ltr'><strong><em>pus</em></strong></span> <span class='ocrx_word' id='word_1_351' title='bbox 643 2449 821 2503; x_wconf 89' lang='lat' dir='ltr'><strong><em>minus</em></strong></span> <span class='ocrx_word' id='word_1_352' title='bbox 851 2458 1191 2519; x_wconf 88' lang='lat' dir='ltr'><strong><em>compertum</em></strong></span> <span class='ocrx_word' id='word_1_353' title='bbox 1219 2450 1481 2519; x_wconf 88' lang='lat' dir='ltr'><strong><em>habetur,</em></strong></span> <span class='ocrx_word' id='word_1_354' title='bbox 1527 2465 1661 2520; x_wconf 91' lang='lat' dir='ltr'><strong><em>quas</em></strong></span> <span class='ocrx_word' id='word_1_355' title='bbox 1700 2460 1877 2506; x_wconf 91' lang='lat' dir='ltr'><strong><em>tamen</em></strong></span> <span class='ocrx_word' id='word_1_356' title='bbox 1905 2467 2021 2507; x_wconf 86' lang='lat' dir='ltr'><strong><em>om-</em></strong></span> 
     </span>
    </p>
   </div>
   <div class='ocr_carea' id='block_1_30' title="bbox 514 2539 2023 2613">
    <p class='ocr_par' dir='ltr' id='par_1_30' title="bbox 514 2539 2023 2613">
     <span class='ocr_line' id='line_1_32' title="bbox 514 2539 2023 2613; baseline 0.004 -18"><span class='ocrx_word' id='word_1_357' title='bbox 514 2554 611 2595; x_wconf 90' lang='lat' dir='ltr'><strong><em>nes</em></strong></span> <span class='ocrx_word' id='word_1_358' title='bbox 640 2539 709 2594; x_wconf 89' lang='lat' dir='ltr'><strong><em>ab</em></strong></span> <span class='ocrx_word' id='word_1_359' title='bbox 737 2540 1026 2613; x_wconf 81' lang='lat' dir='ltr'><strong><em>Augustino</em></strong></span> <span class='ocrx_word' id='word_1_360' title='bbox 1060 2540 1171 2612; x_wconf 79' lang='lat' dir='ltr'><strong><em>jam</em></strong></span> <span class='ocrx_word' id='word_1_361' title='bbox 1203 2543 1457 2612; x_wconf 88' lang='lat' dir='ltr'><strong><em>episc0po</em></strong></span> <span class='ocrx_word' id='word_1_362' title='bbox 1497 2544 1728 2613; x_wconf 88' lang='lat' dir='ltr'><strong><em>scriptas</em></strong></span> <span class='ocrx_word' id='word_1_363' title='bbox 1756 2559 1880 2599; x_wconf 85' lang='lat' dir='ltr'><strong><em>esse</em></strong></span> <span class='ocrx_word' id='word_1_364' title='bbox 1906 2560 2023 2601; x_wconf 89' lang='lat' dir='ltr'><strong><em>cer-</em></strong></span> 
     </span>
    </p>
   </div>
   <div class='ocr_carea' id='block_1_31' title="bbox 2265 2447 3213 2509">
    <p class='ocr_par' dir='ltr' id='par_1_31' title="bbox 2265 2447 3213 2509">
     <span class='ocr_line' id='line_1_33' title="bbox 2265 2447 3213 2509; baseline -0.006 -1"><span class='ocrx_word' id='word_1_365' title='bbox 2265 2454 2320 2509; x_wconf 78' lang='lat'><strong><em>8‘</em></strong></span> <span class='ocrx_word' id='word_1_366' title='bbox 2363 2453 2439 2507; x_wconf 88' lang='lat' dir='ltr'><strong><em>De</em></strong></span> <span class='ocrx_word' id='word_1_367' title='bbox 2468 2452 2694 2506; x_wconf 83' lang='lat' dir='ltr'><strong><em>Diversis</em></strong></span> <span class='ocrx_word' id='word_1_368' title='bbox 2716 2451 3008 2506; x_wconf 77' lang='lat' dir='ltr'><strong><em>Sermones</em></strong></span> <span class='ocrx_word' id='word_1_369' title='bbox 3032 2447 3213 2504; x_wconf 81' lang='lat' dir='ltr'><strong>XLIII.</strong></span> 
     </span>
    </p>
   </div>
   <div class='ocr_carea' id='block_1_32' title="bbox 2268 2530 3702 2615">
    <p class='ocr_par' dir='ltr' id='par_1_32' title="bbox 2268 2530 3702 2615">
     <span class='ocr_line' id='line_1_34' title="bbox 2268 2530 3702 2615; baseline -0.009 -16"><span class='ocrx_word' id='word_1_370' title='bbox 2268 2542 2319 2599; x_wconf 80' lang='lat'><strong><em>9‘</em></strong></span> <span class='ocrx_word' id='word_1_371' title='bbox 2364 2542 2683 2615; x_wconf 84' lang='lat' dir='ltr'><strong><em>Fragmenta</em></strong></span> <span class='ocrx_word' id='word_1_372' title='bbox 2730 2542 3038 2597; x_wconf 87' lang='lat' dir='ltr'><strong><em>Sermonum</em></strong></span> <span class='ocrx_word' id='word_1_373' title='bbox 3064 2541 3121 2595; x_wconf 92' lang='lat' dir='ltr'><strong><em>S.</em></strong></span> <span class='ocrx_word' id='word_1_374' title='bbox 3157 2535 3439 2607; x_wconf 79' lang='lat' dir='ltr'><strong><em>Augustini</em></strong></span> <span class='ocrx_word' id='word_1_375' title='bbox 3478 2530 3702 2600; x_wconf 74' lang='lat' dir='ltr'><strong>XXVII,</strong></span> 
     </span>
    </p>
   </div>
   <div class='ocr_carea' id='block_1_33' title="bbox 518 2624 3709 2707">
    <p class='ocr_par' dir='ltr' id='par_1_33' title="bbox 518 2624 3709 2707">
     <span class='ocr_line' id='line_1_35' title="bbox 518 2624 3709 2707; baseline -0.003 -22"><span class='ocrx_word' id='word_1_376' title='bbox 518 2639 630 2685; x_wconf 91' lang='lat' dir='ltr'><strong><em>tum</em></strong></span> <span class='ocrx_word' id='word_1_377' title='bbox 657 2637 762 2685; x_wconf 91' lang='lat' dir='ltr'><strong><em>est.</em></strong></span> <span class='ocrx_word' id='word_1_378' title='bbox 802 2632 1082 2704; x_wconf 85' lang='lat' dir='ltr'><strong><em>Augustini</em></strong></span> <span class='ocrx_word' id='word_1_379' title='bbox 1111 2634 1355 2703; x_wconf 89' lang='lat' dir='ltr'><strong><em>epistolis</em></strong></span> <span class='ocrx_word' id='word_1_380' title='bbox 1384 2643 1541 2689; x_wconf 86' lang='lat' dir='ltr'><strong><em>antea</em></strong></span> <span class='ocrx_word' id='word_1_381' title='bbox 1569 2633 1799 2705; x_wconf 69' lang='lat' dir='ltr'><strong><em>vylgatis</em></strong></span> <span class='ocrx_word' id='word_1_382' title='bbox 1840 2650 2025 2706; x_wconf 72' lang='lat' dir='ltr'><strong><em>pauca:</em></strong></span> <span class='ocrx_word' id='word_1_383' title='bbox 2197 2651 2263 2693; x_wconf 77' lang='lat' dir='ltr'><strong><em>ex</em></strong></span> <span class='ocrx_word' id='word_1_384' title='bbox 2298 2635 2541 2707; x_wconf 81' lang='lat' dir='ltr'><strong><em>Eugippii</em></strong></span> <span class='ocrx_word' id='word_1_385' title='bbox 2580 2634 2789 2688; x_wconf 81' lang='lat' dir='ltr'><strong><em>abbatis</em></strong></span> <span class='ocrx_word' id='word_1_386' title='bbox 2819 2632 3082 2686; x_wconf 80' lang='lat' dir='ltr'><strong><em>Thesauro</em></strong></span> <span class='ocrx_word' id='word_1_387' title='bbox 3118 2644 3217 2685; x_wconf 90' lang='lat' dir='ltr'><strong><em>seu</em></strong></span> <span class='ocrx_word' id='word_1_388' title='bbox 3239 2624 3666 2683; x_wconf 86' lang='lat' dir='ltr'><strong><em>Collectionibus</em></strong></span> <span class='ocrx_word' id='word_1_389' title='bbox 3688 2664 3709 2688; x_wconf 85' lang='lat'><strong><em>,</em></strong></span> 
     </span>
    </p>
   </div>
   <div class='ocr_carea' id='block_1_34' title="bbox 518 2713 3711 2796">
    <p class='ocr_par' dir='ltr' id='par_1_34' title="bbox 518 2713 3711 2796">
     <span class='ocr_line' id='line_1_36' title="bbox 518 2713 3711 2796; baseline -0.003 -20"><span class='ocrx_word' id='word_1_390' title='bbox 518 2721 777 2777; x_wconf 84' lang='lat' dir='ltr'><strong><em>hactenus</em></strong></span> <span class='ocrx_word' id='word_1_391' title='bbox 804 2721 1022 2778; x_wconf 74' lang='lat' dir='ltr'><strong><em>inedita:</em></strong></span> <span class='ocrx_word' id='word_1_392' title='bbox 1052 2734 1404 2780; x_wconf 88' lang='lat' dir='ltr'><strong><em>accesserunt</em></strong></span> <span class='ocrx_word' id='word_1_393' title='bbox 1432 2724 1493 2779; x_wconf 90' lang='lat' dir='ltr'><strong><em>in</em></strong></span> <span class='ocrx_word' id='word_1_394' title='bbox 1517 2724 1604 2779; x_wconf 90' lang='lat' dir='ltr'><strong><em>ed.</em></strong></span> <span class='ocrx_word' id='word_1_395' title='bbox 1646 2724 2028 2781; x_wconf 88' lang='lat' dir='ltr'><strong><em>Benedictino-</em></strong></span> <span class='ocrx_word' id='word_1_396' title='bbox 2199 2729 2265 2783; x_wconf 89' lang='lat' dir='ltr'><strong><em>ad</em></strong></span> <span class='ocrx_word' id='word_1_397' title='bbox 2300 2726 2527 2781; x_wconf 88' lang='lat' dir='ltr'><strong><em>Probam</em></strong></span> <span class='ocrx_word' id='word_1_398' title='bbox 2556 2726 2841 2796; x_wconf 77' lang='lat' dir='ltr'><strong><em>virginem,</em></strong></span> <span class='ocrx_word' id='word_1_399' title='bbox 2871 2734 3033 2794; x_wconf 89' lang='lat' dir='ltr'><strong><em>atque</em></strong></span> <span class='ocrx_word' id='word_1_400' title='bbox 3053 2738 3119 2777; x_wconf 78' lang='lat' dir='ltr'><strong><em>ex</em></strong></span> <span class='ocrx_word' id='word_1_401' title='bbox 3142 2715 3557 2776; x_wconf 87' lang='lat' dir='ltr'><strong><em>Commentariis</em></strong></span> <span class='ocrx_word' id='word_1_402' title='bbox 3581 2713 3711 2767; x_wconf 85' lang='lat' dir='ltr'><strong><em>Flo-</em></strong></span> 
     </span>
    </p>
   </div>
   <div class='ocr_carea' id='block_1_35' title="bbox 517 2806 3717 2888">
    <p class='ocr_par' dir='ltr' id='par_1_35' title="bbox 517 2806 3717 2888">
     <span class='ocr_line' id='line_1_37' title="bbox 517 2806 3717 2888; baseline -0.003 -20"><span class='ocrx_word' id='word_1_403' title='bbox 517 2814 835 2869; x_wconf 78' lang='lat' dir='ltr'><strong><em>rum.Exst.</em></strong></span> <span class='ocrx_word' id='word_1_404' title='bbox 861 2814 914 2869; x_wconf 94' lang='lat' dir='ltr'><strong><em>in</em></strong></span> <span class='ocrx_word' id='word_1_405' title='bbox 937 2814 2025 2885; x_wconf 79' lang='lat' dir='ltr'><strong><em>ed.Erasm.,Lovan.,etBened.tom.ll.</em></strong></span> <span class='ocrx_word' id='word_1_406' title='bbox 2201 2820 2280 2883; x_wconf 87' lang='lat' dir='ltr'><strong><em>ri,</em></strong></span> <span class='ocrx_word' id='word_1_407' title='bbox 2314 2816 2686 2888; x_wconf 78' lang='lat' dir='ltr'><strong><em>Lugdunensis</em></strong></span> <span class='ocrx_word' id='word_1_408' title='bbox 2724 2815 2989 2871; x_wconf 73' lang='lat' dir='ltr'><strong><em>Ecclesiae</em></strong></span> <span class='ocrx_word' id='word_1_409' title='bbox 3040 2811 3285 2876; x_wconf 83' lang='lat' dir='ltr'><strong><em>diaconi,</em></strong></span> <span class='ocrx_word' id='word_1_410' title='bbox 3337 2809 3393 2863; x_wconf 91' lang='lat' dir='ltr'><strong><em>iu</em></strong></span> <span class='ocrx_word' id='word_1_411' title='bbox 3440 2806 3717 2876; x_wconf 87' lang='lat' dir='ltr'><strong><em>Epistolas</em></strong></span> 
     </span>
    </p>
   </div>
   <div class='ocr_carea' id='block_1_36' title="bbox 516 2896 3714 2980">
    <p class='ocr_par' dir='ltr' id='par_1_36' title="bbox 516 2896 3714 2980">
     <span class='ocr_line' id='line_1_38' title="bbox 516 2896 3714 2980; baseline -0.003 -20"><span class='ocrx_word' id='word_1_412' title='bbox 516 2900 707 2960; x_wconf 87' lang='lat' dir='ltr'><strong><em>Plures</em></strong></span> <span class='ocrx_word' id='word_1_413' title='bbox 764 2915 943 2961; x_wconf 91' lang='lat' dir='ltr'><strong><em>autem</em></strong></span> <span class='ocrx_word' id='word_1_414' title='bbox 986 2907 1209 2978; x_wconf 81' lang='lat' dir='ltr'><strong><em>jamjam</em></strong></span> <span class='ocrx_word' id='word_1_415' title='bbox 1259 2908 1399 2963; x_wconf 89' lang='lat' dir='ltr'><strong><em>inter</em></strong></span> <span class='ocrx_word' id='word_1_416' title='bbox 1452 2908 1714 2980; x_wconf 89' lang='lat' dir='ltr'><strong><em>epistolas</em></strong></span> <span class='ocrx_word' id='word_1_417' title='bbox 1754 2909 2031 2979; x_wconf 83' lang='lat' dir='ltr'><strong><em>leguntur,</em></strong></span> <span class='ocrx_word' id='word_1_418' title='bbox 2203 2910 2392 2975; x_wconf 88' lang='lat' dir='ltr'><strong><em>Pauli,</em></strong></span> <span class='ocrx_word' id='word_1_419' title='bbox 2420 2924 2487 2964; x_wconf 83' lang='lat' dir='ltr'><strong><em>ex</em></strong></span> <span class='ocrx_word' id='word_1_420' title='bbox 2513 2909 2699 2964; x_wconf 79' lang='lat' dir='ltr'><strong><em>verbis</em></strong></span> <span class='ocrx_word' id='word_1_421' title='bbox 2724 2905 3000 2978; x_wconf 86' lang='lat' dir='ltr'><strong><em>Augustini</em></strong></span> <span class='ocrx_word' id='word_1_422' title='bbox 3020 2904 3121 2959; x_wconf 91' lang='lat' dir='ltr'><strong><em>sub</em></strong></span> <span class='ocrx_word' id='word_1_423' title='bbox 3144 2902 3298 2956; x_wconf 76' lang='lat' dir='ltr'><strong><em>Beda:</em></strong></span> <span class='ocrx_word' id='word_1_424' title='bbox 3327 2898 3543 2954; x_wconf 88' lang='lat' dir='ltr'><strong><em>nomine</em></strong></span> <span class='ocrx_word' id='word_1_425' title='bbox 3569 2896 3714 2951; x_wconf 88' lang='lat' dir='ltr'><strong><em>inter</em></strong></span> 
     </span>
    </p>
   </div>
   <div class='ocr_carea' id='block_1_37' title="bbox 521 2995 3356 3075">
    <p class='ocr_par' dir='ltr' id='par_1_37' title="bbox 521 2995 3356 3075">
     <span class='ocr_line' id='line_1_39' title="bbox 521 2995 3356 3075; baseline -0.001 -27"><span class='ocrx_word' id='word_1_426' title='bbox 521 3009 653 3066; x_wconf 88' lang='lat' dir='ltr'><strong><em>quas</em></strong></span> <span class='ocrx_word' id='word_1_427' title='bbox 681 3004 946 3067; x_wconf 86' lang='lat' dir='ltr'><strong><em>tamquam</em></strong></span> <span class='ocrx_word' id='word_1_428' title='bbox 964 2998 1134 3053; x_wconf 92' lang='lat' dir='ltr'><strong><em>libros</em></strong></span> <span class='ocrx_word' id='word_1_429' title='bbox 1164 2998 1484 3069; x_wconf 87' lang='lat' dir='ltr'><strong><em>Augustinus</em></strong></span> <span class='ocrx_word' id='word_1_430' title='bbox 1510 2999 1562 3053; x_wconf 92' lang='lat' dir='ltr'><strong><em>in</em></strong></span> <span class='ocrx_word' id='word_1_431' title='bbox 1587 3000 1826 3055; x_wconf 78' lang='lat' dir='ltr'><strong><em>ltctract.</em></strong></span> <span class='ocrx_word' id='word_1_432' title='bbox 1845 3015 2033 3056; x_wconf 88' lang='lat' dir='ltr'><strong><em>recen-</em></strong></span> <span class='ocrx_word' id='word_1_433' title='bbox 2205 3005 2321 3075; x_wconf 89' lang='lat' dir='ltr'><strong><em>ejus</em></strong></span> <span class='ocrx_word' id='word_1_434' title='bbox 2343 3017 2507 3073; x_wconf 88' lang='lat' dir='ltr'><strong><em>opera</em></strong></span> <span class='ocrx_word' id='word_1_435' title='bbox 2528 3011 2583 3056; x_wconf 89' lang='lat' dir='ltr'><strong><em>et</em></strong></span> <span class='ocrx_word' id='word_1_436' title='bbox 2606 3000 2835 3057; x_wconf 87' lang='lat' dir='ltr'><strong><em>seorsim</em></strong></span> <span class='ocrx_word' id='word_1_437' title='bbox 2863 2999 3022 3053; x_wconf 89' lang='lat' dir='ltr'><strong><em>etiam</em></strong></span> <span class='ocrx_word' id='word_1_438' title='bbox 3048 2995 3356 3064; x_wconf 84' lang='lat' dir='ltr'><strong><em>impressis.</em></strong></span> 
     </span>
    </p>
   </div>
   <div class='ocr_carea' id='block_1_38' title="bbox 521 3083 3717 3157">
    <p class='ocr_par' dir='ltr' id='par_1_38' title="bbox 521 3083 3717 3157">
     <span class='ocr_line' id='line_1_40' title="bbox 521 3083 3717 3157; baseline -0.002 -15"><span class='ocrx_word' id='word_1_439' title='bbox 521 3090 661 3154; x_wconf 80' lang='lat' dir='ltr'><strong><em>suit,</em></strong></span> <span class='ocrx_word' id='word_1_440' title='bbox 690 3102 821 3157; x_wconf 89' lang='lat' dir='ltr'><strong><em>quas</em></strong></span> <span class='ocrx_word' id='word_1_441' title='bbox 847 3090 959 3143; x_wconf 91' lang='lat' dir='ltr'><strong><em>suis</em></strong></span> <span class='ocrx_word' id='word_1_442' title='bbox 986 3089 1121 3145; x_wconf 89' lang='lat' dir='ltr'><strong><em>locis</em></strong></span> <span class='ocrx_word' id='word_1_443' title='bbox 1147 3099 1362 3144; x_wconf 89' lang='lat' dir='ltr'><strong><em>notatas</em></strong></span> <span class='ocrx_word' id='word_1_444' title='bbox 1393 3090 1624 3147; x_wconf 84' lang='lat' dir='ltr'><strong><em>videbis.</em></strong></span> <span class='ocrx_word' id='word_1_445' title='bbox 2282 3096 2374 3152; x_wconf 86' lang='lat'><strong><em>10&#39;</em></strong></span> <span class='ocrx_word' id='word_1_446' title='bbox 2416 3095 2697 3151; x_wconf 85' lang='lat' dir='ltr'><strong><em>Sermones</em></strong></span> <span class='ocrx_word' id='word_1_447' title='bbox 2728 3095 2790 3147; x_wconf 88' lang='lat' dir='ltr'><strong><em>de</em></strong></span> <span class='ocrx_word' id='word_1_448' title='bbox 2817 3092 3031 3147; x_wconf 82' lang='lat' dir='ltr'><strong><em>diversis</em></strong></span> <span class='ocrx_word' id='word_1_449' title='bbox 3059 3088 3302 3153; x_wconf 78' lang='lat' dir='ltr'><strong><em>CXXIII,</em></strong></span> <span class='ocrx_word' id='word_1_450' title='bbox 3344 3101 3373 3139; x_wconf 90' lang='lat' dir='ltr'><strong><em>a</em></strong></span> <span class='ocrx_word' id='word_1_451' title='bbox 3409 3083 3717 3139; x_wconf 74' lang='lat' dir='ltr'><strong><em>Lovanicn~</em></strong></span> 
     </span>
    </p>
   </div>
   <div class='ocr_carea' id='block_1_39' title="bbox 454 3170 3722 3263">
    <p class='ocr_par' dir='ltr' id='par_1_39' title="bbox 454 3170 3722 3263">
     <span class='ocr_line' id='line_1_41' title="bbox 454 3170 3722 3263; baseline -0.001 -26"><span class='ocrx_word' id='word_1_452' title='bbox 454 3179 576 3237; x_wconf 80' lang='grc'><strong>116.</strong></span> <span class='ocrx_word' id='word_1_453' title='bbox 623 3180 922 3235; x_wconf 88' lang='lat' dir='ltr'><strong><em>Sermones.</em></strong></span> <span class='ocrx_word' id='word_1_454' title='bbox 970 3181 1172 3236; x_wconf 85' lang='lat' dir='ltr'><strong><em>Horum</em></strong></span> <span class='ocrx_word' id='word_1_455' title='bbox 1215 3182 1383 3237; x_wconf 75' lang='lat' dir='ltr'><strong><em>variae</em></strong></span> <span class='ocrx_word' id='word_1_456' title='bbox 1413 3190 1632 3237; x_wconf 78' lang='lat' dir='ltr'><strong><em>exstant</em></strong></span> <span class='ocrx_word' id='word_1_457' title='bbox 1660 3182 2034 3251; x_wconf 89' lang='lat' dir='ltr'><strong><em>collectiones,</em></strong></span> <span class='ocrx_word' id='word_1_458' title='bbox 2063 3170 2111 3235; x_wconf 88' lang='lat' dir='ltr'><strong><em>C</em></strong></span> <span class='ocrx_word' id='word_1_459' title='bbox 2213 3189 2365 3263; x_wconf 81' lang='lat' dir='ltr'><strong><em>sibus</em></strong></span> <span class='ocrx_word' id='word_1_460' title='bbox 2383 3202 2433 3242; x_wconf 70' lang='grc' dir='ltr'><strong><em>τι,</em></strong></span> <span class='ocrx_word' id='word_1_461' title='bbox 2462 3186 2595 3242; x_wconf 72' lang='grc'><strong>1571</strong></span> <span class='ocrx_word' id='word_1_462' title='bbox 2620 3195 2764 3240; x_wconf 87' lang='lat' dir='ltr'><strong><em>tomo</em></strong></span> <span class='ocrx_word' id='word_1_463' title='bbox 2789 3184 2835 3238; x_wconf 78' lang='grc' dir='ltr'>Χ</span> <span class='ocrx_word' id='word_1_464' title='bbox 2864 3184 3016 3248; x_wconf 82' lang='lat' dir='ltr'><strong><em>editi,</em></strong></span> <span class='ocrx_word' id='word_1_465' title='bbox 3046 3179 3414 3236; x_wconf 76' lang='lat' dir='ltr'><strong><em>atntumeratis</em></strong></span> <span class='ocrx_word' id='word_1_466' title='bbox 3446 3174 3722 3246; x_wconf 66' lang='lat' dir='ltr'><strong><em>praedictis</em></strong></span> 
     </span>
    </p>
   </div>
   <div class='ocr_carea' id='block_1_40' title="bbox 525 3267 3723 3346">
    <p class='ocr_par' dir='ltr' id='par_1_40' title="bbox 525 3267 3723 3346">
     <span class='ocr_line' id='line_1_42' title="bbox 525 3267 3723 3346; baseline -0.002 -18"><span class='ocrx_word' id='word_1_467' title='bbox 525 3287 754 3343; x_wconf 88' lang='lat' dir='ltr'><strong><em>quarum</em></strong></span> <span class='ocrx_word' id='word_1_468' title='bbox 781 3274 1021 3345; x_wconf 92' lang='lat' dir='ltr'><strong><em>quinque</em></strong></span> <span class='ocrx_word' id='word_1_469' title='bbox 1046 3284 1343 3345; x_wconf 89' lang='lat' dir='ltr'><strong><em>sequentes</em></strong></span> <span class='ocrx_word' id='word_1_470' title='bbox 1385 3274 1623 3346; x_wconf 67' lang='lat' dir='ltr'><strong><em>(praeter</em></strong></span> <span class='ocrx_word' id='word_1_471' title='bbox 1665 3276 1940 3331; x_wconf 85' lang='lat' dir='ltr'><strong><em>Sermones</em></strong></span> <span class='ocrx_word' id='word_1_472' title='bbox 1969 3278 2038 3330; x_wconf 86' lang='lat' dir='ltr'><strong><em>ad</em></strong></span> <span class='ocrx_word' id='word_1_473' title='bbox 2212 3280 2553 3337; x_wconf 88' lang='lat' dir='ltr'><strong><em>sermonibus</em></strong></span> <span class='ocrx_word' id='word_1_474' title='bbox 2590 3277 2781 3333; x_wconf 76' lang='lat' dir='ltr'><strong>XLIII-</strong></span> <span class='ocrx_word' id='word_1_475' title='bbox 2822 3276 2895 3331; x_wconf 81' lang='lat' dir='ltr'><strong><em>Ex</em></strong></span> <span class='ocrx_word' id='word_1_476' title='bbox 2940 3276 3021 3330; x_wconf 86' lang='lat' dir='ltr'><strong><em>his</em></strong></span> <span class='ocrx_word' id='word_1_477' title='bbox 3069 3274 3326 3344; x_wconf 83' lang='lat' dir='ltr'><strong><em>plurimos</em></strong></span> <span class='ocrx_word' id='word_1_478' title='bbox 3350 3267 3723 3340; x_wconf 87' lang='lat' dir='ltr'><strong><em>supposititios</em></strong></span> 
     </span>
    </p>
   </div>
   <div class='ocr_carea' id='block_1_41' title="bbox 528 3362 3136 3437">
    <p class='ocr_par' dir='ltr' id='par_1_41' title="bbox 528 3362 3136 3437">
     <span class='ocr_line' id='line_1_43' title="bbox 528 3362 3136 3437; baseline 0.001 -22"><span class='ocrx_word' id='word_1_479' title='bbox 528 3365 715 3433; x_wconf 85' lang='lat' dir='ltr'><strong><em>fratres</em></strong></span> <span class='ocrx_word' id='word_1_480' title='bbox 750 3363 803 3417; x_wconf 92' lang='lat' dir='ltr'><strong><em>in</em></strong></span> <span class='ocrx_word' id='word_1_481' title='bbox 837 3362 1060 3435; x_wconf 87' lang='lat' dir='ltr'><strong><em>Eremo)</em></strong></span> <span class='ocrx_word' id='word_1_482' title='bbox 1117 3366 1440 3436; x_wconf 89' lang='lat' dir='ltr'><strong><em>prodierunt</em></strong></span> <span class='ocrx_word' id='word_1_483' title='bbox 1466 3367 1521 3421; x_wconf 90' lang='lat' dir='ltr'><strong><em>in</em></strong></span> <span class='ocrx_word' id='word_1_484' title='bbox 1549 3366 1638 3423; x_wconf 90' lang='lat' dir='ltr'><strong><em>ed.</em></strong></span> <span class='ocrx_word' id='word_1_485' title='bbox 1673 3366 1882 3423; x_wconf 76' lang='lat' dir='ltr'><strong><em>Erasm.</em></strong></span> <span class='ocrx_word' id='word_1_486' title='bbox 1916 3368 2040 3423; x_wconf 88' lang='lat' dir='ltr'><strong><em>Bas.</em></strong></span> <span class='ocrx_word' id='word_1_487' title='bbox 2215 3386 2337 3428; x_wconf 90' lang='lat' dir='ltr'><strong><em>esse</em></strong></span> <span class='ocrx_word' id='word_1_488' title='bbox 2359 3373 2592 3425; x_wconf 87' lang='lat' dir='ltr'><strong><em>fatentur</em></strong></span> <span class='ocrx_word' id='word_1_489' title='bbox 2622 3369 2720 3437; x_wconf 89' lang='lat' dir='ltr'><strong><em>ipsi</em></strong></span> <span class='ocrx_word' id='word_1_490' title='bbox 2754 3367 3136 3421; x_wconf 84' lang='lat' dir='ltr'><strong><em>Lovanienses.</em></strong></span> 
     </span>
    </p>
   </div>
   <div class='ocr_carea' id='block_1_42' title="bbox 532 3447 3724 3523">
    <p class='ocr_par' dir='ltr' id='par_1_42' title="bbox 532 3447 3724 3523">
     <span class='ocr_line' id='line_1_44' title="bbox 532 3447 3724 3523; baseline -0.001 -17"><span class='ocrx_word' id='word_1_491' title='bbox 532 3452 692 3518; x_wconf 83' lang='lat'><strong>1529,</strong></span> <span class='ocrx_word' id='word_1_492' title='bbox 725 3459 859 3507; x_wconf 89' lang='lat' dir='ltr'><strong><em>tom.</em></strong></span> <span class='ocrx_word' id='word_1_493' title='bbox 899 3453 970 3507; x_wconf 80' lang='grc' dir='ltr'><strong>Χ.</strong></span> <span class='ocrx_word' id='word_1_494' title='bbox 2290 3463 2383 3517; x_wconf 85' lang='lat'><strong>11°</strong></span> <span class='ocrx_word' id='word_1_495' title='bbox 2414 3459 2659 3515; x_wconf 64' lang='lat' dir='ltr'><strong><em>Romilio:</em></strong></span> <span class='ocrx_word' id='word_1_496' title='bbox 2681 3458 2773 3523; x_wconf 87' lang='lat' dir='ltr'><strong><em>XI,</em></strong></span> <span class='ocrx_word' id='word_1_497' title='bbox 2799 3474 2828 3512; x_wconf 91' lang='lat' dir='ltr'><strong><em>a</em></strong></span> <span class='ocrx_word' id='word_1_498' title='bbox 2856 3456 3247 3512; x_wconf 79' lang='lat' dir='ltr'><strong><em>Parisiensibus</em></strong></span> <span class='ocrx_word' id='word_1_499' title='bbox 3269 3452 3429 3508; x_wconf 64' lang='lat' dir='ltr'><strong><em>editae</em></strong></span> <span class='ocrx_word' id='word_1_500' title='bbox 3454 3467 3505 3505; x_wconf 94' lang='lat' dir='ltr'><strong><em>a.</em></strong></span> <span class='ocrx_word' id='word_1_501' title='bbox 3558 3447 3724 3516; x_wconf 77' lang='grc'><strong>1614,</strong></span> 
     </span>
    </p>
   </div>
   <div class='ocr_carea' id='block_1_43' title="bbox 607 3542 3732 3622">
    <p class='ocr_par' dir='ltr' id='par_1_43' title="bbox 607 3542 3732 3622">
     <span class='ocr_line' id='line_1_45' title="bbox 607 3542 3732 3622; baseline -0.006 -9"><span class='ocrx_word' id='word_1_502' title='bbox 607 3543 662 3597; x_wconf 66' lang='grc'><strong>1⁸</strong></span> <span class='ocrx_word' id='word_1_503' title='bbox 699 3542 777 3598; x_wconf 69' lang='lat' dir='ltr'><strong><em>De</em></strong></span> <span class='ocrx_word' id='word_1_504' title='bbox 825 3543 1006 3601; x_wconf 67' lang='grc' dir='ltr'><strong><em>γενθίε</em></strong></span> <span class='ocrx_word' id='word_1_505' title='bbox 1034 3544 1243 3599; x_wconf 62' lang='lat' dir='ltr'><strong><em>Domini</em></strong></span> <span class='ocrx_word' id='word_1_506' title='bbox 1287 3546 1403 3602; x_wconf 70' lang='grc' dir='ltr'><strong><em>εῖνϐ</em></strong></span> <span class='ocrx_word' id='word_1_507' title='bbox 1435 3547 1498 3601; x_wconf 75' lang='lat' dir='ltr'><strong><em>de</em></strong></span> <span class='ocrx_word' id='word_1_508' title='bbox 1534 3547 1709 3603; x_wconf 60' lang='lat' dir='ltr'><strong><em>verbis</em></strong></span> <span class='ocrx_word' id='word_1_509' title='bbox 1740 3548 2008 3622; x_wconf 63' lang='lat' dir='ltr'><strong><em>Evangelii</em></strong></span> <span class='ocrx_word' id='word_1_510' title='bbox 2025 3591 2041 3617; x_wconf 80' lang='lat'><strong><em>.</em></strong></span> <span class='ocrx_word' id='word_1_511' title='bbox 2219 3572 2288 3613; x_wconf 82' lang='lat' dir='ltr'><strong><em>ex</em></strong></span> <span class='ocrx_word' id='word_1_512' title='bbox 2317 3570 2448 3610; x_wconf 91' lang='lat' dir='ltr'><strong><em>mss.</em></strong></span> <span class='ocrx_word' id='word_1_513' title='bbox 2477 3550 2874 3620; x_wconf 78' lang='lat' dir='ltr'><strong><em>Cartltusianis,</em></strong></span> <span class='ocrx_word' id='word_1_514' title='bbox 2905 3558 3065 3619; x_wconf 88' lang='lat' dir='ltr'><strong><em>atque</em></strong></span> <span class='ocrx_word' id='word_1_515' title='bbox 3094 3548 3214 3602; x_wconf 78' lang='lat' dir='ltr'><strong><em>alia:</em></strong></span> <span class='ocrx_word' id='word_1_516' title='bbox 3236 3544 3374 3611; x_wconf 89' lang='lat' dir='ltr'><strong><em>Xlll,</em></strong></span> <span class='ocrx_word' id='word_1_517' title='bbox 3403 3560 3469 3600; x_wconf 82' lang='lat' dir='ltr'><strong><em>ex</em></strong></span> <span class='ocrx_word' id='word_1_518' title='bbox 3492 3542 3732 3599; x_wconf 75' lang='lat' dir='ltr'><strong><em>mssJ’i-</em></strong></span> 
     </span>
    </p>
   </div>
   <div class='ocr_carea' id='block_1_44' title="bbox 533 3632 2474 3709">
    <p class='ocr_par' dir='ltr' id='par_1_44' title="bbox 533 3632 2474 3709">
     <span class='ocr_line' id='line_1_46' title="bbox 533 3632 2474 3709; baseline 0.004 -20"><span class='ocrx_word' id='word_1_519' title='bbox 533 3632 826 3689; x_wconf 88' lang='lat' dir='ltr'><strong><em>Sermones</em></strong></span> <span class='ocrx_word' id='word_1_520' title='bbox 856 3634 1042 3690; x_wconf 82' lang='lat' dir='ltr'><strong><em>LXIV.</em></strong></span> <span class='ocrx_word' id='word_1_521' title='bbox 1077 3637 1157 3691; x_wconf 79' lang='lat' dir='ltr'><strong><em>Ex</em></strong></span> <span class='ocrx_word' id='word_1_522' title='bbox 1187 3636 1270 3691; x_wconf 88' lang='lat' dir='ltr'><strong><em>his</em></strong></span> <span class='ocrx_word' id='word_1_523' title='bbox 1300 3637 1493 3692; x_wconf 90' lang='lat' dir='ltr'><strong><em>Sermo</em></strong></span> <span class='ocrx_word' id='word_1_524' title='bbox 1542 3639 1641 3704; x_wconf 72' lang='grc'><strong>14,</strong></span> <span class='ocrx_word' id='word_1_525' title='bbox 1676 3639 1866 3693; x_wconf 84' lang='lat' dir='ltr'><strong><em>Eradii</em></strong></span> <span class='ocrx_word' id='word_1_526' title='bbox 1898 3655 2050 3709; x_wconf 90' lang='lat' dir='ltr'><strong><em>pres-</em></strong></span> <span class='ocrx_word' id='word_1_527' title='bbox 2221 3646 2474 3702; x_wconf 69' lang='lat' dir='ltr'><strong><em>thmanis.</em></strong></span> 
     </span>
    </p>
   </div>
   <div class='ocr_carea' id='block_1_45' title="bbox 538 3724 3738 3801">
    <p class='ocr_par' dir='ltr' id='par_1_45' title="bbox 538 3724 3738 3801">
     <span class='ocr_line' id='line_1_47' title="bbox 538 3724 3738 3801; baseline -0.001 -21"><span class='ocrx_word' id='word_1_528' title='bbox 538 3725 711 3795; x_wconf 85' lang='lat' dir='ltr'><strong><em>byteri</em></strong></span> <span class='ocrx_word' id='word_1_529' title='bbox 743 3734 858 3790; x_wconf 89' lang='lat' dir='ltr'><strong><em>est;</em></strong></span> <span class='ocrx_word' id='word_1_530' title='bbox 891 3727 958 3781; x_wconf 90' lang='grc'><strong><em>19</em></strong></span> <span class='ocrx_word' id='word_1_531' title='bbox 977 3767 993 3794; x_wconf 94' lang='grc'><strong><em>,</em></strong></span> <span class='ocrx_word' id='word_1_532' title='bbox 1024 3726 1246 3781; x_wconf 73' lang='lat' dir='ltr'><strong><em>Maximi</em></strong></span> <span class='ocrx_word' id='word_1_533' title='bbox 1290 3728 1674 3796; x_wconf 87' lang='lat' dir='ltr'><strong><em>&#39;I‘aurinensis;</em></strong></span> <span class='ocrx_word' id='word_1_534' title='bbox 1702 3729 1803 3798; x_wconf 89' lang='lat'><strong><em>28,</em></strong></span> <span class='ocrx_word' id='word_1_535' title='bbox 1832 3731 1896 3786; x_wconf 88' lang='lat' dir='ltr'><strong><em>S.</em></strong></span> <span class='ocrx_word' id='word_1_536' title='bbox 1926 3732 2048 3785; x_wconf 61' lang='lat' dir='ltr'><strong><em>Amo</em></strong></span> <span class='ocrx_word' id='word_1_537' title='bbox 2296 3737 2395 3792; x_wconf 76' lang='lat'><strong><em>12°</em></strong></span> <span class='ocrx_word' id='word_1_538' title='bbox 2426 3736 2702 3791; x_wconf 82' lang='lat' dir='ltr'><strong><em>Sermones</em></strong></span> <span class='ocrx_word' id='word_1_539' title='bbox 2726 3734 2818 3789; x_wconf 85' lang='lat' dir='ltr'><strong><em>XL</em></strong></span> <span class='ocrx_word' id='word_1_540' title='bbox 2840 3732 2908 3788; x_wconf 90' lang='lat' dir='ltr'><strong><em>de</em></strong></span> <span class='ocrx_word' id='word_1_541' title='bbox 2935 3732 3097 3787; x_wconf 88' lang='lat' dir='ltr'><strong><em>variis</em></strong></span> <span class='ocrx_word' id='word_1_542' title='bbox 3124 3729 3453 3801; x_wconf 76' lang='lat' dir='ltr'><strong><em>argumentis</em></strong></span> <span class='ocrx_word' id='word_1_543' title='bbox 3477 3742 3505 3781; x_wconf 91' lang='lat' dir='ltr'><strong><em>a</em></strong></span> <span class='ocrx_word' id='word_1_544' title='bbox 3533 3724 3738 3780; x_wconf 83' lang='lat' dir='ltr'><strong><em>Jacobo</em></strong></span> 
     </span>
    </p>
   </div>
   <div class='ocr_carea' id='block_1_46' title="bbox 539 3815 3733 3894">
    <p class='ocr_par' dir='ltr' id='par_1_46' title="bbox 539 3815 3733 3894">
     <span class='ocr_line' id='line_1_48' title="bbox 539 3815 3733 3894; baseline -0.001 -24"><span class='ocrx_word' id='word_1_545' title='bbox 539 3816 698 3870; x_wconf 88' lang='lat' dir='ltr'><strong><em>brosii</em></strong></span> <span class='ocrx_word' id='word_1_546' title='bbox 727 3816 1147 3872; x_wconf 86' lang='lat' dir='ltr'><strong><em>Mediolaneusis</em></strong></span> <span class='ocrx_word' id='word_1_547' title='bbox 1177 3820 1445 3889; x_wconf 90' lang='lat' dir='ltr'><strong><em>episcopi.</em></strong></span> <span class='ocrx_word' id='word_1_548' title='bbox 2224 3827 2505 3885; x_wconf 86' lang='lat' dir='ltr'><strong><em>Sirmondo</em></strong></span> <span class='ocrx_word' id='word_1_549' title='bbox 2548 3826 2751 3881; x_wconf 89' lang='lat' dir='ltr'><strong><em>Jesuita</em></strong></span> <span class='ocrx_word' id='word_1_550' title='bbox 2794 3825 3027 3894; x_wconf 91' lang='lat' dir='ltr'><strong><em>primum</em></strong></span> <span class='ocrx_word' id='word_1_551' title='bbox 3071 3821 3199 3876; x_wconf 87' lang='lat' dir='ltr'><strong><em>editi</em></strong></span> <span class='ocrx_word' id='word_1_552' title='bbox 3230 3836 3349 3875; x_wconf 89' lang='lat' dir='ltr'><strong><em>cum</em></strong></span> <span class='ocrx_word' id='word_1_553' title='bbox 3375 3818 3517 3872; x_wconf 84' lang='lat' dir='ltr'><strong><em>uotis</em></strong></span> <span class='ocrx_word' id='word_1_554' title='bbox 3554 3815 3733 3870; x_wconf 84' lang='lat' dir='ltr'><strong><em>Paris.</em></strong></span> 
     </span>
    </p>
   </div>
   <div class='ocr_carea' id='block_1_47' title="bbox 609 3906 3733 3986">
    <p class='ocr_par' dir='ltr' id='par_1_47' title="bbox 609 3906 3733 3986">
     <span class='ocr_line' id='line_1_49' title="bbox 609 3906 3733 3986; baseline -0.001 -24"><span class='ocrx_word' id='word_1_555' title='bbox 609 3908 667 3962; x_wconf 80' lang='lat'><strong><em>2&#39;</em></strong></span> <span class='ocrx_word' id='word_1_556' title='bbox 707 3907 785 3962; x_wconf 89' lang='lat' dir='ltr'><strong><em>De</em></strong></span> <span class='ocrx_word' id='word_1_557' title='bbox 819 3908 1002 3963; x_wconf 84' lang='lat' dir='ltr'><strong><em>Verbis</em></strong></span> <span class='ocrx_word' id='word_1_558' title='bbox 1031 3910 1266 3979; x_wconf 90' lang='lat' dir='ltr'><strong><em>Apostoli</em></strong></span> <span class='ocrx_word' id='word_1_559' title='bbox 1293 3910 1586 3966; x_wconf 90' lang='lat' dir='ltr'><strong><em>Sermones</em></strong></span> <span class='ocrx_word' id='word_1_560' title='bbox 1615 3910 1835 3967; x_wconf 82' lang='lat' dir='ltr'><strong>XXXV.</strong></span> <span class='ocrx_word' id='word_1_561' title='bbox 1867 3911 1945 3966; x_wconf 84' lang='lat' dir='ltr'><strong><em>Ex</em></strong></span> <span class='ocrx_word' id='word_1_562' title='bbox 1970 3912 2053 3967; x_wconf 88' lang='lat' dir='ltr'><strong><em>bis</em></strong></span> <span class='ocrx_word' id='word_1_563' title='bbox 2228 3920 2385 3984; x_wconf 82' lang='lat'><strong>1651,</strong></span> <span class='ocrx_word' id='word_1_564' title='bbox 2409 3918 2548 3983; x_wconf 67' lang='grc' dir='ltr'><strong><em>ἱππ-8,</em></strong></span> <span class='ocrx_word' id='word_1_565' title='bbox 2574 3935 2593 3969; x_wconf 71' lang='grc' dir='ltr'><em>ς</em></span> <span class='ocrx_word' id='word_1_566' title='bbox 2629 3932 2854 3986; x_wconf 89' lang='lat' dir='ltr'><strong><em>quorum</em></strong></span> <span class='ocrx_word' id='word_1_567' title='bbox 2880 3914 3193 3978; x_wconf 91' lang='lat' dir='ltr'><strong><em>nonnullos,</em></strong></span> <span class='ocrx_word' id='word_1_568' title='bbox 3216 3912 3291 3965; x_wconf 88' lang='lat' dir='ltr'><strong><em>ait</em></strong></span> <span class='ocrx_word' id='word_1_569' title='bbox 3320 3910 3458 3964; x_wconf 86' lang='lat' dir='ltr'><strong><em>And.</em></strong></span> <span class='ocrx_word' id='word_1_570' title='bbox 3496 3906 3733 3968; x_wconf 85' lang='lat' dir='ltr'><strong><em>Rivetus,</em></strong></span> 
     </span>
    </p>
   </div>
   <div class='ocr_carea' id='block_1_48' title="bbox 543 4000 3734 4080">
    <p class='ocr_par' dir='ltr' id='par_1_48' title="bbox 543 4000 3734 4080">
     <span class='ocr_line' id='line_1_50' title="bbox 543 4000 3734 4080; baseline 0.002 -26"><span class='ocrx_word' id='word_1_571' title='bbox 543 4000 737 4055; x_wconf 88' lang='lat' dir='ltr'><strong><em>Sermo</em></strong></span> <span class='ocrx_word' id='word_1_572' title='bbox 762 4001 852 4065; x_wconf 87' lang='lat'><strong>25,</strong></span> <span class='ocrx_word' id='word_1_573' title='bbox 885 4001 1111 4056; x_wconf 75' lang='lat' dir='ltr'><strong><em>Maximi</em></strong></span> <span class='ocrx_word' id='word_1_574' title='bbox 1154 4014 1268 4069; x_wconf 89' lang='lat' dir='ltr'><strong><em>est;</em></strong></span> <span class='ocrx_word' id='word_1_575' title='bbox 1299 4004 1437 4057; x_wconf 90' lang='lat' dir='ltr'><strong><em>inter</em></strong></span> <span class='ocrx_word' id='word_1_576' title='bbox 1460 4004 1825 4058; x_wconf 88' lang='lat' dir='ltr'><strong><em>Ambrosianos</em></strong></span> <span class='ocrx_word' id='word_1_577' title='bbox 1856 4020 2053 4060; x_wconf 90' lang='lat' dir='ltr'><strong><em>nonus.</em></strong></span> <span class='ocrx_word' id='word_1_578' title='bbox 2225 4020 2287 4066; x_wconf 85' lang='lat' dir='ltr'><strong><em>ut.</em></strong></span> <span class='ocrx_word' id='word_1_579' title='bbox 2347 4011 2514 4065; x_wconf 90' lang='lat' dir='ltr'><strong><em>nolim</em></strong></span> <span class='ocrx_word' id='word_1_580' title='bbox 2560 4024 2756 4079; x_wconf 82' lang='lat' dir='ltr'><strong><em>negare</em></strong></span> <span class='ocrx_word' id='word_1_581' title='bbox 2786 4007 3135 4080; x_wconf 81' lang='lat' dir='ltr'><strong><em>Augustinum</em></strong></span> <span class='ocrx_word' id='word_1_582' title='bbox 3185 4013 3459 4058; x_wconf 82' lang='lat' dir='ltr'><strong><em>auctorem</em></strong></span> <span class='ocrx_word' id='word_1_583' title='bbox 3508 4000 3734 4063; x_wconf 73' lang='lat' dir='ltr'><strong><em>habere.</em></strong></span> 
     </span>
    </p>
   </div>
   <div class='ocr_carea' id='block_1_49' title="bbox 616 4093 2053 4168">
    <p class='ocr_par' dir='ltr' id='par_1_49' title="bbox 616 4093 2053 4168">
     <span class='ocr_line' id='line_1_51' title="bbox 616 4093 2053 4168; baseline 0.004 -21"><span class='ocrx_word' id='word_1_584' title='bbox 616 4094 674 4147; x_wconf 77' lang='grc' dir='ltr'><strong>5ο</strong></span> <span class='ocrx_word' id='word_1_585' title='bbox 702 4093 953 4149; x_wconf 76' lang='lat' dir='ltr'><strong><em>Homiliaz</em></strong></span> <span class='ocrx_word' id='word_1_586' title='bbox 976 4094 1037 4159; x_wconf 90' lang='lat' dir='ltr'><strong><em>L,</em></strong></span> <span class='ocrx_word' id='word_1_587' title='bbox 1062 4095 1117 4149; x_wconf 87' lang='lat' dir='ltr'><strong><em>in</em></strong></span> <span class='ocrx_word' id='word_1_588' title='bbox 1145 4096 1327 4167; x_wconf 86' lang='lat' dir='ltr'><strong><em>quibus</em></strong></span> <span class='ocrx_word' id='word_1_589' title='bbox 1348 4098 1489 4150; x_wconf 79' lang='lat' dir='ltr'><strong><em>varia</em></strong></span> <span class='ocrx_word' id='word_1_590' title='bbox 1514 4096 1798 4168; x_wconf 77' lang='lat' dir='ltr'><strong><em>Scriptura:</em></strong></span> <span class='ocrx_word' id='word_1_591' title='bbox 1823 4098 1936 4152; x_wconf 83' lang='lat' dir='ltr'><strong><em>loca</em></strong></span> <span class='ocrx_word' id='word_1_592' title='bbox 1961 4115 2053 4154; x_wconf 81' lang='lat' dir='ltr'><strong><em>ea:-</em></strong></span> 
     </span>
    </p>
   </div>
   <div class='ocr_carea' id='block_1_50' title="bbox 546 4185 2056 4256">
    <p class='ocr_par' dir='ltr' id='par_1_50' title="bbox 546 4185 2056 4256">
     <span class='ocr_line' id='line_1_52' title="bbox 546 4185 2056 4256; baseline 0.007 -19"><span class='ocrx_word' id='word_1_593' title='bbox 546 4185 813 4256; x_wconf 88' lang='lat' dir='ltr'><strong><em>plicantur</em></strong></span> <span class='ocrx_word' id='word_1_594' title='bbox 857 4195 904 4240; x_wconf 87' lang='lat' dir='ltr'><strong><em>et</em></strong></span> <span class='ocrx_word' id='word_1_595' title='bbox 957 4187 1082 4241; x_wconf 88' lang='lat' dir='ltr'><strong><em>Loci</em></strong></span> <span class='ocrx_word' id='word_1_596' title='bbox 1137 4205 1431 4244; x_wconf 87' lang='lat' dir='ltr'><strong><em>communes</em></strong></span> <span class='ocrx_word' id='word_1_597' title='bbox 1494 4200 1798 4245; x_wconf 85' lang='lat' dir='ltr'><strong><em>tractantur.</em></strong></span> <span class='ocrx_word' id='word_1_598' title='bbox 1856 4191 2056 4248; x_wconf 83' lang='lat' dir='ltr'><strong><em>Harum</em></strong></span> 
     </span>
    </p>
   </div>
   <div class='ocr_carea' id='block_1_51' title="bbox 548 4280 1669 4352">
    <p class='ocr_par' dir='ltr' id='par_1_51' title="bbox 548 4280 1669 4352">
     <span class='ocr_line' id='line_1_53' title="bbox 548 4280 1669 4352; baseline 0.006 -21"><span class='ocrx_word' id='word_1_599' title='bbox 548 4288 740 4347; x_wconf 89' lang='lat' dir='ltr'><strong><em>quarta</em></strong></span> <span class='ocrx_word' id='word_1_600' title='bbox 773 4293 837 4334; x_wconf 83' lang='lat' dir='ltr'><strong><em>ex</em></strong></span> <span class='ocrx_word' id='word_1_601' title='bbox 866 4280 1127 4335; x_wconf 90' lang='lat' dir='ltr'><strong><em>Ambrosii</em></strong></span> <span class='ocrx_word' id='word_1_602' title='bbox 1157 4282 1374 4351; x_wconf 88' lang='lat' dir='ltr'><strong><em>scriptis</em></strong></span> <span class='ocrx_word' id='word_1_603' title='bbox 1396 4281 1669 4352; x_wconf 84' lang='lat' dir='ltr'><strong><em>decerpta.</em></strong></span> 
     </span>
    </p>
   </div>
   <div class='ocr_carea' id='block_1_52' title="bbox 548 4368 2058 4443">
    <p class='ocr_par' dir='ltr' id='par_1_52' title="bbox 548 4368 2058 4443">
     <span class='ocr_line' id='line_1_54' title="bbox 548 4368 2058 4443; baseline 0.003 -18"><span class='ocrx_word' id='word_1_604' title='bbox 548 4368 908 4426; x_wconf 89' lang='lat' dir='ltr'><strong><em>Collectiones</em></strong></span> <span class='ocrx_word' id='word_1_605' title='bbox 937 4373 1058 4427; x_wconf 76' lang='lat' dir='ltr'><strong><em>ista:</em></strong></span> <span class='ocrx_word' id='word_1_606' title='bbox 1088 4382 1200 4428; x_wconf 86' lang='lat' dir='ltr'><strong><em>tres</em></strong></span> <span class='ocrx_word' id='word_1_607' title='bbox 1238 4373 1470 4443; x_wconf 76' lang='lat' dir='ltr'><strong><em>antiqua:</em></strong></span> <span class='ocrx_word' id='word_1_608' title='bbox 1514 4385 1668 4440; x_wconf 88' lang='lat' dir='ltr'><strong><em>sunt,</em></strong></span> <span class='ocrx_word' id='word_1_609' title='bbox 1721 4383 1844 4429; x_wconf 91' lang='lat' dir='ltr'><strong><em>ante</em></strong></span> <span class='ocrx_word' id='word_1_610' title='bbox 1886 4389 2058 4430; x_wconf 89' lang='lat' dir='ltr'><strong><em>annos</em></strong></span> 
     </span>
    </p>
   </div>
   <div class='ocr_carea' id='block_1_53' title="bbox 618 4462 2054 4535">
    <p class='ocr_par' dir='ltr' id='par_1_53' title="bbox 618 4462 2054 4535">
     <span class='ocr_line' id='line_1_55' title="bbox 618 4462 2054 4535; baseline 0.002 -19"><span class='ocrx_word' id='word_1_611' title='bbox 618 4462 816 4533; x_wconf 89' lang='lat' dir='ltr'><strong><em>quippe</em></strong></span> <span class='ocrx_word' id='word_1_612' title='bbox 836 4463 941 4520; x_wconf 89' lang='lat'><strong><em>800</em></strong></span> <span class='ocrx_word' id='word_1_613' title='bbox 963 4463 1148 4531; x_wconf 63' lang='lat' dir='ltr'><strong><em>factae,</em></strong></span> <span class='ocrx_word' id='word_1_614' title='bbox 1184 4463 1484 4534; x_wconf 81' lang='lat' dir='ltr'><strong><em>Augustino</em></strong></span> <span class='ocrx_word' id='word_1_615' title='bbox 1513 4474 1691 4519; x_wconf 84' lang='lat' dir='ltr'><strong><em>tamen</em></strong></span> <span class='ocrx_word' id='word_1_616' title='bbox 1722 4481 2054 4535; x_wconf 85' lang='lat' dir='ltr'><strong><em>nequaquam</em></strong></span> 
     </span>
    </p>
   </div>
   <div class='ocr_carea' id='block_1_54' title="bbox 624 4538 2138 4625">
    <p class='ocr_par' dir='ltr' id='par_1_54' title="bbox 624 4538 2138 4625">
     <span class='ocr_line' id='line_1_56' title="bbox 624 4538 2138 4625; baseline 0.002 -17"><span class='ocrx_word' id='word_1_617' title='bbox 624 4555 879 4624; x_wconf 69' lang='lat' dir='ltr'><strong><em>aequales.</em></strong></span> <span class='ocrx_word' id='word_1_618' title='bbox 928 4555 1054 4609; x_wconf 68' lang='lat' dir='ltr'><strong><em>Duae</em></strong></span> <span class='ocrx_word' id='word_1_619' title='bbox 1084 4568 1374 4625; x_wconf 86' lang='lat' dir='ltr'><strong><em>sequentes</em></strong></span> <span class='ocrx_word' id='word_1_620' title='bbox 1403 4565 1579 4611; x_wconf 87' lang='lat' dir='ltr'><strong><em>autem</em></strong></span> <span class='ocrx_word' id='word_1_621' title='bbox 1611 4572 1818 4610; x_wconf 90' lang='lat' dir='ltr'><strong><em>summa</em></strong></span> <span class='ocrx_word' id='word_1_622' title='bbox 1852 4557 2056 4611; x_wconf 90' lang='lat' dir='ltr'><strong><em>incuria</em></strong></span> <span class='ocrx_word' id='word_1_623' title='bbox 2084 4538 2138 4598; x_wconf 81' lang='grc' dir='ltr'><strong>Ῑ)</strong></span> 
     </span>
    </p>
   </div>
   <div class='ocr_carea' id='block_1_55' title="bbox 621 4646 2057 4705">
    <p class='ocr_par' dir='ltr' id='par_1_55' title="bbox 621 4646 2057 4705">
     <span class='ocr_line' id='line_1_57' title="bbox 621 4646 2057 4705; baseline 0.003 -6"><span class='ocrx_word' id='word_1_624' title='bbox 621 4646 896 4701; x_wconf 73' lang='lat' dir='ltr'><strong><em>adornata:</em></strong></span> <span class='ocrx_word' id='word_1_625' title='bbox 926 4656 1052 4702; x_wconf 88' lang='lat' dir='ltr'><strong><em>sunt</em></strong></span> <span class='ocrx_word' id='word_1_626' title='bbox 1093 4647 1161 4702; x_wconf 83' lang='lat' dir='ltr'><strong><em>ab</em></strong></span> <span class='ocrx_word' id='word_1_627' title='bbox 1187 4647 1276 4702; x_wconf 87' lang='lat' dir='ltr'><strong><em>ed.</em></strong></span> <span class='ocrx_word' id='word_1_628' title='bbox 1320 4649 1764 4705; x_wconf 75' lang='lat' dir='ltr'><strong><em>Amerbachiunm</em></strong></span> <span class='ocrx_word' id='word_1_629' title='bbox 1790 4650 2057 4704; x_wconf 85' lang='lat' dir='ltr'><strong><em>curatori-</em></strong></span> 
     </span>
    </p>
   </div>
   <div class='ocr_carea' id='block_1_56' title="bbox 621 4722 1907 4806">
    <p class='ocr_par' dir='ltr' id='par_1_56' title="bbox 621 4722 1907 4806">
     <span class='ocr_line' id='line_1_58' title="bbox 621 4722 1907 4806; baseline 0 -17"><span class='ocrx_word' id='word_1_630' title='bbox 621 4735 742 4801; x_wconf 83' lang='lat' dir='ltr'><strong><em>bus,</em></strong></span> <span class='ocrx_word' id='word_1_631' title='bbox 773 4752 965 4806; x_wconf 78' lang='lat' dir='ltr'><strong><em>nempe</em></strong></span> <span class='ocrx_word' id='word_1_632' title='bbox 994 4755 1005 4790; x_wconf 92' lang='lat'><strong>:</strong></span> <span class='ocrx_word' id='word_1_633' title='bbox 1897 4722 1907 4731; x_wconf 66' lang='grc'><em>’</em></span> 
     </span>
    </p>
   </div>
   <div class='ocr_carea' id='block_1_57' title="bbox 622 4824 2061 4903">
    <p class='ocr_par' dir='ltr' id='par_1_57' title="bbox 622 4824 2061 4903">
     <span class='ocr_line' id='line_1_59' title="bbox 622 4824 2061 4903; baseline 0.007 -26"><span class='ocrx_word' id='word_1_634' title='bbox 622 4824 684 4877; x_wconf 74' lang='grc'><strong><em>40</em></strong></span> <span class='ocrx_word' id='word_1_635' title='bbox 728 4825 1012 4880; x_wconf 86' lang='lat' dir='ltr'><strong><em>Sermones</em></strong></span> <span class='ocrx_word' id='word_1_636' title='bbox 1036 4827 1097 4881; x_wconf 84' lang='lat' dir='ltr'><strong><em>de</em></strong></span> <span class='ocrx_word' id='word_1_637' title='bbox 1119 4826 1368 4900; x_wconf 85' lang='lat' dir='ltr'><strong><em>Tempore</em></strong></span> <span class='ocrx_word' id='word_1_638' title='bbox 1386 4827 1608 4897; x_wconf 83' lang='lat' dir='ltr'><strong>CCLVI,</strong></span> <span class='ocrx_word' id='word_1_639' title='bbox 1634 4845 1699 4884; x_wconf 78' lang='lat' dir='ltr'><strong><em>ex</em></strong></span> <span class='ocrx_word' id='word_1_640' title='bbox 1728 4830 1922 4900; x_wconf 89' lang='lat' dir='ltr'><strong><em>quibus</em></strong></span> <span class='ocrx_word' id='word_1_641' title='bbox 1945 4832 2061 4903; x_wconf 88' lang='lat' dir='ltr'><strong><em>plu-</em></strong></span> 
     </span>
    </p>
   </div>
   <div class='ocr_carea' id='block_1_58' title="bbox 554 4916 2061 4987">
    <p class='ocr_par' dir='ltr' id='par_1_58' title="bbox 554 4916 2061 4987">
     <span class='ocr_line' id='line_1_60' title="bbox 554 4916 2061 4987; baseline 0.009 -18"><span class='ocrx_word' id='word_1_642' title='bbox 554 4916 675 4970; x_wconf 92' lang='lat' dir='ltr'><strong><em>rimi</em></strong></span> <span class='ocrx_word' id='word_1_643' title='bbox 700 4917 836 4973; x_wconf 89' lang='lat' dir='ltr'><strong><em>alios</em></strong></span> <span class='ocrx_word' id='word_1_644' title='bbox 878 4936 987 4987; x_wconf 70' lang='lat' dir='ltr'><strong><em>pra:</em></strong></span> <span class='ocrx_word' id='word_1_645' title='bbox 1018 4935 1077 4975; x_wconf 92' lang='lat' dir='ltr'><strong><em>se</em></strong></span> <span class='ocrx_word' id='word_1_646' title='bbox 1107 4921 1285 4977; x_wconf 90' lang='lat' dir='ltr'><strong><em>ferunt</em></strong></span> <span class='ocrx_word' id='word_1_647' title='bbox 1312 4932 1583 4979; x_wconf 89' lang='lat' dir='ltr'><strong><em>auctores.</em></strong></span> <span class='ocrx_word' id='word_1_648' title='bbox 1615 4922 1907 4979; x_wconf 89' lang='lat' dir='ltr'><strong><em>Sermones</em></strong></span> <span class='ocrx_word' id='word_1_649' title='bbox 1929 4942 2061 4982; x_wconf 88' lang='lat' dir='ltr'><strong><em>vero</em></strong></span> 
     </span>
    </p>
   </div>
   <div class='ocr_carea' id='block_1_59' title="bbox 556 5007 2059 5081">
    <p class='ocr_par' dir='ltr' id='par_1_59' title="bbox 556 5007 2059 5081">
     <span class='ocr_line' id='line_1_61' title="bbox 556 5007 2059 5081; baseline 0.008 -20"><span class='ocrx_word' id='word_1_650' title='bbox 556 5007 646 5075; x_wconf 89' lang='lat'><strong><em>87,</em></strong></span> <span class='ocrx_word' id='word_1_651' title='bbox 691 5008 834 5078; x_wconf 84' lang='lat'><strong>215,</strong></span> <span class='ocrx_word' id='word_1_652' title='bbox 884 5010 1025 5075; x_wconf 85' lang='lat'><strong>255,</strong></span> <span class='ocrx_word' id='word_1_653' title='bbox 1073 5013 1243 5081; x_wconf 89' lang='lat' dir='ltr'><strong><em>spurii</em></strong></span> <span class='ocrx_word' id='word_1_654' title='bbox 1291 5012 1571 5070; x_wconf 89' lang='lat' dir='ltr'><strong><em>habentur.</em></strong></span> <span class='ocrx_word' id='word_1_655' title='bbox 1620 5016 1931 5073; x_wconf 89' lang='lat' dir='ltr'><strong><em>Sermonem</em></strong></span> <span class='ocrx_word' id='word_1_656' title='bbox 1964 5017 2059 5073; x_wconf 87' lang='grc'><strong><em>191</em></strong></span> 
     </span>
    </p>
   </div>
   <div class='ocr_carea' id='block_1_60' title="bbox 553 5098 2065 5169">
    <p class='ocr_par' dir='ltr' id='par_1_60' title="bbox 553 5098 2065 5169">
     <span class='ocr_line' id='line_1_62' title="bbox 553 5098 2065 5169; baseline 0.008 -17"><span class='ocrx_word' id='word_1_657' title='bbox 553 5098 855 5167; x_wconf 80' lang='lat' dir='ltr'><strong><em>Augustino</em></strong></span> <span class='ocrx_word' id='word_1_658' title='bbox 898 5101 1168 5169; x_wconf 77' lang='lat' dir='ltr'><strong><em>abjudicut</em></strong></span> <span class='ocrx_word' id='word_1_659' title='bbox 1208 5104 1350 5159; x_wconf 83' lang='lat' dir='ltr'><strong><em>Phil.</em></strong></span> <span class='ocrx_word' id='word_1_660' title='bbox 1384 5105 1633 5161; x_wconf 86' lang='lat' dir='ltr'><strong><em>Labbeus.</em></strong></span> <span class='ocrx_word' id='word_1_661' title='bbox 1696 5108 1891 5162; x_wconf 87' lang='lat' dir='ltr'><strong><em>Eorum</em></strong></span> <span class='ocrx_word' id='word_1_662' title='bbox 1936 5124 2065 5164; x_wconf 87' lang='lat' dir='ltr'><strong><em>vero</em></strong></span> 
     </span>
    </p>
   </div>
   <div class='ocr_carea' id='block_1_61' title="bbox 558 5192 2063 5265">
    <p class='ocr_par' dir='ltr' id='par_1_61' title="bbox 558 5192 2063 5265">
     <span class='ocr_line' id='line_1_63' title="bbox 558 5192 2063 5265; baseline 0.006 -22"><span class='ocrx_word' id='word_1_663' title='bbox 558 5208 725 5244; x_wconf 88' lang='lat' dir='ltr'><strong><em>nonus</em></strong></span> <span class='ocrx_word' id='word_1_664' title='bbox 753 5200 838 5245; x_wconf 89' lang='lat' dir='ltr'><strong><em>est</em></strong></span> <span class='ocrx_word' id='word_1_665' title='bbox 869 5192 1061 5249; x_wconf 91' lang='lat' dir='ltr'><strong><em>Sermo</em></strong></span> <span class='ocrx_word' id='word_1_666' title='bbox 1102 5194 1384 5263; x_wconf 86' lang='lat' dir='ltr'><strong><em>Bernardi;</em></strong></span> <span class='ocrx_word' id='word_1_667' title='bbox 1428 5198 1485 5252; x_wconf 90' lang='grc'><strong><em>11</em></strong></span> <span class='ocrx_word' id='word_1_668' title='bbox 1523 5196 1753 5252; x_wconf 72' lang='lat' dir='ltr'><strong><em>Maximo</em></strong></span> <span class='ocrx_word' id='word_1_669' title='bbox 1783 5198 2063 5265; x_wconf 88' lang='lat' dir='ltr'><strong><em>tribuitur;</em></strong></span> 
     </span>
    </p>
   </div>
   <div class='ocr_carea' id='block_1_62' title="bbox 560 5281 2068 5357">
    <p class='ocr_par' dir='ltr' id='par_1_62' title="bbox 560 5281 2068 5357">
     <span class='ocr_line' id='line_1_64' title="bbox 560 5281 2068 5357; baseline 0.005 -23"><span class='ocrx_word' id='word_1_670' title='bbox 560 5281 628 5336; x_wconf 89' lang='lat'><strong><em>15</em></strong></span> <span class='ocrx_word' id='word_1_671' title='bbox 649 5281 925 5336; x_wconf 73' lang='lat' dir='ltr'><strong><em>Severiano</em></strong></span> <span class='ocrx_word' id='word_1_672' title='bbox 948 5284 1022 5338; x_wconf 86' lang='lat' dir='ltr'><strong><em>uti</em></strong></span> <span class='ocrx_word' id='word_1_673' title='bbox 1044 5293 1099 5339; x_wconf 91' lang='lat' dir='ltr'><strong><em>et</em></strong></span> <span class='ocrx_word' id='word_1_674' title='bbox 1120 5282 1396 5357; x_wconf 82' lang='lat' dir='ltr'><strong><em>Fulgentio</em></strong></span> <span class='ocrx_word' id='word_1_675' title='bbox 1419 5288 1736 5355; x_wconf 89' lang='lat' dir='ltr'><strong><em>ascribitur;</em></strong></span> <span class='ocrx_word' id='word_1_676' title='bbox 1765 5291 1832 5343; x_wconf 85' lang='grc'><strong><em>55</em></strong></span> <span class='ocrx_word' id='word_1_677' title='bbox 1860 5288 2068 5344; x_wconf 81' lang='lat' dir='ltr'><strong><em>S.Leo-</em></strong></span> 
     </span>
    </p>
   </div>
   <div class='ocr_carea' id='block_1_63' title="bbox 556 5372 2069 5450">
    <p class='ocr_par' dir='ltr' id='par_1_63' title="bbox 556 5372 2069 5450">
     <span class='ocr_line' id='line_1_65' title="bbox 556 5372 2069 5450; baseline 0.004 -21"><span class='ocrx_word' id='word_1_678' title='bbox 556 5372 638 5429; x_wconf 88' lang='lat' dir='ltr'><strong><em>nis</em></strong></span> <span class='ocrx_word' id='word_1_679' title='bbox 667 5383 783 5439; x_wconf 90' lang='lat' dir='ltr'><strong><em>est;</em></strong></span> <span class='ocrx_word' id='word_1_680' title='bbox 831 5373 897 5429; x_wconf 81' lang='grc'><strong>57</strong></span> <span class='ocrx_word' id='word_1_681' title='bbox 945 5375 1195 5443; x_wconf 76' lang='lat' dir='ltr'><strong><em>Maximi;</em></strong></span> <span class='ocrx_word' id='word_1_682' title='bbox 1236 5377 1305 5433; x_wconf 75' lang='grc'>48</span> <span class='ocrx_word' id='word_1_683' title='bbox 1345 5393 1410 5432; x_wconf 80' lang='lat' dir='ltr'><strong><em>ex</em></strong></span> <span class='ocrx_word' id='word_1_684' title='bbox 1444 5377 1682 5450; x_wconf 85' lang='lat' dir='ltr'><strong><em>Hilario,</em></strong></span> <span class='ocrx_word' id='word_1_685' title='bbox 1724 5380 1986 5433; x_wconf 79' lang='lat' dir='ltr'><strong><em>Ambrosio</em></strong></span> <span class='ocrx_word' id='word_1_686' title='bbox 2014 5390 2069 5435; x_wconf 87' lang='lat' dir='ltr'><strong><em>et</em></strong></span> 
     </span>
    </p>
   </div>
   <div class='ocr_carea' id='block_1_64' title="bbox 561 5464 2069 5539">
    <p class='ocr_par' dir='ltr' id='par_1_64' title="bbox 561 5464 2069 5539">
     <span class='ocr_line' id='line_1_66' title="bbox 561 5464 2069 5539; baseline 0.006 -23"><span class='ocrx_word' id='word_1_687' title='bbox 561 5464 1009 5535; x_wconf 65' lang='lat' dir='ltr'><strong><em>Augustinthinc</em></strong></span> <span class='ocrx_word' id='word_1_688' title='bbox 1036 5467 1160 5521; x_wconf 87' lang='lat' dir='ltr'><strong><em>inde</em></strong></span> <span class='ocrx_word' id='word_1_689' title='bbox 1197 5468 1511 5539; x_wconf 90' lang='lat' dir='ltr'><strong><em>desumptus</em></strong></span> <span class='ocrx_word' id='word_1_690' title='bbox 1538 5479 1652 5535; x_wconf 78' lang='lat' dir='ltr'><strong><em>est;</em></strong></span> <span class='ocrx_word' id='word_1_691' title='bbox 1684 5471 1752 5525; x_wconf 86' lang='grc'><strong><em>65</em></strong></span> <span class='ocrx_word' id='word_1_692' title='bbox 1780 5470 1842 5524; x_wconf 88' lang='lat' dir='ltr'><strong><em>S.</em></strong></span> <span class='ocrx_word' id='word_1_693' title='bbox 1884 5470 2069 5525; x_wconf 88' lang='lat' dir='ltr'><strong><em>Leonis</em></strong></span> 
     </span>
    </p>
   </div>
   <div class='ocr_carea' id='block_1_65' title="bbox 560 5555 2070 5627">
    <p class='ocr_par' dir='ltr' id='par_1_65' title="bbox 560 5555 2070 5627">
     <span class='ocr_line' id='line_1_67' title="bbox 560 5555 2070 5627; baseline 0.005 -18"><span class='ocrx_word' id='word_1_694' title='bbox 560 5565 669 5620; x_wconf 88' lang='lat' dir='ltr'><strong><em>est;</em></strong></span> <span class='ocrx_word' id='word_1_695' title='bbox 694 5555 783 5620; x_wconf 85' lang='lat'><strong><em>68.</em></strong></span> <span class='ocrx_word' id='word_1_696' title='bbox 814 5559 904 5621; x_wconf 87' lang='grc'><strong><em>77,</em></strong></span> <span class='ocrx_word' id='word_1_697' title='bbox 937 5561 1057 5625; x_wconf 84' lang='grc'><strong>117,</strong></span> <span class='ocrx_word' id='word_1_698' title='bbox 1094 5560 1155 5615; x_wconf 83' lang='grc'><strong>8.</strong></span> <span class='ocrx_word' id='word_1_699' title='bbox 1184 5560 1468 5627; x_wconf 87' lang='lat' dir='ltr'><strong><em>Ambrosii;</em></strong></span> <span class='ocrx_word' id='word_1_700' title='bbox 1497 5562 1599 5616; x_wconf 89' lang='grc'><strong>118</strong></span> <span class='ocrx_word' id='word_1_701' title='bbox 1625 5560 1936 5627; x_wconf 73' lang='lat' dir='ltr'><strong><em>Maximini;</em></strong></span> <span class='ocrx_word' id='word_1_702' title='bbox 1971 5561 2070 5617; x_wconf 79' lang='lat'><strong><em>120</em></strong></span> 
     </span>
    </p>
   </div>
   <div class='ocr_carea' id='block_1_66' title="bbox 564 5647 2072 5724">
    <p class='ocr_par' dir='ltr' id='par_1_66' title="bbox 564 5647 2072 5724">
     <span class='ocr_line' id='line_1_68' title="bbox 564 5647 2072 5724; baseline 0.004 -23"><span class='ocrx_word' id='word_1_703' title='bbox 564 5647 784 5703; x_wconf 85' lang='lat' dir='ltr'><strong><em>Eusebio</em></strong></span> <span class='ocrx_word' id='word_1_704' title='bbox 818 5650 1099 5719; x_wconf 88' lang='lat' dir='ltr'><strong><em>tribuitur;</em></strong></span> <span class='ocrx_word' id='word_1_705' title='bbox 1137 5654 1237 5708; x_wconf 72' lang='lat'><strong>1‘25</strong></span> <span class='ocrx_word' id='word_1_706' title='bbox 1270 5653 1410 5709; x_wconf 89' lang='lat' dir='ltr'><strong><em>idem</em></strong></span> <span class='ocrx_word' id='word_1_707' title='bbox 1442 5653 1555 5709; x_wconf 85' lang='lat' dir='ltr'><strong><em>fere</em></strong></span> <span class='ocrx_word' id='word_1_708' title='bbox 1578 5663 1661 5709; x_wconf 88' lang='lat' dir='ltr'><strong><em>est</em></strong></span> <span class='ocrx_word' id='word_1_709' title='bbox 1688 5668 1750 5708; x_wconf 89' lang='lat' dir='ltr'><strong><em>ac</em></strong></span> <span class='ocrx_word' id='word_1_710' title='bbox 1772 5653 2072 5724; x_wconf 82' lang='lat' dir='ltr'><strong><em>Symbolum</em></strong></span> 
     </span>
    </p>
   </div>
   <div class='ocr_carea' id='block_1_67' title="bbox 568 5738 2070 5817">
    <p class='ocr_par' dir='ltr' id='par_1_67' title="bbox 568 5738 2070 5817">
     <span class='ocr_line' id='line_1_69' title="bbox 568 5738 2070 5817; baseline 0.006 -24"><span class='ocrx_word' id='word_1_711' title='bbox 568 5738 795 5798; x_wconf 85' lang='lat' dir='ltr'><strong><em>Damaso</em></strong></span> <span class='ocrx_word' id='word_1_712' title='bbox 818 5745 1116 5814; x_wconf 82' lang='lat' dir='ltr'><strong><em>inscriptum</em></strong></span> <span class='ocrx_word' id='word_1_713' title='bbox 1140 5746 1278 5800; x_wconf 81' lang='lat' dir='ltr'><strong><em>inter</em></strong></span> <span class='ocrx_word' id='word_1_714' title='bbox 1295 5746 1465 5816; x_wconf 84' lang='lat' dir='ltr'><strong><em>Opera</em></strong></span> <span class='ocrx_word' id='word_1_715' title='bbox 1494 5746 1556 5802; x_wconf 89' lang='lat' dir='ltr'><strong><em>S.</em></strong></span> <span class='ocrx_word' id='word_1_716' title='bbox 1585 5745 1919 5817; x_wconf 79' lang='lat' dir='ltr'><strong><em>Hieronymi;</em></strong></span> <span class='ocrx_word' id='word_1_717' title='bbox 1950 5745 2070 5813; x_wconf 87' lang='lat'><strong>128,</strong></span> 
     </span>
    </p>
   </div>
   <div class='ocr_carea' id='block_1_68' title="bbox 2228 4090 3739 4170">
    <p class='ocr_par' dir='ltr' id='par_1_68' title="bbox 2228 4090 3739 4170">
     <span class='ocr_line' id='line_1_70' title="bbox 2228 4090 3739 4170; baseline -0.009 -14"><span class='ocrx_word' id='word_1_718' title='bbox 2228 4101 2462 4156; x_wconf 81' lang='lat' dir='ltr'><strong><em>maxime</em></strong></span> <span class='ocrx_word' id='word_1_719' title='bbox 2491 4098 2582 4170; x_wconf 84' lang='lat' dir='ltr'><strong><em>qui</em></strong></span> <span class='ocrx_word' id='word_1_720' title='bbox 2612 4099 2664 4153; x_wconf 89' lang='lat' dir='ltr'><strong><em>in</em></strong></span> <span class='ocrx_word' id='word_1_721' title='bbox 2697 4096 2938 4153; x_wconf 89' lang='lat' dir='ltr'><strong><em>Indiequ</em></strong></span> <span class='ocrx_word' id='word_1_722' title='bbox 2953 4094 3180 4151; x_wconf 81' lang='lat' dir='ltr'><strong><em>Possidii</em></strong></span> <span class='ocrx_word' id='word_1_723' title='bbox 3205 4100 3574 4155; x_wconf 90' lang='lat' dir='ltr'><strong><em>numerantur,</em></strong></span> <span class='ocrx_word' id='word_1_724' title='bbox 3600 4090 3739 4143; x_wconf 87' lang='lat' dir='ltr'><strong><em>alios</em></strong></span> 
     </span>
    </p>
   </div>
   <div class='ocr_carea' id='block_1_69' title="bbox 2232 4182 3741 4259">
    <p class='ocr_par' dir='ltr' id='par_1_69' title="bbox 2232 4182 3741 4259">
     <span class='ocr_line' id='line_1_71' title="bbox 2232 4182 3741 4259; baseline -0.009 -15"><span class='ocrx_word' id='word_1_725' title='bbox 2232 4201 2437 4255; x_wconf 88' lang='lat' dir='ltr'><strong><em>tamen,</em></strong></span> <span class='ocrx_word' id='word_1_726' title='bbox 2465 4190 2554 4259; x_wconf 89' lang='lat' dir='ltr'><strong><em>qui</em></strong></span> <span class='ocrx_word' id='word_1_727' title='bbox 2580 4204 2610 4242; x_wconf 91' lang='lat' dir='ltr'><strong><em>e</em></strong></span> <span class='ocrx_word' id='word_1_728' title='bbox 2632 4188 3017 4241; x_wconf 82' lang='lat' dir='ltr'><strong><em>monachorum</em></strong></span> <span class='ocrx_word' id='word_1_729' title='bbox 3046 4185 3248 4255; x_wconf 86' lang='lat' dir='ltr'><strong><em>cryptis</em></strong></span> <span class='ocrx_word' id='word_1_730' title='bbox 3275 4182 3611 4252; x_wconf 78' lang='lat' dir='ltr'><strong><em>prodierunt,</em></strong></span> <span class='ocrx_word' id='word_1_731' title='bbox 3642 4192 3741 4247; x_wconf 86' lang='lat' dir='ltr'><strong><em>po-</em></strong></span> 
     </span>
    </p>
   </div>
   <div class='ocr_carea' id='block_1_70' title="bbox 2230 4272 3741 4349">
    <p class='ocr_par' dir='ltr' id='par_1_70' title="bbox 2230 4272 3741 4349">
     <span class='ocr_line' id='line_1_72' title="bbox 2230 4272 3741 4349; baseline -0.008 -12"><span class='ocrx_word' id='word_1_732' title='bbox 2230 4285 2393 4338; x_wconf 88' lang='lat' dir='ltr'><strong><em>tietur</em></strong></span> <span class='ocrx_word' id='word_1_733' title='bbox 2418 4282 2592 4337; x_wconf 86' lang='lat' dir='ltr'><strong><em>editor</em></strong></span> <span class='ocrx_word' id='word_1_734' title='bbox 2621 4280 2763 4349; x_wconf 89' lang='lat' dir='ltr'><strong><em>apud</em></strong></span> <span class='ocrx_word' id='word_1_735' title='bbox 2795 4294 2890 4333; x_wconf 90' lang='lat' dir='ltr'><strong><em>nos</em></strong></span> <span class='ocrx_word' id='word_1_736' title='bbox 2913 4294 3035 4334; x_wconf 89' lang='lat' dir='ltr'><strong><em>esse</em></strong></span> <span class='ocrx_word' id='word_1_737' title='bbox 3073 4287 3342 4347; x_wconf 81' lang='lat' dir='ltr'><strong><em>suspectae</em></strong></span> <span class='ocrx_word' id='word_1_738' title='bbox 3386 4274 3534 4338; x_wconf 79' lang='lat' dir='ltr'><strong><em>ﬁdei,</em></strong></span> <span class='ocrx_word' id='word_1_739' title='bbox 3565 4272 3741 4327; x_wconf 91' lang='lat' dir='ltr'><strong><em>donec</em></strong></span> 
     </span>
    </p>
   </div>
   <div class='ocr_carea' id='block_1_71' title="bbox 2234 4364 3740 4443">
    <p class='ocr_par' dir='ltr' id='par_1_71' title="bbox 2234 4364 3740 4443">
     <span class='ocr_line' id='line_1_73' title="bbox 2234 4364 3740 4443; baseline -0.007 -18"><span class='ocrx_word' id='word_1_740' title='bbox 2234 4372 2645 4443; x_wconf 62' lang='lat' dir='ltr'><strong><em>probationibus</em></strong></span> <span class='ocrx_word' id='word_1_741' title='bbox 2666 4370 3003 4440; x_wconf 82' lang='lat' dir='ltr'><strong><em>dignioribus</em></strong></span> <span class='ocrx_word' id='word_1_742' title='bbox 3034 4368 3189 4422; x_wconf 90' lang='lat' dir='ltr'><strong><em>nobis</em></strong></span> <span class='ocrx_word' id='word_1_743' title='bbox 3231 4364 3740 4422; x_wconf 83' lang='lat' dir='ltr'><strong><em>commendentur.s</em></strong></span> 
     </span>
    </p>
   </div>
   <div class='ocr_carea' id='block_1_72' title="bbox 2238 4455 3743 4522">
    <p class='ocr_par' dir='ltr' id='par_1_72' title="bbox 2238 4455 3743 4522">
     <span class='ocr_line' id='line_1_74' title="bbox 2238 4455 3743 4522; baseline -0.009 0"><span class='ocrx_word' id='word_1_744' title='bbox 2238 4469 2382 4522; x_wconf 89' lang='lat' dir='ltr'><strong><em>Inter</em></strong></span> <span class='ocrx_word' id='word_1_745' title='bbox 2414 4467 2511 4519; x_wconf 92' lang='lat' dir='ltr'><strong><em>hos</em></strong></span> <span class='ocrx_word' id='word_1_746' title='bbox 2541 4474 2718 4518; x_wconf 88' lang='lat' dir='ltr'><strong><em>autem</em></strong></span> <span class='ocrx_word' id='word_1_747' title='bbox 2744 4462 2837 4517; x_wconf 86' lang='lat' dir='ltr'><strong><em>XL</em></strong></span> <span class='ocrx_word' id='word_1_748' title='bbox 2866 4462 3159 4518; x_wconf 89' lang='lat' dir='ltr'><strong><em>Sermones</em></strong></span> <span class='ocrx_word' id='word_1_749' title='bbox 3187 4459 3452 4514; x_wconf 82' lang='lat' dir='ltr'><strong><em>habentur</em></strong></span> <span class='ocrx_word' id='word_1_750' title='bbox 3493 4455 3743 4511; x_wconf 65' lang='lat' dir='ltr'><strong><em>llomilite</em></strong></span> 
     </span>
    </p>
   </div>
   <div class='ocr_carea' id='block_1_73' title="bbox 2234 4558 3248 4626">
    <p class='ocr_par' dir='ltr' id='par_1_73' title="bbox 2234 4558 3248 4626">
     <span class='ocr_line' id='line_1_75' title="bbox 2234 4558 3248 4626; baseline -0.01 -11"><span class='ocrx_word' id='word_1_751' title='bbox 2234 4562 2338 4615; x_wconf 76' lang='lat' dir='ltr'><strong><em>illa:</em></strong></span> <span class='ocrx_word' id='word_1_752' title='bbox 2368 4559 2481 4613; x_wconf 74' lang='lat' dir='ltr'><strong>XIII</strong></span> <span class='ocrx_word' id='word_1_753' title='bbox 2513 4558 2763 4626; x_wconf 89' lang='lat' dir='ltr'><strong><em>superius</em></strong></span> <span class='ocrx_word' id='word_1_754' title='bbox 2789 4560 3248 4609; x_wconf 65' lang='lat' dir='ltr'><strong><em>commemoratae.</em></strong></span> 
     </span>
    </p>
   </div>
   <div class='ocr_carea' id='block_1_74' title="bbox 2309 4634 3741 4710">
    <p class='ocr_par' dir='ltr' id='par_1_74' title="bbox 2309 4634 3741 4710">
     <span class='ocr_line' id='line_1_76' title="bbox 2309 4634 3741 4710; baseline -0.01 -6"><span class='ocrx_word' id='word_1_755' title='bbox 2309 4650 2406 4704; x_wconf 84' lang='grc' dir='ltr'><strong><em>15ο</em></strong></span> <span class='ocrx_word' id='word_1_756' title='bbox 2433 4647 2709 4702; x_wconf 89' lang='lat' dir='ltr'><strong><em>Sermones</em></strong></span> <span class='ocrx_word' id='word_1_757' title='bbox 2739 4645 2807 4699; x_wconf 75' lang='lat' dir='ltr'><strong>VI</strong></span> <span class='ocrx_word' id='word_1_758' title='bbox 2849 4645 3031 4698; x_wconf 66' lang='lat' dir='ltr'><strong><em>Romae</em></strong></span> <span class='ocrx_word' id='word_1_759' title='bbox 3065 4642 3298 4710; x_wconf 84' lang='lat' dir='ltr'><strong><em>primum</em></strong></span> <span class='ocrx_word' id='word_1_760' title='bbox 3344 4638 3469 4693; x_wconf 81' lang='lat' dir='ltr'><strong><em>editi</em></strong></span> <span class='ocrx_word' id='word_1_761' title='bbox 3499 4652 3549 4691; x_wconf 91' lang='lat' dir='ltr'><strong><em>a.</em></strong></span> <span class='ocrx_word' id='word_1_762' title='bbox 3583 4634 3741 4690; x_wconf 70' lang='lat' dir='ltr'><strong><em>16M.</em></strong></span> 
     </span>
    </p>
   </div>
   <div class='ocr_carea' id='block_1_75' title="bbox 2238 4726 3747 4806">
    <p class='ocr_par' dir='ltr' id='par_1_75' title="bbox 2238 4726 3747 4806">
     <span class='ocr_line' id='line_1_77' title="bbox 2238 4726 3747 4806; baseline -0.009 -12"><span class='ocrx_word' id='word_1_763' title='bbox 2238 4757 2265 4794; x_wconf 85' lang='lat' dir='ltr'><strong><em>a</em></strong></span> <span class='ocrx_word' id='word_1_764' title='bbox 2292 4738 2448 4794; x_wconf 85' lang='lat' dir='ltr'><strong><em>Joan.</em></strong></span> <span class='ocrx_word' id='word_1_765' title='bbox 2498 4737 2651 4806; x_wconf 85' lang='lat' dir='ltr'><strong><em>Bapt.</em></strong></span> <span class='ocrx_word' id='word_1_766' title='bbox 2686 4735 2837 4790; x_wconf 83' lang='lat' dir='ltr'><strong><em>Maro</em></strong></span> <span class='ocrx_word' id='word_1_767' title='bbox 2868 4735 3139 4798; x_wconf 81' lang='lat' dir='ltr'><strong><em>Romano,</em></strong></span> <span class='ocrx_word' id='word_1_768' title='bbox 3170 4732 3229 4788; x_wconf 88' lang='lat' dir='ltr'><strong><em>S.</em></strong></span> <span class='ocrx_word' id='word_1_769' title='bbox 3280 4730 3467 4800; x_wconf 86' lang='lat' dir='ltr'><strong><em>Angeli</em></strong></span> <span class='ocrx_word' id='word_1_770' title='bbox 3512 4728 3563 4782; x_wconf 92' lang='lat' dir='ltr'><strong><em>in</em></strong></span> <span class='ocrx_word' id='word_1_771' title='bbox 3601 4726 3747 4781; x_wconf 84' lang='lat' dir='ltr'><strong><em>Foro</em></strong></span> 
     </span>
    </p>
   </div>
   <div class='ocr_carea' id='block_1_76' title="bbox 2238 4829 2794 4887">
    <p class='ocr_par' dir='ltr' id='par_1_76' title="bbox 2238 4829 2794 4887">
     <span class='ocr_line' id='line_1_78' title="bbox 2238 4829 2794 4887; baseline -0.011 0"><span class='ocrx_word' id='word_1_772' title='bbox 2238 4831 2469 4887; x_wconf 75' lang='lat' dir='ltr'><strong><em>I’isciutn</em></strong></span> <span class='ocrx_word' id='word_1_773' title='bbox 2498 4829 2794 4882; x_wconf 88' lang='lat' dir='ltr'><strong><em>Canonico.</em></strong></span> 
     </span>
    </p>
   </div>
   <div class='ocr_carea' id='block_1_77' title="bbox 2306 4910 3749 4989">
    <p class='ocr_par' dir='ltr' id='par_1_77' title="bbox 2306 4910 3749 4989">
     <span class='ocr_line' id='line_1_79' title="bbox 2306 4910 3749 4989; baseline -0.009 -13"><span class='ocrx_word' id='word_1_774' title='bbox 2306 4922 2548 4988; x_wconf 84' lang='lat' dir='ltr'><strong><em>Quatuor</em></strong></span> <span class='ocrx_word' id='word_1_775' title='bbox 2578 4917 2913 4989; x_wconf 86' lang='lat' dir='ltr'><strong><em>posteriores</em></strong></span> <span class='ocrx_word' id='word_1_776' title='bbox 2936 4917 3258 4972; x_wconf 91' lang='lat' dir='ltr'><strong><em>Sermonum</em></strong></span> <span class='ocrx_word' id='word_1_777' title='bbox 3283 4910 3641 4967; x_wconf 88' lang='lat' dir='ltr'><strong><em>Collectiones</em></strong></span> <span class='ocrx_word' id='word_1_778' title='bbox 3663 4924 3749 4963; x_wconf 66' lang='grc' dir='ltr'><strong><em>τες-</em></strong></span> 
     </span>
    </p>
   </div>
   <div class='ocr_carea' id='block_1_78' title="bbox 2247 4999 3751 5084">
    <p class='ocr_par' dir='ltr' id='par_1_78' title="bbox 2247 4999 3751 5084">
     <span class='ocr_line' id='line_1_80' title="bbox 2247 4999 3751 5084; baseline -0.009 -16"><span class='ocrx_word' id='word_1_779' title='bbox 2247 5014 2394 5067; x_wconf 76' lang='lat' dir='ltr'><strong><em>rudit</em></strong></span> <span class='ocrx_word' id='word_1_780' title='bbox 2428 5011 2705 5084; x_wconf 83' lang='lat' dir='ltr'><strong><em>Vigncrius</em></strong></span> <span class='ocrx_word' id='word_1_781' title='bbox 2735 5018 2884 5079; x_wconf 88' lang='lat' dir='ltr'><strong><em>parte</em></strong></span> <span class='ocrx_word' id='word_1_782' title='bbox 2907 5025 2925 5062; x_wconf 85' lang='grc' dir='ltr'><strong>ι</strong></span> <span class='ocrx_word' id='word_1_783' title='bbox 2958 5007 3180 5078; x_wconf 86' lang='lat' dir='ltr'><strong><em>Suppl.;</em></strong></span> <span class='ocrx_word' id='word_1_784' title='bbox 3206 5014 3356 5074; x_wconf 84' lang='lat' dir='ltr'><strong><em>parte</em></strong></span> <span class='ocrx_word' id='word_1_785' title='bbox 3384 5018 3514 5057; x_wconf 86' lang='lat' dir='ltr'><strong><em>vero</em></strong></span> <span class='ocrx_word' id='word_1_786' title='bbox 3551 5017 3587 5055; x_wconf 84' lang='lat' dir='ltr'><strong><em>tt</em></strong></span> <span class='ocrx_word' id='word_1_787' title='bbox 3614 4999 3751 5054; x_wconf 87' lang='lat' dir='ltr'><strong><em>alios</em></strong></span> 
     </span>
    </p>
   </div>
   <div class='ocr_carea' id='block_1_79' title="bbox 2248 5092 3750 5167">
    <p class='ocr_par' dir='ltr' id='par_1_79' title="bbox 2248 5092 3750 5167">
     <span class='ocr_line' id='line_1_81' title="bbox 2248 5092 3750 5167; baseline -0.011 -7"><span class='ocrx_word' id='word_1_788' title='bbox 2248 5102 2435 5165; x_wconf 76' lang='lat' dir='ltr'><strong>XLVI,</strong></span> <span class='ocrx_word' id='word_1_789' title='bbox 2471 5106 2728 5155; x_wconf 84' lang='lat' dir='ltr'><strong><em>hactenus</em></strong></span> <span class='ocrx_word' id='word_1_790' title='bbox 2752 5098 2981 5153; x_wconf 89' lang='lat' dir='ltr'><strong><em>ineditos</em></strong></span> <span class='ocrx_word' id='word_1_791' title='bbox 3010 5106 3171 5167; x_wconf 90' lang='lat' dir='ltr'><strong><em>atque</em></strong></span> <span class='ocrx_word' id='word_1_792' title='bbox 3202 5112 3271 5152; x_wconf 84' lang='lat' dir='ltr'><strong><em>ex</em></strong></span> <span class='ocrx_word' id='word_1_793' title='bbox 3302 5094 3529 5150; x_wconf 72' lang='lat' dir='ltr'><strong><em>diversis</em></strong></span> <span class='ocrx_word' id='word_1_794' title='bbox 3558 5092 3750 5146; x_wconf 79' lang='lat' dir='ltr'><strong><em>Biblio~</em></strong></span> 
     </span>
    </p>
   </div>
   <div class='ocr_carea' id='block_1_80' title="bbox 2247 5189 3067 5263">
    <p class='ocr_par' dir='ltr' id='par_1_80' title="bbox 2247 5189 3067 5263">
     <span class='ocr_line' id='line_1_82' title="bbox 2247 5189 3067 5263; baseline -0.01 -12"><span class='ocrx_word' id='word_1_795' title='bbox 2247 5195 2423 5251; x_wconf 85' lang='lat' dir='ltr'><strong><em>thecis</em></strong></span> <span class='ocrx_word' id='word_1_796' title='bbox 2450 5193 2818 5263; x_wconf 90' lang='lat' dir='ltr'><strong><em>depromptos,</em></strong></span> <span class='ocrx_word' id='word_1_797' title='bbox 2843 5189 3067 5244; x_wconf 89' lang='lat' dir='ltr'><strong><em>addidit.</em></strong></span> 
     </span>
    </p>
   </div>
   <div class='ocr_carea' id='block_1_81' title="bbox 2315 5275 3749 5352">
    <p class='ocr_par' dir='ltr' id='par_1_81' title="bbox 2315 5275 3749 5352">
     <span class='ocr_line' id='line_1_83' title="bbox 2315 5275 3749 5352; baseline -0.011 -11"><span class='ocrx_word' id='word_1_798' title='bbox 2315 5288 2583 5341; x_wconf 72' lang='lat' dir='ltr'><strong><em>Cmterum</em></strong></span> <span class='ocrx_word' id='word_1_799' title='bbox 2624 5284 2676 5338; x_wconf 91' lang='lat' dir='ltr'><strong><em>in</em></strong></span> <span class='ocrx_word' id='word_1_800' title='bbox 2719 5281 3150 5352; x_wconf 57' lang='lat' dir='ltr'><strong><em>praecedentibus</em></strong></span> <span class='ocrx_word' id='word_1_801' title='bbox 3181 5277 3535 5334; x_wconf 88' lang='lat' dir='ltr'><strong><em>Sermonibus</em></strong></span> <span class='ocrx_word' id='word_1_802' title='bbox 3573 5275 3749 5327; x_wconf 84' lang='lat' dir='ltr'><strong><em>notari</em></strong></span> 
     </span>
    </p>
   </div>
   <div class='ocr_carea' id='block_1_82' title="bbox 2246 5365 3752 5442">
    <p class='ocr_par' dir='ltr' id='par_1_82' title="bbox 2246 5365 3752 5442">
     <span class='ocr_line' id='line_1_84' title="bbox 2246 5365 3752 5442; baseline -0.011 -10"><span class='ocrx_word' id='word_1_803' title='bbox 2246 5377 2426 5442; x_wconf 86' lang='lat' dir='ltr'><strong><em>debet,</em></strong></span> <span class='ocrx_word' id='word_1_804' title='bbox 2454 5391 2558 5430; x_wconf 91' lang='lat' dir='ltr'><strong><em>non</em></strong></span> <span class='ocrx_word' id='word_1_805' title='bbox 2588 5389 2712 5429; x_wconf 87' lang='lat' dir='ltr'><strong><em>raro</em></strong></span> <span class='ocrx_word' id='word_1_806' title='bbox 2733 5372 2975 5437; x_wconf 80' lang='lat' dir='ltr'><strong><em>evenire,</em></strong></span> <span class='ocrx_word' id='word_1_807' title='bbox 3004 5380 3063 5424; x_wconf 93' lang='lat' dir='ltr'><strong><em>ut</em></strong></span> <span class='ocrx_word' id='word_1_808' title='bbox 3088 5371 3224 5424; x_wconf 86' lang='lat' dir='ltr'><strong><em>idem</em></strong></span> <span class='ocrx_word' id='word_1_809' title='bbox 3241 5370 3431 5424; x_wconf 90' lang='lat' dir='ltr'><strong><em>Sermo</em></strong></span> <span class='ocrx_word' id='word_1_810' title='bbox 3450 5370 3501 5420; x_wconf 91' lang='lat' dir='ltr'><strong><em>iu</em></strong></span> <span class='ocrx_word' id='word_1_811' title='bbox 3523 5365 3752 5420; x_wconf 78' lang='lat' dir='ltr'><strong><em>diversis</em></strong></span> 
     </span>
    </p>
   </div>
   <div class='ocr_carea' id='block_1_83' title="bbox 2247 5459 3751 5527">
    <p class='ocr_par' dir='ltr' id='par_1_83' title="bbox 2247 5459 3751 5527">
     <span class='ocr_line' id='line_1_85' title="bbox 2247 5459 3751 5527; baseline -0.01 0"><span class='ocrx_word' id='word_1_812' title='bbox 2247 5472 2572 5527; x_wconf 91' lang='lat' dir='ltr'><strong><em>Sermonum</em></strong></span> <span class='ocrx_word' id='word_1_813' title='bbox 2603 5466 3027 5523; x_wconf 79' lang='lat' dir='ltr'><strong><em>Culleolionibus</em></strong></span> <span class='ocrx_word' id='word_1_814' title='bbox 3058 5464 3138 5518; x_wconf 91' lang='lat' dir='ltr'><strong><em>bis</em></strong></span> <span class='ocrx_word' id='word_1_815' title='bbox 3182 5463 3273 5518; x_wconf 87' lang='lat' dir='ltr'><strong><em>vel</em></strong></span> <span class='ocrx_word' id='word_1_816' title='bbox 3322 5461 3500 5514; x_wconf 81' lang='lat' dir='ltr'><strong><em>forsan</em></strong></span> <span class='ocrx_word' id='word_1_817' title='bbox 3554 5459 3751 5526; x_wconf 64' lang='lat' dir='ltr'><strong><em>sirpius</em></strong></span> 
     </span>
    </p>
   </div>
   <div class='ocr_carea' id='block_1_84' title="bbox 2250 5548 3750 5629">
    <p class='ocr_par' dir='ltr' id='par_1_84' title="bbox 2250 5548 3750 5629">
     <span class='ocr_line' id='line_1_86' title="bbox 2250 5548 3750 5629; baseline -0.011 -12"><span class='ocrx_word' id='word_1_818' title='bbox 2250 5569 2563 5617; x_wconf 87' lang='lat' dir='ltr'><strong><em>numeretur</em></strong></span> <span class='ocrx_word' id='word_1_819' title='bbox 2592 5576 2607 5614; x_wconf 87' lang='lat'><strong>:</strong></span> <span class='ocrx_word' id='word_1_820' title='bbox 2638 5556 3019 5629; x_wconf 86' lang='lat' dir='ltr'><strong><em>quamplurimi</em></strong></span> <span class='ocrx_word' id='word_1_821' title='bbox 3043 5570 3172 5610; x_wconf 86' lang='lat' dir='ltr'><strong><em>vero</em></strong></span> <span class='ocrx_word' id='word_1_822' title='bbox 3211 5570 3277 5609; x_wconf 82' lang='lat' dir='ltr'><strong><em>ex</em></strong></span> <span class='ocrx_word' id='word_1_823' title='bbox 3306 5553 3428 5607; x_wconf 87' lang='lat' dir='ltr'><strong><em>aliis</em></strong></span> <span class='ocrx_word' id='word_1_824' title='bbox 3473 5548 3750 5621; x_wconf 84' lang='lat' dir='ltr'><strong><em>Augustini</em></strong></span> 
     </span>
    </p>
   </div>
   <div class='ocr_carea' id='block_1_85' title="bbox 2250 5642 3753 5722">
    <p class='ocr_par' dir='ltr' id='par_1_85' title="bbox 2250 5642 3753 5722">
     <span class='ocr_line' id='line_1_87' title="bbox 2250 5642 3753 5722; baseline -0.009 -14"><span class='ocrx_word' id='word_1_825' title='bbox 2250 5654 2467 5722; x_wconf 84' lang='lat' dir='ltr'><strong><em>scriptis</em></strong></span> <span class='ocrx_word' id='word_1_826' title='bbox 2496 5650 2739 5722; x_wconf 79' lang='lat' dir='ltr'><strong><em>excerpti</em></strong></span> <span class='ocrx_word' id='word_1_827' title='bbox 2770 5658 2916 5705; x_wconf 90' lang='lat' dir='ltr'><strong><em>sunt.</em></strong></span> <span class='ocrx_word' id='word_1_828' title='bbox 2950 5649 3240 5704; x_wconf 79' lang='lat' dir='ltr'><strong><em>Sermones</em></strong></span> <span class='ocrx_word' id='word_1_829' title='bbox 3273 5662 3339 5701; x_wconf 81' lang='lat' dir='ltr'><strong><em>ex</em></strong></span> <span class='ocrx_word' id='word_1_830' title='bbox 3371 5645 3518 5699; x_wconf 89' lang='lat' dir='ltr'><strong><em>hisce</em></strong></span> <span class='ocrx_word' id='word_1_831' title='bbox 3546 5642 3753 5713; x_wconf 87' lang='lat' dir='ltr'><strong><em>aliquot</em></strong></span> 
     </span>
    </p>
   </div>
   <div class='ocr_carea' id='block_1_86' title="bbox 2252 5731 3759 5816">
    <p class='ocr_par' dir='ltr' id='par_1_86' title="bbox 2252 5731 3759 5816">
     <span class='ocr_line' id='line_1_88' title="bbox 2252 5731 3759 5816; baseline -0.008 -19"><span class='ocrx_word' id='word_1_832' title='bbox 2252 5745 2468 5816; x_wconf 69' lang='lat' dir='ltr'><strong><em>spurios</em></strong></span> <span class='ocrx_word' id='word_1_833' title='bbox 2491 5744 2663 5800; x_wconf 84' lang='lat' dir='ltr'><strong><em>obiter</em></strong></span> <span class='ocrx_word' id='word_1_834' title='bbox 2684 5743 2989 5799; x_wconf 82' lang='lat' dir='ltr'><strong><em>notavimus</em></strong></span> <span class='ocrx_word' id='word_1_835' title='bbox 3010 5758 3023 5794; x_wconf 91' lang='lat'>:</span> <span class='ocrx_word' id='word_1_836' title='bbox 3053 5748 3111 5795; x_wconf 85' lang='lat' dir='ltr'><strong><em>at</em></strong></span> <span class='ocrx_word' id='word_1_837' title='bbox 3128 5754 3250 5795; x_wconf 89' lang='lat' dir='ltr'><strong><em>cum</em></strong></span> <span class='ocrx_word' id='word_1_838' title='bbox 3276 5739 3433 5807; x_wconf 84' lang='lat' dir='ltr'><strong><em>longe</em></strong></span> <span class='ocrx_word' id='word_1_839' title='bbox 3450 5731 3759 5791; x_wconf 83' lang='lat' dir='ltr'><strong><em>accuratius</em></strong></span> 
     </span>
    </p>
   </div>
  </div>
