4010 6350
184 360 247 419 ss
1069 346 1341 404 NOTthA
1381 340 1797 401 LITTERARIA
1838 341 1904 396 IN
1943 342 1997 398 s.
2041 315 2506 399 auausrtsun.
3337 347 3405 400 δι

247 473 295 528 id
329 465 678 540 pmstiterint
700 460 1056 527 Benedictini,
1085 477 1183 515 nos
1201 461 1493 516 Censuram
1518 458 1734 513 Sermo—
1758 456 1811 516 Α
1909 457 2047 510 inter
2069 457 2265 511 dubios
2296 473 2486 526 parum
2516 457 2705 527 abluit,
2735 457 2863 528 quin
2892 468 3236 527 reponerent.
3267 457 3402 516 lbid.

243 575 364 616 num
390 559 458 612 ab
479 558 550 612 iis
574 557 742 610 latam
774 554 826 608 in
855 552 1173 622 compendio
1202 552 1459 608 exhibere
1482 566 1512 605 e
1539 565 1599 604 re
1617 547 1735 603 fore

241 648 479 704 arbitrati
508 660 694 701 sumus
723 641 824 714 (a).
855 641 1148 698 Sermones
1179 641 1360 710 itaque
1398 653 1585 695 omnes
1616 636 1737 706 qui-

239 742 336 796 bus
363 748 546 794 tomus
568 735 610 790 V
631 733 928 790 absolvitur
949 731 1037 803 (de
1054 747 1159 801 quo
1181 731 1302 786 vide
1325 729 1459 784 intra
1477 729 1543 783 ad
1569 727 1737 796 ipsius

237 829 490 887 editionis
537 820 1130 890 commemorationem)
1172 821 1224 874 in
1262 828 1491 890 quatuor
1536 817 1737 871 classes

237 924 586 992 redegerunt,
612 920 678 974 de
705 916 991 985 Scripturis
1027 912 1142 968 νει.
1170 921 1216 965 et
1245 913 1294 966 Ν
1303 913 1384 966 ovi
1411 907 1734 972 Testamenti,

237 1017 295 1068 de
315 1013 592 1083 Tempore,
619 1012 680 1065 de
712 1008 940 1072 Sanctis,
965 1014 1019 1061 et
1039 1006 1101 1059 de
1127 1002 1394 1058 Diversis:
1422 1001 1614 1072 quibus
1645 1013 1736 1054 ac-

234 1105 400 1160 cessit
424 1103 642 1173 quintus
668 1099 811 1156 Ordo
825 1112 1118 1153 sermonum
1141 1095 1446 1158 dubiorum;
1467 1107 1586 1147 cum
1603 1105 1738 1144 non-

233 1195 336 1249 nisi
378 1202 552 1264 aperte
573 1190 895 1263 supposititii
925 1189 977 1243 in
1003 1186 1370 1258 Appendicem
1389 1183 1577 1253 rejecti
1602 1182 1731 1236 sint.

233 1288 451 1343 Classes
494 1286 609 1339 ista:
671 1283 927 1353 quinque,
967 1281 1261 1337 Sermones
1304 1277 1735 1346 complectuntur

233 1374 554 1441 (ZCCXCIV,
579 1381 774 1442 praeter
797 1373 1142 1442 Fragmenta.
1178 1369 1239 1423 In
1270 1367 1623 1438 appendicem
1653 1379 1738 1420 re-

230 1467 513 1534 jiciuntur,
549 1473 822 1532 tamquam
855 1461 1214 1517 certocertius
1237 1459 1737 1529 spurii,Sermones

233 1556 532 1618 CCCXVll,
558 1569 623 1609 ex
647 1552 1067 1609 Collectionibus
1099 1566 1257 1620 supra
1271 1549 1591 1604 memoratis
1612 1547 1738 1602 hinc

236 1648 361 1702 inde
390 1647 577 1702 selecti
607 1664 619 1698 :
654 1645 910 1700 nimirum
928 1660 993 1700 ex
1019 1645 1221 1714 vulgari
1251 1643 1581 1697 Collectione
1610 1639 1737 1694 Ser-

233 1753 454 1792 monum
473 1738 537 1790 de
561 1737 736 1791 Verbis
760 1737 968 1790 Domini
992 1736 1124 1808 (vid.
1153 1749 1316 1804 supra
1341 1749 1398 1788 n.
1434 1731 1731 1802 io),Serm.

1834 1004 1960 1057 121.
1986 1001 2062 1056 De
2092 1001 2281 1057 Ovibus

1907 563 2071 602 serm.
2101 549 2158 602 7.

1838 640 1959 694 119.
2003 640 2079 694 De
2108 641 2279 693 decem
2309 640 2528 696 Cltordis
2575 642 2711 698 liber
2747 656 2843 697 seu
2885 656 3067 698 sermo
3108 657 3136 696 a
3170 641 3409 698 Possidio

1906 739 2119 786 notatus
2151 732 2204 785 in
2232 732 2408 787 indice
2429 747 2479 788 c.
2508 736 2564 799 8,
2592 743 2750 799 atque
2775 735 2841 790 ab
2873 735 3128 805 Eugippio
3155 746 3207 788 et
3242 733 3407 789 Floro

1897 823 2118 876 citatus.
2152 822 2284 877 Ibid.
2317 839 2484 878 serm.
2512 826 2566 893 9,
2602 823 2807 879 Erasm.
2842 834 2895 880 et
2923 824 3118 878 Lovan.
3155 834 3283 879 tom.
3311 826 3401 880 IX.

1837 911 1960 967 120.
1983 911 2059 966 De
2081 911 2417 985 Pastoribusj
2441 913 2675 983 Uterque
2708 915 2774 969 ad
2824 914 3019 969 Ezeclt.
3052 931 3170 985 cap.
3218 931 3406 970 xxuv.

2440 1003 2573 1058 lbid.
2595 1018 2763 1058 serm.
2782 1005 2848 1057 47
2867 1005 2998 1059 2148
3012 1019 3197 1060 contra
3213 1006 3407 1062 Donat.

1839 1094 1962 1148 122.
2003 1093 2082 1148 De
2109 1092 2474 1148 Convenientia
2500 1097 2668 1149 decem
2698 1096 2969 1167 plagarum
2999 1107 3044 1151 et
3075 1099 3248 1152 decem
3277 1114 3409 1166 pra!-

1906 1193 2190 1255 ceptorum.
2236 1183 2372 1238 lbid.
2419 1199 2585 1240 serm.
2629 1185 2682 1239 8.
2711 1184 2880 1254 Hujus
2917 1200 3130 1256 quoque
3160 1187 3409 1242 meminit

1910 1273 2177 1328 Possidius
2197 1275 2249 1327 in
2273 1274 2389 1330 lud.
2416 1289 2466 1330 c.
2494 1276 2545 1340 9,
2575 1284 2631 1330 et
2651 1276 2765 1346 ipse
2787 1280 3005 1347 August.
3028 1278 3078 1330 in
3106 1291 3184 1346 ps.
3209 1293 3408 1344 Lxxvtt,

1907 1381 1961 1422 η.
1995 1365 2084 1421 27.
2111 1365 2495 1437 Fragmentum
2538 1375 2816 1436 repertum
2846 1378 2932 1423 est
2977 1369 3119 1426 inter
3159 1369 3409 1441 Eugippii

1908 1455 2169 1526 Excerpta
2197 1456 2247 1511 in
2277 1471 2376 1511 ms.
2409 1457 2579 1527 Regio
2602 1465 2657 1511 et
2683 1457 2983 1513 Victorino.

2306 1609 2335 1672 §
2358 1608 2422 1658 II.
2445 1609 2637 1671 Scripta
2658 1610 2929 1672 deperdita.

1908 1732 2112 1787 Prmter
2134 1731 2241 1797 illa,
2257 1747 2376 1802 quae
2399 1733 2594 1802 passim
2619 1733 2850 1790 indicata
2875 1744 3000 1790 sunt
3027 1752 3080 1790 n.
3098 1734 3188 1806 21,
3208 1738 3298 1806 55,
3315 1741 3407 1805 40,

233 1832 284 1892 5,
310 1828 400 1894 14,
425 1829 510 1892 19,
538 1828 632 1893 20,
653 1826 741 1892 22,
771 1827 864 1894 28,
891 1828 980 1894 54,
1004 1829 1093 1896 47,
1115 1824 1202 1888 52,
1223 1826 1312 1890 54,
1337 1825 1529 1891 56,17,
1549 1823 1645 1889 58;
1675 1824 1738 1878 de

1870 1822 1929 1888 8,
1961 1823 2049 1890 57,
2081 1822 2172 1888 58,
2198 1823 2286 1892 59,
2324 1823 2413 1888 62,
2444 1822 2535 1888 65,
2568 1824 2655 1890 78,
2684 1824 2788 1878 alia
2827 1825 3118 1897 diligenter
3166 1830 3404 1884 enotavit

159 1942 162 1945 ·
241 1917 421 1972 Verbis
450 1918 688 1988 Apostoli
719 1918 795 1991 (ιι.
827 1918 939 1988 2"),
967 1919 1139 1974 Serm.
1174 1918 1263 1983 21,
1287 1916 1377 1982 25,
1398 1917 1488 1982 26,
1517 1917 1606 1983 54,
1629 1918 1734 1980 55ς

236 2009 592 2063 Ilomiliarum
631 2010 674 2064 L
711 2011 790 2080 (tt.
822 2010 928 2079 5ο),
974 2009 1164 2064 Sermo
1185 2008 1240 2078 2,
1269 2010 1323 2072 5,
1348 2010 1401 2072 4,
1436 2005 1610 2072 0-10,
1647 2005 1736 2074 12,

1838 1911 1979 1965 Guil.
2011 1909 2163 1978 Cave,
2188 1913 2402 1967 scilicet
2431 1929 2444 1964 :

1839 2003 1891 2057 1.
1930 2000 2122 2055 Contra
2152 2001 2396 2073 Paganos
2420 2001 2538 2057 libri
2569 2011 2703 2070 tres,
2735 2014 2790 2058 et
2821 2004 3039 2059 Exhort.
3065 2008 3133 2060 ad
3152 2008 3375 2064 eosdem.

237 2098 322 2164 is,
359 2099 446 2165 te,
474 2099 566 2165 21,
588 2097 678 2163 22,
699 2099 790 2164 26,
813 2098 1006 2164 50,51,
1038 2101 1125 2164 ss,
1156 2097 1246 2164 35,
1276 2099 1365 2163 59,
1394 2097 1626 2162 45-48;
1677 2096 1741 2150 de

1870 2132 1892 2146 ..
1936 2092 2012 2147 De
2033 2092 2319 2162 Sacriﬁciis
2344 2094 2698 2164 spiritualibus
2729 2104 2906 2149 contra
2935 2095 3269 2153 Manio/neos.

235 2190 488 2257 Tempore
517 2192 592 2260 (n.
623 2188 734 2261 4ο),
766 2189 944 2245 Serm.
975 2191 1026 2252 1,
1055 2190 1108 2256 2,
1153 2192 1184 2244 5
1214 2198 1268 2245 et
1290 2204 1474 2243 omnes
1521 2187 1736 2258 reliqui,

237 2290 433 2348 prater
453 2282 716 2350 quintum,
749 2280 834 2345 12,
870 2283 955 2347 16,
982 2281 1065 2347 19,
1084 2279 1173 2344 20,
1191 2279 1279 2346 25,
1302 2278 1392 2348 25,
1414 2279 1503 2344 27,
1531 2278 1622 2345 28,
1647 2277 1737 2347 50,

234 2373 322 2435 51,
353 2372 443 2435 52,
473 2369 561 2436 54,
593 2371 682 2439 59,
705 2371 796 2437 42,
821 2373 908 2436 45,
938 2372 1030 2435 49,
1061 2371 1148 2435 50,
1175 2371 1265 2435 52,
1296 2371 1383 2435 72,
1409 2370 1496 2435 74,
1528 2369 1618 2436 94,
1647 2369 1736 2436 96,

238 2462 362 2527 107,
398 2461 520 2526 109,
554 2460 826 2527 110,115,
850 2463 1120 2528 119,155,
1158 2461 1426 2529 159,140,
1460 2461 1582 2525 141,
1615 2461 1742 2516 145-

241 2553 362 2617 149,
393 2553 817 2622 151,155,160,
849 2553 1122 2618 164,165,
1153 2553 1272 2620 170,
1304 2553 1425 2618 174,
1460 2553 1738 2621 186,187,

248 2643 366 2712 196,
399 2641 529 2707 eos,
558 2643 686 2707 212,
717 2642 844 2705 ait,
878 2643 1004 2708 220,
1027 2642 1280 2710 954.237,
1315 2641 1439 2706 ets,
1470 2641 1737 2708 246,254,

243 2733 364 2788 256.
415 2733 708 2788 Sermones
739 2734 802 2786 de
850 2733 1055 2788 Sanctis
1087 2735 1165 2804 (ιι.
1197 2732 1282 2803 50)
1334 2748 1522 2788 omnes
1573 2732 1738 2800 spurii

246 2831 386 2888 sunt,
423 2831 618 2890 praeter
633 2833 903 2891 quartum,
936 2823 1024 2886 12,
1059 2824 1145 2884 17,
1176 2822 1267 2888 25,
1293 2822 1383 2887 24,
1413 2823 1502 2884 42,
1533 2821 1623 2887 45,
1645 2821 1739 2887 48,

244 2912 328 2979 50,
360 2911 450 2965 51.
497 2911 641 2965 Inter
691 2911 984 2965 Sermones
1012 2910 1153 2964 XVII
1188 2911 1283 2978 (de
1314 2909 1508 2979 quibus
1548 2926 1602 2963 n.
1651 2910 1740 2980 6ο)

248 3001 410 3069 spurii
432 3009 555 3055 sunt
578 3003 630 3064 1,
662 3000 698 3053 2
725 3000 838 3074 (qui
868 3017 988 3070 pars
1019 3012 1100 3057 est
1129 3002 1407 3057 Sermonis
1438 3003 1500 3056 51
1536 3003 1587 3057 in
1611 3002 1741 3057 Col-

249 3092 477 3146 lectione
527 3091 855 3159 Benedict),
884 3093 915 3145 7
948 3093 1096 3163 (pars
1145 3093 1422 3148 Sermonis
1465 3092 1618 3161 501),
1647 3093 1738 3156 55,

1839 2185 1892 2240 5.
1933 2183 2009 2237 De
2029 2183 2298 2253 Sacriﬁcio
2321 2185 2626 2255 vespertino.
2643 2184 2744 2251 Qui
2769 2194 3021 2240 tractatus
3054 2186 3282 2242 fortasse
3306 2202 3411 2242 non

1909 2273 2047 2329 alius
2071 2281 2177 2340 est,
2203 2288 2360 2344 quam
2389 2287 2569 2330 sermo
2607 2274 2852 2344 ejusdem
2890 2275 3026 2330 tituli
3066 2276 3257 2332 ordine
3282 2277 3409 2345 542,

1907 2365 1993 2420 ed.
2024 2364 2224 2419 Bencd.
2255 2378 2322 2419 ex
2349 2364 2727 2419 Sirmondianis
2750 2365 2903 2433 (olim
2934 2367 3089 2439 Sus),
3113 2368 3165 2422 in
3183 2383 3290 2439 quo
3317 2385 3411 2425 ex-

1911 2456 2136 2524 plicatur
2166 2455 2378 2510 initium
2410 2455 2688 2526 Evangelii
2731 2458 2975 2513 Joannis.

1840 2546 1892 2602 4.
1935 2546 2013 2601 De
2041 2545 2139 2600 Die
2168 2546 2379 2601 Domini
2417 2548 2710 2604 secundum
2743 2549 3064 2621 Sep/toniam
3095 2553 3415 2624 prOphelam

1911 2646 2089 2690 contra
2122 2637 2461 2693 Munia/neos.

1843 2727 1892 2782 5.
1935 2727 2216 2784 Tractatus
2243 2729 2439 2784 diversi
2473 2741 2651 2784 contra
2675 2731 2901 2786 Arianos

1841 2818 1896 2871 6.
1957 2817 2036 2871 Ad
2095 2818 2462 2886 Primianum,
2538 2821 2936 2876 Donatistarum
3005 2823 3416 2896 Carthaginens.

1913 2909 2082 2977 episc.
2122 2908 2600 2964 Commonitorium.

1844 2997 1898 3050 7.
1940 2997 2016 3051 De
2039 2997 2336 3052 Traditione
2357 3000 2411 3053 in
2441 3000 2872 3070 persecutionibus
2903 3011 2949 3056 et
2977 3002 3040 3056 de
3067 3003 3204 3074 falso
3235 3005 3413 3077 Bapti-

1914 3096 2074 3141 smate
2100 3095 2280 3141 contra
2306 3087 2610 3143 Donatistas
2640 3090 2762 3144 libri
2799 3100 2930 3146 tres.

248 3181 310 3237 56
337 3181 490 3251 (pars
511 3181 796 3236 Sermonis
813 3158 1404 3252 e79),‘5s,65,96,97,
1424 3158 1742 3248 98,99,118
1773 3158 1818 3222 C
1851 3179 1900 3234 3.
1943 3177 2022 3232 De
2047 3178 2313 3248 Baptismo
2338 3189 2524 3234 contra
2554 3182 2758 3236 eosdem
2786 3182 2940 3237 liber.

250 3275 266 3344 (
293 3289 421 3345 pars
447 3275 730 3330 Sermonis
761 3273 909 3343 525).
944 3275 1018 3328 Ex
1041 3275 1390 3330 Sermonibus
1420 3273 1653 3338 LXXVI,
1677 3274 1745 3326 ad

249 3371 430 3437 fratres
484 3368 540 3420 in
586 3366 772 3422 Eremo
815 3377 1206 3432 commorantes,
1237 3376 1366 3430 etc.,
1397 3367 1610 3421 nonnisi
1650 3381 1744 3421 sex

250 3457 299 3510 iu
341 3466 490 3510 torno
533 3456 577 3510 γ
610 3456 871 3511 exhibent
913 3457 1269 3523 Benedictini,
1300 3457 1538 3525 reliquos
1570 3455 1623 3510 in
1657 3470 1746 3511 se-

251 3545 452 3613 quenti.
481 3546 560 3599 Ex
583 3545 664 3600 bis
686 3561 804 3612 sex,
834 3546 1004 3615 spurii
1033 3556 1156 3600 sunt
1187 3556 1305 3610 tres,
1329 3547 1419 3614 qui
1451 3545 1506 3599 in
1537 3544 1747 3615 vulgari

253 3632 569 3688 Sermonum
598 3635 823 3690 istorum
848 3635 1166 3690 collectione
1187 3636 1364 3690 locum
1388 3635 1634 3689 obtinent
1654 3634 1744 3703 56,

253 3726 316 3780 70
345 3735 402 3780 et
433 3727 520 3781 72.
541 3727 618 3780 Ex
646 3728 998 3782 Sermonibus
1024 3729 1090 3782 ab
1124 3726 1336 3780 Hieron.
1377 3726 1615 3796 Vignerio
1637 3727 1751 3781 edi-

257 3817 318 3870 tis
357 3817 630 3887 Supplem.
663 3826 813 3886 parte
840 3833 878 3886 ι,
911 3817 1079 3887 spurii
1120 3826 1246 3871 sunt
1289 3816 1339 3883 5,
1378 3817 1432 3881 4,
1458 3818 1510 3878 5,
1545 3817 1631 3880 15,
1662 3815 1749 3880 14,

255 3905 339 3970 15,
376 3907 464 3972 17,
515 3903 601 3960 18.
640 3907 696 3960 ln
755 3916 905 3975 parte
952 3923 992 3962 ιι
1039 3907 1208 3977 spurii
1254 3916 1380 3961 sunt
1411 3908 1459 3971 1,
1487 3907 1543 3973 2,
1572 3907 1626 3975 8,
1661 3906 1753 3960 10-

253 3997 336 4061 14,
367 3999 460 4062 20,
490 3997 580 4064 25,
606 3999 700 4062 25,
727 3998 817 4064 26,
848 4000 941 4064 27,
965 3999 1055 4065 29,
1087 4000 1176 4066 54,
1205 3999 1276 4054 56
1300 4030 1323 4040 -
1345 4000 1433 4054 59.

321 4087 560 4156 Denique
593 4089 780 4157 rejecti
813 4099 937 4143 sunt
977 4104 1006 4142 a
1049 4089 1409 4144 Benedictinis
1448 4089 1585 4143 inter
1624 4087 1752 4143 Ser-

253 4191 434 4230 mones
462 4185 591 4231 tom.
617 4177 792 4232 Vlibri
817 4177 1092 4248 aliquOtab
1107 4179 1320 4233 Erasmo
1347 4188 1403 4234 et
1427 4178 1756 4234 Lovaniensi-

255 4269 343 4321 bus
372 4269 512 4322 inter
555 4277 810 4325 tracsatus
839 4270 1091 4338 repositi;
1125 4270 1417 4325 nimirum:

195 4356 304 4410 117.
346 4356 424 4410 De
447 4357 731 4425 Epicurwis
760 4369 806 4413 et
835 4359 1022 4414 Stoicis
1049 4360 1102 4414 in
1129 4361 1248 4414 Act.
1278 4377 1381 4415 xvn
1412 4361 1601 4430 Apost.
1647 4370 1757 4415 tra-

252 4458 424 4503 ctatus
455 4466 560 4503 non
587 4451 796 4504 omnino
827 4451 1188 4522 malus,juxta
1224 4452 1503 4505 Erasntum
1545 4453 1598 4506 in
1629 4468 1756 4508 cen-

1847 3269 1900 3325 9.
1940 3270 2021 3322 Ad
2042 3271 2092 3322 Μ
2101 3280 2376 3324 creatorem
2397 3271 2709 3340 episcopum
2739 3283 2916 3326 contra
2937 3276 3159 3331 eosdem.
3185 3276 3421 3335 Primum

1918 3361 2130 3430 quidem
2161 3361 2359 3430 prodiit
2389 3362 2440 3415 in
2465 3361 2699 3419 editione
2726 3364 3186 3422 Benedictinorum
3211 3384 3274 3423 ex
3305 3384 3423 3438 per-

1919 3459 2128 3506 vetusto
2143 3451 2328 3506 codice
2346 3463 2576 3506 monast.
2592 3452 2649 3507 S.
2670 3453 2866 3509 Bertini
2886 3456 2938 3509 in
2961 3456 3141 3526 Belgio
3153 3459 3426 3528 Augustini

1919 3541 2145 3611 epistola
2199 3542 2422 3612 (ordine
2454 3544 2588 3610 195)
2635 3544 2702 3597 ad
2752 3545 3111 3610 Mercatorem,
3155 3563 3274 3601 eum
3303 3563 3426 3618 pro-

1919 3632 2005 3684 cul
2035 3631 2221 3696 dubio,
2256 3632 2341 3686 cui
2367 3631 2537 3686 Mario
2560 3647 2869 3702 praenomen
2899 3637 3017 3700 fuit,
3045 3652 3185 3692 anno
3211 3639 3426 3694 circiter

1923 3721 2029 3776 418
2058 3724 2277 3790 scripta,
2330 3739 2490 3792 quam
2539 3728 2808 3780 recensuit
2855 3727 3129 3783 Possidius
3162 3729 3215 3784 in
3252 3731 3423 3786 lndic.

1922 3811 2047 3878 ςο4,
2081 3813 2427 3883 ejusdemque
2458 3815 2668 3870 tertiam
2695 3825 2897 3885 partem
2929 3822 3201 3874 transtulit
3246 3823 3426 3893 Augu-

1865 3964 1867 3966 η
1921 3905 2085 3956 stinus
2122 3905 2174 3957 in
2212 3904 2407 3958 librum
2438 3907 2504 3960 de
2535 3919 2646 3962 octo
2672 3907 2887 3964 Dulcitii
2927 3911 3298 3976 Quwstionibus
3329 3915 3427 3985 (de

1923 4009 2028 4063 quo
2057 4011 2215 4063 supra
2267 4013 2321 4050 η.
2358 3997 2453 4052 101
2481 4000 2521 4067 ).

1857 4084 1943 4138 10.
1982 4084 2058 4138 De
2077 4084 2338 4140 Charitate
2361 4096 2614 4143 tractatus
2642 4091 2868 4147 diversi.

1856 4176 1944 4228 11.
1987 4173 2255 4247 Principia
2297 4176 2630 4249 Geometriw,
2667 4182 3048 4254 Aritltmetices,
3093 4195 3142 4241 et
3188 4187 3430 4243 Pltiloso~

1927 4267 2081 4336 phire.

1860 4358 1946 4412 12.
1988 4359 2261 4429 Epistulae,
2298 4362 2571 4418 Sermones
2589 4375 2634 4418 et
2663 4366 2938 4422 Tractatus
2974 4370 3176 4439 plures,
3203 4387 3430 4438 quorum

1928 4453 2130 4505 mentio
2181 4452 2408 4508 habetur
2447 4453 2500 4508 in
2549 4455 2663 4510 1nd.
2716 4456 2968 4527 Possidii,
3012 4461 3154 4529 apud
3198 4463 3428 4529 Bedam,

254 4553 377 4591 sura
409 4539 532 4592 huic
577 4540 811 4608 praeﬁxa,
856 4541 945 4594 sed
991 4520 1122 4594 nihil
1161 4552 1246 4594 aut
1286 4559 1440 4612 quant
1487 4544 1754 4596 minimum
1781 4520 1831 4580 ι)
1928 4542 2100 4611 ipsum
2129 4542 2488 4615 Augustinum,
2525 4555 2576 4601 et
2603 4547 2753 4603 alibi.

253 4629 442 4683 habens
473 4632 763 4701 Augustini.
811 4632 1009 4686 Contra
1045 4634 1377 4687 Benedictini
1403 4634 1675 4703 judicant;
1707 4644 1754 4689 et

254 4720 458 4772 omnino
496 4719 684 4773 bonum
731 4721 1052 4786 Sermonem,
1101 4731 1147 4775 et
1197 4723 1327 4776 nihil
1364 4723 1628 4777 habentem
1657 4726 1754 4778 nisi

257 4809 553 4878 Augustini.
604 4810 730 4878 Ejus
788 4813 1034 4866 meminit
1085 4812 1359 4867 Possidius
1407 4816 1458 4868 in
1513 4814 1755 4871 lndiculo

257 4915 378 4970 cap.
413 4902 465 4954 1.
498 4902 688 4954 Exstat
715 4904 766 4956 in
795 4903 1032 4958 editione
1063 4903 1270 4958 Erasm.
1305 4913 1359 4960 et
1388 4906 1580 4959 Loran.
1619 4916 1750 4962 tom.

258 4991 354 5056 Vl;
385 4990 581 5045 Bened.
619 4991 681 5056 V,
714 5007 876 5047 serm.
913 4996 1040 5063 150,
1074 4995 1234 5050 class.
1274 4998 1324 5050 1.

203 5082 320 5136 118.
353 5082 410 5136 In
443 5083 572 5137 illud
598 5084 768 5139 Exod.
803 5101 882 5151 ιιι,
911 5085 1001 5151 14,
1032 5086 1142 5156 Ego
1172 5105 1308 5154 sum,
1338 5089 1425 5157 qui
1451 5105 1586 5154 sum,
1615 5089 1759 5145 scili-

258 5183 364 5237 cet,
387 5174 449 5227 de
473 5175 624 5240 rubo,
654 5176 705 5229 in
726 5192 825 5244 quo
855 5178 1064 5245 ﬂamma
1095 5187 1226 5242 erat,
1255 5188 1300 5232 et
1328 5179 1486 5234 rubus
1507 5196 1609 5235 non
1629 5197 1762 5235 com-
1787 5243 1790 5246 _

269 5265 558 5320 burebatur.
587 5268 683 5322 llic
711 5278 969 5324 tractatus
996 5270 1046 5324 itt
1073 5271 1385 5326 Erasmiana
1408 5274 1620 5343 quidem
1649 5275 1765 5330 edi-

263 5355 408 5410 tione
442 5357 633 5412 incerti
657 5361 887 5415 auctoris
914 5375 1033 5414 esse
1057 5372 1410 5430 praenotatur:
1443 5375 1495 5417 at
1516 5365 1569 5418 in
1597 5364 1764 5420 Ulim-

261 5461 380 5498 mer.
397 5456 451 5502 et
469 5446 660 5502 Lovan.
688 5450 937 5505 tribuitur
959 5453 1268 5522 Augustino.
1291 5453 1615 5510 Benedictini
1638 5471 1765 5513 vero

267 5652 341 5723 (α)
368 5654 666 5709 Commode
687 5657 851 5730 nobis
890 5657 1072 5730 datum
1105 5658 1202 5712 fuit
1247 5658 1349 5730 hoc
1371 5658 1489 5730 loco
1519 5658 1749 5730 diligen-

2067 4698 2092 4760 §
2118 4697 2204 4748 111.
2239 4698 2426 4760 Scripta
2454 4699 2629 4761 Dubia,
2655 4700 2991 4763 Supposititia,
3019 4703 3213 4766 Spuria.

1859 4822 1908 4876 1.
1952 4822 2029 4875 De
2060 4822 2304 4892 ngbolo
2329 4839 2371 4877 s.
2406 4823 2605 4894 Regula
2636 4825 2763 4894 fidei
2793 4827 2858 4880 ad
2891 4826 3316 4882 Catechumenos
3354 4827 3420 4881 li-

1926 4914 2008 4968 bri
2041 4914 2124 4966 vel
2162 4916 2337 4981 potius
2381 4929 2662 4969 sermones
2695 4926 2944 4986 quatuor.
2981 4919 3203 4971 Exstant
3241 4919 3293 4972 iu
3327 4919 3416 4973 ed.

1929 5006 2139 5060 Erasm.
2165 5015 2220 5061 et
2251 5007 2448 5062 Lovan.
2485 5018 2523 5062 t.
2547 5008 2636 5077 IX,
2667 5008 2862 5063 Bened.
2893 5009 2978 5076 Vl,
3014 5024 3186 5080 usque
3211 5011 3275 5065 ad
3302 5027 3355 5065 ιι.
3379 5011 3430 5065 8.

1861 5098 1918 5152 2.
1960 5097 2138 5151 Sermo
2165 5099 2226 5150 de
2269 5107 2456 5168 quarta
2500 5096 2679 5163 Feria,
2719 5101 2821 5153 sive
2865 5103 3067 5153 cultura
3113 5102 3226 5171 agri
3255 5098 3408 5154 Domi
3423 5130 3435 5143 -

1937 5190 2061 5241 nici.
2417 5237 2422 5242 .

1867 5278 1922 5331 '5.
1966 5277 2041 5329 De
2072 5277 2394 5348 Calaclgsmo
2420 5295 2509 5331 seu
2539 5279 2753 5333 diluvio.

1868 5366 1923 5421 4.
1964 5367 2040 5421 De
2062 5367 2313 5437 Tempore
2330 5369 2611 5423 Barbarico
2633 5372 2738 5423 sive
2759 5371 2811 5422 in
2846 5382 3043 5443 tempus
3071 5371 3437 5442 persecutionis

1943 5458 2312 5514 Barbarorum.

1861 5659 2087 5736 Caveum
2117 5671 2171 5716 et
2203 5661 2468 5714 Oudinum
2500 5661 2619 5716 bace
2641 5677 2708 5716 ex
2741 5663 3101 5721 Benedictinis
3138 5677 3439 5736 excerpse-

205 5721 330 5776 tiam'
355 5733 641 5780 auctorum
673 5726 881 5796 Magna’
907 5728 1043 5782 Bibl.
1070 5730 1268 5783 Eccles.
1304 5727 1512 5797 Colom,
1536 5721 1765 5800 quipost
1874 5741 2018 5796 runt,
2051 5732 2102 5786 in
2137 5747 2288 5786 usum
2322 5740 2563 5787 nostrum
2591 5744 2926 5790 convertere.
