4010 6350
713 167 782 221 55
1152 166 1155 167 ν
1601 174 2150 230 δϋΡΡιΕΜΕΝῘυΜ
2193 176 2280 229 All
2320 176 2548 233 OI‘ERA
2589 182 2645 234 S.
2688 184 3077 242 AUG'USTINI.
3884 202 3941 257 56

646 322 649 325 λ
729 287 780 339 5.
818 285 894 343 De
922 276 1047 343 novo
1074 288 1282 343 Cantica
1312 296 1359 341 et
1388 288 1449 341 de
1477 288 1649 342 reditu
1684 289 1742 351 in
1783 287 2032 342 cmlestem
2060 288 2274 358 patriam
2304 290 2350 345 A
2452 307 2584 360 mus,
2617 294 2712 349 sed
2742 294 3030 365 Augustino
3055 297 3354 368 abjudicat;
3387 303 3527 372 quod
3550 303 3811 373 judicium
3837 307 3943 364 bel-

784 393 847 432 ac
875 377 970 433 uite
998 378 1270 447 periculis,
1320 391 1500 432 sermo
1530 376 1595 430 ad
1626 377 2073 432 Catechumcnns.
2463 384 2712 438 larminus
2739 396 2792 440 et
2822 386 3160 444 Lovanienses
3183 392 3353 447 secuti
3385 403 3531 449 sunt.

717 470 776 523 6.
810 468 1002 525 Sermo
1031 470 1095 524 de
1122 469 1409 537 Disciplina
1436 468 1750 522 Christiana.

2391 472 2478 524 25.
2521 471 2755 540 Epistula
2784 476 2854 528 ad
2894 474 3288 534 Demetriadem.
3326 479 3532 553 Pelagii
3575 492 3690 549 est,
3743 494 3803 539 ut
3846 487 3946 556 ipse

713 562 768 614 7.
808 562 1004 620 Sermo
1024 565 1086 618 de
1115 562 1349 618 Utilitate
1371 560 1591 633 Jejunii.
2138 626 2141 627 ν
2459 561 2703 633 Pelagius
2749 563 2945 620 fatetur
2987 567 3039 621 in
3083 569 3195 624 suis
3238 568 3304 625 ad
3351 569 3709 626 Innocentium
3757 590 3938 647 papam

718 652 770 707 8.
808 655 997 712 Sermo
1017 656 1078 709 de
1109 654 1261 709 Urbis
1287 655 1508 709 excidio.
2072 655 2079 662 '
2458 652 2669 708 litteris.

854 749 983 814 Quae
1007 756 1331 817 sequuntur,
1364 760 1534 815 usque
1563 746 1627 799 ad
1660 762 1711 799 n.
1751 745 1833 805 15,
1872 740 2160 798 exstantin
2193 759 2285 810 ap-
2386 742 2474 797 26.
2520 744 2770 812 Epistula:
2832 758 3030 803 mutua:
3086 750 3191 805 SS.
3247 752 3517 823 Augustini
3568 762 3622 810 et
3665 754 3853 825 Cyrilli
3900 760 3951 810 de

785 838 946 906 pend.
968 837 1100 891 tomi
1126 836 1193 891 Vl
1218 836 1307 890 ed.
1334 836 1526 891 Bened.
1554 852 1608 889 n.
1632 836 1684 899 9,
1720 833 1915 899 10,11,
1941 843 2077 899 tom.
2103 833 2168 887 IX
2193 835 2278 887 ed.
2457 836 2744 904 magniﬁcis
2788 839 3203 909 admirandisque
3231 840 3293 896 S.
3333 842 3642 915 Hieronymi
3689 847 3949 901 uirtutibus

786 925 992 979 Erasm.
1025 936 1081 982 et
1112 926 1304 981 Loran.
2455 936 2500 980 et
2532 930 2813 983 miraculis.
2846 931 3234 999 Supposititim.

714 1017 767 1071 9.
806 1017 995 1073 Sermo
1020 1019 1081 1072 de
1104 1018 1395 1089 Conlempltt
1418 1019 1613 1070 mundi.
1642 1011 1835 1072 Incerti
1860 1017 2121 1073 auctoris.
2151 1019 2281 1071 Item
2384 1016 2472 1069 27.
2516 1019 2790 1073 Altet'catio
2818 1036 2915 1076 seu
2941 1021 3160 1076 Collatio
3183 1025 3237 1079 S.
3266 1024 3551 1096 Augustini
3575 1044 3697 1082 cum
3733 1027 3950 1085 Pascen-

778 1108 966 1163 Sermo
991 1110 1054 1161 de
1085 1107 1322 1161 Vanitate
1348 1108 1545 1175 stecult',
1572 1107 1660 1177 qui
1686 1107 1851 1162 ferme
1883 1117 2028 1161 totus
2052 1107 2282 1161 habetur
2458 1109 2529 1161 tio
2571 1109 2761 1163 Ariano
2803 1112 3047 1181 Hippone
3097 1113 3277 1169 habita
3302 1157 3316 1180 ,
3371 1127 3637 1185 praesente
3675 1119 3949 1175 Laurentio

782 1201 835 1255 in
869 1209 1093 1255 tractatu
1119 1200 1181 1252 de
1208 1200 1530 1253 Rectiludine
1568 1200 1833 1253 catholicte
1859 1200 2273 1263 conversationis,
2449 1199 2631 1268 judice
2659 1201 2868 1257 delecto
2908 1217 2938 1256 a
2977 1203 3252 1260 Pasceutio
3278 1248 3291 1271 ,
3343 1208 3457 1263 viro
3502 1210 3815 1278 spectabili.
3844 1201 3949 1266 Non

782 1294 849 1347 de
874 1309 978 1362 quo
1004 1291 1139 1345 infra
1171 1308 1224 1347 η.
1259 1292 1348 1347 61.
2456 1299 2534 1342 est
2568 1291 2860 1362 Augustini.

714 1384 799 1438 10.
841 1383 1032 1439 Sermo
1064 1381 1127 1436 de
1156 1381 1299 1436 Bono
1332 1383 1641 1453 a'isciplintc.
1678 1382 1873 1437 Melclt.
1902 1382 2182 1437 Goldastus
2210 1385 2280 1438 ab
2382 1377 2470 1433 28.
2515 1378 2591 1433 De
2631 1380 2953 1437 Mirabililms
2995 1383 3055 1439 S.
3091 1385 3377 1453 Scriptum
3417 1389 3537 1443 libri
3587 1399 3722 1444 tres.
3766 1390 3951 1447 Incerti

778 1475 1133 1547 Haiminsfeld
1188 1475 1421 1531 asseruit
1452 1475 1728 1529 Valeriano
1771 1475 2093 1529 Cemeliensi
2139 1474 2278 1543 apud
2452 1472 2710 1540 auctoris,
2744 1474 2835 1542 qui
2865 1485 3057 1545 posta.
3084 1478 3186 1533 700
3208 1479 3405 1535 vixisse
3436 1482 3774 1549 perhibetur.
3812 1484 3948 1536 EN.

782 1567 943 1635 Alpes
978 1568 1273 1621 maritimas
1300 1567 1465 1636 episc.
1500 1580 1625 1620 suae.
1660 1582 1715 1631 ν,
1746 1566 1969 1635 ejusque
1996 1567 2156 1620 etiam
2184 1581 2280 1620 no-
2454 1563 2505 1615 in
2536 1562 2623 1617 ed.
2658 1562 2865 1619 Erusm.
2901 1575 3030 1621 tom.
3059 1567 3150 1635 Ill,
3197 1570 3389 1626 Lovan.
3427 1583 3480 1628 et
3510 1573 3709 1628 Bened.
3742 1574 3875 1629 ibid.
3904 1576 3950 1629 in

775 1674 896 1713 men
927 1659 1221 1728 prmferunt
1252 1658 1552 1728 fragmenta
1586 1658 1749 1729 hujus
1770 1659 2010 1729 opusculi
2041 1659 2094 1713 in
2127 1669 2274 1713 vetu-
2306 1650 2351 1708 B
2417 1728 2421 1731 _
2447 1655 2705 1723 append.,
2732 1650 2900 1712 ubiet
2929 1672 3180 1728 sequens.

773 1761 855 1804 sto
883 1750 1069 1805 codice
1094 1749 1412 1804 Colbertino
1443 1759 1683 1819 reperta.
2378 1745 2467 1801 29.
2512 1746 2587 1800 De
2616 1746 3062 1804 Benedictiouibus
3083 1753 3395 1822 patriarcha
3421 1753 3582 1808 Jacob
3608 1755 3947 1825 opusculum.

706 1844 790 1897 11.
832 1842 1022 1897 Sermo
1050 1843 1112 1896 de
1145 1842 1446 1895 Obedientia
1482 1852 1527 1895 et
1558 1841 1883 1896 Humilitate.
2452 1839 2770 1909 Decerptuut
2808 1854 2890 1896 est
2932 1858 2995 1898 ex
3027 1843 3087 1899 S.
3130 1844 3432 1916 llierongmi
3459 1846 3665 1914 Qumst.
3702 1847 3873 1903 Hebr.
3902 1849 3949 1903 in

704 1935 788 1990 12.
810 1933 1101 1993 ,Tractatus
1123 1936 1184 1989 de
1211 1933 1492 2002 Charilate,
1517 1950 1561 1986 ς.
1582 1934 1650 1989 de
1676 1934 1853 1990 verbis
1878 1933 2089 2005 psalmi,
2116 1931 2274 1987 Terra
2446 1928 2640 1984 Genes.
2672 1940 2725 1985 et
2755 1932 3041 1989 Moralibus
3070 1932 3309 2005 Gregorii
3326 1935 3414 2002 Μ.
3438 1946 3491 1992 et
3512 1938 3802 1992 Alcuinum
3833 1954 3952 1994 auc-

769 2028 908 2082 dedit
937 2033 1161 2097 fructum
1187 2044 1355 2081 suum.
2447 2030 2614 2076 torem
2645 2022 2828 2079 habet.
3096 2012 3099 2013 ν

704 2120 788 2175 15.
831 2118 909 2174 De
935 2119 1179 2175 Oratione
1197 2130 1245 2174 et
1269 2121 1614 2190 Elermosyna
1647 2128 1905 2174 tractatus
1935 2119 2061 2187 (seu
2095 2121 2272 2186 potius
2378 2112 2466 2167 50.
2514 2112 2830 2178 Quwstioncs
2871 2114 2979 2169 Vel.
3012 2128 3058 2171 et
3089 2116 3161 2171 N.
3192 2117 3331 2173 Test.
3372 2119 3423 2174 in
3457 2130 3568 2175 tres
3610 2130 3800 2191 partes
3829 2122 3955 2177 divi-

768 2213 956 2283 lragm.
992 2212 1210 2283 majoris
1241 2209 1454 2283 Operis)
1483 2211 1550 2266 ab
1585 2211 1797 2266 Hieron.
1836 2210 2072 2281 Vignerio
2092 2210 2270 2267 editus
2443 2219 2539 2270 επ,
2570 2204 2762 2275 quibus
2792 2218 3036 2275 quartam
3058 2209 3570 2279 superaddiderunt,
3596 2211 3751 2265 XXV
3803 2213 3955 2280 Qua:-

768 2315 916 2361 tomo
958 2305 999 2360 ll
1036 2305 1310 2376 Supplem.
2440 2296 2644 2353 stiones
2692 2299 3060 2368 complexam,
3109 2300 3205 2356 sed
3256 2304 3491 2371 spuriam
3548 2304 3954 2371 Lovanieuses,

700 2400 786 2453 H.
827 2397 904 2452 De
933 2398 1278 2453 Generalitate
1314 2399 1769 2470 eleemosynarum.
2442 2388 2651 2443 Hilario
2693 2389 2921 2447 diacono
2966 2391 3363 2459 adjudicantes.
3403 2395 3559 2450 Exst.
3613 2396 3669 2451 in
3723 2397 3956 2467 append.

700 2491 785 2545 15.
828 2489 1101 2545 Sententia:
1149 2488 1512 2544 Miseellanete.
1543 2489 1667 2544 Haec
1701 2489 1878 2544 omnia
1925 2489 2113 2543 incerti
2145 2498 2268 2543 sunt
2414 2480 2415 2483 “
2443 2483 2573 2536 ιοῐηί
2607 2482 2671 2537 IV
2704 2483 2790 2538 ed.
2824 2482 3015 2539 Lovan.
3048 2494 3103 2540 et
3129 2487 3256 2541 tomi
3292 2487 3358 2541 111
3382 2488 3575 2542 Bened.

763 2580 1013 2645 auctoris,
1044 2594 1142 2635 nec
1172 2579 1530 2649 Augustinum
1557 2580 1794 2648 sapiunt.
2367 2576 2455 2628 51.
2497 2574 2564 2626 In
2584 2575 2931 2645 Apocalypsin
2961 2576 3022 2629 ι).
3051 2575 3277 2631 Joannis
3304 2576 3590 2647 Expositio
3620 2578 3747 2635 sive
3772 2579 3957 2634 Homi-

697 2670 782 2728 16,
827 2670 901 2723 De
926 2670 1193 2724 Creatione
1222 2672 1374 2739 primi
1418 2670 1666 2726 hominis,
1711 2670 1878 2724 Totus
1920 2672 2152 2725 insertus
2180 2681 2262 2726 est
2440 2664 2523 2718 lia:
2554 2663 2736 2719 XVIII.
2763 2664 3305 2735 Fortasse'TycItonii
3345 2666 3461 2722 Afri
3495 2666 3827 2723 Donatistm.
3854 2669 3957 2723 Nov

761 2761 847 2815 hic
891 2761 1026 2816 liber
1070 2762 1124 2816 in
1170 2769 1400 2816 tractatu
1444 2761 1508 2814 de
1547 2760 1752 2833 Spiritu
1778 2769 1826 2815 et
1860 2761 2045 2815 Anima
2073 2778 2126 2816 η.
2171 2763 2261 2817 67.
2437 2767 2504 2811 tae
2531 2765 2655 2811 sunt
2680 2772 2745 2812 ex
2776 2757 3070 2823 Victorino,
3119 2758 3377 2813 Primasio
3408 2768 3460 2815 et
3506 2759 3650 2814 Beda
3676 2762 3954 2817 collecta.

760 2853 1043 2923 Reperitur
1073 2855 1215 2910 inter
1234 2855 1413 2923 Opera
1442 2854 1697 2908 Ambrosii
1728 2855 1828 2909 sub
1858 2855 1963 2922 tit.,
1996 2856 2262 2912 Tractatus
2437 2850 2588 2906 EXSI.
2619 2852 2669 2905 in
2692 2851 2779 2907 ed.
2812 2850 3019 2906 Eram.
3063 2862 3193 2907 lom.
3227 2851 3328 2918 IX.
3363 2852 3565 2908 ιουαη.
3613 2854 3759 2909 ibid.
3794 2856 3848 2909 in
3876 2870 3959 2924 ap-

757 2946 821 2998 de
846 2945 1107 3016 Dignitate
1132 2947 1287 3017 primi
1314 2946 1571 3011 hominis;
1601 2955 1654 2999 et
1683 2946 1823 2999 inter
1848 2945 2022 3015 Opera
2051 2946 2261 3003 Alcuini
2303 3014 2333 3017 _
2416 2931 2595 3010 'pend.
2615 2983 2630 3007 ,
2658 2951 2711 2996 et
2738 2941 2929 2997 Bened.
2962 2943 3048 2997 Ill.
3243 2997 3246 3003 .

755 3048 875 3089 cum
912 3014 1019 3103 tit.,
1052 3014 1400 3107 Cogitationes
1430 3033 1493 3087 Β.
1524 3035 1695 3088 Albini
1718 3014 1907 3089 Leuius
1936 3036 1987 3089 in
2019 3037 2134 3092 lucc
2156 3037 2260 3093 Ge-
2286 3014 2334 3080 θ
2505 3034 2634 3100 Quae
2662 3042 2979 3103 sequuntur,
3016 3049 3185 3104 usque
3216 3034 3281 3090 ad
3311 3051 3364 3089 n.
3399 3034 3488 3099 65,
3524 3043 3753 3091 exstant
3783 3035 3841 3090 in
3871 3052 3963 3105 ap—

757 3141 948 3183 neseos
976 3128 1162 3193 verba,
1195 3126 1472 3181 Faciamus
1496 3127 1749 3180 hominem
1776 3128 1844 3180 ad
1863 3129 2142 3199 imaginem
2170 3149 2261 3185 no-
2437 3126 2594 3193 pend.
2641 3124 2771 3180 tumi
2812 3126 2875 3180 Vl
2914 3126 3001 3181 ed.
3051 3125 3269 3193 Bened.,
3320 3137 3526 3195 prmter
3572 3127 3868 3183 Sermones
3898 3134 3962 3181 ad

753 3229 933 3272 stram.
966 3219 1123 3274 Exst.
1151 3218 1202 3272 in
1234 3216 1320 3273 ed.
1358 3216 1562 3270 Erasm.
1587 3225 1641 3271 et
1669 3216 1863 3271 Lot'an.
1893 3229 2020 3273 tom.
2057 3221 2126 3275 IX
2157 3223 2263 3291 Ap-
2437 3216 2646 3269 Frillres
2671 3216 2722 3269 ἱη
2751 3214 2971 3282 Ενεηῑο,
3000 3216 3245 3286 aliosque
3278 3217 3343 3270 de
3372 3216 3571 3286 quibus
3599 3231 3771 3285 supra
3798 3218 3962 3271 9-15.

756 3310 915 3377 pend.
2362 3305 2450 3359 52.
2496 3304 2645 3357 Liber
2678 3304 3063 3359 Sententiarum
3092 3319 3137 3358 s.
3182 3305 3536 3372 Qutcstiouum
3571 3304 3733 3375 XXI,
3759 3321 3836 3360 ex
3861 3308 3969 3359 Au-

688 3401 774 3455 17.
816 3400 893 3455 De
924 3402 1114 3455 Arbore
1151 3401 1376 3455 scientia:
1406 3400 1523 3453 boni
1544 3409 1590 3454 et
1628 3401 1769 3454 ntali.
1804 3402 1950 3457 Exst.
1983 3404 2034 3456 in
2069 3404 2155 3458 ed.
2180 3403 2256 3456 Ε-
2432 3396 2635 3464 gustino
2676 3394 2907 3464 aliisque
2956 3394 3105 3449 nullo
3154 3395 3349 3449 ordine
3388 3395 3457 3449 ab
3508 3406 3742 3451 auctore
3774 3398 3969 3465 aliquo

756 3511 937 3559 ταωνι,
966 3494 1187 3559 ισταη..
1213 3503 1266 3547 et
1289 3491 1480 3547 Bened.
1517 3502 1555 3545 t.
1583 3492 1651 3546 IX
1675 3494 1904 3562 append.
2432 3486 2837 3556 imperitissimo
2873 3487 3248 3542 collectamm.
3298 3488 3453 3542 Exst.
3488 3488 3540 3541 in
3571 3487 3711 3542 edit.
3747 3487 3969 3543 Erasm.

824 3585 1139 3655 Sequentia,
1186 3599 1354 3653 usque
1384 3584 1448 3637 ad
1482 3598 1630 3636 num.
1673 3584 1764 3648 25,
1797 3594 2012 3640 exstant
2059 3588 2108 3641 in
2159 3603 2257 3657 ap-

2429 3587 2481 3632 et
2511 3576 2703 3631 Lovan.
2733 3586 2864 3631 tom.
2901 3577 2965 3631 ιν
2994 3579 3043 3632 in
3076 3579 3333 3647 append.,
3357 3579 3445 3634 ubi
3475 3589 3529 3634 et
3560 3594 3842 3648 sequens.

755 3678 916 3745 pend.
950 3687 1081 3731 tom.
1108 3677 1125 3731 1
1154 3676 1240 3730 ed.
1271 3674 1462 3728 Bened.
1494 3736 1497 3737 ν

2388 3668 2452 3722 L5.
2485 3668 2837 3734 Quastionum
2875 3667 3012 3722 LXV
3060 3668 3314 3741 Dialoyus
3364 3685 3429 3725 ex
3464 3671 3633 3725 variis
3674 3671 3971 3741 Augustini

691 3772 771 3824 18.
817 3768 894 3821 De
919 3766 1273 3821 Grammatice
1306 3765 1460 3818 liber.
2432 3758 2584 3812 libris
2614 3759 2905 3812 maximam
2938 3767 3141 3827 partem
3171 3769 3483 3829 congestus.

720 3861 773 3916 9.
817 3860 1083 3931 Principia
1108 3857 1404 3911 Dialectij
1430 3866 1477 3910 et
1509 3857 1821 3911 Ilhetorices.
1857 3859 1996 3914 Libri
2022 3869 2148 3916 tres.

2389 3850 2446 3903 4.
2491 3849 2640 3903 Liber
2667 3852 2728 3904 de
2755 3848 2888 3903 Fide
2915 3851 2983 3904 ad
3015 3850 3229 3906 Petrum
3257 3851 3549 3907 diaconum
3568 3892 3585 3918 ,
3634 3853 3769 3907 olim
3826 3856 3972 3909 inter

683 3956 771 4008 £0.
813 3953 1094 4022 Categoriaz
1130 3953 1300 4003 decem
1322 3964 1386 4002 ea:
1414 3944 1686 4004 Aristotele
1710 3950 1978 4019 decerptte.
2016 3932 2256 4019 Quatuor

2430 3956 2594 4010 opera
2622 3941 2906 4011 Augustini
2937 3943 3235 4011 impressus
3256 3983 3272 4009 ,
3307 3945 3376 3999 ab
3409 3944 3642 3999 Erasmo
3674 3961 3823 4001 vero
3859 3949 3971 4015 pri-

753 4044 837 4097 ist‘
865 4052 1142 4109 tractatus,
1173 4039 1263 4109 qui
1288 4039 1583 4108 Augustino
1608 4039 1661 4093 in
1690 4042 2117 4109 praecedentibus
2143 4043 2254 4097 edi-
2429 4050 2573 4089 mum
2597 4034 2646 4089 ei
2672 4034 3026 4103 abjudicallls-
3068 4034 3329 4105 Ρύίθεητῖί
3369 4044 3456 4091 εει
3500 4037 3822 4106 Βυειιεηείε
3856 4040 3972 4108 θΡί’

749 4135 988 4192 tionibus
1027 4130 1244 4199 ascripti
1286 4140 1439 4185 erant
1471 4130 1713 4203 (Erasm.
1747 4140 1802 4186 et
1836 4130 2024 4185 lovan.
2070 4142 2107 4185 t.
2146 4132 2194 4203 l)
2223 4148 2253 4187 a
2429 4127 2599 4195 scopi.
2628 4125 2777 4179 Exst.
2804 4125 2855 4179 in
2880 4125 2967 4180 ed.
3001 4125 3206 4180 Erasm.
3251 4137 3304 4181 et
3348 4125 3547 4182 Louan.
3598 4136 3736 4183 tom.
3768 4126 3864 4183 Ill
3919 4130 3972 4182 in

754 4223 1112 4282 l‘enedictinis
1162 4222 1215 4275 in
1262 4222 1610 4289 appendicem
1660 4222 1876 4291 rejectis
1915 4224 2113 4293 spuriis
2161 4238 2252 4279 ac-
2430 4216 2690 4287 append.,
2724 4217 2813 4271 ubi
2847 4225 2901 4271 ct
2927 4231 3183 4287 sequens.

749 4322 1038 4373 censentur
1065 4314 1234 4383 (tom.
1269 4313 1396 4385 XI).
1707 4296 1725 4335 ί
2282 4380 2313 4385 Δ
2358 4307 2445 4363 35.
2488 4306 2566 4361 De
2595 4306 2795 4376 Spiritu
2841 4316 2888 4361 el
2940 4307 3128 4361 Anima
3176 4309 3335 4365 liber.
3380 4308 3643 4367 Continet
3700 4312 3871 4368 Dicta
3925 4324 3979 4369 et

675 4409 766 4461 21.
811 4404 1026 4476 Regula:
1055 4380 1268 4457 Clericis
1300 4380 1503 4459 traditis
1526 4404 1909 4475 fragmentum.
2280 4380 2329 4440 Ῑ)
2424 4399 2769 4455 Collectanea
2801 4413 2866 4456 ex
2900 4400 3084 4455 multis
3113 4412 3166 4456 et
3213 4400 3450 4457 diversis
3496 4404 3838 4460 auctoribus
3882 4422 3978 4462 ex-

674 4499 767 4554 22.
812 4496 1013 4566 Regula
1039 4496 1284 4557 secunda.
1317 4495 1525 4563 (Tertia
1553 4507 1636 4551 est
1660 4499 1916 4567 genuina,
1947 4497 2069 4551 vide
2091 4511 2251 4566 supra
2424 4490 2645 4561 scripta.

746 4603 799 4639 n.
835 4584 994 4655 102.)
1028 4582 1178 4639 Exst.
1212 4586 1263 4638 in
1291 4586 1379 4640 ed.
1411 4586 1612 4640 Erasm.
1647 4596 1701 4643 et
1728 4587 1923 4642 Lavan,
1960 4599 2090 4641 tom.
2125 4589 2140 4641 Ι
2196 4587 2248 4641 in
2354 4580 2440 4635 56.
2484 4581 2560 4635 De
2580 4583 2839 4636 Amicitia.
2862 4583 3082 4638 Nonnisi
3110 4586 3361 4654 Epitome
3383 4596 3469 4642 est
3490 4588 3658 4643 trium
3684 4588 3981 4645 librorum

744 4674 978 4749 append.
2422 4673 2624 4727 Aillredi
2656 4673 3009 4729 Rievallensis
3052 4676 3121 4730 de
3167 4676 3360 4730 eodem
3411 4689 3765 4747 argumento.
3806 4679 3984 4734 Exst.

675 4768 765 4821 25.
810 4765 974 4820 Liber
1003 4767 1066 4819 de
1104 4766 1221 4820 Vita
1250 4766 1526 4822 Ercmitica
1553 4770 1619 4823 ad
1652 4785 1923 4834 sororem,
1956 4785 2114 4838 quem
2141 4784 2245 4825 non
2274 4805 2282 4815 .
2424 4767 2477 4821 in
2509 4766 2594 4820 ed.
2630 4764 2835 4820 Erasm.
2864 4775 2919 4821 et
2948 4766 3143 4820 Locau.
3180 4778 3315 4822 tom.
3348 4768 3416 4822 IV
3449 4769 3503 4824 in
3542 4769 3825 4839 append.,
3888 4774 3985 4828 ubi

745 4855 916 4909 edidit
945 4853 1220 4911 Erasmus.
1251 4857 1437 4913 Exstat
1469 4860 1520 4912 in
1546 4860 1783 4928 append.
1813 4869 1853 4913 t.
1887 4860 2015 4915 led.
2052 4859 2243 4913 Loran.
2422 4868 2478 4913 et
2498 4872 2751 4925 sequens.
3406 4920 3411 4923 μ

745 4956 801 5000 et
849 4944 1041 4999 Bened.
1086 4946 1295 5001 zElredi
1329 4948 1680 5005 Rievollensis
1721 4961 1801 5005 est
1832 4951 1957 5020 (qni
1991 4965 2117 5004 saec.
2169 4965 2246 5003 ιιι
2352 4950 2439 5003 57.
2482 4947 2559 5000 De
2585 4948 2885 5002 Substautia
2913 4949 3205 5004 dilectionis
3233 4960 3280 5003 ct
3310 4954 3508 5005 amoris
3538 4953 3699 5009 liber.
3741 4956 3875 5009 Duo
3912 4956 3980 5008 li-

746 5035 901 5106 vixit)
918 5036 1068 5105 juxta
1095 5037 1287 5092 Lucam
1310 5038 1656 5095 Holsteuiunt.
1687 5040 1866 5096 Tertia
1886 5041 2100 5095 circiter
2126 5055 2247 5110 pars
2421 5042 2502 5097 bri
2527 5043 2578 5095 in
2603 5058 2763 5097 unum
2796 5045 3027 5099 confusi.
3058 5044 3332 5101 Auctorcs
3358 5047 3710 5114 ignorantur.

745 5131 798 5181 in
844 5127 1109 5195 Operibus
1156 5131 1401 5197 Anselmi,
1442 5132 1556 5186 scil.
1605 5132 1786 5187 alcdit.
1820 5131 1909 5195 15,
1967 5133 2027 5185 ιϐ
2078 5142 2130 5185 et
2183 5133 2247 5185 17
2349 5133 2439 5188 58.
2484 5131 2557 5185 De
2585 5132 2845 5203 diligendo
2874 5135 2984 5189 Deo
3013 5136 3170 5204 liber,
3202 5138 3295 5208 qui
3336 5148 3393 5193 et
3428 5138 3863 5196 Meditationum
3903 5146 3989 5197 in-

743 5226 986 5272 exstant.
2422 5224 2695 5277 scribitur.
2722 5224 3003 5278 Conﬂaius
3025 5237 3111 5281 est
3135 5230 3264 5283 item
3293 5244 3359 5284 ex
3383 5230 3555 5285 variis
3578 5231 3743 5286 libris
3774 5232 3983 5307 Hugo-

814 5309 946 5373 Quze
990 5316 1310 5378 sequuntur,
1363 5327 1530 5381 usque
1576 5313 1641 5367 ad
1686 5330 1741 5367 n.
1777 5314 1878 5380 26,
1922 5316 1975 5366 in
2008 5310 2239 5381 append.
2419 5317 2498 5368 nis
2548 5315 2826 5380 Victorini,
2878 5316 3133 5373 Bernardi
3185 5328 3242 5374 et
3288 5320 3546 5375 Anselmi.
3578 5322 3740 5378 Exst.
3773 5325 3831 5377 in
3869 5327 3978 5379 ed.

742 5399 872 5453 tomi
898 5399 940 5453 ll
970 5399 1056 5453 ed.
1090 5399 1285 5456 Lovan.
1322 5411 1375 5458 et
1406 5401 1602 5458 Bened.
1632 5413 1866 5459 exstant.
2418 5404 2622 5459 Erasm.
2653 5416 2704 5460 et
2759 5407 2949 5461 Lot'tm.
3000 5419 3131 5465 tom.
3168 5410 3238 5464 IX
3290 5413 3342 5466 in
3381 5414 3651 5482 append.,
3688 5431 3877 5485 usque
3912 5416 3989 5468 ad

668 5492 749 5542 2's.
802 5488 1052 5556 Ερὶειοιω
1077 5491 1191 5546 XVI
1216 5504 1414 5548 mutua:
1448 5494 1508 5548 S.
1533 5495 1808 5564 Augustini
1832 5502 1883 5548 et
1910 5508 2058 5563 papa,-
2084 5492 2244 5545 Boui—
2420 5514 2472 5550 n.
2503 5498 2591 5551 48.

737 5582 861 5643 [acii
884 5580 912 5635 I
935 5583 1290 5655 brevissimae,
1308 5604 1439 5657 quas
1462 5589 1707 5659 antiquas
1732 5604 1851 5645 esse
1871 5590 2068 5644 fatetur
2086 5586 2240 5642 Eras-
2349 5592 2433 5645 59.
2481 5591 2822 5662 Solitoquium
2868 5595 3054 5648 auimw
3087 5596 3155 5648 ad
3186 5595 3375 5666 Deum,
3417 5598 3580 5653 liber.
3618 5599 3699 5654 Ab
3734 5607 3992 5653 auctore
