4010 6350
333 140 396 194 57
985 185 993 191 .
1241 141 1509 199 ΝΟΤΙΤΙΑ
1550 143 1916 202 LITTERARI

1241 141 1509 199 NOTITIA
1550 143 1968 202 LITTERARIA
2008 148 2078 203 IN
2114 148 2170 206 S.
2214 153 2675 215 AL'CUSTINUM.

397 257 605 308 incerto
647 267 717 307 ex
760 253 1056 324 Augustino
1086 270 1187 309 non
1236 258 1428 323 modo,
1465 260 1561 314 sed
1590 260 1710 313 aliis
1739 262 1900 315 etiam
1931 263 1978 319 A
2079 262 2374 333 Augustino
2406 269 2637 337 primum
2673 273 2722 325 in
2754 277 3003 332 omnibus
3038 295 3257 350 operum
3294 286 3435 344 illius
3464 295 3584 349 edi.-

393 347 747 410 anetoribus,
792 345 959 401 veluti
998 361 1064 400 ex
1111 346 1345 419 Hugcnis
1388 348 1639 405 Victorini
1667 351 1804 407 libro
1844 353 1905 405 de
2081 354 2352 422 tionibus;
2401 360 2600 417 deinde
2649 364 2709 418 s.
2760 365 2916 421 Leoni
2969 345 3117 441 paplc
3171 376 3221 430 in
3269 380 3357 433 ed.
3410 345 3582 443 pnis.

394 442 528 492 Arra
568 441 768 493 Anima:
804 439 1087 494 collectus.
2079 444 2243 511 liill;
2293 459 2475 517 postea
2502 452 2569 508 ι8.
2619 454 2880 513 Ambrosio
2926 439 3065 516 Med.
3099 480 3186 535 cp.
3222 467 3274 521 in
3305 472 3392 526 ed.
3426 439 3583 534 Rom;

321 530 407 584 ιο.
452 528 850 583 Μεάὶιαιὶοηιιηι
876 530 1033 586 liber.
1064 530 1406 587 Lovanienses
1456 534 1596 589 inter
1636 536 1900 606 genuinus

2082 534 2247 603 1585,
2281 539 2333 593 in
2363 556 2463 611 qua
2494 545 2561 597 ad
2604 544 3001 618 SiMpliciauum
3044 553 3388 627 inscribitur;
3439 565 3580 621 deni-

387 626 667 697 Augustini
718 624 858 681 fetus
890 626 1265 697 "reliquerant,
1314 644 1490 699 neque
1536 630 1604 685 de
1646 645 1710 684 eo
1754 630 1898 684 aliud
2071 642 2177 697 que
2205 638 2259 684 et
2305 630 2364 685 S.
2408 631 2613 689 Isidoro
2644 636 2939 708 Hispalensi
2973 646 3024 698 in
3051 645 3137 699 ed.
3181 624 3580 724 Matrit.1599,

388 719 907 786 pronuntiaverant,
958 733 1117 787 quam
1150 720 1292 790 quod
1323 729 1481 775 antea
1518 721 1771 778 dubitans
1817 724 1897 776 in-
2154 718 2321 774 Paris.
2356 719 2511 776 l60l.
2541 724 2649 780 Sed
2684 727 2973 795 plurimum
3023 733 3239 807 decepit
3285 718 3578 813 Sigcberlus

384 818 676 879 certusque
713 808 964 864 Erasmus
994 810 1225 876 dixerat,
1253 821 1527 867 auctorem
1550 828 1670 868 esse
1694 814 1777 869 vel
1799 818 1896 867 Au-
2072 805 2451 865 Gemblacensis
2479 815 2541 867 de
2576 814 2687 868 Vir.
2726 819 2802 871 ill.
2833 834 2883 875 e.
2910 820 2997 888 55,
3017 805 3281 896 deceptus
3313 805 3427 900 ipse
3450 836 3577 891 falsa

378 902 686 970 guSIinum,
722 902 809 956 vel
840 901 933 970 qui
962 902 1079 971 ejus
1120 902 1284 957 libros
1312 917 1417 957 ItOl'l
1447 903 1791 973 indiligenter
1817 904 1897 958 le-

2068 905 2174 951 vet.
2206 899 2411 968 aliquot
2453 904 2610 959 codd.
2654 906 3037 980 inscriptione,
3068 917 3159 984 qui
3192 899 3387 976 nomen
3410 923 3577 981 Isido-

379 994 569 1064 gisset.
601 994 871 1049 Collectus
900 1004 983 1049 est
1015 996 1354 1065 potissimum
1391 1012 1456 1051 ex
1490 997 1719 1051 Auselmi
1760 1000 1893 1053 seri-
2072 990 2113 1042 ri
2141 988 2341 1047 habere
2370 992 2644 1051 diculzlur.
2678 999 2829 1054 Exsi.
2856 1003 2913 1057 in
2941 1005 3027 1060 ed.
3060 1007 3270 1065 Erasm.
3300 1021 3356 1069 et
3383 1014 3575 1073 ιουακ,

378 1085 489 1154 ptis
539 1085 605 1139 ab
646 1094 867 1140 auctore
898 1101 969 1139 xu
1015 1101 1166 1147 sae,
1198 1101 1295 1142 nec
1322 1102 1426 1141 non
1456 1102 1519 1141 ex
1547 1087 1768 1142 Joannis
1798 1089 1890 1143 ab-
2067 1089 2199 1133 tom.
2227 1081 2320 1148 IX,
2348 1086 2605 1154 a’I’pend"
2637 1089 2727 1144 Ubi
2755 1099 2812 1145 ει
2830 1106 3082 1163 sequens.

379 1175 519 1230 [mis
545 1174 905 1232 Fiscamensis
932 1191 1114 1246 ορει-ρ,
1993 1166 2082 1224 55.
2126 1170 2201 1224 De
2240 1174 2524 1231 Sobriktate
2543 1187 2590 1232 et
2622 1179 2888 1236 Castitate.
2934 1184 3107 1255 Ignoti
3155 1196 3429 1265 auctoris,
3481 1207 3574 1255 sed

302 1270 397 1321 41.
444 1267 520 1323 De
571 1268 890 1325 Contritione
945 1271 1117 1325 cordis
1172 1267 1331 1326 liber.
1386 1274 1585 1327 Auctor
1636 1287 1761 1328 saec.
1815 1290 1887 1330 xtt
2062 1264 2478 1355 θιιῑίιιυυειψιτν
2504 1280 2559 1325 εἴ
2590 1272 3045 1344 εῙεἫίιηςοῙυάίεϐ
3082 1281 3330 1352 υυρὲηἱο.

198 1358 201 1359 ⁷
376 1362 780 1418 consarcinavit
808 1378 873 1419 ex
903 1363 1131 1418 Ansclmi
1159 1374 1207 1419 et
1240 1364 1475 1436 Hugonis
1497 1367 1559 1420 de
1586 1366 1644 1421 8.
1679 1366 1781 1420 Vict

1990 1355 2079 1410 54.
2115 1355 2190 1411 De
2215 1374 2331 1413 vera
2357 1377 2418 1413 ac
2444 1362 2577 1431 falsa
2618 1363 2925 1421 Paenitentia
2966 1371 3035 1423 ad
3086 1372 3277 1430 Christi
3320 1382 3569 1437 devotam.

374 1456 647 1524 operibus.
2056 1446 2225 1502 'I‘otus
2254 1448 2365 1506 fere
2396 1451 2481 1507 hic
2509 1452 2647 1509 liber
2670 1471 2790 1510 cum
2821 1458 3097 1531 Augustini
3129 1468 3347 1525 nomine
3384 1472 3436 1526 in
3471 1474 3567 1529 De-

304 1545 391 1599 42.
438 1546 701 1602 Manuale.
730 1547 1060 1617 Opusculnm
1104 1564 1167 1604 ex
1212 1548 1373 1604 variis
1404 1551 1798 1622 antiquioribus
1827 1560 1880 1606 et
2056 1547 2201 1594 creta
2254 1541 2493 1597 σναείαηί
2538 1554 2591 1599 ει
2646 1547 2696 1600 ill
2745 1546 3054 1608 Senientias
3100 1554 3249 1611 Petri
3296 1561 3570 1620 Lombardi

375 1651 585 1691 me,“
612 1637 829 1706 scriptis
855 1639 1139 1694 ςοιιοριιιτη
1176 1657 1189 1692 ς
1219 1639 1547 1711 Augustino,
1582 1639 1874 1713 Cyprium).
1908 1636 1956 1695 ’Β
2056 1632 2343 1688 translatus
2387 1643 2489 1689 est.
2538 1635 2874 1695 Tribuerunt
2922 1654 3104 1712 postea
3150 1648 3327 1705 eidem
3386 1653 3565 1711 Petrus

370 1728 635 1798 Gregorio
661 1739 712 1783 ει
742 1729 969 1792 [siam-0,
998 1730 1252 1785 Anselmo
1275 1730 1566 1797 Βετηπαο,
1601 1742 1708 1787 οπο,
1752 1799 1777 1818 ⁸
2053 1721 2325 1790 Blesensis,
2363 1726 2661 1785 Vincentius
2684 1730 3062 1792 Bellot‘acensis
3084 1749 3137 1794 et
3162 1739 3388 1799 Thomas
3419 1747 3564 1818 Aqui

297 1818 390 1875 .53.
438 1819 717 1891 speculum
745 1821 860 1877 sive
889 1820 1133 1877 Μαηιιαιε
1155 1863 1169 1886 ,
1203 1832 1259 1877 ιη
1282 1822 1334 1877 in
1364 1822 1567 1893 aliqua;
1595 1799 1875 1880 codicibus
2050 1831 2164 1870 nas.
2194 1817 2336 1873 Inter
2361 1822 2691 1879 recentiores
2716 1823 2784 1880 de
2813 1838 3036 1886 auctore
3066 1847 3095 1886 a
3127 1832 3411 1891 Trithemio
3442 1799 3565 1896 inde
3620 1844 3623 1849 '

368 1911 681 1967 inscribitur
711 1931 723 1967 :
755 1911 816 1969 et
837 1915 891 1969 in
917 1914 1037 1969 cod.
1073 1915 1207 1971 Bibl.
1235 1915 1689 1971 Bernardinorum
1721 1916 1872 1971 Pari-

2048 1908 2399 1997 disceptatum
2422 1922 2524 1969 est.
2563 1914 2697 1971 Vicit
2720 1925 2897 1974 tamen
2924 1922 3255 1985 probabilior
3274 1932 3559 1997 sententia,

370 2005 569 2060 siensis
614 2004 844 2060 habetur
883 2006 985 2061 sub
1030 2005 1183 2061 titulo
1216 2024 1229 2061 ε
1262 2006 1489 2062 Libellus
1520 2008 1783 2064 catholica)
1810 2010 1877 2079 ﬁ-
2047 2009 2321 2057 auctorem
2363 2019 2483 2060 esse
2525 2006 2592 2061 ab
2633 2008 2929 2079 Augustino
2971 2014 3271 2072 diversum.
3322 2006 3475 2077 Eist.
3508 2024 3561 2080 in

366 2098 490 2163 dei,
548 2097 894 2167 alterumque
951 2097 1265 2167 adjunctum
1320 2098 1479 2154 habet
1525 2100 1870 2169 opusculum.
2048 2095 2134 2149 ed.
2162 2095 2371 2150 Erasm.
2404 2105 2459 2152 et
2490 2098 2683 2153 Lovan.
2712 2111 2840 2156 tom.
2872 2101 2962 2181 IV,
2994 2107 3223 2168 anpend.

368 2190 496 2245 llmc
524 2199 700 2245 autem
732 2190 840 2244 duo
867 2192 1129 2260 opuscula
1178 2192 1348 2248 nihilo
1397 2192 1612 2246 diversa
1664 2204 1790 2249 sunt
1841 2209 1872 2250 a
1977 2185 2062 2241 55.
2098 2186 2173 2240 De
2195 2187 2529 2243 Antichristo.
2573 2190 2894 2259 Plerumque
2934 2184 3152 2252 Alcumo
3199 2201 3357 2257 tribui
3400 2205 3557 2276 solet,

367 2292 507 2351 part.
536 2297 573 2349 t,
603 2297 637 2335 Il
661 2277 1010 2349 Coufessiouis
1036 2281 1207 2348 Fidei,
1231 2298 1349 2352 qua:
1375 2297 1503 2337 cura
1534 2284 1643 2338 Pet.
1678 2284 1869 2340 Franc.
2046 2277 2186 2333 inter
2213 2278 2368 2367 cuius
2398 2296 2563 2349 0pcra
2590 2282 2824 2355 ῖηιθεθνν
2861 2286 2947 2342 hic
2973 2303 3099 2363 vero
3126 2302 3179 2347 el
3207 2295 3345 2359 apud
3386 2296 3560 2351 Raba-

364 2370 757 2437 Chimetiiles.
793 2371 891 2425 sub
940 2371 1150 2426 Alcuini
1183 2374 1402 2428 nomine
1449 2374 1670 2444 prodiit.
1714 2374 1872 2433 Certe
2025 2373 2170 2427 'num
2221 2371 2465 2451 Maurum
2514 2377 2860 2449 imperfectus
2909 2392 3106 2439 exstat.
3160 2387 3368 2445 Sa‘culu
3417 2406 3558 2448 nono

367 2474 554 2517 auctor
583 2476 706 2516 sme.
736 2478 805 2516 χιι
840 2476 943 2515 mn
972 2463 1267 2532 antiquior.
2044 2468 2365 2523 asserendus
2394 2469 2628 2525 videtur.
2660 2471 2809 2529 Exst.
2845 2475 2896 2529 in
2921 2476 3006 2531 ed.
3040 2476 3246 2535 Erasm.
3280 2492 3334 2538 et
3362 2482 3556 2538 Loran.

281 2554 379 2607 4i.
425 2554 702 2624 Speculum
725 2554 1025 2624 peccatoris.
1064 2553 1254 2609 Incerti
1281 2557 1518 2611 auctoris
1546 2566 1628 2613 est
1658 2568 1713 2614 et
1741 2573 1867 2614 saec.
2045 2566 2175 2612 tom.
2208 2559 2299 2629 IX,
2331 2562 2561 2631 append.

365 2662 435 2699 xu
476 2661 579 2698 non
611 2644 842 2700 excedit.
1438 2664 1441 2667 ·
1972 2646 2061 2703 56.
2100 2649 2434 2713 Psalterium.
2462 2653 2601 2745 quod
2631 2658 2786 2713 matri
2831 2674 2931 2716 suo
2975 2665 3346 2733 composuisse
3391 2666 3555 2724 fertur

285 2736 382 2788 65.
430 2735 503 2790 De
531 2736 719 2806 triplici
758 2735 1051 2788 habitacula
1080 2735 1233 2790 liber.
1265 2736 1456 2792 Incerti
1485 2752 1584 2793 nec
1616 2739 1867 2795 ineruditi
2043 2741 2385 2813 Augustinus.
2412 2735 2516 2802 Sed
2546 2748 2597 2802 in
2629 2764 2732 2805 ms.
2764 2752 2883 2807 cod.
2917 2754 3085 2824 Regio
3121 2756 3262 2813 4575
3304 2758 3555 2814 inscribi-

364 2831 621 2885 auctoris.
2044 2841 2166 2886 tur:
2201 2834 2260 2887 Β.
2291 2834 2509 2891 Joannis
2538 2855 2688 2909 papa:
2727 2843 2920 2909 factum
2962 2851 3104 2914 apud
3163 2846 3408 2904 Viennas.
3457 2851 3553 2905 llic

283 2922 380 2975 46.
422 2922 579 2978 Scala
610 2921 876 2976 'Paradisi.
914 2921 1006 2976 Est
1038 2920 1286 2991 Guigonis
1332 2935 1425 2975 seu
1451 2922 1704 2976 Guidonis
1736 2938 1862 2979 saec.
1907 2995 1937 2998 _
2042 2934 2218 2980 autem
2243 2926 2470 2983 Joannes
2496 2931 2733 2986 creditur
2762 2948 2881 2989 esse
2925 2937 3139 2992 nomine
3180 2939 3345 2995 XXII.
3402 2943 3551 2998 Exst.

364 3029 464 3066 ιιι,
1890 2995 1940 3059 c
2045 3010 2211 3075 in‘ed.
2242 3021 2445 3077 Erasm.
2480 3036 2532 3079 et
2560 3025 2749 3080 Loran.
2801 3036 2929 3084 tom.
2964 3029 3053 3098 IX,
3088 3034 3295 3103 append
3329 3076 3342 3099 ,
3385 2995 3553 3107 usque

281 3104 377 3156 47.
426 3104 499 3156 De
520 3104 805 3175 cognitione
832 3122 957 3182 certe
1001 3105 1146 3161 Vitia.
1187 3106 1407 3160 Honorii
1438 3107 1862 3176 Augustodnnrn-
2040 3112 2105 3167 ad
2141 3130 2192 3167 ιι.
2224 3115 2311 3169 Gl.

360 3198 432 3248 sis
459 3205 693 3264 putatur.
1968 3202 2054 3259 57.
2089 3203 2285 3260 Cautici
2310 3206 2608 3277 Illagnilicat
2636 3210 2923 3281 Expositio.
2959 3213 3042 3267 Ex
3090 3213 3331 3286 Hugonis
3381 3217 3550 3272 Victo-

278 3286 375 3339 43.
421 3286 493 3341 De
526 3287 645 3340 Vita
667 3286 976 3343 Christiana.
1006 3289 1165 3343 Liber
1193 3300 1273 3343 εει
1302 3288 1530 3342 Fastidii
1564 3289 1823 3342 Britanni.
2035 3296 2141 3348 riui
2168 3305 2394 3352 tractatu
2430 3299 2479 3352 in
2512 3300 2651 3354 hunc
2677 3286 2929 3372 hymnum
2963 3305 3234 3377 decerpta.

278 3378 376 3432 49.
422 3380 570 3432 Liber
599 3381 1003 3448 exhortatorias,
1051 3382 1209 3452 vulgo
1253 3383 1315 3436 de
1344 3381 1675 3436 Salutaribus
1704 3383 1863 3435 docu-
1966 3388 2033 3443 58
2091 3388 2165 3443 De
2191 3394 2552 3461 Assrsmptione
2583 3393 2645 3447 Β.
2683 3394 2867 3450 Maria:
2898 3397 3130 3468 Virginis
3161 3400 3296 3455 liber
3326 3416 3420 3455 seu
3460 3417 3547 3470 po-

359 3472 541 3525 utentis
570 3472 638 3525 ad
667 3473 936 3540 quemdam
968 3474 1221 3527 comitem.
1265 3473 1486 3527 Paulino
1533 3472 1859 3541 Aquileiensi
1912 3504 1915 3505 ν
2037 3481 2138 3535 [ius
2161 3497 2359 3537 sermo,
2398 3485 2593 3539 Auctor
2620 3487 2858 3541 creditur
2889 3488 3165 3545 Fulbertus
3196 3492 3544 3559 (Ῑανηοιεηδὶδ,

354 3577 451 3616 seu
500 3563 853 3634 Foroiuliensi
899 3565 1251 3633 patriarchae,
1284 3565 1372 3633 qui
1402 3580 1528 3620 saec.
1561 3580 1655 3618 vm
1688 3564 1856 3629 vixit,
2033 3572 2121 3641 qui
2153 3573 2367 3629 ineunte
2400 3589 2527 3630 δερ.
2559 3591 2612 3629 ιιι
2660 3577 2766 3631 vita
2814 3576 3031 3633 functus
3074 3590 3177 3635 est.
3232 3582 3334 3635 Alii
3385 3584 3541 3637 codd.

357 3654 498 3707 haud
531 3654 720 3722 injuria
751 3666 1017 3709 asserunt.
1055 3656 1203 3710 Exsr.
1240 3656 1291 3709 in
1316 3656 1404 3711 ed.
1442 3654 1643 3708 Erasm.
1676 3664 1728 3709 et
1755 3654 1857 3707 Lo-
2034 3664 2283 3719 Ambrosii
2310 3665 2541 3735 Autperti
2570 3667 2718 3738 (smc.
2752 3670 2863 3739 ιἰιι)
2895 3687 3088 3726 nomen
3124 3674 3434 3741 praferunt.

355 3759 474 3796 can.
506 3753 635 3797 tom.
662 3742 728 3796 IV
762 3744 812 3797 in
845 3745 1082 3815 appcnd.
1952 3744 2049 3810 ‘59.
2082 3755 2157 3810 De
2186 3755 2491 3813 Visitatione
2514 3760 2835 3828 inﬁrmorum
2869 3762 2991 3817 libri
3022 3765 3150 3820 duo.

280 3835 370 3892 50.
414 3835 491 3890 De
542 3837 807 3891 duodecim
864 3839 1180 3922 Abusionum
1246 3840 1512 3909 gradibus.
1588 3839 1858 3908 Cypriano
1960 3846 2046 3901 60.
2077 3847 2148 3900 De
2169 3846 2528 3902 Consolatione
2552 3860 2865 3905 mortuorum
2890 3853 3007 3907 libri
3030 3870 3076 3908 s.
3106 3871 3386 3913 sermones
3410 3858 3537 3922 duo,

350 3945 501 3999 seque
532 3944 595 3984 ac
626 3928 932 3997 Augustino
986 3929 1119 3984 ln'lso
1154 3909 1441 3983 tribuitur.
1477 3930 1677 3983 Auctor
1710 3930 1857 3998 igno-
2029 3951 2090 3990 ex
2125 3937 2328 3993 Joanne
2352 3936 2737 4008 Chrysostomo
2766 3942 2941 3997 forsan
2972 3945 3233 4015 decerpti.

351 4029 518 4073 ratur.
552 4020 779 4074 Est‘in
808 4021 894 4075 ed.
947 4021 1147 4075 Erasm.
1173 4030 1226 4075 et
1252 4021 1444 4074 Lovan.
1476 4029 1605 4074 tom.
1636 4019 1730 4087 IX,
1763 4037 1857 4090 ap-
1957 4027 2045 4080 61.
2082 4026 2156 4081 De
2200 4027 2524 4084 Rectitudine
2570 4031 2839 4086 catholica:
2878 4037 3304 4091 conversationis.
3355 4039 3540 4095 Exstat

351 4112 513 4180 pend.
708 4114 709 4117 “
808 4132 811 4139 ⁴
2028 4116 2079 4169 in
2110 4116 2200 4170 lib.
2237 4132 2271 4171 ιι
2302 4117 2433 4173 Vita:
2473 4120 2533 4173 8.
2581 4119 2759 4192 Eligii,
2807 4121 3179 4180 Noviomensis
3229 4128 3395 4196 epise.
3446 4145 3540 4196 per

275 4203 365 4256 5|.
404 4203 679 4259 Tractatns
720 4207 780 4259 de
802 4216 994 4282 septem
1033 4205 1182 4261 Vitiis
1221 4216 1267 4259 et
1309 4212 1498 4276 septem
1530 4203 1691 4258 Donis
1723 4204 1851 4273 Spi-
2027 4204 2087 4260 8.
2116 4206 2414 4261 Audoenum
2445 4207 2764 4281 Rotltomag.
2800 4211 3101 4282 descripta).
3131 4214 3235 4270 Alii
3269 4202 3444 4273 tamen
3470 4235 3535 4273 ex

348 4296 479 4349 ritus
500 4296 681 4349 sancti.
715 4279 952 4366 llugonis
983 4297 1260 4351 Victorini.
1301 4296 1513 4350 Primus
1559 4298 1725 4351 edidit
1771 4301 1851 4352 in-
1885 4363 1930 4381 n
2028 4296 2145 4365 ipso
2176 4298 2342 4368 Eligio
2370 4300 2521 4369 (sa'c.
2551 4301 2666 4372 vm)
2695 4279 2749 4357 et
2773 4279 2995 4359 Censorio
3039 4306 3341 4363 Arelatensi
3385 4310 3534 4381 (s:rc.

344 4395 426 4439 ter
467 4363 1051 4442 Sanctorum'Patrum
1101 4388 1434 4445 Monumenta
1481 4392 1655 4446 Paris.
1713 4390 1851 4447 1654
1878 4363 1931 4422 D
2028 4388 2103 4458 Vl)
2135 4390 2417 4446 collectum
2445 4393 2651 4449 volunt.

347 4474 487 4529 Guil.
523 4476 846 4531 Camerarius
894 4478 1076 4532 Scotus
1118 4478 1385 4550 Congreg.
1432 4482 1668 4537 Oratorii
1703 4497 1849 4552 pres-
1953 4478 2039 4552 62.
2076 4480 2263 4534 Sermo
2291 4482 2352 4535 de
2382 4481 2645 4551 Symbolo.
2676 4483 2888 4555 Integre
2908 4487 3171 4544 collectus
3196 4506 3258 4545 cx
3282 4492 3536 4562 Sytubolo

357 4566 533 4639 Ityler.
591 4569 781 4623 Theo].
826 4571 887 4624 D.
918 4571 1111 4634 Paris.,
1153 4587 1275 4627 eum
1327 4574 1614 4645 Augustino
1645 4590 1750 4630 non
1781 4577 1849 4631 ab
2026 4570 2200 4625 Ruﬁni
2237 4573 2464 4640 Aquilei.
2498 4574 2674 4642 presb.
2695 4591 2762 4630 ex
2786 4576 3030 4633 llomiliis
3059 4580 3119 4635 S.
3145 4580 3361 4637 Cazsarii
3388 4600 3536 4655 papae

348 4658 581 4728 antiquis
613 4675 744 4715 mss.
785 4660 1091 4726 codicibus,
1125 4663 1217 4717 sed
1260 4672 1461 4718 tantum
1492 4683 1523 4718 a
1568 4667 1744 4720 multis
1783 4668 1849 4720 vi-
2021 4663 2279 4718 ethouis
2302 4663 2626 4721 Carnotensis
2651 4667 2800 4737 (saec.
2827 4685 2883 4723 xi
2910 4678 2964 4725 et
2987 4671 3101 4742 sn).
3130 4673 3354 4745 Insuper
3372 4676 3532 4732 etiam

338 4750 408 4801 ris
457 4750 619 4803 doctis
674 4752 836 4805 tribui
894 4752 1100 4807 dicens.
1135 4754 1266 4811 Inde
1317 4757 1523 4827 recepit
1574 4758 1844 4829 Vignerius
2020 4755 2391 4823 complectitur
2422 4764 2588 4810 totum
2622 4757 2938 4815 Sermonem
2969 4761 3099 4828 242,
3138 4765 3229 4833 qui
3272 4776 3446 4820 exstat
3482 4769 3531 4825 in

340 4840 613 4912 Supplem.
656 4852 789 4897 tom.
827 4842 865 4896 Ι.
893 4840 999 4908 Sed
1042 4845 1164 4914 quia
1208 4846 1348 4901 inter
1391 4863 1553 4917 opera
1607 4847 1842 4921 llugonis
2022 4847 2245 4919 append.
2288 4857 2393 4902 tom
2424 4847 2467 4901 V
2495 4847 2581 4904 ed.
2610 4848 2807 4903 Bened.
2841 4853 3177 4907 membratim
3218 4855 3530 4911 dissectum.

339 4933 497 5002 vulgo
526 4935 767 4988 occurrit
799 4934 1110 5005 ibidemque
1136 4937 1273 4991 alius
1298 4938 1473 4992 allinis
1502 4941 1578 5006 ei,
1619 4951 1669 4995 et
1716 4955 1839 5007 pars
1951 4940 2038 4994 65.
2071 4940 2260 4995 Sermo
2290 4941 2342 4993 in
2371 4939 2634 5012 pervigilio
2668 4940 2887 4996 Pascha:
2912 4946 2976 4997 de
3006 4962 3091 4999 esu
3117 4961 3284 5015 agna.
3313 4947 3529 5016 lteperi~

338 5023 487 5091 quasi
517 5024 760 5092 quaedam
807 5024 1050 5093 ejusdem
1075 5067 1091 5092 ,
1139 5026 1426 5097 inscriptus
1474 5046 1486 5080 :
1535 5027 1614 5081 De
1648 5040 1838 5097 septem
2022 5040 2105 5084 tur
2132 5031 2289 5086 etiam
2322 5030 2460 5086 inter
2491 5031 2552 5087 S.
2585 5031 2894 5103 Hieronymi
2920 5036 3285 5103 supposititia.

340 5109 576 5166 Peccatis
609 5113 912 5169 mortalibus
942 5132 959 5168 :
991 5126 1169 5170 contra
1197 5134 1311 5188 quia
1353 5120 1516 5173 valent
1579 5120 1839 5177 Orationis
1945 5122 2033 5179 64.
2069 5122 2257 5178 Sermo
2284 5123 2337 5175 in
2368 5122 2457 5178 Ps.
2492 5140 2600 5191 xu,
2631 5125 2699 5177 ad
2729 5124 3055 5196 Neophytos,
3103 5128 3194 5198 qui
3243 5138 3297 5186 et
3337 5130 3502 5204 Ilicro

337 5201 622 5257 Dominis-a2
649 5214 842 5274 septem
889 5207 1158 5274 petitiones
1180 5250 1192 5273 ,
1234 5211 1563 5282 reperiatur,
1606 5212 1835 5270 omisere
2014 5229 2166 5284 nymo
2190 5214 2324 5269 falso
2348 5214 2619 5269 tribuitur.
3438 5222 3441 5225 ⁷

335 5288 672 5347 Beuedictini.

1941 5308 2028 5363 65.
2063 5308 2352 5363 Sermones
2381 5316 2489 5363 tres
2510 5309 2573 5362 de
2598 5310 2794 5364 [litibus
2820 5321 2865 5364 et
2897 5311 3143 5381 Mysterio
3165 5312 3520 5384 Baptismatis.

268 5374 355 5432 52.
396 5381 470 5433 De
524 5380 776 5452 Conﬂiclu
828 5385 1079 5442 Vitiorum
1130 5400 1176 5443 et
1228 5391 1507 5447 Virtutum.
1564 5394 1835 5453 Ambrosii
2013 5399 2124 5454 Hoc
2154 5400 2355 5469 primus
2378 5401 2645 5471 evulgavit
2683 5374 2993 5456 Sirmondus
3032 5404 3082 5456 in
3129 5374 3360 5473 appeud.
3404 5416 3522 5475 post

338 5473 569 5543 Autperti
600 5485 681 5527 est
718 5490 841 5530 szec.
877 5494 966 5533 VIII
1008 5480 1304 5550 scriptoris.
1364 5484 1475 5539 lloc
1519 5490 1831 5552 epusculum
2009 5490 2300 5546 Sermones
2332 5490 2439 5561 XL,
2487 5492 2579 5547 sed
2630 5493 2849 5547 minimc
2897 5493 3173 5564 Augustini
3217 5509 3337 5549 esse
3380 5473 3520 5549 arbi-

350 5572 573 5629 quatuor
603 5568 1127 5636 antiquis‘Eeclesire
1164 5572 1471 5631 doctoribus
1519 5578 1770 5636 tributum
1817 5603 1827 5636 :
2011 5592 2179 5638 tratur
