4010 6350
511 5293 526 5323 Ι

535 310 604 368 59

1391 293 1944 356 SUPPLEMENTUM
1985 292 2075 346 A-D
2114 289 2340 345 OPER\
2383 292 2439 347 S.
2484 288 2870 346 AUGUSTINI.

3719 290 3787 345 10

663 415 952 488 Sequentia
980 426 1149 484 usque
1176 409 1244 466 ad
1270 422 1358 464 an.
1386 408 1452 462 77
1476 406 1532 462 in
1560 403 1781 477 append.
1805 411 1937 457 tom.
1963 399 2099 465 VIII,
2130 402 2181 461 Α
2281 399 2454 454 Orosii
2482 400 2592 465 (qui
2623 407 2760 453 cxst.
2792 397 2845 452 in
2877 397 3104 467 append.
3139 397 3202 453 Τ.
3247 398 3345 470 VI)
3391 398 3700 455 decurtatas
3740 411 3794 454 ct

596 513 685 566 ed.
708 509 902 564 Bened.

527 608 614 664 66.
644 607 901 662 Adversus
927 601 1154 673 quinque
1182 597 1418 661 hereses,
1449 607 1544 648 seu
1567 599 1745 646 contra
1769 589 1990 656 quinque
2013 586 2102 638 ho-

596 699 751 751 stium
777 709 960 767 genera
988 697 1256 754 tractatus,
1303 685 1507 741 scilicet
1543 681 1803 736 adversus
1840 678 2101 746 Paganos,

596 765 829 849 Iudaeos,
854 779 1200 845 Manicbteos,
1223 773 1577 836 Sabellianos,
1604 777 1659 824 et
1678 767 1928 822 Arianos.
1954 765 2106 819 Hunc

600 880 854 934 Erasmus
879 872 1110 930 hominis
1138 867 1354 932 eruditi,
1403 863 1577 934 arguti
1623 869 1679 916 et
1726 858 1940 936 facundi
1985 869 2105 912 esse

597 975 902 1033 censuerat,
951 979 1057 1020 non
1105 971 1284 1015 tamen
1331 954 1624 1027 Augustini,
1675 951 1778 1006 nisi
1817 949 1976 1014 forte,
2007 947 2104 1013 ait,

594 1060 806 1131 juvenis
833 1053 1124 1126 scripserit.
1162 1048 1447 1122 Augustino
1477 1046 1596 1100 sine
1638 1035 1980 1097 cunctatione
2014 1038 2108 1091 ab-

596 1129 836 1226 judicant
859 1146 1226 1209 Bellarminus,
1265 1139 1637 1200 Louanienses,
1684 1134 1905 1200 ali'que.
1948 1129 2107 1185 Beda:

599 1219 931 1301 auctoritate.
952 1239 1102 1293 Exst.
1126 1235 1181 1289 in
1209 1232 1295 1288 ed.
1325 1231 1531 1284 Erasm.
1558 1236 1612 1282 et
1635 1223 1830 1279 Lovan.
1854 1230 1985 1278 tom.
2012 1219 2104 1276 Vl.

533 1339 619 1393 67.
651 1335 837 1391 Contra
862 1330 1093 1393 Iudaeos,
1127 1325 1368 1394 Paganos
1398 1330 1445 1376 et
1469 1320 1708 1374 Arianos.
1733 1316 1925 1372 Sermo
1948 1313 2105 1377 alius,

599 1435 656 1482 ut
682 1425 914 1488 videtur,
946 1421 1014 1476 ab
1039 1419 1153 1484 illo,
1184 1416 1273 1486 qui
1303 1416 1357 1468 in
1384 1410 1624 1467 lndiculo
1645 1406 1873 1462 Possidii
1893 1404 2106 1474 legitur,

597 1526 652 1572 et
678 1529 838 1586 quem
871 1512 993 1567 ideo
1026 1523 1152 1563 vere
1181 1502 1456 1576 Augustini
1499 1513 1620 1556 esse
1655 1496 1862 1566 judicat
1904 1491 2107 1548 Bellar-

597 1581 806 1660 minus:
835 1617 958 1658 nam
987 1608 1176 1654 auctor
1205 1596 1361 1650 istius
1398 1589 1750 1658 exscripsisse
1789 1585 2003 1641 videtur
2043 1581 2104 1638 S.

2274 490 2592 560 depravatas
2621 490 2880 546 referunt.

2205 581 2290 636 75.
2320 577 2397 634 De
2419 579 2654 635 Essentia
2683 579 2970 634 Divinitatis
2992 579 3126 634 liber
3155 595 3315 635 unus.
3345 580 3462 635 Non
3491 580 3790 651 Augustino

2275 681 2503 738 tantum,
2556 672 2650 728 sed
2697 672 2880 727 multis
2923 672 3062 737 aliis,
3097 672 3404 738 Ambrosio,
3436 672 3791 742 Hieronymo,

2278 762 2560 830 Anselmo,
2590 763 2982 818 Bonaventurze
3007 763 3256 818 tributus.
3284 763 3460 817 Prima
3483 772 3536 818 et
3561 763 3796 817 maxima

2279 868 2402 923 pars
2432 869 2502 909 ex
2533 854 2779 909 Eucherii
2813 853 2980 923 Lugd.
3011 869 3098 921 ep.
3133 868 3299 924 opere
3326 853 3387 908 de
3417 854 3651 922 formulis
3688 853 3793 923 spi-

2278 944 2480 999 ritualis
2507 945 2856 1015 intelligentia:
2883 953 3120 1014 sumpta.

2210 1036 2296 1092 76.
2329 1037 2552 1092 Libellus
2578 1055 2668 1091 seu
2694 1038 2931 1108 dialogus
2959 1038 3021 1091 de
3053 1037 3098 1093 U
3104 1037 3259 1092 nitate
3288 1047 3477 1091 sancta:
3499 1037 3793 1092 Trinitatis.

2280 1129 2469 1198 Ignoti,
2503 1129 2597 1184 sed
2627 1129 2983 1200 antiquissimi
3005 1130 3261 1184 auctoris.
3294 1129 3442 1184 Exst.
3477 1128 3531 1184 in
3556 1127 3792 1199 append.

2281 1220 2367 1272 ed.
2402 1218 2574 1273 Paris.
2606 1219 2764 1274 1586.

2211 1310 2299 1364 77.
2331 1309 2410 1363 De
2435 1308 2772 1380 Dogmatibus
2801 1309 3174 1366 Ecclesiasticis
3202 1310 3337 1366 liber
3362 1309 3618 1364 Gennadii
3648 1309 3798 1362 Mas-

2279 1403 2521 1470 siliensis,
2550 1402 2702 1471 cujus
2731 1403 2832 1456 sub
2879 1403 3097 1457 nomine
3145 1401 3374 1456 seorsim
3422 1401 3586 1456 etiam
3632 1399 3803 1454 edidit

2283 1494 2496 1549 Geverh.
2525 1494 2936 1550 Elmenhorstius
2979 1494 3172 1549 Hamb.
3227 1493 3388 1559 1614,
3437 1491 3598 1549 ἰπὶ-4⁸.
3645 1492 3798 1546 Exst.

2282 1587 2344 1641 T.
2377 1587 2445 1642 Ill
2473 1587 2559 1641 ed.
2595 1586 2803 1641 Erasm.
2836 1595 2890 1641 et
2914 1585 3110 1641 Lovan.
3145 1585 3197 1638 in
3228 1585 3459 1655 append.

598 1696 903 1766 Gregorium
939 1701 1051 1747 tum
1084 1691 1140 1744 in
1176 1684 1418 1750 exordio,
1454 1689 1568 1737 tum
1592 1677 1840 1749 quaedam
1865 1674 2106 1745 ejusdem

2251 1679 2299 1734 8.
2332 1678 2522 1733 Sermo
2545 1679 2605 1732 de
2632 1677 2933 1731 Rusticiana
2962 1676 3312 1731 subdiacono.

596 1761 848 1856 alia-cap.
884 1785 970 1840 17.
999 1784 1190 1838 Exstat
1214 1779 1268 1833 in
1295 1776 1385 1832 ed.
1407 1774 1617 1830 Erasm.
1637 1769 1990 1827 ctLovan.T.
2017 1767 2103 1824 Vl.
2136 1764 2184 1824 B
2209 1768 2298 1822 79.
2331 1768 2531 1822 Contra
2562 1766 2895 1838 Fulgentium
2935 1766 3287 1821 Donatislam.
3328 1762 3448 1819 Non
3494 1761 3798 1831 Augustini,

531 1884 616 1940 68.
647 1881 724 1935 De
750 1876 1095 1933 Altercatione
1137 1869 1383 1925 Ecclesia
1421 1876 1470 1921 at
1514 1865 1808 1936 Synagogaz
1845 1860 2108 1930 dialogus.

598 1971 846 2031 Auctoris
893 1981 1019 2023 sazc.
1051 1979 1145 2019 xm
1174 1961 1258 2016 vel
1296 1974 1404 2026 xw,
1434 1971 1560 2012 nam
1587 1953 1811 2012 Joannis
1839 1948 1989 2006 Scoti
2024 1963 2109 2004 co-

600 2072 866 2118 aetaneum
892 2073 951 2113 se
983 2055 1145 2110 fuisse
1173 2059 1421 2109 testatur.
1443 2047 1594 2102 Exst.
1624 2045 1678 2100 in
1704 2043 1792 2100 ed.
1826 2041 2031 2096 Erasm.
2060 2046 2116 2095 et

602 2153 798 2208 Lovan.
826 2159 956 2203 tom.
988 2144 1057 2201 Vl
1086 2144 1141 2199 in
1166 2139 1397 2211 append.

532 2246 622 2302 69.
653 2246 728 2298 De
756 2241 888 2296 Fide
908 2256 999 2294 seu
1027 2238 1222 2292 unitate
1248 2229 1517 2286 Trinitatis
1540 2227 1780 2282 adversus
1805 2221 2117 2278 Manichwos

603 2335 759 2392 liber.
806 2331 960 2385 Hunc
1008 2341 1079 2383 ex
1126 2320 1481 2380 vetustissimi
1527 2317 1734 2374 codicis
1779 2311 2118 2369 Corbeiensis

602 2422 919 2480 auctoritate
958 2417 1157 2472 Evodio
1204 2412 1467 2475 Uzalensi,
1515 2409 1569 2463 in
1613 2405 1796 2462 Africa
1840 2404 2116 2472 episcopo,

600 2516 830 2572 asseruit
850 2513 968 2567 Jac.
999 2508 1304 2567 Sirmondus
1331 2505 1466 2559 Hist.
1498 2499 1765 2555 Praedest.
1789 2511 1842 2552 c.
1873 2497 1924 2550 1.
1960 2494 2114 2549 Exst.

603 2608 659 2663 in
686 2606 775 2662 ed.
804 2605 1011 2659 Erasm.
1045 2611 1101 2657 et
1127 2598 1321 2653 Lovan.
1354 2595 1420 2648 T.
1455 2592 1540 2648 Vl.

533 2700 621 2758 70.
649 2695 1101 2754 Commonitorium
1129 2691 1314 2763 (vulgo
1345 2687 1406 2743 S.
1443 2683 1716 2755 Augustini
1744 2680 1911 2751 episc.
1941 2678 2120 2732 Eccle-

603 2792 693 2846 sia:
715 2787 1001 2854 catholica)
1019 2781 1275 2854 quomodo
1295 2780 1360 2834 sit
1381 2775 1636 2848 agendum
1656 2790 1774 2828 cum
1792 2771 1842 2825 Μ
1852 2769 2115 2836 anichazis,

604 2883 690 2953 qui
718 2887 1098 2935 convertuntur.
1127 2872 1236 2928 Sub
1278 2867 1550 2941 Augustini
1588 2865 1805 2920 nomine
1845 2861 2118 2929 vulgatum

604 2951 686 3029 est
736 2973 788 3028 in
819 2968 1052 3041 append.
1086 2965 1152 3021 ad
1195 2964 1260 3018 T.
1311 2961 1357 3016 x
1403 2960 1490 3016 ed.
1535 2957 1710 3012 Paris.
1761 2952 1918 3010 1586.
1967 2951 2117 3041 δοκι.

605 3074 754 3134 ptum
799 3040 1232 3129 antiquissimum
1278 3061 1381 3120 est,
1418 3050 1562 3120 quod
1607 3046 1864 3118 Dupinius
1902 3040 2116 3099 concilii
2145 3090 2192 3154 C

603 3155 828 3223 alicujus
855 3153 1047 3207 Africae
1074 3141 1513 3204 constitutionem
1546 3149 1715 3212 putat.

537 3247 625 3304 7|.
653 3247 843 3303 Contra
874 3243 1200 3296 Felicianum
1230 3240 1484 3294 Arianum
1514 3236 1576 3291 de
1607 3235 1813 3291 Unitate
1856 3229 2122 3286 Trinitatis

607 3339 742 3393 liber
769 3336 836 3390 ad
870 3335 1128 3406 Optatum.
1165 3329 1544 3386 Pronuntiavit
1571 3327 1699 3382 olim
1731 3325 1985 3380 Erasmus
2012 3336 2120 3377 non

606 3444 728 3486 esse
760 3427 1055 3498 probabile,
1089 3426 1230 3479 hunc
1255 3423 1450 3477 librum
1479 3434 1601 3475 esse
1629 3416 1900 3488 Augustini
1946 3415 2122 3483 (cujus

610 3524 662 3578 in
713 3518 1206 3575 Retractationibus
1254 3529 1363 3569 non
1413 3510 1714 3579 meminit).
1775 3507 2122 3563 Dissimulata

608 3629 736 3670 vero
779 3612 986 3667 Erasmi
1029 3624 1258 3666 censura
1306 3607 1502 3661 librum
1557 3605 1715 3658 istum
1761 3600 2124 3656 Lovanienses

609 3707 749 3760 inter
771 3705 1032 3774 genuinos
1061 3701 1333 3772 Augustini
1365 3699 1503 3752 fetus
1546 3703 1920 3761 reposuerunt,
1946 3691 2122 3755 Bedae,

612 3795 917 3864 Lanfranci,
945 3792 1146 3846 Alcuini
1177 3800 1231 3846 et
1255 3789 1398 3844 Petri
1430 3786 1707 3841 Lombardi
1745 3784 1855 3839 fere
1893 3780 2128 3837 auctori—

613 3886 808 3940 tatibus
834 3884 1001 3939 ducti.
1033 3883 1285 3937 Fortasse
1317 3879 1499 3950 Vigilii
1528 3877 1798 3947 Tapsensis
1825 3884 1929 3930 est.
1971 3873 2124 3928 Exst.

612 3977 665 4031 in
695 3976 780 4032 ed.
817 3976 1020 4028 Erasm.
1051 3985 1105 4029 et
1131 3973 1326 4026 Lovan.
1362 3971 1426 4026 Τ.
1463 3970 1548 4025 Vl.

542 4070 633 4125 72.
669 4067 1065 4137 Quwstiunculw
1092 4067 1156 4119 de
1179 4065 1432 4119 Trinitate
1473 4072 1518 4116 et
1561 4061 1625 4116 de
1670 4059 1875 4126 Genesi,
1910 4074 2027 4128 qua:
2061 4073 2128 4112 ex

615 4162 832 4216 Alcuino
879 4160 1162 4227 descriptae
1206 4167 1352 4211 sunt.
1409 4157 1558 4210 Exst.
1600 4155 1652 4208 in
1694 4153 1780 4207 ed.
1829 4152 2034 4205 Erasm.
2075 4159 2129 4205 et

615 4257 808 4310 Lovan.
841 4256 904 4309 T.
937 4254 1024 4320 lll,
1052 4253 1286 4322 append.

545 4348 632 4402 75.
671 4346 744 4400 De
771 4345 969 4399 Deitate
1003 4354 1049 4398 et
1095 4344 1454 4396 Incornatione
1503 4342 1657 4396 Verbi
1701 4340 1767 4394 ad
1820 4340 2128 4394 Januarinm

2282 1860 2377 1915 sed
2403 1859 2755 1915 vetustissimi
2786 1867 2968 1913 tamen
2995 1857 3254 1924 auctoris,
3287 1863 3475 1925 utpote
3500 1854 3587 1923 qui
3620 1853 3803 1906 conci-

2286 1953 2415 2006 lium
2447 1950 2577 2005 illud
2606 1950 3026 2020 Carthaginiense
3051 1956 3239 2003 contra
3270 1946 3617 2001 Caecilianum
3650 1942 3802 1997 vide-

2285 2042 2377 2098 rit.
2408 2042 2559 2096 Exst.
2591 2041 2642 2096 in
2676 2039 2762 2096 ed.
2792 2039 3000 2093 Erasm.
3031 2047 3085 2093 et
3120 2037 3314 2091 Lovan.
3343 2035 3408 2091 Τ.
3454 2033 3567 2100 VII,
3612 2032 3664 2087 in
3707 2046 3802 2102 ap-

2289 2132 2448 2201 pend.
2479 2141 2621 2200 part.
2655 2147 2701 2194 1;
2735 2129 2929 2182 Bened.
2962 2128 3051 2195 IX,
3085 2127 3316 2196 append.

2217 2224 2306 2281 80.
2342 2224 2779 2293 Hypomnesticon
2819 2232 2995 2275 contra
3035 2219 3344 2290 Pelagianos
3387 2223 3435 2269 et
3475 2214 3802 2269 Caelestianos

2287 2315 2409 2371 libri
2437 2329 2532 2370 sex
2563 2314 2712 2369 Sixto
2749 2311 2816 2367 ΙΙΙ
2863 2313 2925 2368 Ρ.
2970 2312 3036 2366 R.
3080 2312 3154 2384 (ς).
3197 2310 3346 2381 152).
3398 2307 3675 2361 Garnerius
3713 2305 3804 2360 ,ἰθ-

2288 2411 2428 2465 suita
2456 2450 2470 2474 ,
2521 2409 2610 2462 alii
2650 2421 2772 2461 cum
2819 2405 3100 2461 Sirmondo
3142 2403 3316 2457 Mario
3373 2399 3646 2454 Μαι-δαιογὶ
3704 2397 3805 2451 tri-

2288 2501 2477 2556 buunt.
2512 2501 2658 2554 Exst.
2693 2500 2746 2553 in
2779 2498 2865 2554 ed.
2899 2497 3104 2550 Erasm.
3137 2505 3192 2550 et
3222 2494 3420 2547 Lovan.
3451 2492 3516 2546 Τ.
3562 2489 3673 2556 Vll,
3713 2503 3805 2557 ap-

2291 2591 2453 2662 pend.
2486 2608 2538 2659 p.
2571 2607 2639 2656 u;
2672 2590 2864 2645 Beued.
2902 2586 2972 2656 Χ,
3022 2587 3282 2658 append.,
3334 2585 3422 2639 ubi
3472 2591 3528 2639 et
3566 2582 3672 2637 duo
3718 2597 3799 2637 se-

2328 2690 2536 2738 ueutes.

2328 2698 2536 2738 uenies.

2219 2698 2320 2830 81ῗ1
2355 2773 2427 2826 De
2470 2770 2928 2826 Prwdestinatione
2971 2775 3016 2821 et
3059 2765 3241 2822 Gratia
3282 2764 3441 2828 liber,
3474 2778 3501 2817 a
3533 2761 3806 2817 nonnullis

2293 2862 2558 2933 Fulgentii
2589 2859 2868 2931 Ruspensis
2895 2872 2985 2927 ep.
3013 2856 3270 2921 creditus,
3307 2855 3375 2908 ab
3409 2853 3530 2908 aliis
3578 2861 3805 2920 utroque

2290 2963 2346 3010 et
2371 2954 2676 3022 Augustino
2706 2959 2759 3006 et
2783 2949 3064 3016 Fulgentio
3098 2945 3453 3022 abiudicatus.

2221 3044 2310 3099 82.
2344 3041 2421 3097 De
2452 3041 2908 3096 Prwdestinatione
2935 3038 3031 3091 Dei
3061 3036 3301 3100 libellus,
3338 3033 3505 3104 ignoti
3545 3029 3803 3086 auctoris.

2222 3137 2311 3192 85.
2345 3136 2622 3206 Hymnus:
2653 3133 2725 3186 Te
2754 3131 2920 3185 Deum
2946 3131 3238 3196 laudamus,
3273 3126 3560 3180 Ambrosio
3597 3133 3652 3178 et
3692 3124 3805 3179 Au-

2291 3230 2508 3300 gustino
2534 3226 2692 3281 simul
2723 3224 2882 3278 tribui
2915 3223 3129 3287 solitus,
3155 3221 3221 3275 de
3249 3219 3400 3286 cujus
3419 3225 3637 3270 auctore
3657 3225 3807 3269 certo

2295 3320 2429 3378 nihil
2459 3318 2623 3375 statui
2656 3324 2852 3388 potest.

2841 3444 3066 3500 CAPUT
3099 3443 3185 3497 Ill.

2469 3543 2638 3596 Variis
2663 3539 2912 3594 editiones
2943 3549 3155 3604 operum
3187 3533 3249 3586 S.
3280 3530 3576 3598 Augustini.

2818 3668 3212 3715 PROOEMIUM.

2298 3801 2450 3858 Haud
2478 3814 2616 3869 opus
2647 3811 2769 3852 esse
2793 3803 2920 3866 puto
2957 3793 3035 3849 rei
3065 3787 3352 3846 litterariae
3383 3796 3438 3842 et
3466 3781 3809 3841 ecclesiasti-

2226 3909 2304 3949 ca:
2332 3892 2574 3948 historiae
2603 3888 2886 3952 studiosis,
2921 3895 2978 3939 ut
3010 3885 3078 3940 de
3119 3885 3353 3943 ratione,
3387 3893 3492 3948 qua
3527 3884 3606 3930 tot
3630 3883 3812 3929 tanta-

2227 4001 2368 4057 que,
2413 3983 2612 4053 quibus
2657 3978 2944 4049 Augustini
2989 3975 3187 4044 scripta
3241 3967 3810 4040 comprehenduntur,

2231 4076 2497 4132 volumina
2528 4074 2597 4127 ab
2629 4072 2796 4141 ipsius
2821 4069 2949 4124 inde
2981 4067 3222 4121 auctoris
3250 4079 3412 4118 manu
3440 4067 3733 4133 propagata
3758 4065 3815 4112 et
3842 4067 3860 4083 ‘

2230 4169 2295 4222 ad
2328 4163 2705 4237 typographiac
2727 4160 2987 4215 salutaria
3033 4167 3276 4226 tempora
3322 4163 3544 4209 servata
3577 4152 3805 4212 fuerint,

2230 4259 2418 4314 scdulo
2445 4256 2750 4323 disquirant
2775 4269 2789 4306 :
2813 4250 3080 4321 siquidem
3101 4250 3207 4317 jam
3233 4262 3330 4303 sua
3356 4253 3515 4300 aetate
3531 4259 3652 4298 cum
3676 4244 3816 4295 lanna

2231 4351 2348 4418 ejus
2373 4348 2700 4416 scriptorum
2731 4341 3064 4411 exemplaria
3087 4354 3300 4393 omnem
3325 4352 3461 4407 pene
3478 4335 3663 4389 orbem
3687 4348 3813 4401 per-

615 4439 734 4491 libri
767 4437 893 4503 duo,
924 4436 1138 4490 collecti
1176 4451 1242 4489 ex
1285 4433 1530 4503 Origenis
1569 4449 1733 4502 opere
1772 4435 1890 4506 περὶ
1927 4430 2119 4506 ’Δρχῶαα

2251 4450 2418 4510 ragata
2448 4446 2649 4503 essent,
2683 4445 2737 4490 et
2775 4442 2894 4503 post
2928 4432 3131 4487 obitum
3163 4430 3279 4499 ejus
3313 4439 3650 4495 nequaquam
3684 4437 3806 4475 ces-

611 4535 764 4603 juxta
813 4533 1114 4586 versionem
1167 4530 1348 4598 Ruﬁni
1394 4528 1626 4595 Aquilei.
1674 4529 1858 4595 presb.
1893 4526 2039 4578 Exst.
2076 4525 2125 4577 in

615 4623 701 4679 ed.
735 4621 942 4676 Erasm.
976 4631 1030 4676 et
1055 4619 1251 4675 Lovan.
1299 4619 1364 4673 T.
1407 4618 1498 4686 1V,
1544 4617 1800 4687 append.,
1851 4630 2018 4684 usque
2062 4614 2127 4668 ad

619 4731 674 4769 n.
702 4715 791 4768 76.

547 4803 635 4857 74.
670 4803 744 4855 De
776 4801 1026 4856 Trinitate
1052 4808 1098 4854 et
1127 4799 1334 4854 Unitate
1365 4798 1459 4851 Dei
1489 4798 1644 4852 liber.
1675 4797 1968 4852 Distiuctus
2003 4797 2129 4852 olim

618 4894 719 4948 fuit
745 4893 798 4947 in
827 4893 1004 4962 capita
1039 4893 1124 4956 15,
1158 4905 1385 4960 quorum
1409 4889 1441 4944 9
1471 4889 1770 4958 posteriora
1802 4900 1969 4943 totum
1996 4888 2130 4956 fere,

617 4983 715 5039 sed
738 4993 1072 5038 contractum
1093 4990 1147 5036 et
1167 4981 1544 5049 interpolatum
1566 4980 1625 5035 S.
1647 4981 1917 5053 Augustini
1941 4982 2132 5035 librum

619 5083 798 5127 contra
841 5073 1139 5128 Sermonem
1185 5073 1496 5125 Arianorum
1542 5070 1910 5126 continebant.
1950 5071 2135 5140 Capita

2232 4542 2384 4587 sante
2411 4545 2600 4586 eorum
2629 4543 2725 4581 usu
2756 4541 2859 4580 non
2892 4524 3183 4586 defuerint,
3215 4522 3306 4588 qui
3344 4527 3398 4573 et
3425 4512 3818 4571 conservandis

2236 4633 2290 4676 et
2333 4617 2760 4686 multiplicandis
2805 4613 3021 4668 assidue
3064 4612 3348 4667 studerent
3394 4606 3497 4676 (α).
3547 4603 3821 4658 Observat

2235 4710 2516 4767 Fabricius
2539 4708 2638 4778 (b),
2667 4705 2877 4760 smculis
2901 4704 3108 4770 aliquot
3129 4700 3194 4754 ab
3213 4712 3439 4753 excessu
3457 4696 3572 4764 ejus
3593 4691 3815 4759 elapsis,

2237 4811 2384 4856 tanto
2433 4803 2487 4856 in
2535 4799 2710 4866 pretio
2761 4797 2927 4850 fuisse
2973 4794 3060 4847 illa
3106 4797 3478 4852 monumenta,
3525 4794 3584 4839 ut
3626 4799 3818 4840 eorum

2235 4907 2420 4955 causa,
2455 4905 2580 4945 cum
2625 4890 2676 4942 in
2709 4886 2965 4955 Hispania
3006 4881 3337 4950 exemplaria
3365 4880 3640 4940 deessent,
3675 4875 3820 4928 circa

2239 5001 2290 5038 a.
2338 4982 2478 5047 650,
2523 4979 2657 5034 Taio
2702 4978 3211 5046 Cmsaraugustauus
3259 4974 3543 5042 episcopus
3587 4966 3819 5020 Romam

2240 5075 2562 5127 mitteretur.
2595 5068 2964 5144 Sequioribus'
2985 5076 3163 5121 autem
3202 5062 3536 5133 temporibus
3560 5073 3682 5113 cum
3718 5057 3819 5110 bo-

621 5173 798 5220 autem
855 5166 1032 5234 priora
1089 5163 1415 5234 quaastiones
1470 5161 1677 5231 aliquot
1727 5161 1920 5231 dialogi
1979 5161 2116 5215 Paul

2251 5182 2324 5220 na:
2357 5165 2553 5220 littera:
2580 5163 2766 5218 lumen
2799 5177 2954 5216 suum
2986 5161 3278 5228 benignum
3312 5156 3471 5226 plane
3499 5151 3820 5207 abscondis-

584 5387 586 5389 ν
625 5368 697 5449 (α)
718 5366 775 5420 In
793 5367 1123 5449 llipponensi
1143 5368 1474 5449 Hibliotliet‘a
1489 5369 1961 5449 magnamr,._immo
1985 5384 2123 5449 pene

554 5439 793 5508 omnium
847 5439 1109 5491 librorum
1151 5439 1880 5508 Augustinisupellcctilem
1937 5438 2122 5503 fuisse,

553 5523 674 5576 qui:
696 5506 940 5562 ﬂammas
959 5508 1120 5562 etiam
1141 5523 1202 5562 ac
1224 5506 1442 5577 rapinas
1461 5507 1843 5562 Wandalorum
1871 5509 2124 5572 evaserit,

557 5577 752 5638 multa,
783 5591 905 5630 cum
945 5579 1251 5646 Augustini,
1283 5588 1395 5631 tum
1421 5578 1647 5631 aliorum
1682 5578 1799 5630 loca
1837 5588 2126 5642 testantur,

557 5655 973 5728 _et_postremu_m
1002 5646 1251 5728 quidem,
1271 5648 1393 5712 hoc,
1416 5648 1559 5728 quod
1587 5647 1865 5728 Possidius
1891 5647 1959 5701 ad
1987 5647 2128 5701 illius

560 5715 814 5771 intuitum
838 5715 1074 5772 indicem
1096 5717 1414 5786 scriptorum
1437 5715 1952 5784 Augustiniauorum
1983 5733 2129 5772 com-

2232 5369 2508 5436 posuerit;
2541 5368 2607 5422 de
2638 5368 2832 5437 quibus
2860 5365 3111 5437 tironibus
3157 5363 3374 5426 adeant,
3421 5360 3513 5428 qui
3543 5356 3824 5437 lantiunt:-

2231 5425 2367 5506 tant,
2391 5425 2698 5508 Eligelberli
2729 5436 2980 5508 Klupl'elii
3008 5435 3170 5508 disq.,
3189 5451 3253 5485 an
3274 5441 3324 5486 et
3348 5425 3601 5508 Quomodo
3621 5425 3823 5508 Biblio-

2231 5497 2375 5562 theca
2403 5497 2770 5577 S.'Augustitti
2816 5497 3508 5577 incolumis_.:servg_tafuerit
3531 5497 3820 5577 _in_ea‘cidio

2236 5579 2398 5648 Hipp.
2424 5578 2549 5640 450,
2579 5567 2836 5648 =insertam
2868 5575 3043 5648 ejusd.
3087 5573 3203 5648 ιζᾳι.
3235 5567 3819 5648 ῌὶὸζ.ΜΕεσΙςςςδιὶσ‹τ,

2234 5639 2543 5716 νοΙ’.ἰ,ρτιιῖι
2589 5639 3511 5716 ι(1·“ι·ἱ1)ιιι;ςὶίΒι·ᾖεις.780,ξηο8ξ),-ρ.
3548 5639 3674 5699 175,
3713 5650 3817 5716 sqq

2307 5704 2471 5788 min
2497 5704 2634 5772 Bibl:
2665 5716 2780 5769 Lat.
2814 5704 2877 5768 T".
2905 5715 2968 5782 ιι,
2995 5704 3136 5780 tiu,
3162 5704 3291 5778 (κ’δ,
3319 5704 3406 5766 cd.‘
3440 5704 3601 5775 νειμ,
3630 5722 3685 5777 ρ.
3713 5704 3824 5759 553
