4010 6350
273 303 333 361 41
1161 304 1435 361 NOTITIA
1476 300 1888 357 LITTERAIIIA
1930 299 1996 354 IN
2035 300 2091 353 S.
2135 297 2597 356 AUGUSTINUM.
3438 302 3509 357 ιι

271 430 408 485 sent,
465 419 627 490 hujus
680 427 855 475 tamen
900 418 1067 474 libros
1113 434 1221 473 non
1270 435 1333 473 ex
1384 416 1629 471 manibus
1668 429 1842 470 mona-
1873 418 1918 474 Α
1946 413 2143 481 gularis
2171 412 2449 467 vetustatis
2499 411 2691 467 indicia
2736 409 2916 467 habet.
2954 412 3156 468 Eodem
3197 425 3327 468 vero
3348 427 3509 479 anno,

273 515 495 566 chorum
544 525 803 566 excussos
830 512 1014 576 fuisse,
1044 524 1147 564 non
1186 510 1361 564 solum
1403 516 1481 562 tot
1527 523 1594 563 ex
1645 507 1841 561 sarculo

274 617 448 669 nono,
482 600 695 655 decimo
724 608 780 653 et
804 599 1151 668 sequentibus
1185 598 1440 667 proximis
1471 597 1674 665 reliqua
1706 609 1839 649 mss.

269 691 595 758 exemplaria
617 690 930 760 loquuntur,
968 690 1062 745 sed
1082 689 1407 743 documento
1426 694 1554 742 sunt
1572 688 1731 741 etiam
1751 703 1843 739 va-

270 784 346 835 ria
390 782 479 835 illa
535 779 860 835 Collectanea
896 795 992 835 seu
1027 778 1314 849 Florilegia
1363 778 1742 833 Sententiarum
1790 784 1843 829 ct

275 873 513 925 locorum
545 871 921 942 insigniorum,
965 886 1085 939 quae
1115 869 1311 939 pusillo
1339 868 1521 922 studio
1566 882 1632 922 ex
1666 865 1842 936 operi—

272 962 371 1016 bus
395 963 513 1032 ejus
542 962 796 1031 decerpta
840 970 896 1016 et
919 970 1200 1029 compacta
1237 968 1383 1024 sunt,
1415 972 1663 1027 quorum,
1700 956 1843 1026 quod

270 1053 412 1108 felici
452 1053 632 1109 omine
664 1054 914 1123 contigit,
958 1052 1277 1121 paucissima
1310 1059 1489 1105 tamen
1533 1052 1677 1121 typis
1717 1058 1846 1103 sunt

270 1142 559 1212 impressa,
589 1144 685 1198 sed
717 1143 917 1212 passim
957 1143 1013 1196 in
1044 1142 1388 1197 bibliothecis
1424 1141 1582 1210 justis
1608 1140 1846 1195 tenebris

271 1246 586 1303 premuntur
632 1235 730 1305 (a).
774 1236 851 1290 De
880 1234 1073 1289 Carolo
1105 1235 1299 1303 Magno
1348 1233 1717 1303 pervulgatum
1761 1241 1847 1286 est

272 1324 566 1395 Eginhardi
605 1326 934 1393 testimonio,
982 1326 1167 1393 quanti
1200 1325 1368 1380 libros
1400 1325 1464 1377 de
1502 1321 1714 1377 Civitate
1750 1323 1848 1377 Dei

272 1416 482 1471 fecerit.
520 1417 629 1472 Sed
678 1418 821 1487 quod
862 1417 1049 1487 paucis
1084 1424 1266 1470 notum
1302 1415 1482 1484 fuerit,
1516 1414 1739 1471 Carolus
1776 1414 1843 1481 V,

274 1524 374 1561 rex
421 1507 631 1572 Galliae,
678 1510 848 1562 virum
902 1508 1045 1562 inter
1077 1508 1269 1563 doctos
1318 1522 1429 1561 sua:
1473 1507 1645 1560 aetatis
1690 1506 1847 1575 longe

274 1598 758 1653 eminentissimum
799 1599 1139 1667 Radolphum
1171 1598 1251 1672 de
1282 1597 1524 1651 Preulles
1563 1595 1846 1665 stipendiis

275 1705 403 1760 rege
426 1691 603 1759 dignis
632 1691 829 1761 adegit,
854 1699 913 1745 ut
941 1691 1080 1745 idem
1107 1705 1241 1759 opus
1272 1691 1323 1745 in
1354 1687 1617 1743 Gallicum
1643 1701 1847 1743 sermo-

1945 516 2103 571 quem
2138 501 2552 556 Mediolancnsis
2586 501 2812 571 profert,
2853 503 3000 572 prelo
3038 502 3187 558 dedit
3217 502 3305 556 Jo.
3336 504 3516 557 Amer-

1945 590 2072 643 bach
2107 591 2404 658 iterumque
2450 590 2608 655 1490,
2651 606 2771 659 quze
2799 600 3108 660 sequentem
3158 590 3349 647 habuit
3393 591 3514 646 Fri-

1944 680 2261 748 burgensem
2288 694 2338 733 a.
2366 678 2522 744 1494,
2562 679 2902 735 Basileensem
2940 680 3312 754 Langendorﬁi
3353 681 3516 749 1515,

1943 779 1998 826 et
2027 770 2418 840 Lugdunensem
2450 770 2607 825 15:20.
2654 771 2735 826 Ad
2766 772 2880 827 haec
2902 772 3075 841 prima
3113 773 3257 828 circa
3305 776 3517 843 Augus-

1946 862 2043 916 tini
2083 863 2248 917 libros
2278 863 2454 917 studia
2488 862 2723 931 pertinet
2762 878 2924 933 porro
2952 865 3004 919 in
3039 864 3325 921 Germania
3352 866 3520 921 editio

1942 952 2067 1007 libri
2095 952 2158 1004 de
2184 951 2443 1007 Consensu
2467 952 2549 1005 IV
2583 954 3051 1025 Evangelistarum,
3075 954 3319 1026 Lavinga:
3360 955 3517 1011 1475.

1942 1043 2074 1100 Item
2105 1044 2229 1098 libri
2259 1047 2321 1099 de
2352 1044 2484 1099 Fide
2509 1054 2555 1098 et
2586 1044 2857 1117 Operibus,
2886 1045 3115 1103 Coloniw
3144 1049 3327 1103 eodem
3352 1063 3519 1115 anno;

1945 1134 2202 1204 variaque
2232 1134 2430 1189 ibidem
2463 1134 2657 1189 minori
2687 1136 2857 1189 forma
2879 1150 3077 1191 excusa
3095 1137 3373 1206 opuscula,
3402 1151 3522 1207 qua)

1945 1225 2124 1278 omnia
2152 1224 2219 1277 ad
2247 1225 2497 1279 eumdem
2536 1240 2735 1278 annum
2768 1225 2949 1280 redire
2989 1224 3263 1281 videntur.
3306 1228 3521 1298 Suppar

1947 1313 2137 1368 iisdem
2159 1313 2419 1382 fortasse,
2464 1315 2623 1369 modo
2653 1314 2977 1371 Germanica
3006 1316 3097 1383 sit,
3131 1315 3520 1387 Confessionum

1946 1406 2112 1462 editio
2140 1407 2237 1460 loci
2265 1416 2310 1460 et
2336 1407 2461 1460 anni
2490 1407 2691 1461 indicio
2717 1408 3002 1477 destituta,
3043 1422 3269 1477 quarum
3312 1418 3521 1467 vetusta

1947 1496 2233 1552 admodum
2283 1497 2583 1567 descriptio
2628 1497 2918 1552 Mediolani
2966 1498 3104 1554 facta
3144 1507 3229 1555 est
3269 1498 3427 1565 1475,
3468 1511 3525 1556 et

1949 1602 2071 1641 mox
2094 1602 2139 1640 s.
2166 1588 2202 1641 t.
2236 1586 2393 1641 1482.
2440 1586 2715 1643 Sermones
2738 1589 2901 1644 etiam
2941 1589 3255 1659 frequenter
3288 1605 3384 1660 per
3422 1591 3525 1646 hoc

1950 1685 2159 1744 tempus
2190 1678 2336 1745 prcla
2372 1687 2753 1745 exercuerunt,
2785 1694 2851 1734 ex
2889 1680 3085 1749 quibus
3127 1680 3523 1750 antiquissimm

279 1794 400 1835 nem
430 1779 833 1836 transfunderet
857 1792 910 1835 et
937 1779 1339 1836 commentariis
1365 1778 1589 1833 eruditis
1615 1777 1841 1834 illustra-

1951 1764 2197 1820 Homitia:
2226 1766 2291 1822 L.
2330 1766 2574 1839 August
2605 1784 2699 1837 per
2724 1770 2884 1825 Anth.
2915 1770 3069 1840 Sorg.
3116 1771 3253 1826 1475
3279 1786 3516 1839 cxcusm,

274 1880 357 1924 ret
380 1868 477 1941 (b).
512 1870 589 1924 Ex
618 1885 722 1939 quo
750 1885 878 1925 vero
903 1870 1104 1925 StBCuIO
1128 1866 1338 1925 decimo
1375 1869 1564 1940 quinto
1595 1869 1732 1922 mira
1756 1867 1848 1921 illa

275 1960 443 2014 libros
474 1959 868 2028 multiplicandi
898 1974 987 2015 ars
1017 1960 1271 2031 occmpit,
1318 1960 1461 2014 inter
1491 1958 1696 2028 primos
1737 1967 1846 2011 sta-

269 2051 391 2114 tim,
439 2051 530 2119 qui
564 2058 812 2121 typorum
839 2050 1099 2106 formulas
1131 2051 1457 2121 flagitarent,
1516 2050 1848 2117 Augustinus

270 2138 394 2203 fuit,
445 2154 548 2195 nec
595 2140 737 2194 ullus
768 2140 1074 2195 Latinorum
1124 2141 1452 2210 scriptorum
1497 2140 1739 2207 crebrius
1783 2153 1849 2193 eo

270 2230 422 2297 prelo
446 2230 703 2301 deinceps
739 2232 1021 2286 mandatus
1048 2239 1150 2286 est.
1204 2232 1442 2286 Primum
1475 2240 1679 2299 autem,
1706 2230 1846 2299 quod

268 2323 515 2376 stanneis
539 2323 940 2377 characteribus
958 2324 1285 2391 exscriptum
1304 2332 1387 2378 est
1417 2338 1572 2393 opus,
1596 2322 1697 2377 fuit
1713 2323 1850 2378 liber

268 2412 390 2479 ejus
412 2413 478 2466 de
501 2416 620 2467 Arte
644 2415 960 2485 prwdicandi
983 2431 1077 2470 seu
1109 2415 1327 2470 ultimus
1352 2430 1418 2470 ex
1449 2425 1678 2486 quatuor
1699 2416 1849 2471 libris

271 2506 335 2555 de
353 2502 604 2557 Doctrina
629 2504 941 2571 Christiana,
964 2506 1103 2561 circa
1123 2522 1322 2561 annum
1350 2507 1506 2572 1465,
1525 2508 1849 2577 Argentorati

268 2594 702 2660 apud'Joannem
734 2597 1091 2667 Mentelinum,
1122 2615 1283 2669 quem
1334 2601 1526 2655 eodem
1557 2601 1639 2655 vel
1668 2602 1847 2670 proxi-

268 2700 360 2739 mo
392 2687 572 2740 statim
598 2702 740 2743 anno
769 2687 1229 2757 repetiitJoannes
1247 2689 1381 2745 Fust
1406 2692 1708 2762 Moguntite.
1732 2692 1847 2747 Jam

272 2793 406 2833 vero
453 2781 654 2835 a1167
687 2796 750 2836 ex
800 2782 1002 2837 celebri
1030 2782 1126 2838 illo
1182 2783 1489 2839 Sublacensi
1542 2787 1850 2838 monasterio

270 2869 473 2937 prodiit
500 2871 815 2938 primarium
847 2873 966 2942 ejus
994 2888 1130 2943 opus
1160 2877 1222 2927 de
1267 2874 1482 2929 Civitate
1532 2875 1646 2936 Dei,
1687 2883 1742 2928 et
1766 2889 1851 2929 se-

269 2962 452 3029 quenti
478 2962 657 3016 statim
690 2964 1040 3035 proximoque
1068 2980 1210 3020 anno
1233 2965 1415 3020 Romae
1443 2965 1510 3020 ab
1550 2965 1737 3018 iisdem
1772 2974 1852 3034 ty-

272 3053 565 3122 pographis
599 3056 906 3123 repetitum,
938 3056 1049 3111 cito
1094 3071 1282 3112 omnes
1316 3071 1449 3125 pene
1483 3057 1647 3110 Italite
1672 3055 1843 3110 ofﬁci-

1949 1871 2083 1927 quas
2108 1868 2439 1925 exceperunt
2472 1860 2745 1914 Sermones
2767 1861 2836 1914 ad
2865 1859 3122 1916 Eremitas
3154 1863 3360 1931 fratres,
3400 1861 3525 1916 Hu-

1951 1951 2072 2005 tinaz
2100 1967 2149 2004 ο.
2186 1951 2343 2016 1477ς
2378 1952 2663 2006 Mediolani
2692 1952 2847 2018 1484;
2882 1954 3075 2008 Brixia:
3107 1953 3260 2023 1486;
3301 1954 3526 2010 Venetiil

1950 2054 2047 2108 per
2080 2042 2283 2113 Pagan.
2328 2043 2391 2095 de
2421 2042 2705 2115 Paganinis
2738 2043 2895 2110 1487;
2918 2044 3109 2100 ibidem
3140 2061 3235 2115 per
3280 2044 3425 2099 Vino.
3461 2047 3525 2099 de

1950 2131 2179 2187 Benaliis
2210 2133 2366 2198 149?;
2394 2135 2611 2189 tandem
2644 2136 3052 2190 Amerbachiana
3087 2136 3354 2203 Collectio,
3384 2138 3525 2193 inter

1949 2239 2086 2292 quos
2118 2238 2306 2280 recens
2338 2225 2552 2296 farrago
2584 2226 2907 2283 Sermonum
2935 2230 2996 2282 de
3024 2226 3277 2299 Tempore
3307 2228 3444 2284 1494
3473 2238 3527 2286 et

1954 2314 2107 2381 1495,
2137 2316 2361 2383 repetita
2391 2317 2477 2369 illa
2502 2316 2723 2372 Parisiis
2742 2318 2881 2389 apud
2904 2317 3090 2374 Jodoc.
3115 2319 3337 2374 Badium
3365 2319 3523 2388 1516,

1949 2415 2003 2460 et
2032 2406 2297 2479 Hagenoaz
2330 2408 2484 2463 1521.
2524 2407 2882 2478 Epistolarum
2932 2424 3095 2480 porro
3135 2411 3526 2480 impressiones

1950 2508 2149 2568 praeter
2187 2501 2450 2568 antiquam
2486 2501 2600 2555 loco
2627 2510 2673 2555 et
2719 2518 2853 2556 anno
2890 2518 2993 2555 non
3031 2502 3331 2573 insignitum
3371 2503 3527 2558 factas

1951 2601 2073 2644 sunt
2096 2590 2165 2644 ab
2195 2590 2408 2657 eodem,
2440 2592 2529 2660 qui
2560 2593 2722 2647 toties
2749 2592 2905 2647 nobis
2942 2593 3393 2661 laudandus'est,
3437 2590 3525 2649 Jo.

1954 2681 2287 2735 Amerbachio
2318 2696 2372 2735 a.
2418 2681 2557 2738 1495
2585 2691 2641 2737 ct
2680 2683 2837 2751 1494,
2884 2684 3125 2755 itemque
3166 2685 3526 2740 Enarrationet

1951 2774 2004 2827 in
2032 2773 2274 2828 Psalmos
2305 2776 2550 2843 repetitis
2575 2777 2789 2831 vicibus
2811 2792 2860 2830 a.
2887 2778 3045 2842 1489,
3075 2779 3211 2834 1495
3233 2780 3412 2851 (cujus
3438 2795 3528 2833 an-

1882 2852 1903 2871 ’
1954 2864 2005 2917 ni
2032 2864 2239 2920 Veneta
2266 2866 2430 2921 etiam
2474 2866 2644 2922 editio
2683 2866 2891 2922 laudari
2916 2869 3098 2939 Solet),
3150 2870 3312 2939 1494,
3358 2872 3527 2938 1497,

1952 2970 2021 3009 ex
2046 2969 2144 3010 sua
2189 2957 2403 3013 ofﬁcina
2456 2960 2611 3015 exire
2650 2973 2844 3027 passus
2888 2970 2993 3029 est,
3039 2976 3272 3033 eumque
3309 2973 3526 3019 secutus

1956 3045 2312 3117 Lugdunensis
2340 3051 2535 3106 artifex
2577 3064 2626 3107 a.
2666 3051 2823 3107 1519.
2873 3053 2973 3108 His
3011 3055 3234 3124 insuper
3263 3056 3403 3112 adde
3445 3058 3527 3112 itt-

270 3158 368 3196 nas
422 3145 786 3211 pervolitavit.
838 3146 1003 3214 Igitur
1046 3162 1303 3202 excusum
1348 3155 1431 3202 est
1475 3146 1664 3201 eodem
1719 3161 1858 3200 anno
1887 3132 1932 3194 Ο
1965 3151 2177 3207 gentem
2210 3156 2495 3196 numerum
2520 3158 2709 3198 eorum
2740 3145 3028 3210 librorum,
3060 3145 3153 3216 qui
3194 3156 3420 3217 propter
3452 3149 3527 3202 ἰη-

270 3232 412 3287 1470
451 3232 693 3302 Venetiis,
723 3235 1027 3306 ibidemque
1054 3237 1137 3292 bis
1168 3238 1301 3294 1475
1326 3238 1465 3307 apud
1498 3238 1619 3292 Nic.
1650 3238 1850 3291 Jenson

265 3336 320 3379 et
353 3323 519 3379 Gabr.
566 3326 709 3380 Petr.
744 3328 807 3381 de
845 3327 1102 3390 Tarvisio;
1140 3329 1317 3384 Roma:
1360 3329 1517 3395 1474,
1562 3330 1700 3397 apud
1741 3329 1851 3385 Ud-

268 3422 367 3471 alr.
395 3419 629 3486 Gallum;
660 3419 881 3489 Neapoli
904 3421 1059 3487 1477;
1095 3422 1321 3477 Venetiis
1347 3422 1505 3490 1486,
1533 3424 1689 3490 1489;
1712 3423 1849 3477 Tho-

268 3508 395 3563 lostr
438 3509 594 3564 1488.
630 3510 738 3565 Nec
767 3511 944 3567 minus
974 3512 1026 3566 in
1057 3511 1343 3567 Germania
1375 3515 1515 3568 circa
1542 3514 1681 3569 idem
1712 3530 1847 3584 opus

270 3602 320 3651 in
362 3601 513 3669 prela
550 3601 933 3669 incubuerunt,
972 3618 1297 3672 quamquam
1329 3604 1501 3658 serius
1533 3604 1840 3674 aliquando.

266 3708 388 3745 cum
413 3693 525 3758 jam
557 3694 838 3749 remissior
876 3694 1047 3749 factus
1070 3703 1215 3750 esset
1251 3696 1305 3749 in
1338 3695 1483 3749 Italia
1514 3696 1715 3765 primus
1754 3696 1845 3752 ille

268 3784 532 3838 librorum
580 3786 1014 3842 excudendorum
1042 3788 1222 3842 ardor.
1259 3787 1433 3843 Unum
1480 3790 1653 3844 solum
1694 3792 1846 3844 novi-

265 3889 386 3926 mus
417 3876 688 3945 antiquius
724 3868 1281 3946 exemplar'excusum
1307 3893 1337 3932 a
1367 3879 1526 3935 1475.
1562 3880 1846 3951 Moguntina

264 3963 406 4029 apud
453 3962 600 4017 Petr.
647 3965 938 4036 Schoiffer;
979 3966 1173 4021 deinde
1207 3966 1586 4023 Basileensibus
1628 3971 1839 4039 signum

264 4056 461 4109 extulit
496 4055 662 4109 Mich.
704 4056 969 4112 Wenszler
998 4072 1049 4111 a.
1084 4058 1244 4126 1479,
1272 4074 1433 4129 quem
1461 4060 1645 4113 decem
1668 4075 1841 4115 annos

268 4155 391 4214 post
416 4156 613 4201 secutae
651 4156 775 4202 sunt
810 4147 1232 4202 Amerbachianw
1269 4148 1675 4218 impressiones,
1710 4149 1837 4203 Fri-

261 4241 534 4307 burgensis
576 4238 738 4305 1499,
779 4239 1148 4310 Langendorﬁi
1189 4240 1349 4308 1515,
1393 4240 1639 4313 Lugdun.
1678 4242 1838 4296 1520.

260 4328 450 4383 Exstat
494 4344 707 4401 quoque
751 4330 1077 4384 Lovaniensis
1120 4331 1277 4391 1488.
1322 4330 1660 4386 Germanicis
1706 4348 1838 4387 vero

257 4421 579 4490 plerumque
637 4422 869 4491 adjuncti
924 4422 1164 4489 conspici
1223 4422 1398 4477 solent
1457 4424 1837 4479 commentarii

1952 3232 2219 3288 diciorum
2246 3244 2301 3290 et
2327 3243 2575 3290 notarum
2603 3235 2874 3292 defectum
2902 3248 3058 3293 certo
3095 3252 3237 3294 anno
3264 3239 3410 3311 affigi
3440 3256 3525 3296 ne-

1952 3335 2177 3395 queunt,
2219 3326 2525 3395 cujusmodi
2567 3343 2675 3381 non
2718 3342 2822 3382 una
2852 3336 3032 3383 exstat
3067 3329 3236 3385 editio
3269 3330 3527 3387 librorum

1950 3416 2015 3469 de
2046 3416 2292 3471 Doctrina
2320 3417 2633 3485 Christiana,
2668 3417 2732 3472 de
2760 3418 3065 3483 Quantitate
3083 3421 3293 3487 animat,
3326 3421 3524 3479 Solito-

1948 3511 2210 3579 quiorum,
2261 3510 2594 3576 Sermonunt,
2641 3511 2703 3564 de
2756 3510 3044 3580 Trinitate,
3104 3513 3526 3585 Confessionum,

1952 3602 2324 3672 Epistolarum,
2359 3603 2422 3655 de
2453 3602 2711 3657 Consensu
2729 3612 2947 3671 quatuor
2968 3603 3443 3676 Evangelistarum,
3467 3609 3526 3661 de

1950 3693 2149 3765 Spiritu
2178 3702 2226 3746 et
2254 3692 2472 3758 Littera,
2499 3694 2561 3747 de
2590 3693 2803 3748 Civitate
2831 3694 2959 3761 Dei;
2982 3695 3038 3749 in
3077 3694 3417 3767 Evangelium
3438 3699 3526 3750 Jo-

1946 3787 2119 3850 annis,
2155 3785 2442 3838 Encltiridii
2466 3788 2532 3839 ad
2564 3784 2923 3852 Laurentium,
2956 3795 3101 3854 etc.;
3147 3803 3283 3857 quos
3331 3803 3524 3844 omnes

1945 3892 2045 3931 suo
2103 3876 2221 3931 loco
2261 3877 2548 3946 diligenter
2594 3882 2897 3930 notavimus
2939 3886 2995 3931 et
3039 3892 3142 3948 pro
3176 3877 3385 3935 viribus
3426 3880 3523 3936 ἀει

1943 3968 2175 4038 scriptos
2198 3968 2468 4024 dedimus.

2015 4059 2222 4115 Interea
2253 4059 2481 4129 plurima
2509 4060 2673 4116 etiam
2699 4061 2815 4131 ejus
2854 4061 3122 4131 opuscula
3154 4062 3339 4133 colligi
3368 4071 3424 4120 et
3470 4066 3524 4121 in

1942 4164 2109 4202 unum
2137 4163 2334 4218 corpus
2372 4151 2530 4205 condi
2562 4163 2739 4221 coepta
2780 4159 2927 4218 sunt,
2974 4152 3104 4207 licet
3134 4153 3187 4209 in
3226 4155 3521 4226 allegendis

1941 4240 2171 4308 singulis
2194 4256 2302 4294 non
2324 4255 2539 4308 semper
2556 4242 2693 4295 ratio
2718 4242 2963 4312 quaedam
2991 4252 3043 4297 et
3062 4243 3345 4300 consilium
3368 4260 3520 4315 spec-

1944 4338 2113 4384 tatum
2143 4330 2390 4396 fuit,‘scd
2417 4333 2565 4386 casui
2592 4334 2781 4403 magis,
2805 4332 2897 4402 qui
2931 4334 3082 4388 varia
3115 4336 3344 4391 invicem
3371 4336 3519 4394 illius

1942 4425 2140 4493 scripta
2161 4423 2446 4487 sociasset,
2476 4432 2759 4479 curatores
2791 4425 3032 4479 obsecuti
3080 4440 3201 4481 esse
3240 4427 3519 4484 videntur.

258 4510 473 4566 Thomte
511 4511 686 4565 Valois
716 4522 771 4567 et
813 4512 1021 4567 Nicolai
1047 4513 1274 4579 Triuetlt,
1312 4514 1506 4583 quibus
1543 4514 1833 4570 admodum
1864 4519 1912 4577 Ι)
1941 4514 2177 4567 Primum
2226 4513 2282 4567 in
2326 4512 2409 4567 his
2452 4513 2630 4569 locum
2676 4513 2776 4569 sibi
2823 4514 3101 4570 vindicant
3146 4517 3423 4576 Tractatus
3463 4537 3516 4576 a.

252 4612 371 4655 tum
399 4602 693 4658 delectatos
724 4602 886 4658 fuisse
907 4604 1152 4659 videntur
1168 4604 1496 4660 obscurioris
1525 4607 1684 4677 hujus
1707 4608 1837 4663 doc-

254 4694 415 4748 trina:
457 4705 748 4760 amatores,
791 4695 964 4750 donec
1002 4711 1097 4765 per
1136 4696 1454 4751 Ludovicum
1497 4699 1676 4755 Vivent
1710 4711 1835 4757 sunt

247 4788 472 4854 sepulti.
502 4788 635 4841 Cum
670 4788 1067 4844 Basileensibus
1099 4790 1352 4845 librorum
1388 4792 1452 4845 de
1482 4791 1697 4848 Civitate
1735 4793 1835 4849 Dei

244 4878 586 4932 editionibus
617 4878 774 4947 hujus
803 4882 974 4934 astatis
1006 4881 1119 4950 pari
1144 4880 1256 4936 fere
1285 4897 1443 4951 passu
1482 4883 1734 4940 incedunt
1764 4887 1832 4939 li-

245 4971 332 5021 Ιιτί
375 4969 439 5022 de
467 4968 742 5025 Trinitate.
774 4971 975 5025 Horum
1008 4971 1181 5041 prima
1224 4972 1518 5043 descriptio
1558 4974 1723 5031 fuisse
1747 4977 1829 5031 vi-

241 5062 406 5113 detur
437 5058 730 5113 Venetiana
757 5060 955 5131 absque
985 5061 1110 5115 anni
1142 5064 1415 5117 mentione
1440 5079 1537 5133 per
1569 5066 1824 5136 Paganiu.

240 5153 309 5203 de
342 5150 651 5219 Paganinis,
684 5161 777 5205 aut
811 5151 1213 5208 Mediolanensis
1242 5170 1339 5225 per
1376 5155 1570 5213 Leonlt.
1608 5158 1822 5214 Pachel.

240 5242 267 5294 1
286 5242 407 5295 489.
438 5242 690 5298 Fortasse
717 5251 894 5297 autem
923 5243 1204 5299 Germania
1251 5250 1608 5318 antiquiorem
1640 5250 1827 5307 habuit

251 5332 297 5387 'rt
334 5348 417 5402 ea,
448 5348 569 5405 quae
598 5334 696 5389 loci
727 5334 941 5405 quidem
964 5344 1020 5391 et
1040 5338 1161 5391 anni
1194 5339 1348 5409 signo
1384 5350 1546 5407 caret,
1589 5343 1682 5397 sed
1713 5342 1825 5398 sin-

318 5489 394 5560 (a)
442 5490 839 5556 Subinnximus
890 5491 1025 5545 infra
1076 5495 1320 5559 quaedam
1378 5512 1440 5550 ex
1499 5498 1713 5551 Otttlino
1770 5509 1825 5551 et

237 5560 313 5637 .11.
352 5562 494 5637 Bibl;
533 5562 678 5615 Eccl.
718 5561 1025 5637 Coloniensi
1066 5564 1135 5617 de
1177 5566 1439 5635 ejusmodi
1484 5568 1822 5637 Deﬂoratori-

238 5632 340 5753 (τρίς
376 5641 423 5684 et
454 5630 948 5688 Commentatoribus
984 5638 1093 5689 lam
1137 5630 1396 5708 antiquis,
1435 5630 1592 5707 quam
1633 5655 1821 5696 recen-

238 5711 274 5752 lt
305 5715 407 5753 ηις.

236 5711 407 5754 tibus.

610 5791 878 5849 Panum.
917 5792 1164 5854 XLVII.

1939 4606 2077 4661 1484
2121 4604 2344 4659 Venetiis
2374 4621 2464 4674 per
2485 4604 2745 4657 Andream
2770 4605 2834 4658 de
2854 4604 3066 4661 Bonetis
3097 4608 3159 4663 de
3181 4608 3354 4677 Papia
3378 4612 3519 4667 iri-4'

1932 4684 2158 4768 junctim
2190 4698 2342 4760 editi,
2373 4698 2475 4751 nisi
2506 4695 2666 4751 iidem
2699 4696 2837 4753 forte
2858 4698 2969 4767 jam
3012 4715 3078 4755 ex
3113 4701 3279 4770 priori
3318 4705 3519 4760 Veneta

1936 4804 2035 4859 per
2068 4789 2336 4843 Octavian.
2370 4788 2584 4844 Scotum
2608 4790 2746 4844 1485
2776 4790 2885 4845 sint
2907 4790 3162 4860 derivati,
3196 4795 3337 4864 quod
3367 4809 3518 4854 certo

1937 4883 2263 4938 confirmare
2292 4899 2395 4937 non
2429 4897 2684 4952 possum;
2718 4890 2772 4937 et
2798 4882 3181 4955 Argentinensis
3216 4888 3382 4945 editio
3423 4906 3517 4961 per

1941 4975 2153 5030 Martin.
2187 4974 2354 5029 Flach
2376 4990 2425 5029 a.
2456 4974 2615 5038 1489,
2638 4985 2693 5030 et
2717 4975 2903 5027 iterum
2927 4974 3111 5029 ibidem
3130 4993 3327 5036 excusa
3352 4982 3512 5041 1491.

1937 5068 2213 5122 Posterior
2259 5066 2459 5122 Veneta
2504 5068 2743 5124 editione
2774 5084 2878 5123 non
2921 5082 3106 5136 parum
3152 5074 3363 5129 auctior
3407 5085 3513 5140 est.

1934 5159 2059 5215 licet
2080 5160 2221 5215 ultra
2253 5159 2524 5215 dimidiam
2556 5170 2763 5229 partem
2793 5178 2913 5217 cum
2937 5163 3122 5219 eadem
3147 5166 3360 5236 egregie
3385 5181 3514 5222 cm.-

1932 5253 2140 5321 cordet,
2169 5254 2305 5310 adeo
2329 5266 2388 5311 ttt
2412 5256 2633 5313 difficile
2661 5258 2807 5312 dictu
2837 5259 2925 5324 sit,
2955 5268 3135 5314 utrum
3166 5260 3411 5331 veSIigiis
3446 5262 3511 5314 il-

1933 5344 2036 5400 lius
2065 5344 2342 5414 institerit,
2373 5362 2438 5402 an
2466 5348 2678 5417 incepto
2706 5350 2862 5418 plane
2891 5349 3111 5407 diverso
3128 5349 3198 5405 sit
3225 5350 3509 5409 adornata.

2006 5501 2078 5571 (ω
2114 5502 2191 5557 De
2220 5503 2547 5570 imperatore
2577 5502 2769 5558 Carolo
2802 5504 2866 5567 V,
2911 5504 3068 5569 hujus
3099 5506 3334 5561 nominis
3363 5506 3504 5562 idem

1930 5587 2176 5645 narrasse
2224 5575 2433 5645 Gallum
2483 5575 2766 5641 qucmtlam
2809 5575 2859 5628 itt
2908 5574 3240 5645 Epltemerid.
3290 5575 3501 5633 Erudit.

1929 5640 2176 5700 (Journal
2204 5644 2291 5697 des
2325 5640 2657 5711 Satt.)1616,
2690 5647 2774 5700 15.
2817 5640 2995 5711 Μίιηξ,
3032 5648 3230 5701 alicubi
3276 5649 3328 5703 in
3360 5646 3500 5705 Bibl.

1928 5711 2106 5765 Colon.
2147 5713 2288 5766 Eccl.
2324 5714 2563 5783 legimus.
3069 5747 3075 5753 -

3068 5806 3105 5868 ‘2
