4010 6350
534 291 603 349 43
1411 292 1962 352 SUPPLEMENTUM
2001 296 2093 351 AD
2131 296 2357 354 OPERA
2401 300 2456 355 S.
2499 300 2890 360 AUGUSTINI.
3702 312 3764 367 44

532 405 769 473 Utraque
798 412 973 457 tamen
1004 401 1129 457 talia
1172 400 1549 472 complectitur
1597 417 1787 473 opera,
1832 422 1951 474 quze
1990 421 2094 461 non
2126 411 2173 469 A
2202 410 2554 479 recognitum,
2576 414 2668 467 sed
2687 412 3079 469 commentario
3108 413 3326 485 insuper
3352 417 3659 491 illustravit,
3683 426 3762 479 cui

527 512 719 569 magna
747 496 1035 551 voluminis
1053 498 1194 552 mole
1214 492 1485 563 constant,
1511 507 1657 552 certe
1676 512 1779 552 non
1803 498 2093 567 prolixiora

527 588 677 646 libris
719 591 784 645 de
831 589 1080 645 Doctrina
1107 591 1429 658 Christiana,
1481 591 1639 660 idque
1690 591 1792 645 hoc
1832 592 2096 661 imprimis

527 692 799 751 respectu,
832 682 975 752 quod
1000 682 1092 736 illa
1126 682 1211 736 vel
1248 683 1473 736 seorsim
1497 682 1608 751 jam
1638 690 1969 750 prostarent,
1999 698 2092 738 ve-

525 773 623 827 luti
663 772 725 827 de
775 773 985 828 Civitate
1026 773 1145 840 Dei,
1190 773 1251 825 de
1295 772 1567 838 Trinitate,
1601 772 2001 827 Enarrationum
2041 774 2092 828 in

524 862 767 919 Psalmos
798 863 940 923 libri.
976 863 1061 918 vel
1093 862 1424 934 peculiarem
1458 865 1559 919 sibi
1598 880 1827 935 quaeque
1859 866 2095 934 postula-

524 965 644 1010 rent
682 970 925 1025 operam,
962 957 1174 1026 qualem
1222 957 1521 1026 contigisse
1556 957 1718 1012 etiam
1764 956 2013 1026 Epistolis
2041 968 2093 1012 et

525 1046 851 1101 Sermonibus
882 1046 1135 1102 vidimus.
1182 1047 1380 1101 Eadem
1425 1047 1649 1101 fortasse
1693 1048 1893 1101 Veneta
1931 1048 2095 1102 editio

524 1139 794 1207 rescripta
824 1146 908 1193 est
936 1138 1121 1192 ibidem
1153 1138 1292 1207 apud
1320 1136 1532 1207 Dionys.
1568 1137 1901 1191 Berlholdum
1934 1138 2092 1201 1491,

522 1245 551 1282 a
602 1244 706 1298 qua
756 1229 956 1284 distant
1002 1228 1293 1297 editiones,
1357 1227 1650 1282 Parmensis
1703 1244 1797 1297 per
1846 1229 2094 1299 Angelum

524 1318 798 1389 Ugoletum
852 1330 908 1373 et
946 1319 1134 1373 Veneta
1166 1335 1264 1388 per
1290 1318 1616 1387 Pelegrinum
1644 1320 1705 1372 de
1734 1318 2093 1389 Pasqualibns,

522 1422 752 1480 utraque
780 1426 831 1464 a.
866 1410 1022 1477 1491,
1053 1425 1185 1479 quas
1226 1411 1417 1478 opinor
1447 1410 1753 1479 exemplum
1804 1411 2095 1479 prmbniSse

520 1501 742 1557 editioni
769 1500 954 1555 Jodoci
980 1501 1135 1555 Badii
1164 1501 1412 1567 Ascensii,
1445 1517 1663 1556 excusa:
1696 1500 1914 1555 Parisiis
1956 1502 2094 1555 152‘0

520 1591 661 1660 apud
686 1592 775 1644 Jo.
809 1590 1040 1645 Parvum
1066 1599 1121 1645 et
1143 1590 1398 1645 adhibita:
1440 1590 1727 1660 diligenter
1766 1606 1795 1645 a
1842 1590 2093 1644 Patribus

517 1680 796 1737 Maurinis.
839 1680 949 1736 Nec
995 1681 1212 1736 silentio
1254 1682 1685 1750 praetereundum
1709 1692 1792 1736 est
1819 1682 2095 1752 singulare

2198 514 2381 565 parem
2413 501 2661 557 ubertate
2686 513 2740 558 et
2769 505 3034 575 elegantia
3072 506 3125 562 in
3161 508 3271 563 ullo
3296 510 3474 579 prisco
3502 514 3763 584 scriptore

2198 605 2264 645 ne
2287 592 2399 645 Itali
2420 592 2635 661 quidem
2660 596 2937 662 viderant;
2971 606 3260 669 tantusque
3285 617 3311 654 a
3336 605 3547 659 cunctis
3571 607 3670 660 aevi
3696 609 3763 663 is-

2196 682 2302 735 tius
2352 683 2656 740 litterarum
2705 688 3039 743 amatoribus
3079 688 3253 745 honos
3300 691 3511 748 habitus
3552 695 3672 761 fuit,
3712 706 3764 751 ut

2196 770 2454 827 Erasmus
2478 788 2623 828 novo
2663 775 2715 830 in
2756 776 2857 833 hoc
2886 792 3050 846 opere
3092 779 3275 834 labore
3312 787 3667 852 supersedere
3707 804 3764 843 se

2196 876 2357 929 posse
2382 862 2650 931 judicaret
2690 876 2972 938 totumque
3014 870 3067 924 in
3098 870 3390 926 editionem
3436 887 3586 927 suam
3635 878 3765 930 reei-

2195 960 2370 1019 peret.

2268 1043 2577 1100 Enssutms
2623 1058 2802 1103 autem
2832 1048 2923 1103 illa
2954 1053 3221 1123 recensio,
3262 1071 3381 1124 qua:
3411 1056 3539 1112 licet
3583 1057 3766 1112 diver—

2196 1132 2429 1200 sissima,
2467 1150 2565 1202 pro
2613 1152 2790 1203 more,
2825 1140 3164 1208 experiretur
3205 1144 3427 1215 judicia,
3474 1147 3650 1201 studia
3691 1157 3767 1202 ta«

2198 1240 2319 1280 men
2364 1227 2415 1280 in
2465 1229 2567 1281 hoc
2596 1244 2794 1298 genere
2843 1231 3159 1289 incredibile
3202 1245 3458 1303 quantum
3499 1238 3759 1293 accendit.

2195 1316 2491 1374 Consilium
2520 1323 2624 1376 soli
2671 1322 2940 1378 Frobenio
2965 1323 3212 1393 debetur,
3244 1329 3331 1396 qui
3376 1329 3539 1385 nullis
3580 1330 3680 1384 bac
3711 1332 3762 1385 in

2196 1421 2256 1462 re
2286 1411 2589 1478 sumptibus
2621 1414 2859 1480 pepercit
2896 1422 2950 1468 et
2979 1414 3080 1471 hoe
3112 1417 3335 1474 nomine
3365 1428 3570 1474 tantum
3602 1422 3762 1476 vitam

2195 1496 2299 1551 sibi
2339 1497 2558 1566 produci
2604 1514 2633 1553 a
2677 1516 2889 1556 summo
2919 1504 3141 1559 numine
3174 1506 3415 1574 optabat,
3461 1517 3520 1563 ut
3555 1510 3671 1565 hazc
3698 1512 3764 1566 ad

2196 1588 2397 1641 exitum
2425 1590 2679 1658 perducta
2703 1592 2929 1648 videret.
2954 1593 3061 1650 Sed
3088 1597 3200 1650 voti
3226 1597 3386 1665 hujus
3413 1614 3636 1669 compos
3657 1617 3763 1655 non

2195 1675 2368 1733 factus
2412 1686 2517 1745 est,
2568 1689 2743 1737 morte
2790 1693 3087 1753 praereptus
3127 1699 3249 1741 cum
3291 1689 3378 1742 vix
3416 1688 3523 1744 duo
3560 1691 3765 1758 priores

517 1772 759 1842 ejusdem
786 1771 974 1826 Jodoci
1014 1771 1166 1826 Badii
1204 1783 1257 1827 et
1280 1774 1548 1844 Augustini
1578 1774 1640 1827 de
1660 1774 1945 1845 Ratispona
1962 1789 2094 1830 con-
2124 1766 2171 1825 B
2200 1772 2326 1826 tomi
2371 1771 2605 1828 absoluti
2633 1784 2834 1831 essent.
2872 1776 3102 1832 Dederat
3138 1790 3315 1835 autem
3357 1780 3614 1836 Frobenii
3647 1797 3765 1852 pre-

517 1864 696 1919 silium
730 1862 783 1918 in
808 1863 1129 1933 colligendis
1157 1864 1493 1935 edendisque
1524 1880 1618 1919 sua
1641 1880 1804 1935 opera
1829 1866 2090 1921 correctis

518 1952 753 2009 diversis
808 1953 1166 2019 Qua‘stionum
1211 1955 1486 2024 Augustini
1534 1956 1695 2009 libris.
1747 1956 1955 2010 Prodiit
1987 1955 2091 2011 hoc

517 2058 652 2113 Opus
683 2059 735 2098 a.
776 2044 934 2099 1497.
978 2044 1219 2115 Lugduni
1240 2060 1334 2115 per
1368 2045 1456 2099 Jo.
1480 2046 1738 2102 Trechset.
1767 2048 1945 2117 in-fol.
1977 2047 2091 2104 exi-

516 2139 623 2190 mia
655 2135 922 2191 industria
951 2143 1005 2191 et
1034 2136 1203 2190 multo
1235 2151 1357 2191 cum
1383 2137 1590 2206 judicio
1619 2138 1962 2194 instructum.

582 2228 676 2283 His
706 2227 925 2283 tandem
957 2228 1205 2283 omnibus
1248 2231 1567 2299 praeparatis
1602 2227 1689 2283 Jo.
1728 2228 2092 2284 Amerbachius

514 2321 584 2375 de
612 2322 759 2376 omni
789 2336 849 2376 re
868 2321 1132 2377 litteraria
1155 2332 1210 2378 et
1232 2322 1495 2391 imprimis
1515 2320 1902 2376 ecclesiasticis
1919 2320 2091 2390 scrip-

514 2412 724 2468 toribus
754 2412 959 2468 Latinis
1000 2413 1412 2479 meritissimus,
1446 2429 1551 2467 non
1594 2425 1651 2466 ut.
1678 2413 1910 2467 aliorum
1949 2412 2090 2467 frue-

513 2514 668 2559 retur
695 2503 1001 2574 diligentia,
1026 2519 1150 2559 nam
1174 2519 1269 2559 sua
1308 2505 1475 2574 ipsius
1505 2504 1607 2559 huc
1630 2503 1969 2573 potissimum
1995 2503 2091 2559 ad-

513 2596 673 2649 ducta
704 2610 792 2651 res
819 2605 960 2664 erat,
986 2596 1083 2651 sed
1111 2611 1179 2652 ne
1212 2596 1560 2652 incrementis
1597 2596 1921 2661 litterarum,
1967 2610 2087 2665 qua:

513 2694 720 2742 matura
757 2687 1100 2756 videbantur,
1124 2688 1358 2755 deesset,
1410 2688 1697 2743 consilium
1739 2690 2089 2743 universorum

511 2780 783 2849 Augustini
808 2795 1019 2849 aperum
1067 2796 1156 2850 per
1183 2789 1354 2851 partes
1382 2780 1697 2833 edendorum
1736 2779 1903 2849 cepit.
1948 2780 2089 2835 Con-

511 2870 639 2926 fecit
686 2870 852 2940 igitur
898 2870 971 2926 XI
1011 2871 1310 2935 volumina,
1369 2886 1595 2940 quorum
1641 2882 1765 2925 octo
1820 2871 2089 2940 prioribus

513 2961 693 3017 omnia
733 2962 901 3033 ipsius
930 2964 1130 3031 scripta
1172 2962 1364 3016 ordine
1392 2961 1781 3032 chronologico
1817 2963 1883 3019 ad
1926 2962 2085 3018 tidem

512 3053 971 3110 Retractationum
993 3056 1108 3123 ejus
1130 3053 1396 3125 disposuit
1414 3054 1727 3125 addiditque
1751 3057 1920 3110 tribus
1941 3056 2086 3110 insu-

2189 1863 2342 1918 eibus
2372 1864 2649 1932 Erasmus,
2694 1877 2751 1922 ut
2780 1881 2938 1937 opus,
2970 1869 3125 1940 cujus
3170 1873 3381 1926 nonnisi
3415 1882 3620 1941 partem
3654 1876 3766 1929 exi-

2189 1970 2347 2025 guam
2376 1955 2428 2011 in
2454 1971 2514 2012 se
2536 1960 2850 2028 recepisset,
2877 1975 3000 2016 cum
3030 1962 3362 2032 proﬂigando
3400 1980 3560 2020 nemo
3582 1980 3765 2021 succe-

2190 2047 2319 2101 dere
2344 2046 2532 2113 vellet,
2563 2055 2732 2104 totum
2758 2050 2975 2106 tandem
3002 2054 3320 2120 sustineret,
3342 2069 3517 2124 eoque
3550 2066 3765 2110 mortuo

2190 2135 2323 2190 ﬁliis
2345 2136 2463 2206 ejus
2495 2136 2637 2192 idem
2666 2139 2989 2210 obsequium
3031 2143 3397 2211 praestandum
3438 2159 3562 2200 esse
3587 2144 3763 2199 duxit.

2188 2227 2313 2283 Tria
2338 2229 2499 2298 igitur
2527 2230 2581 2284 in
2612 2231 2714 2286 hac
2742 2232 2980 2288 editione
3011 2235 3282 2289 feneratus
3304 2247 3385 2291 est
3412 2236 3502 2292 hic
3532 2238 3763 2307 scriptor

2190 2333 2447 2389 perquam
2487 2336 2678 2391 magna
2709 2322 2777 2376 ad
2814 2325 3241 2392 promovendum
3288 2327 3462 2396 ipsius
3504 2329 3761 2384 studium.

2190 2408 2425 2463 Primum
2454 2410 2771 2466 munditiem
2807 2426 2837 2465 a
2864 2413 3269 2471 characteribus
3297 2428 3351 2471 et
3380 2420 3584 2475 chartis
3612 2420 3765 2490 etju-

2189 2508 2331 2555 stum
2363 2501 2585 2572 aliquod
2614 2502 2781 2559 decus
2822 2504 2877 2559 in
2920 2514 3034 2560 toto
3067 2507 3251 2562 habitu
3284 2523 3346 2564 ac
3375 2509 3763 2577 descriptione.

2189 2589 2245 2645 In
2282 2590 2728 2647 Amerbachianis
2770 2594 2913 2649 enim
2946 2594 3251 2664 impressis,
3298 2608 3357 2652 ut
3385 2601 3588 2654 nemini
3618 2601 3765 2671 igno-

2190 2689 2301 2736 tum
2341 2696 2462 2737 esse
2495 2690 2693 2753 potest,
2728 2684 3010 2741 liberalior
3047 2686 3226 2741 cultus
3269 2690 3464 2743 merito
3487 2690 3766 2746 desidera-

2190 2781 2296 2838 tur,
2331 2772 2457 2827 dum
2488 2774 2682 2843 partim
2726 2774 2921 2831 littera:
2953 2776 3020 2831 ad
3067 2786 3342 2847 aspectum
3376 2779 3599 2850 ingratae
3642 2792 3766 2835 sunt

2188 2864 2466 2930 adhibitae,
2489 2866 2682 2936 partim
2708 2866 2893 2922 charta
2915 2868 3067 2925 adest
3088 2870 3308 2926 crudior
3327 2881 3381 2926 et
3409 2874 3591 2927 omnia
3612 2873 3766 2928 deni-

2186 2970 2292 3024 que
2323 2956 2529 3025 paginae
2559 2959 2735 3026 spatia
2766 2958 2905 3013 adeo
2947 2969 3074 3014 sunt
3112 2961 3351 3030 oppleta,
3384 2970 3443 3017 ut
3490 2963 3766 3018 sordidum

2188 3059 2324 3114 pene
2381 3047 2433 3100 in
2483 3061 2548 3101 eo
2600 3061 2660 3103 se
2707 3048 3008 3117 praebuisse
3064 3051 3480 3107 Amerbachium
3537 3052 3761 3108 dixeris.

513 3160 634 3216 per,
662 3162 746 3214 ea,
781 3161 901 3217 quae,
932 3146 985 3200 ῑι,
1020 3118 1522 3201 pandationibus
1554 3118 1652 3200 vel.
1676 3146 1877 3200 omissa
1906 3154 2083 3212 eram,
2114 3118 2157 3177 Ο
2195 3136 2396 3191 Deinde
2420 3138 2623 3208 integra
2655 3140 2887 3207 primum
2917 3140 3139 3197 exhibet
3169 3143 3337 3213 ipsius
3367 3159 3553 3213 opera.
3584 3144 3765 3201 Tertia

512 3238 598 3298 vel
638 3239 817 3294 serius
860 3238 1161 3293 elaborata.
1208 3237 1378 3294 Simul
1416 3254 1549 3294 vero
1597 3252 1664 3292 ne
1695 3238 1867 3292 mnles
1908 3238 1959 3290 in
1984 3237 2085 3290 im-

512 3337 1057 3395 mensumgcresccret
1097 3338 1152 3384 et
1179 3328 1323 3399 quod
1376 3328 1702 3398 exemplaria
1748 3327 1888 3381 haud
1925 3327 2086 3381 dubie

511 3430 888 3493 superessent,
948 3421 1216 3477 rationem
1257 3420 1449 3475 habuit
1494 3434 1704 3487 eorum,
1752 3434 1874 3489 quae
1925 3427 2085 3473 antea

510 3515 739 3571 seorsim
765 3529 832 3570 ex
849 3529 941 3568 sua
963 3514 1180 3570 officina
1198 3514 1516 3585 protulerat,
1551 3512 1933 3583 Epistolasque,
1965 3511 2087 3567 Ser-

512 3624 684 3662 mones
710 3617 764 3662 et
813 3606 1188 3662 Enarrationes
1225 3606 1279 3659 in
1308 3606 1544 3659 Psalmos
1583 3606 1652 3657 ab
1692 3603 1795 3658 hac
1841 3603 2085 3658 editiOne

509 3698 768 3769 sejunxit.
829 3697 1036 3753 Prodiit
1086 3697 1204 3753 lucc
1257 3696 1690 3752 Amerbachiana
1758 3694 1975 3749 Basiten:
2030 3708 2082 3751 a.

509 3790 670 3857 1506,
701 3798 758 3846 ct
796 3791 1006 3860 magnis
1042 3790 1308 3856 omnium,
1340 3789 1429 3859 qui
1486 3788 1649 3847 hasce
1683 3788 1892 3871 litteras
1932 3802 2082 3841 ama-

508 3880 659 3950 bant,
699 3882 979 3952 plausibus
1019 3881 1115 3937 fuit
1142 3890 1386 3952 accepta,
1433 3896 1622 3937 recusa
1649 3882 1814 3937 etiam
1863 3879 2083 3933 Parisiis

508 3989 560 4030 a.
593 3974 748 4031 1515.
779 3976 997 4030 Videtur
1037 3986 1219 4030 autem
1266 3977 1381 4030 haec
1407 3974 1576 4030 editio
1624 3975 1781 4044 plene
1826 3972 2083 4028 omnibus

507 4066 795 4122 desideriis
822 4067 1171 4123 satisfecisse.
1203 4066 1338 4121 Nam
1367 4066 1435 4121 ad
1465 4081 1664 4121 annum
1706 4080 1874 4135 usque
1918 4064 2076 4129 1529,

508 4174 614 4215 non
642 4159 815 4213 solum
847 4158 982 4213 nihil
1015 4158 1324 4213 innovatum
1354 4167 1437 4213 est
1458 4158 1512 4211 in
1542 4156 1887 4212 Amerbachii
1920 4157 2079 4211 insti-

508 4260 646 4320 tuto,
684 4252 779 4306 sed
806 4252 1121 4322 singulatim
1160 4252 1321 4305 etiam
1345 4250 1504 4320 pauci
1542 4248 1815 4319 iidemque
1843 4249 2080 4305 minores

507 4345 788 4414 Augustini
831 4343 998 4397 libelli
1041 4343 1143 4397 hoc
1186 4340 1476 4396 intervallo
1521 4341 1803 4410 temporis,
1855 4340 2081 4395 Colonia:

508 4437 775 4506 imprimis
805 4435 961 4501 1527,
986 4434 1050 4489 de
1089 4434 1336 4487 Doctrina
1369 4432 1684 4499 Christiana,
1713 4433 1776 4487 de
1801 4433 2003 4504 Spiritu
2033 4441 2079 4487 et

506 4529 737 4594 Littera;
784 4528 945 4591 1528,
973 4527 1035 4579 de
1079 4525 1209 4579 Fide
1257 4535 1303 4579 et
1344 4524 1618 4592 Operibus,
1666 4525 1730 4577 de
1777 4522 1985 4578 Natura
2034 4533 2081 4577 et

507 4618 717 4685 Gratia,
750 4628 858 4674 etc.
896 4618 1026 4673 Item
1079 4618 1323 4688 Augusta:
1375 4616 1759 4671 Vindelicorum
1808 4614 1967 4681 1523,
2018 4615 2081 4669 de

506 4709 642 4765 Fide
684 4720 731 4765 et
781 4708 1030 4780 Operibus
1072 4716 1128 4762 et
1159 4706 1495 4761 Encltiridion
1525 4709 1593 4760 ad
1640 4707 1993 4773 Laurentium,
2027 4716 2080 4760 et

506 4800 862 4871 Norimberga:
898 4799 1150 4867 denique,
1189 4798 1355 4852 veluti
1386 4814 1437 4850 a.
1480 4799 1634 4863 1524,
1676 4797 1744 4853 de
1779 4797 1984 4853 Natura
2031 4807 2079 4851 et

505 4892 710 4958 Gratia,
733 4890 971 4961 evulgati
991 4896 1138 4954 sunt,
1166 4890 1359 4959 quibus
1385 4891 1635 4944 omnibus
1666 4899 1840 4946 textus
1866 4891 2076 4960 Augus-

505 4984 601 5037 tini
633 4981 767 5036 nihil
798 4980 1117 5036 incrementi
1144 4981 1306 5048 cepit.
1343 4980 1518 5034 Tanto
1552 4979 1834 5050 benignior
1862 4983 2072 5037 fortuna

504 5073 557 5127 in
583 5071 751 5127 libros
776 5071 841 5124 de
866 5071 1084 5125 Civitate
1114 5069 1213 5123 Dei
1247 5070 1426 5124 omnia
1474 5070 1784 5136 cumulavit,
1819 5086 1941 5141 qua:
1981 5089 2076 5141 per

504 5163 660 5217 istam
687 5169 899 5215 :etatem
930 5175 957 5212 a
988 5159 1273 5214 doctorum
1300 5158 1574 5213 hominum
1602 5159 1822 5229 ingenio
1848 5176 1911 5214 ac
1948 5161 2072 5215 dili-

501 5250 682 5322 gentia
710 5251 762 5305 in
784 5249 1094 5307 exornando
1126 5249 1263 5304 libro
1285 5249 1451 5303 veteri
1481 5251 1778 5318 exspectari
1806 5259 2073 5320 poterant,

500 5343 767 5413 siquidem
790 5343 879 5397 .fo.
913 5342 1208 5396 Ludovicus
1264 5341 1411 5396 Vives
1448 5342 1749 5396 litterarum
1782 5343 2076 5412 elegantio—

499 5448 620 5491 rum
651 5434 707 5489 in
732 5434 985 5503 Hispania
1021 5440 1077 5487 et
1107 5432 1290 5503 Belgio
1318 5440 1490 5487 stator
1516 5440 1571 5487 et
1608 5432 1825 5499 vindex,
1867 5434 1918 5487 in
1956 5433 2073 5489 edi-

500 5526 648 5581 tione
674 5525 959 5580 Basileensi
988 5524 1130 5595 apud
1161 5522 1499 5592 Frobenium,
1534 5538 1643 5578 non
1682 5525 1841 5579 modo
1871 5533 2072 5580 textum

500 5632 572 5673 ex
593 5616 869 5673 codicibus
887 5631 1014 5672 mss.
1034 5616 1099 5671 ad
1121 5631 1346 5685 quorum
1366 5630 1518 5671 usum
1542 5630 1785 5685 magnam
1808 5616 2073 5670 sermonis

500 5707 674 5773 Latini
702 5717 754 5763 et
781 5706 978 5775 priscae
996 5705 1255 5761 doctrinae
1281 5705 1585 5761 facultatem
1619 5704 1893 5771 afferebat,
1926 5704 2073 5760 dedit

2187 3225 2416 3296 denique
2442 3227 2542 3284 dos
2570 3228 2668 3283 fuit
2694 3238 2875 3285 textus
2902 3240 3183 3287 correctus
3220 3249 3251 3287 a
3279 3234 3425 3290 vitiis
3464 3234 3766 3290 innumeris

2186 3334 2252 3374 ex
2281 3321 2634 3390 grammatico
2681 3323 3023 3392 potissimum
3064 3340 3287 3396 genere,
3328 3338 3383 3384 et
3429 3329 3518 3395 iis,
3548 3345 3675 3399 quae
3698 3332 3767 3385 ab

2188 3411 2488 3481 ignorantia
2518 3414 2858 3485 antiquitatis
2891 3426 2949 3471 et
2985 3416 3251 3473 doctrinae
3292 3422 3498 3477 veteris
3529 3432 3648 3478 orta
3682 3425 3763 3477 vi-

2184 3503 2300 3558 deri
2341 3514 2617 3574 poterant,
2652 3516 2761 3562 tum
2816 3523 2954 3564 nova
3001 3512 3219 3580 partitio
3244 3523 3298 3568 et
3322 3513 3525 3582 judicia
3573 3504 3642 3570 de
3673 3516 3764 3579 iis,

2184 3608 2301 3664 quae
2331 3604 2422 3649 aut
2446 3598 2667 3652 omnino
2692 3612 2801 3654 non
2830 3599 3061 3669 genuina
3095 3610 3302 3669 essent,
3338 3612 3431 3658 aut
3459 3604 3653 3660 saltem
3678 3606 3764 3660 vi-

2182 3685 2442 3743 derentur
2473 3688 2657 3745 dubia.

2252 3777 2460 3847 Saepius
2484 3790 2660 3839 autem
2689 3781 2877 3836 iterata
2916 3791 2971 3837 et
3015 3783 3312 3842 identidem
3350 3793 3506 3840 aucta
3537 3794 3619 3841 est
3647 3786 3767 3841 hmo

2183 3866 2369 3923 editio.
2398 3868 2489 3925 Sic
2520 3885 2625 3925 non
2657 3873 3068 3930 contemnendis
3100 3874 3409 3929 Serntonum
3438 3876 3765 3931 accessioni-

2128 3976 2135 3979 '
2182 3959 2281 4015 bus
2302 3960 2620 4031 locupletata
2644 3972 2727 4018 est
2760 3963 2986 4019 Parisiis
3012 3965 3160 4033 apud
3178 3965 3571 4021 Cheuallonium
3597 3966 3766 4022 1551-

2182 4051 2270 4118 52,
2301 4060 2355 4107 et
2380 4053 2568 4107 ibidem
2597 4055 2738 4124 apud
2764 4055 3007 4111 Carolum
3035 4055 3277 4111 Guilford
3306 4057 3467 4124 1541,
3503 4073 3602 4112 nec
3650 4072 3762 4112 non

2183 4143 2236 4199 in
2266 4144 2490 4215 singulis
2510 4145 2885 4201 Basileensium
2914 4148 3350 4217 repetitionibus,
3382 4164 3577 4218 nempe
3596 4149 3766 4203 1511-

2181 4233 2270 4305 45,
2299 4236 2385 4291 cui
2425 4238 2697 4307 suppetias
2727 4238 2845 4292 tulit
2880 4238 3149 4293 Martinus
3176 4240 3433 4311 Lgpsius;
3458 4240 3616 4306 1556,
3664 4256 3765 4294 cu-

2182 4334 2335 4381 rante
2363 4325 2567 4381 Joanne
2600 4327 2864 4394 Costerio;
2905 4338 2959 4384 et
2991 4330 3151 4393 1569,
3184 4345 3308 4400 qua!
3340 4330 3526 4384 ultima
3556 4328 3764 4384 Frobe-

2186 4418 2345 4473 niana
2371 4419 2469 4474 fuit
2501 4421 2907 4475 absolutissima
2951 4428 3005 4476 et
3033 4421 3354 4477 nitidissima
3395 4422 3659 4488 omnium,
3692 4420 3754 4476 in

2185 4527 2344 4582 quam
2381 4514 2541 4568 etiam
2588 4512 2861 4568 Sermones
2909 4513 3009 4582 illi,
3060 4528 3196 4585 quos
3240 4514 3469 4581 primum
3514 4528 3584 4569 ex
3623 4527 3762 4568 mss.

2181 4602 2457 4658 codicibus
2494 4602 2678 4659 eduxit
2704 4613 2757 4657 et
2785 4602 3001 4657 Lovanii
3029 4619 3082 4660 a.
3111 4603 3249 4659 1564
3275 4604 3569 4674 publicavit
3594 4602 3767 4657 Joan-

2182 4712 2268 4751 nes
2301 4695 2647 4761 Vlimmerius,
2688 4697 3004 4766 tnigrarunt.
3050 4696 3217 4752 Porro
3248 4710 3441 4751 recusa
3472 4704 3555 4751 est
3592 4696 3763 4751 etiam

2180 4786 2420 4856 Lugduni
2461 4785 2694 4841 1561-65
2736 4788 2882 4842 in-8°
2921 4797 2975 4841 et
3015 4786 3237 4840 Parisiis
3283 4785 3415 4840 1571
3451 4785 3655 4847 iu-fol..
3704 4796 3766 4841 et

2183 4879 2416 4948 impuras
2477 4877 2637 4932 etiam
2708 4876 3017 4931 Venetorum
3062 4866 3497 4945 'bibliopolarum
3564 4890 3766 4930 manus

2181 4983 2334 5038 passa
2380 4984 2431 5023 a.
2463 4969 2619 5033 1545,
2663 4968 2822 5037 1552,
2855 4969 2995 5024 1570
3034 4982 3090 5024 et
3118 4969 3275 5024 1584.
3312 4968 3583 5023 Cteterum
3618 4968 3766 5023 Era-

2180 5060 2441 5116 smianam
2473 5060 2842 5116 recensionem
2882 5069 3207 5130 sequuntur,
3234 5070 3496 5131 quotquot
3534 5062 3602 5115 ab
3635 5060 3765 5129 ejus

2180 5154 2420 5208 editione
2455 5153 2682 5207 diversis
2728 5153 2781 5207 in
2814 5153 2948 5208 locis
2978 5152 3208 5208 seorsim
3256 5152 3441 5207 excusi
3474 5161 3601 5207 sunt
3640 5153 3766 5207 Au-

2180 5246 2467 5313 gustiniani
2495 5245 2683 5313 libelli,
2717 5260 2944 5316 quorum
2985 5244 3129 5301 haud
3161 5247 3388 5316 exiguus
3408 5245 3632 5315 quidem
3657 5261 3766 5299 nu-

2183 5348 2363 5390 merus
2392 5334 2511 5398 fuit,
2543 5336 2639 5391 sed
2671 5337 2804 5392 nihil
2830 5337 2987 5392 exiis
3012 5337 3296 5407 Augustini
3326 5336 3485 5391 lectio
3512 5334 3648 5390 lucri
3673 5334 3765 5389 fe.-

2180 5426 2275 5481 eit.
2298 5426 2635 5497 Frequenter
2664 5427 2931 5496 imprimis
2958 5427 3214 5483 lectitatis:
3241 5441 3364 5483 esse
3394 5426 3591 5482 debent
3614 5426 3764 5481 Con-

2179 5521 2442 5591 fessiones,
2475 5535 2595 5590 qua:
2638 5521 2864 5575 Colonia:
2900 5520 3033 5576 1551
3077 5528 3136 5577 ct
3173 5520 3331 5584 1569,
3362 5520 3581 5575 Louanii
3616 5522 3766 5577 1565

2178 5620 2235 5665 et
2274 5610 2431 5676 1571,
2475 5610 2775 5680 Antuerpiw
2815 5612 2951 5665 1567
2982 5621 3036 5667 et
3080 5611 3220 5667 1568
3258 5610 3545 5681 descriptae
3593 5619 3760 5674 sunt;

2180 5702 2307 5757 item
2327 5703 2458 5758 liber
2479 5703 2540 5757 de
2561 5694 2760 5771 Spiritu
2784 5712 2831 5756 et
2855 5702 3053 5757 Littera
3078 5717 3306 5759 cscusus
3332 5702 3569 5771 Parisiis,
3590 5696 3757 5767 1558,
