4010 6350
267 299 327 355 15
1140 290 1414 347 ΝΟΤΙἹΊᾹ
1458 286 1819 346 ΙΛΤΤΕΠᾹΙΗ

1922 285 1979 341 ΙΝ
2017 286 2073 341 S.
2116 285 2583 343 AUGUSTINUM.
3368 352 3374 357 _
3439 294 3508 349 66

266 408 567 479 Witeberga:
595 404 754 470 1541,
795 404 1088 473 Antuerpia:
1116 406 1284 469 1568;
1316 406 1379 459 de
1409 404 1539 458 Fide
1564 415 1611 458 et
1645 402 1827 473 Operi-
1854 405 1903 458 Α
1930 400 2058 467 furti
2090 397 2254 464 1621»;
2296 398 2584 470 Hamburgi
2620 398 2785 463 1661;
2830 400 2894 453 de
2933 400 3180 455 Doctrina
3208 402 3503 464 Christiana

263 501 348 554 bus
382 499 593 552 Parisiis
617 497 775 563 1554,
805 495 1031 549 Colonia:
1051 493 1208 559 1552,
1240 494 1532 565 Antuerpia:
1563 492 1732 553 1568;
1765 490 1828 542 de

260 589 513 642 Consensu
559 593 791 655 quatuor
833 583 1277 654 Evangelistarum
1322 583 1536 636 Parisiis
1575 580 1733 645 1558,
1773 587 1828 633 et

260 677 483 743 Coloniw
519 677 687 741 1559;
728 676 792 730 de
833 673 973 730 Cura
1022 690 1116 744 pro
1162 674 1378 727 mortuis
1406 673 1629 743 gerenda
1673 670 1827 723 Pari-

257 769 340 821 siis
369 766 547 833 1545;
589 767 651 819 de
691 766 877 820 Libero
905 766 1144 828 arbitrio,
1189 765 1250 818 de
1280 763 1745 817 Prtedestinatione
1777 772 1828 815 et

256 858 435 913 Gratia
477 857 710 912 Colonia:
754 856 928 921 1568;
958 858 1020 910 de
1052 855 1262 909 Natura
1304 864 1350 908 et
1379 852 1560 907 Gratia
1605 852 1829 905 Antuer-

255 949 348 1017 pii:
376 948 550 1013 1568;
578 948 642 1003 de
665 947 917 1001 Doctrina
940 945 1240 1001 Christiana
1276 943 1500 998 Venetiis
1523 943 1692 1006 1554;
1720 940 1829 994 En-

253 1041 501 1094 chiridion
548 1041 616 1093 ad
669 1039 1007 1093 Laurentium
1053 1036 1285 1092 Colonia:
1328 1035 1504 1099 1552;
1557 1036 1684 1087 item
1732 1047 1826 1100 per

253 1132 574 1186 Lambertum
597 1129 851 1184 Demeam
901 1128 1116 1183 Genevaz
1149 1128 1310 1189 1575,
1334 1141 1454 1180 cum
1483 1126 1824 1178 Commenta-

251 1225 328 1278 rio
355 1223 590 1290 repetito
622 1221 819 1275 ibidem
856 1220 1016 1287 1579,
1047 1218 1207 1284 1585,
1236 1217 1390 1279 1597.
1424 1215 1568 1269 ldcm
1600 1214 1827 1268 Danteus

250 1328 388 1367 anno
418 1320 544 1382 post
579 1310 789 1365 addidit
816 1311 1010 1364 librum
1054 1310 1118 1361 de
1147 1305 1467 1371 Hmesibus,
1496 1304 1587 1373 qui
1628 1303 1826 1371 pariter

252 1404 513 1473 repetitus
544 1410 629 1456 est
663 1416 714 1454 a.
750 1401 910 1466 1578,
946 1398 1084 1454 1595
1122 1407 1175 1453 et
1206 1395 1362 1452 1595.
1399 1394 1635 1463 Denique
1667 1394 1825 1446 itcra-

252 1505 356 1550 tum
382 1509 598 1563 quoque
628 1493 690 1547 de
712 1492 931 1547 Civitate
957 1491 1050 1544 Dei
1077 1506 1209 1560 opus
1236 1504 1359 1544 cum
1386 1486 1475 1541 Jo.
1507 1486 1644 1540 Lnd.
1685 1484 1825 1539 Vivis

249 1584 608 1638 commentario
651 1583 871 1637 Parisiis
916 1582 1053 1637 1514
1100 1590 1154 1635 et
1194 1581 1365 1647 1555,
1418 1577 1640 1631 Basilea:
1686 1576 1824 1631 1555

248 1676 481 1733 θι15ῖο.

1928 489 2224 560 Antuerpia:
2251 490 2423 556 1601;
2455 491 2762 563 Witebergee
2790 491 2965 557 1604;
2999 493 3330 550 llelmestadit
3362 498 3502 556 1629

1928 593 1982 637 et
2013 581 2169 647 1655,
2206 598 2300 649 per
2321 583 2418 638 Ge.
2441 581 2743 650 Calicrtum;
2786 586 2849 638 de
2887 584 3094 639 Unitate
3116 585 3359 644 Ecclesia:
3384 589 3503 647 Mo-

1927 675 2118 745 guntia:
2157 674 2323 740 1602,
2368 690 2489 728 cum
2535 676 2677 729 notis
2726 672 2864 729 Iusti
2898 675 3128 741 Calcini,
3166 677 3503 734 llelmestadii

1929 762 2086 829 1657,
2120 779 2215 831 per
2252 762 2348 817 Ge.
2393 764 2687 827 Calixtum,‘
2718 766 2841 819 item
2875 766 3012 821 liber
3040 766 3104 817 de
3134 765 3371 822 Ulilitate
3397 786 3505 824 cre-

1926 857 2085 909 dendi
2113 871 2203 923 per
2233 859 2484 921 eumdem,
2517 857 2707 911 ibidem
2733 858 3002 926 eodemque
3027 875 3165 913 anno
3187 902 3201 926 ,
3234 869 3289 915 et
3314 871 3499 930 postea

1931 946 2142 999 Lovanii
2162 946 2326 1011 1680;
2356 950 2417 1000 de
2442 947 2762 1012 Ilwresibus,
2790 947 3132 1003 Helmestadii
3160 948 3326 1016 1621;
3359 952 3501 1006 0x0-

1926 1036 2027 1089 nia:
2056 1035 2220 1101 1651;
2261 1036 2594 1090 Ilelmestadii
2634 1037 2789 1100 1678,
2820 1054 2933 1090 cum
2964 1037 3144 1092 Danwi
3175 1056 3397 1106 comm.;
3441 1044 3503 1093 de

1925 1124 2061 1179 Fide
2097 1135 2143 1179 et
2195 1128 2433 1197 aperibus
2484 1126 2818 1197 Francofnrti
2860 1126 3025 1192 1652;
3066 1127 3405 1184 Enchiridion
3433 1132 3501 1183 ad

1924 1214 2255 1269 Laurentium
2278 1216 2585 1288 Witcberga:
2616 1216 2773 1282 1604;
2807 1218 3023 1271 Parisiis
3056 1218 3217 1285 1665;
3250 1219 3503 1289 Epistolas

1926 1305 2262 1375 Francofurti
2296 1306 2462 1372 1678,
2511 1308 2723 1362 selectae
2767 1306 2974 1361 Flexitc
3006 1309 3172 1375 1658,
3202 1320 3251 1363 et
3284 1309 3502 1363 Lovanii

1924 1394 2080 1448 1662.
2140 1396 2348 1451 Novam
2402 1397 2618 1465 quidem
2676 1395 3065 1465 Confessionum
3122 1399 3498 1453 rccensionem

1917 1483 2071 1551 juxta
2131 1486 2314 1555 plures
2374 1501 2507 1540 mss.
2554 1487 2823 1555 jactitavit
2870 1485 3128 1541 Henricus
3183 1487 3501 1543 Sommalius

1922 1578 2046 1631 Soc.
2077 1577 2129 1644 1,
2171 1594 2290 1647 qua:
2312 1577 2416 1632 dici
2446 1595 2550 1632 non
2584 1587 2788 1647 potest,
2824 1580 3037 1648 quoties
3068 1580 3333 1648 impressa
3357 1580 3429 1635 sit
3450 1594 3502 1634 ct

1920 1671 2151 1739 repetita
2181 1669 2449 1739 Lugduni,
2504 1670 2762 1735 Coloniw,
2807 1669 3010 1735 Duaci,
3058 1669 3312 1741 Dilingw,
3359 1680 3497 1736 etc.;

310 1767 418 1822 Sed
449 1781 586 1820 nova
615 1780 813 1834 repens
858 1763 1166 1834 Augustino
1212 1762 1304 1816 lux
1352 1761 1545 1816 oborta
1592 1769 1674 1814 est
1724 1773 1819 1827 per
1848 1752 1895 1812 B
1921 1762 2013 1816 sed
2045 1762 2182 1816 cuia
2213 1763 2412 1816 criticis
2434 1763 2685 1832 exiguum
2717 1763 2945 1832 pretium
2969 1772 3225 1818 statutum
3251 1774 3355 1819 est.
3378 1763 3487 1819 Nec

244 1858 532 1926 conjuncta
563 1856 945 1926 Theologormn
969 1852 1371 1909 Lovmtemuu
1398 1849 1577 1905 studia
1613 1848 1666 1903 in
1699 1848 1815 1903 edi-

246 1950 390 2003 tione
416 1949 646 2019 Operam
670 1948 841 2017 ipsius
859 1946 1153 2015 Antuerpia:
1174 1944 1314 2013 apud
1338 1941 1630 2009 ChristOph.
1657 1940 1819 1996 Plan-

245 2042 403 2093 tinum
443 2056 495 2093 a.
538 2040 699 2106 1577,
731 2040 801 2094 XI
833 2040 993 2094 tomis
1022 2037 1227 2104 iit-101.,
1261 2036 1473 2106 publice
1500 2035 1816 2104 proposita;

246 2134 296 2189 in
338 2151 445 2205 qua
485 2150 596 2190 non
637 2136 812 2189 solum
855 2133 1045 2187 critica
1077 2132 1338 2200 apertior,
1371 2130 1466 2185 sed
1500 2128 1817 2198 praeclarum

243 2226 404 2281 etiam
438 2226 564 2293 hoc,
597 2225 740 2295 quod
772 2224 955 2294 spuria
985 2223 1259 2292 dubiaque
1284 2235 1506 2291 prorsus
1536 2235 1565 2273 a
1596 2219 1820 2289 reliquis

243 2327 512 2387 separata,
544 2331 638 2371 sua
667 2316 864 2385 cuique
891 2324 1038 2370 tomo
1067 2314 1310 2382 subjecta
1334 2314 1459 2366 sint.
1496 2310 1564 2366 Ut
1589 2310 1723 2365 nihil
1744 2310 1820 2365 de

232 2409 807 2465 'animadversionihus
837 2409 1012 2463 dicam
1044 2408 1275 2477 aliisque
1313 2404 1645 2473 commodis,
1697 2417 1819 2473 qua:

245 2504 383 2560 nulla
411 2518 521 2559 non
553 2512 687 2559 aetas
716 2503 769 2558 in
800 2518 863 2558 ea
892 2516 1235 2571 summopere
1264 2500 1529 2569 probavit.
1562 2498 1817 2553 Certatim

243 2610 302 2650 ea
328 2609 591 2664 expressa
613 2603 697 2649 est
717 2603 770 2650 et
795 2595 1110 2663 plerumque
1133 2607 1253 2647 cum
1271 2590 1582 2646 accessione
1606 2588 1815 2658 aliqua:

247 2686 472 2740 Parisiis
516 2683 695 2750 1586;
737 2684 950 2739 Geneuaz
990 2681 1158 2746 1596;
1195 2681 1415 2735 Parisiis
1445 2678 1614 2745 1605,
1646 2677 1817 2743 1604,

247 2775 414 2832 1615-
434 2775 536 2841 1‹1›;
567 2775 798 2829 Coloniae
821 2771 986 2839 1616;
1031 2772 1251 2825 Parisiis
1282 2768 1440 2836 1626,
1470 2767 1628 2834 1655,
1659 2766 1817 2823 1652.

244 2868 482 2924 Subinde
503 2867 667 2924 etiam
697 2868 1039 2923 extrinsecus
1066 2874 1352 2935 augmenta
1384 2861 1630 2931 quaedam
1658 2862 1820 2917 allata

245 2969 388 3027 sunt,
412 2960 589 3017 veluti
612 2975 666 3015 a.
694 2959 857 3027 1611,
886 2973 1009 3013 cum
1048 2958 1277 3026 primum
1307 2956 1505 3010 librum
1544 2955 1609 3009 de
1652 2954 1822 3009 Cestis

246 3050 447 3122 Pelagii
484 3067 551 3107 ex
584 3051 771 3106 codice
802 3066 906 3105 ms.
948 3063 1011 3103 ex
1054 3047 1205 3103 Italia
1233 3046 1337 3102 sibi
1368 3046 1685 3101 transmisso
1714 3047 1821 3099 Au-

1922 1865 2053 1904 vero
2097 1852 2349 1905 momenti
2392 1852 2557 1906 ullius
2590 1864 2715 1907 sunt
2750 1853 2910 1907 varire
2950 1853 3062 1907 illte
3109 1855 3490 1925 opusculorum

1920 1948 2098 1993 contra
2146 1939 2458 2012 Pelagianos
2505 1942 2885 2008 collectiones,
2926 1943 3224 2013 cujusmodi
3281 1944 3501 2000 Parisiis

1926 2028 2057 2083 1644
2084 2038 2140 2084 et
2164 2028 2318 2095 1652,
2355 2029 2569 2084 Lovanii
2604 2031 2739 2085 1647
2768 2043 2819 2087 et
2846 2033 2936 2100 48,
2966 2032 3144 2087 Roma:
3175 2032 3332 2100 1652,
3364 2032 3500 2087 Bru-

1919 2123 2071 2178 xellis
2102 2122 2237 2177 1651
2276 2135 2331 2179 et
2369 2125 2537 2190 1675,
2568 2135 2623 2181 ct
2645 2126 2889 2197 Lugduni
2936 2127 3106 2193 1675,
3157 2128 3498 2198 prodierunt.

1922 2212 2027 2268 Sed
2055 2216 2198 2283 quod
2243 2216 2558 2282 miraberis,
2590 2231 2654 2272 ex
2686 2217 2899 2275 Gallicis
2928 2220 3131 2289 aliquot
3156 2220 3498 2285 uersionibus,

1919 2319 2038 2372 quae
2080 2307 2396 2375 frequenter
2456 2306 2594 2361 intra
2651 2309 2756 2363 huc
2809 2312 3040 2380 spatium
3093 2320 3495 2380 provenerunt,

1924 2398 2198 2467 praecipue
2222 2398 2552 2466 Arnoldinis,
2582 2401 2785 2457 fructus
2807 2403 3022 2473 quidam
3054 2404 3120 2458 ad
3162 2415 3365 2459 textum
3398 2405 3499 2459 bu-

1916 2487 2002 2555 jus
2022 2490 2302 2558 scriptoris
2329 2492 2756 2549 confirmandum
2786 2495 3181 2551 redundarunt.

1990 2578 2137 2634 Nova
2160 2581 2402 2649 denique
2446 2595 2609 2654 atque
2636 2586 2819 2640 ultima
2849 2588 3022 2642 series
3054 2605 3081 2642 a
3112 2590 3497 2646 BENEDICTINO-

1922 2685 2029 2725 nun
2060 2669 2490 2727 luculentissima
2530 2690 2692 2743 opera
2715 2668 2946 2733 orditur.
2976 2676 3319 2748 Conspectum
3339 2680 3498 2748 hujus

1922 2763 2172 2821 «editionis
2208 2766 2317 2835 jam
2345 2782 2400 2823 a.
2433 2768 2560 2823 1671
2596 2772 2808 2840 publice
2850 2775 3135 2842 promsuit
3179 2778 3260 2830 vir
3302 2777 3498 2832 doctus

1921 2855 2369 2927 Cungregationis
2400 2860 2660 2916 Maurinae
2683 2901 2699 2927 ,
2734 2863 2824 2932 qui
2856 2878 3042 2919 curam
3073 2866 3217 2921 illius
3247 2868 3297 2921 in
3323 2883 3381 2923 se
3413 2884 3498 2924 re-

1922 2956 2161 3017 ceperat,
2193 2948 2288 3003 sed
2316 2950 2474 3017 paulo
2499 2961 2666 3020 posta
2689 2953 3125 3024 Congregatione
3150 2957 3352 3026 pulsus,
3377 2959 3498 3015 aliis

1923 3053 2038 3092 eam
2070 3043 2401 3110 provinciam
2445 3046 2641 3101 cedere
2672 3059 2894 3103 coactus
2923 3049 3024 3103 fuit
3058 3047 3254 3106 Franc.
3287 3052 3496 3123 Delfau.

245 3114 409 3213 gustis
435 3144 825 3198 Vindelicorum
872 3141 1108 3211 imprimi
1148 3148 1397 3195 curasset
1445 3138 1657 3193 Marcus
1700 3137 1817 3192 Vel-

1922 3129 2140 3185 Tradita
2170 3133 2369 3189 deinde
2397 3148 2478 3190 est
2508 3136 2717 3192 T/toma:
2754 3138 3029 3211 Biantpino
3059 3150 3112 3196 et
3156 3141 3313 3197 Petro
3364 3114 3499 3197 Cou-

246 3251 412 3289 serus.
466 3235 733 3291 Similiter
784 3233 1034 3288 Claudius
1084 3232 1364 3287 Menardus
1415 3231 1820 3301 Andegavensis

248 3324 470 3380 Parisiis
498 3342 551 3380 a.
580 3310 1002 3393 1617,1primum
1034 3323 1236 3393 publici
1270 3323 1408 3392 juris
1434 3322 1565 3382 fecit
1594 3322 1720 3375 duos
1755 3322 1821 3376 li-

245 3415 360 3469 bros
415 3416 611 3485 priores
651 3424 831 3469 contra
858 3414 1138 3469 secundam
1161 3412 1364 3467 Iuliani
1406 3415 1817 3481 responsionem,

247 3524 382 3577 quos
423 3510 605 3564 denuo
652 3507 1010 3577 recognitioni
1042 3521 1153 3561 suae
1184 3504 1414 3575 subjecit
1456 3503 1616 3557 Mich.
1652 3503 1818 3556 Palu-

242 3600 413 3653 cianus
468 3598 840 3655 Gandavensis
888 3598 1104 3651 Louanii
1150 3595 1307 3650 1612.
1362 3596 1537 3650 Porro
1592 3593 1820 3648 Jacobus

245 3690 561 3746 Sirmondus
588 3690 679 3745 XL
703 3691 979 3746 Sermones
1004 3703 1173 3744 novos
1201 3687 1371 3743 edidit
1400 3687 1622 3743 Parisiis
1646 3686 1774 3741 1651
1800 3727 1817 3752 ,

242 3791 297 3837 et
320 3782 556 3837 Joannes
583 3782 761 3836 Marus
792 3782 1066 3837 Sermones
1090 3795 1182 3836 sex
1215 3796 1336 3835 cum
1383 3779 1695 3849 fragmentis
1722 3779 1820 3833 ali-

240 3881 376 3941 quot
406 3871 589 3925 Romaz
612 3871 765 3926 1644.
809 3871 917 3929 Sed
949 3872 1228 3941 scquiores
1266 3870 1372 3925 illa;
1425 3871 1779 3939 repetitiones
1801 3912 1817 3936 ,

242 3971 367 4017 utut
409 3965 683 4019 auctiores
709 3963 945 4029 sensim,
992 3973 1212 4033 propter
1250 3964 1381 4018 vitia
1410 3963 1598 4019 crebra
1649 3964 1821 4018 multo

241 4056 442 4123 primis
470 4065 599 4112 sunt
627 4056 948 4112 deteriores.
979 4057 1156 4123 Quare
1197 4072 1317 4111 cum
1361 4072 1466 4112 non
1505 4056 1624 4111 sine
1647 4057 1821 4111 mani-

241 4146 384 4202 festo
430 4148 630 4202 damno
676 4158 924 4223 sumptus
979 4151 1148 4204 ineas
1193 4149 1431 4218 impendi
1474 4148 1822 4219 cognovisset

240 4235 600 4307 Hieronymus
652 4236 953 4307 Vignerius,
1003 4239 1266 4308 Cougreg.
1310 4238 1542 4293 Oratorii
1583 4240 1646 4293 D.
1692 4240 1818 4294 Jesu

237 4324 416 4381 Paris.
450 4328 755 4399 presbyter,
788 4328 1080 4385 subvenire
1113 4331 1318 4384 studuit
1339 4330 1485 4385 edito
1513 4345 1654 4386 anno
1683 4329 1821 4386 1654

1923 3223 2113 3289 tantio,
2165 3224 2363 3294 quibus
2405 3242 2499 3296 per
2529 3229 2869 3285 occasionem
2910 3232 3000 3286 alii
3032 3232 3249 3300 quidam
3287 3234 3499 3288 sodales

1920 3313 2252 3384 diligentiam
2278 3332 2428 3372 suam
2458 3323 2894 3378 commodarum.
2920 3324 3023 3379 Sed
3054 3325 3356 3380 Mabillmiii
3380 3342 3499 3396 par-

1921 3414 2002 3461 tes
2028 3407 2082 3461 in
2110 3408 2211 3464 hoc
2235 3414 2452 3480 negotio
2480 3416 2640 3469 nullae
2672 3415 2925 3483 fuerunt,
2970 3430 3329 3489 prmterquam
3352 3422 3495 3490 quod

1920 3498 2201 3566 epistolam
2222 3507 2674 3575 nuncupatoriam
2708 3507 2773 3563 ad
2802 3524 2980 3579 regem
3002 3511 3330 3566 Ludovicum
3354 3512 3495 3581 XIV,

1920 3601 2073 3670 cujus
2126 3605 2380 3673 auspiciis
2436 3614 2605 3663 totum
2658 3624 2794 3678 opus
2840 3612 3137 3682 gestiebat,
3188 3615 3497 3674 elaborasse

1920 3702 2093 3757 dictus
2114 3715 2218 3761 est.
2243 3706 2288 3761 Α
2314 3709 2484 3778 copiis
2508 3711 2710 3767 criticis
2731 3722 2784 3769 et
2811 3713 3092 3785 diligentia
3120 3717 3391 3773 editorum
3412 3729 3497 3774 est

1919 3805 2466 3861 consummatissima.
2494 3808 2762 3878 Imprimis
2783 3822 2968 3869 autem
2996 3829 3132 3869 nova
3156 3817 3490 3887 singulorum

1920 3900 2239 3969 scriptorum
2266 3904 2331 3958 ad
2356 3913 2655 3977 temporum
2687 3912 2949 3968 rationem
2983 3913 3251 3974 discussio
3279 3926 3334 3974 et
3362 3934 3490 3989 spu-

1919 4000 2120 4055 riorum
2151 4016 2180 4056 a
2216 4006 2464 4074 genuinis
2494 4007 2886 4067 discriminatio
2916 4014 3299 4073 ecclesiasticae
3323 4019 3491 4075 histo-

1921 4102 2016 4155 riae
2046 4102 2235 4158 studiis
2254 4119 2509 4175 perquam
2536 4110 2786 4165 salutaris
2815 4116 3252 4172 commendatur.
3284 4118 3487 4175 Recudi

1918 4220 2035 4260 cam
2080 4206 2206 4261 fecit
2258 4217 2313 4263 et
2363 4226 2467 4266 uno
2514 4213 2791 4270 volumine
2823 4216 3092 4272 variarum
3142 4220 3207 4273 ad
3256 4223 3493 4278 maxime

1917 4306 2154 4362 illustres
2174 4308 2457 4380 Augustini
2482 4316 2884 4369 controversias
2904 4315 3348 4376 dissertationum
3374 4338 3497 4377 sua-

233 4424 291 4471 e;
320 4416 486 4480 1655_
515 4418 729 4474 duobus
760 4420 919 4474 tomis
948 4420 1317 4490 supplemenw
1342 4422 1568 4477 omnium
1596 4422 1817 4493 ορεηιηι
1847 4474 1895 4493 ᾗ
1921 4424 2147 4478 rumque
2175 4409 2320 4465 haud
2370 4413 2610 4483 vulgaris
2665 4427 2807 4472 noun
2855 4419 3295 4477 Observationum
3346 4429 3497 4479 auxit

235 4474 521 4577 Augustini
550 4520 669 4563 ante
699 4526 752 4563 α.
786 4510 925 4565 1614
960 4474 1816 4583 int'pressorum,vquocomparato
1847 4474 1897 4534 Β
1920 4510 2010 4565 Jo.
2041 4474 2271 4565 Clericus
2300 4474 2594 4586 Antttei'pia’
2616 4532 2709 4573 seu
2731 4519 3100 4574 Amstelodami
3126 4523 3304 4577 verius
3337 4524 3498 4580 1700-

230 4601 489 4669 quamvis
520 4600 914 4671 antiquiorem,
954 4617 1047 4658 seu
1080 4603 1321 4670 Erasmi,
1367 4618 1462 4659 seu
1506 4604 1814 4660 Lovauien-

230 4691 378 4745 sium
404 4692 700 4748 editionem
723 4694 928 4763 absque
949 4693 1168 4763 damno,
1199 4695 1364 4750 immo
1386 4694 1568 4751 fructu
1595 4696 1811 4766 majori,

229 4781 479 4836 retinere
523 4782 751 4837 studiosi
803 4794 1047 4853 possent.
1084 4785 1259 4841 Simul
1288 4802 1377 4841 sea:
1421 4786 1594 4842 libros
1640 4798 1817 4842 contra

227 4872 516 4924 secundum
540 4872 921 4942 responsionem
946 4873 1149 4929 Iuliani
1169 4878 1350 4945 operis
1370 4876 1634 4946 ejusdem,
1662 4878 1815 4946 cujus

227 4960 373 5017 duos
423 4962 595 5019 libros
635 4964 870 5034 primum
916 4956 1496 5036 ediderat'lllenardus,
1529 4969 1813 5038 variosque

226 5052 457 5122 insuper
488 5054 768 5111 Sermones
793 5064 851 5112 et
877 5056 1148 5112 Tractatus
1187 5073 1358 5130 usque
1404 5060 1533 5115 dum
1578 5059 1815 5117 ineditos

226 5145 465 5201 addidit.
498 5147 581 5202 Ad
612 5149 888 5220 exemplar
922 5149 1260 5208 Lovauiense
1285 5166 1347 5209 se
1372 5163 1813 5222 composuerunt,

229 5249 357 5305 quae
398 5239 468 5292 ab
512 5249 760 5297 extremo
788 5242 987 5299 saeculo
1026 5259 1115 5300 xvt
1157 5258 1327 5314 usque
1370 5245 1437 5300 ad
1481 5245 1646 5301 linem
1700 5262 1814 5300 xvn

228 5329 468 5383 seorsim
496 5329 707 5400 singula
741 5342 836 5389 aut
881 5336 1032 5405 plura
1066 5337 1301 5393 invicem
1326 5337 1482 5407 juxta
1512 5341 1812 5409 argumenti

229 5417 561 5476 afﬁnitatem
594 5437 797 5480 excusa
850 5435 976 5481 sunt
1024 5428 1309 5498 Augustini
1356 5430 1581 5498 scripta.
1625 5428 1814 5498 Cujus-

230 5510 383 5563 modi
410 5520 539 5566 sunt
558 5512 943 5583 Confessiones,
981 5517 1308 5590 Wirceburgi
1348 5519 1503 5586 1581,
1530 5529 1587 5575 et
1616 5519 1812 5574 Turoni

229 5596 407 5664 1588;
452 5600 529 5654 De
570 5599 791 5657 Civitate
830 5605 924 5658 Dei
963 5606 1263 5678 Antaei-pia:
1294 5606 1459 5672 1600;
1510 5608 1719 5664 Genevaz
1758 5618 1814 5664 et

232 5686 480 5758 Lugduni
512 5691 679 5761 1610;
716 5693 932 5751 Parisiis
957 5696 1123 5767 1615,
1170 5698 1337 5766 1656;
1386 5694 1548 5767 1651;
1585 5700 1812 5758 Franco-

1922 4611 2088 4681 1705,
2128 4628 2235 4683 quo
2265 4614 2464 4669 factum
2497 4626 2610 4681 est,
2664 4626 2724 4671 ut
2770 4618 2837 4672 ad
2870 4620 3051 4687 plures
3106 4622 3299 4677 saltem
3356 4623 3495 4677 inter

1920 4709 2289 4766 Protestantes
2318 4726 2445 4766 usus
2476 4712 2638 4782 hujus
2669 4713 2920 4770 editionis
2948 4719 3257 4789 pertingere
3304 4730 3496 4789 potue-

1921 4808 2012 4861 rit.
2037 4808 2181 4863 ltalis
2208 4825 2313 4864 non
2343 4825 2494 4880 teque
2516 4811 2780 4880 placuisse
2800 4814 3035 4871 videtur.
3068 4816 3196 4872 Nam
3228 4818 3493 4875 Parisien-

1918 4926 2021 4962 sem
2040 4909 2537 4978 Benedictinorum,
2560 4917 2881 4986 autograplio
2898 4918 3232 4989 undequaque
3249 4922 3491 4990 similem,

1910 5006 2019 5074 jam
2076 5020 2219 5063 anno
2271 5008 2410 5065 1706
2460 5012 2655 5067 iterum
2706 5015 2859 5084 prelo
2890 5018 3229 5074 committere
3274 5022 3494 5089 parabat

1914 5104 2143 5161 Joannes
2175 5106 2326 5179 Bapt.
2366 5107 2623 5166 Clareltus
2644 5158 2659 5182 ,
2695 5116 3061 5185 typograpltus
3090 5118 3359 5189 Venetus,
3398 5140 3493 5190 pu-

1917 5207 2157 5277 bliceque
2188 5208 2241 5262 id
2278 5210 2561 5265 consilium
2593 5213 2920 5282 significavit
2953 5217 3121 5272 misso
3152 5220 3217 5273 ad
3249 5220 3491 5275 eruditos

1918 5307 2278 5377 Protrepticn,
2310 5310 2363 5364 in
2404 5327 2510 5381 quo
2540 5315 2954 5384 Anluerpiensis
2998 5318 3163 5375 editio
3208 5323 3345 5378 male
3390 5326 3490 5393 ipsi

1913 5405 1983 5460 ob
2014 5405 2172 5461 ﬁdem
2195 5416 2248 5461 et
2270 5408 2602 5465 voluntatem
2629 5412 2827 5468 Clerici
2848 5415 3127 5485 audiebat;
3160 5421 3304 5490 quod
3339 5431 3489 5491 turpe

1917 5517 2093 5562 tamen
2124 5512 2411 5577 quaestuosi
2435 5514 2720 5582 mangonis
2738 5516 3025 5573 artiﬁcium
3050 5537 3157 5575 non
3182 5538 3318 5593 opus
3347 5538 3487 5580 erat.

1918 5615 1976 5661 ut
2018 5608 2213 5663 Oudini
2265 5609 2428 5665 bilem
2461 5623 2703 5669 moveret
2731 5624 2785 5671 et
2815 5616 2883 5673 ad
2910 5619 3103 5676 Clerici
3134 5624 3487 5691 patrocinium

1920 5708 2320 5779 suscipiendum
2346 5725 2493 5781 eum,
2517 5714 2619 5784 ipsi
2652 5717 2873 5775 minime
2905 5719 3203 5789 faventem,
3252 5724 3482 5787 impelle
