4010 6350
505 283 578 340 87
1391 283 1941 343 SUPPLEMENTUM
1980 284 2071 341 AD
2109 282 2340 341 OPERA
2379 286 2435 342 S.
2479 285 2866 347 AUGUSTINI.
3688 284 3759 345 48

502 410 586 459 ret
615 400 732 472 (a).
766 398 1033 457 Caeterum
1079 396 1412 469 ignoramus,
1442 410 1510 451 an
1532 396 1752 454 Clarelli
1783 399 1924 454 istud
1948 412 2077 454 con—
2104 397 2154 456 A
2184 410 2405 463 pressae.
2460 398 2630 455 Nullae
2679 407 2902 455 exstant
2951 400 3267 472 paginarum
3309 399 3640 459 foliorumve
3669 405 3757 459 vel

499 491 684 548 silium
716 503 1025 547 successum
1053 487 1302 545 habuerit
1325 527 1339 553 ,
1368 488 1464 543 scd
1492 488 1678 559 procul
1721 489 1885 546 dubio
1931 488 2071 544 haud

499 585 729 639 multum
754 582 823 637 ab
851 595 919 638 eo
946 579 1155 636 abludit
1184 594 1272 648 ea,
1297 593 1458 648 quam
1481 594 1531 633 a.
1555 579 1695 635 1729
1719 589 1773 634 et
1800 580 2075 649 sequenti-

499 675 602 730 bus
632 674 829 730 ibidem
872 670 1088 743 prodire
1110 669 1275 740 jussit
1309 668 1538 725 Joannes
1565 670 1797 742 Baptista
1824 669 2066 725 Albrizzi.

569 765 790 836 Reliqua
819 804 833 831 ,
872 775 992 834 quae
1033 761 1323 831 separatim
1353 774 1385 816 a
1413 760 1888 817 Benedictinorum
1940 760 2071 816 inde

498 866 656 912 :ctate
680 854 734 912 in
762 854 1118 925 Augustinum
1143 852 1341 909 collata
1371 860 1518 920 sunt,
1549 850 1688 908 haud
1711 852 1929 921 capiunt
1958 866 2071 907 ma-

495 948 747 1017 gnificam
784 943 1335 1001 commendationem.
1380 941 1513 997 Dute
1553 942 1771 1012 quidem
1819 940 2070 1013 Episton

494 1039 563 1090 ad
587 1036 863 1105 Optatum,
898 1035 1072 1090 altera
1098 1035 1161 1089 de
1192 1033 1397 1089 Natura
1426 1042 1473 1088 et
1509 1033 1721 1102 Origine
1745 1032 1961 1101 Animae,
1991 1034 2069 1089 al-

495 1136 606 1183 tera
633 1127 695 1181 de
709 1126 873 1198 poenis
896 1126 1248 1196 paruulorum,
1276 1124 1366 1195 qui
1388 1124 1499 1178 sine
1517 1122 1769 1192 baptismo
1791 1123 2063 1188 decedunt,

491 1233 685 1276 recens
725 1233 794 1275 ex
831 1217 1021 1275 codice
1057 1216 1288 1273 abbatiae
1329 1214 1710 1271 Gottwicensis
1747 1213 1800 1268 in
1846 1213 2065 1269 Austria

489 1310 736 1366 inferiori
756 1317 926 1366 erutae
949 1317 1107 1377 sunt,
1150 1307 1365 1362 Vienna:
1392 1305 1530 1359 1752
1558 1315 1611 1361 et
1639 1304 1857 1359 Parisiis
1882 1306 2065 1358 iterum

488 1400 628 1457 1754
658 1402 958 1471 impressae.
1003 1400 1304 1455 Memoratu
1346 1396 1512 1453 etiam
1548 1396 1707 1466 digna
1733 1395 1946 1451 videtur
1972 1393 2059 1449 Jo.

487 1492 731 1547 Schilteri
774 1493 858 1548 lC.
907 1491 1074 1547 editio
1123 1490 1245 1547 libri
1301 1489 1365 1544 de
1411 1488 1680 1560 Conjugiis
1723 1486 2059 1551 adulterinis,

484 1585 627 1641 lena:
660 1585 828 1651 1698;
860 1599 890 1640 a
929 1584 1123 1655 quibus
1153 1592 1381 1649 caetera,
1432 1582 1598 1638 veluti
1637 1578 1928 1633 Tricassini
1966 1577 2056 1633 ed.

481 1677 742 1733 librorum
772 1677 835 1732 de
855 1675 1037 1732 Gratia
1053 1685 1231 1730 contra
1251 1674 1521 1748 Pelagium
1541 1683 1587 1728 et
1607 1672 1915 1739 Caelestium,
1939 1669 2055 1724 Mo-

2177 487 2511 558 plagularum
2543 500 2707 546 notae.
2743 492 3208 560 Distinctionibus,
3242 508 3376 565 quas
3396 504 3667 550 commata
3705 504 3760 551 et

2179 590 2374 647 puncta
2406 582 2767 651 appellamus,
2802 582 3035 638 inseruit
3065 582 3266 639 lineola
3312 583 3616 655 duplicata,
3650 600 3754 657 qua

2174 670 2311 727 alias
2364 673 2706 742 grammatici
2761 674 2814 728 in
2843 674 3025 730 verbis
3050 674 3424 746 bicompositis
3450 677 3525 731 uti
3557 676 3755 743 solent,

2173 778 2444 835 quamque
2472 764 2591 839 ὕφεν
2607 774 2821 822 vocant.
2842 766 3156 825 Tribuimus
3176 783 3308 825 vero
3331 769 3460 825 huic
3486 767 3753 825 volumini

2170 856 2348 913 locum
2378 859 2527 915 inter
2580 860 2843 930 opuscula
2893 869 3119 931 propter
3146 862 3490 931 sequentium
3521 878 3646 918 cum
3686 876 3756 918 eo

2169 946 2607 1016 similitudinem,
2641 964 2766 1020 quae
2792 949 2840 1005 si
2864 965 2971 1005 non
3001 951 3193 1007 eodem
3212 966 3380 1020 anno,
3413 962 3653 1008 attamen
3691 968 3758 1009 ex

2173 1039 2361 1095 eadem
2411 1040 2634 1096 officina
2683 1057 2813 1097 vere
2866 1044 3209 1113 prodierunt,
3252 1054 3309 1099 ut
3340 1060 3483 1100 nunc
3532 1046 3755 1115 quidem

2167 1130 2575 1200 comparatione
2605 1132 2939 1202 singulorum
2970 1134 3111 1189 inter
3135 1149 3194 1190 se
3216 1134 3424 1190 inducti
3440 1137 3753 1205 opinamur,

2167 1230 2224 1277 et
2251 1224 2522 1292 egregiam
2572 1224 2708 1279 artis
2752 1225 3145 1294 perfectionem
3196 1226 3248 1280 in
3280 1226 3467 1294 paucis
3523 1228 3757 1296 plagulis

2165 1316 2478 1372 ostendunt.
2523 1315 2726 1385 Nempe
2761 1318 2859 1372 tria
2887 1356 2902 1383 ,
2943 1332 3062 1387 quae
3105 1326 3409 1387 sequuntur
3448 1317 3750 1382 volumina,

2167 1404 2361 1460 eodem
2391 1404 2729 1472 charactere,
2760 1406 2858 1462 sed
2887 1406 3211 1463 nitidissima
3239 1415 3295 1462 et
3312 1420 3422 1477 quo
3450 1406 3753 1463 absolutius

2168 1493 2269 1549 hoc
2296 1495 2349 1549 in
2374 1510 2575 1565 genere
2614 1496 2713 1551 vix
2741 1497 3036 1567 quidquam
3069 1498 3199 1569 tingi
3231 1500 3423 1568 possit,
3472 1499 3528 1553 in
3557 1498 3752 1554 charta

2164 1583 2319 1654 longe
2344 1587 2548 1655 optima
2574 1595 2644 1642 et
2668 1585 2927 1655 fulgenti,
2962 1589 3152 1658 pagina
3185 1588 3358 1643 lineas
3386 1587 3456 1643 27
3482 1588 3755 1658 complec-

2163 1683 2338 1742 tente,
2377 1676 2640 1746 impressa
2677 1686 2826 1733 sunt.
2856 1676 3126 1735 Caeterum
3178 1678 3555 1734 characterum
3608 1687 3754 1734 notas

481 1777 624 1838 gunl.
656 1766 823 1833 1687;
866 1766 1019 1821 Liber
1061 1767 1123 1823 de
1152 1766 1453 1822 eresibus
1496 1764 1805 1834 Cantabrig.
1838 1761 1977 1817 1687
2007 1769 2061 1818 et
2088 1755 2137 1815 Β
2164 1768 2330 1824 nulla;
2379 1783 2607 1839 prorsus
2636 1778 2958 1837 cernuntur,
2986 1784 3095 1827 nec
3124 1771 3254 1840 loci,
3284 1785 3386 1826 nec
3423 1770 3550 1826 anni
3582 1770 3752 1826 ullum

392 1856 395 1857 ⁷
478 1859 653 1913 Oxon.
676 1856 852 1924 1721;
885 1857 1167 1927 Speculum
1206 1856 1478 1929 Augustini
1501 1870 1533 1911 a
1566 1855 1823 1911 Tommasi
1852 1853 2056 1910 editum

477 1953 657 2009 Roma:
700 1954 869 2022 1679;
898 1955 1282 2012 Confessiones
1309 1970 1431 2012 cum
1457 1955 1829 2026 prolixissimo
1859 1953 2053 2011 Fratre.

475 2044 785 2116 Archangeli
829 2046 892 2100 de
928 2044 1340 2100 Prtesentatione
1369 2046 1765 2101 commentario
1793 2045 2057 2117 evulgata‘:

477 2135 757 2191 Florentia:
786 2136 944 2203 1757,
976 2145 1030 2193 et
1060 2136 1263 2203 libelli,
1305 2151 1440 2207 quos
1471 2151 1641 2207 nuper
1669 2136 1883 2209 Teegius
1908 2136 2055 2192 Thu-

473 2230 658 2300 ringus
681 2229 747 2286 ad
766 2230 1239 2287 Benedictinorum
1260 2230 1571 2300 exemplum
1589 2230 2051 2301 typographorutn

472 2323 717 2378 formulis
760 2323 996 2379 exscribi
1039 2323 1167 2380 fecit
1206 2322 1398 2395 Lipsiae
1426 2323 1588 2392 1767,
1616 2323 1689 2378 69
1713 2334 1767 2379 et
1794 2324 1862 2379 70
1893 2324 2053 2394 longo

470 2414 755 2469 intervallo
781 2414 1002 2470 distant.
1047 2413 1106 2470 In
1137 2415 1237 2470 hoc
1268 2424 1416 2470 tanto
1443 2422 1623 2471 autem
1649 2414 1935 2486 Augustini
1968 2430 2052 2470 rc-

471 2505 699 2561 centiori
739 2515 898 2562 aetate
940 2506 1186 2577 neglectu
1226 2505 1525 2577 optandum
1577 2506 1752 2575 foret,
1783 2515 1877 2574 ut,
1907 2506 2051 2577 quod

470 2597 747 2653 Parisinus
775 2597 993 2668 quidam
1028 2598 1134 2653 Plt.
1171 2597 1243 2654 D.
1270 2598 1477 2653 Pierres
1507 2612 1732 2655 exorsus
1760 2610 1877 2655 erat
1897 2599 2051 2654 insti-

471 2699 668 2759 tutum,
699 2691 965 2761 praeclaro
992 2692 1287 2763 speCimine
1316 2692 1371 2748 in
1398 2692 1725 2748 nitidissima
1756 2689 2050 2762 Confessio-

471 2800 593 2837 num
606 2781 977 2855 descriptione
995 2799 1047 2839 a.
1076 2784 1212 2840 1776
1235 2784 1538 2855 proposito,
1564 2800 1670 2839 non
1691 2784 2047 2852 deseruisset,

470 2884 565 2930 aut
608 2874 701 2931 alii
748 2874 805 2930 in
858 2875 1025 2932 simili
1069 2875 1438 2933 subsidiorum
1484 2876 1801 2933 criticorum
1832 2876 2049 2933 fortuna

470 2966 834 3023 imitarentur.

538 3057 649 3113 Sed
673 3067 1010 3114 transeamus
1028 3058 1246 3115 tandem
1275 3059 1340 3115 ad
1370 3060 1595 3116 Annales
1619 3061 1904 3115 editionum
1929 3060 2042 3115 Au-

2162 1860 2444 1916 indicium.
2468 1859 2923 1931 Complectuntur
2945 1870 3126 1917 autem
3151 1877 3167 1923 :

2232 1954 2294 2008 1ο
2326 1952 2550 2008 Librum
2577 1952 2641 2008 de
2667 1951 2848 2024 Agone
2860 1950 3170 2009 Christiano
3194 1969 3298 2009 una
3322 1969 3448 2010 cum
3487 1954 3660 2025 ipsius
3681 1953 3754 2009 de

2158 2043 2353 2100 eodem
2392 2042 2624 2113 judicio,
2659 2059 2724 2098 ea:
2753 2043 2897 2099 libris
2924 2044 3407 2112 Retractationum;
3459 2044 3655 2100 librum
3686 2045 3753 2099 de

2159 2136 2411 2192 Sermone
2457 2134 2672 2190 Domini
2712 2135 2767 2189 in
2814 2144 2986 2190 monte
3015 2136 3207 2205 habito,
3251 2138 3407 2208 cujus
3454 2138 3509 2193 in
3541 2136 3648 2192 line
3679 2137 3752 2191 ad

2155 2230 2358 2285 calcem
2389 2226 2681 2285 voluminis
2712 2242 2728 2282 :
2769 2225 3003 2298 Explicil
3040 2228 3167 2284 liber
3195 2228 3392 2300 primus
3439 2229 3575 2285 beati
3604 2228 3745 2302 Aug.

2156 2324 2219 2379 de
2251 2323 2524 2379 Montano.

2223 2415 2286 2469 2°
2333 2415 2645 2471 Tractatum
2667 2414 2731 2469 de
2776 2412 2933 2487 Fuga
2976 2413 3291 2479 mulierum;
3341 2420 3411 2468 tr.
3454 2413 3520 2468 de
3566 2411 3751 2467 Conti-

2154 2507 2371 2572 nentia;
2399 2505 2601 2561 librum
2624 2506 2689 2560 de
2725 2505 3035 2573 Contemptu
3055 2506 3267 2571 mundi;
3294 2503 3587 2573 Epistolom
3606 2503 3751 2558 beati

2154 2597 2406 2652 Ieronimi
2447 2598 2516 2651 ad
2546 2596 2835 2651 Paulinum
2882 2594 3258 2665 presbiterum;
3305 2594 3583 2651 Sermones
3599 2592 3747 2648 duos

2154 2689 2432 2759 Augustini
2453 2688 2519 2743 de
2547 2689 2806 2743 communi
2832 2688 2939 2741 vita
2966 2687 3292 2754 clericorum,
3324 2687 3416 2756 qui
3450 2685 3746 2757 incipiunt,

2154 2777 2377 2849 PrOpter
2396 2780 2537 2850 quod
2564 2778 2727 2845 volui,
2750 2787 2885 2846 etc.,
2917 2787 2965 2833 et
2994 2778 3238 2832 charitati
3259 2787 3464 2847 vestrae,
3489 2786 3596 2833 etc.

2220 2872 2281 2930 3°
2313 2871 2542 2927 Omelias
2587 2873 2649 2927 Β.
2691 2871 3002 2942 Augustini,
3063 2879 3119 2925 et
3148 2870 3325 2940 primo
3360 2870 3427 2924 de
3473 2884 3556 2936 eo,
3603 2868 3751 2939 quod

2150 2961 2436 3018 Psalmista
2455 2964 2529 3016 ait
2557 2978 2575 3016 :
2607 2963 2735 3031 Quis
2771 2973 2847 3018 est
2876 2962 3046 3030 homo,
3075 2963 3164 3033 qui
3210 2961 3317 3015 uult
3339 2961 3496 3015 vitam
3522 2969 3569 3015 et
3598 2960 3751 3029 cupis

2147 3056 2319 3110 videre
2338 3056 2446 3109 dies
2477 3054 2677 3121 bonos;
2703 3085 2775 3095 —
2801 3054 3048 3111 secundo
3096 3054 3159 3107 de
3185 3067 3279 3121 eo,
3310 3053 3447 3123 quod
3488 3052 3746 3123 scriptum

468 3148 694 3218 gustini,
717 3164 852 3220 quos
881 3150 1104 3221 quidem
1132 3150 1207 3205 ita
1235 3150 1776 3221 descripsimus,utl.
1805 3150 2047 3220 Seripto-
2076 3127 2121 3190 Ο
2154 3155 2229 3199 est
2258 3160 2278 3200 :
2311 3144 2443 3199 Esto
2461 3146 2786 3199 consentiens
2817 3143 3115 3198 adversario
3142 3152 3251 3211 tuo,
3283 3152 3389 3198 etc.
3418 3141 3491 3196 Et
3515 3145 3603 3213 qui
3634 3142 3751 3196 odit

468 3257 586 3295 rum
608 3241 939 3297 collectorum
956 3256 987 3296 a
1009 3240 1408 3311 primisinitiis.
1425 3241 1492 3296 Il.
1523 3240 1870 3312 Singulorum
1895 3239 2049 3309 juxta

470 3335 673 3390 seriem
728 3343 1043 3391 consuetam
1074 3334 1296 3390 anobis
1341 3342 1798 3405 proponerentur.
1840 3332 2049 3401 Quibus

470 3429 728 3484 omnibus
752 3429 1015 3484 absolutis
1036 3427 1371 3499 paragrapho
1395 3426 1651 3496 peculiari
1675 3426 1918 3495 quaedam
1941 3439 2047 3480 non

470 3520 683 3577 inutilia
731 3522 796 3576 de
832 3521 1315 3591 Epitoznatoribus,
1356 3519 1769 3590 Deﬂoratoribus
1811 3526 1868 3574 et
1896 3518 2048 3573 Com-

468 3613 836 3668 mentatoribus
865 3613 1164 3683 Augustini,
1196 3621 1306 3667 tam
1332 3610 1589 3681 antiquis,
1618 3625 1781 3679 quam
1810 3610 2049 3666 recenti-

476 3707 600 3775 bus,
632 3706 1011 3777 subjicientur.
1029 3705 1311 3776 Ejusmodi
1341 3714 1522 3760 autem
1549 3704 1769 3774 scripta,
1797 3718 1916 3774 quae
1937 3719 2044 3759 non

470 3807 582 3855 tam
612 3797 950 3869 explicandis
976 3807 1069 3852 aut
1093 3796 1531 3853 commentandis
1567 3795 1733 3851 certis
1762 3796 2046 3865 Augustini

466 3891 618 3947 libris
642 3890 963 3957 inserviunt,
985 3903 1147 3960 quam
1164 3888 1233 3945 de
1255 3888 1503 3944 doctrina
1520 3886 1907 3958 Augustinivel
1930 3888 2048 3942 uni-

469 3996 651 4048 versa,
675 3981 763 4036 vel
793 3981 861 4036 de
888 3980 1118 4050 singulis
1152 3980 1297 4035 illius
1323 3978 1593 4049 capitibus
1622 3978 1738 4034 sive
1765 3977 2043 4034 instruen-

465 4072 544 4137 di,
574 4085 669 4127 seu
700 4070 1088 4136 convincendi,
1136 4078 1229 4125 aut
1273 4070 1481 4125 alienas
1527 4067 1819 4138 opiniones
1852 4067 2045 4124 redar-

462 4161 660 4233 guendi
706 4175 868 4218 causa
922 4168 1177 4221 tractant,
1226 4160 1369 4214 intra
1410 4158 1614 4214 limites
1654 4159 1834 4229 Operis
1885 4159 2045 4230 hujus

463 4252 607 4309 haud
639 4261 764 4323 apte
787 4252 904 4323 cogi
934 4264 1097 4322 posse
1120 4248 1368 4306 arbitrati
1407 4263 1613 4305 sumus.

928 4422 1276 4467 ARTICULUS
1321 4421 1555 4466 PRIMUS

583 4552 908 4603 Collectiones
930 4550 1149 4615 Operum
1171 4555 1224 4601 et
1248 4550 1605 4614 Opusculorum
1629 4551 1910 4613 Augustini.

1072 4693 1289 4735 SECULO
1318 4694 1411 4735 ιν.

526 4795 685 4854 1475.
720 4794 971 4859 Colonite,
1003 4792 1147 4847 iit-8°
1176 4792 1302 4861 maj.
1331 4792 1654 4860 Augustinus
1675 4790 1742 4846 de
1775 4790 1925 4846 Fide.
1952 4792 2032 4845 Ab

458 4886 613 4943 initio
647 4904 663 4941 :
697 4884 890 4957 Incipit
917 4883 1048 4937 liber
1075 4883 1238 4936 sancti
1263 4882 1537 4952 Augustini
1561 4880 1628 4933 ad
1660 4880 1869 4935 Petrum
1911 4881 2034 4933 Dia-

2158 3235 2370 3304 fratrem
2395 3250 2568 3300 suum,
2607 3233 2872 3288 homicida
2917 3242 3037 3298 est;
3074 3263 3146 3273 ——
3173 3234 3337 3289 tertio
3378 3233 3444 3287 de
3471 3249 3555 3298 eo,
3602 3233 3749 3303 quod

2152 3325 2405 3381 Dominus
2450 3326 2560 3380 ait:
2582 3324 2799 3396 Diligite
2827 3326 3062 3380 inimicos
3090 3333 3287 3381 uestros
3301 3340 3327 3391 ;ι
3344 3353 3416 3365 -
3439 3332 3637 3394 quarto
3680 3324 3753 3377 de

2149 3432 2231 3481 eo,
2258 3416 2398 3487 quod
2425 3417 2673 3484 scriptum
2698 3427 2774 3470 est
2795 3418 2848 3469 in
2876 3414 3033 3471 Ysaia
3070 3430 3089 3470 :
3115 3416 3322 3481 Clama,
3345 3432 3408 3470 ne
3441 3431 3604 3469 cesses
3629 3430 3650 3479 ;
3671 3445 3750 3455 -—-

2150 3508 2335 3579 quinto
2376 3507 2441 3562 de
2469 3522 2529 3561 eo
2557 3507 2695 3577 quod
2727 3507 3006 3577 Apostolus
3029 3508 3103 3562 ait
3131 3523 3150 3562 :
3180 3507 3351 3561 Radix
3373 3506 3604 3561 omnium
3630 3523 3755 3559 ma-

2150 3601 2316 3654 lorum
2354 3600 2641 3669 cupiditas;
2663 3608 2899 3655 —sexto
2936 3601 3001 3653 de
3035 3616 3126 3667 eo,
3154 3601 3292 3669 quod
3319 3599 3575 3669 scriptum
3622 3608 3703 3655 est
3732 3616 3753 3654 :

2150 3689 2362 3756 Beatus,
2385 3691 2470 3759 qui
2501 3699 2612 3758 post
2632 3706 2818 3744 aurum
2848 3706 2952 3744 non
2977 3690 3101 3744 abiit
3124 3691 3487 3761 ;-septimo
3533 3692 3600 3745 de
3655 3705 3748 3756 eo,

2147 3784 2287 3854 quod
2311 3782 2588 3855 Apostolus
2609 3784 2720 3839 ait:
2757 3782 3088 3839 Redimentes
3114 3792 3315 3855 tentpus
3329 3798 3447 3838 cum
3468 3784 3582 3840 dies
3609 3784 3753 3838 mali

2148 3883 2288 3930 sunt.

2219 3964 2490 4037 Opuscula
2516 3983 2572 4022 n.
2600 3967 2666 4022 2°
2696 3967 2843 4023 et3°
2872 3966 3118 4023 exhibita
3146 3974 3543 4022 commemorat
3571 3966 3755 4023 etiam

2148 4059 2316 4112 Catal.
2349 4058 2627 4114 Crevenna:
2671 4058 2977 4115 novissimus
3007 4058 3069 4115 T.
3099 4058 3125 4114 1
3164 4074 3217 4128 p.
3251 4058 3354 4115 106
3384 4066 3440 4113 et
3466 4057 3590 4123 107,
3640 4060 3756 4112 atl-

2146 4150 2333 4220 ditque
2359 4168 2373 4205 :
3324 4164 3329 4173 '

2212 4240 2272 4295 4'
2294 4240 2513 4296 Librum
2538 4241 2605 4296 de
2634 4240 2927 4313 Disciplina
2953 4240 3256 4299 Christiana
3282 4256 3450 4313 supra
3499 4256 3757 4298 enume-

2144 4331 2277 4388 ratis
2319 4332 2481 4402 plane
2510 4333 2844 4388 conlormem
2871 4349 2927 4387 n.
2957 4333 3084 4401 470,
3110 4342 3166 4388 et

2213 4424 2276 4477 5°
2301 4422 2604 4479 Sermonem
2655 4438 2825 4493 super
2875 4424 3171 4479 Orationem
3218 4424 3569 4492 Dominicant,
3630 4440 3761 4481 nec

2070 4488 2117 4549 θ
2145 4525 2251 4568 non
2283 4512 2627 4568 Enchiridion
2656 4488 3131 4581 uti-Laurentium;
3168 4530 3223 4569 η.
3257 4514 3364 4570 469
3395 4488 3764 4584 posteriores

2143 4612 2430 4673 tractatus,
2480 4619 2622 4675 quos
2652 4619 2844 4661 omnes
2900 4620 2996 4673 per
3044 4604 3284 4661 Ulricum
3308 4604 3406 4659 .Zel
3435 4605 3498 4659 de
3528 4603 3765 4661 Harum

2144 4697 2285 4751 circa
2316 4695 2459 4752 1470
2498 4710 2734 4752 excusos
2763 4710 2886 4752 esse
2927 4696 3120 4751 statuit
3149 4696 3350 4759 editor,
3403 4704 3628 4751 secutus
3696 4699 3768 4757 in

2139 4800 2205 4842 eo
2230 4786 2494 4856 judicium
2520 4787 2732 4841 Deburii
2762 4788 2817 4841 in
2864 4787 2984 4841 Cat.
3017 4762 3155 4841 B’i‘bt.
3212 4786 3379 4842 Ducis
3420 4788 3484 4840 de
3511 4788 3567 4841 la
3602 4787 3767 4845 Val.

2142 4879 2206 4934 Τ.
2232 4879 2272 4947 1,
2302 4895 2354 4949 ρ.
2382 4880 2487 4935 172
2513 4895 2623 4950 sq.,
2654 4880 2748 4949 qui
2775 4896 2830 4934 n.
2864 4881 2971 4934 178
3001 4880 3339 4949 posteriores
3389 4879 3557 4935 hosce
3591 4888 3774 4937 trac-

454 4996 642 5034 conum
663 4978 728 5033 de
754 4978 879 5047 ﬁde.
909 4976 966 5030 ιιι
994 4974 1132 5029 line:
1161 4974 1315 5028 Liber
1335 4974 1430 5028 iste
1457 4972 1518 5029 S.
1541 4973 1816 5043 Augustini
1842 4972 1905 5027 de
1932 4973 2035 5041 [ide
2136 4980 2281 5027 tatus
2294 4972 2526 5038 natavit,
2552 4972 2759 5027 addens
2775 4973 3004 5041 primum
3022 4986 3235 5038 novem,
3260 4972 3495 5026 alterum
3519 4987 3621 5028 sex
3645 4973 3765 5028 to-

453 5071 709 5125 catholica
730 5067 801 5122 ad
834 5066 1049 5120 Petrum
1065 5065 1354 5118 Diaconum
1383 5063 1612 5118 Colonia:
1636 5065 1912 5131 impressus
1933 5072 2032 5117 est.

454 5161 525 5215 In
579 5159 753 5231 vigilia
806 5156 973 5211 sancti
1012 5154 1274 5209 Johannis
1324 5153 1577 5225 Baptisle.
1633 5153 1781 5208 Auno
1829 5154 2034 5209 domini

453 5249 722 5307 ALCCCC.
750 5247 1121 5321 septuagesimo
1149 5246 1326 5301 tercio.

522 5342 818 5398 Character
849 5340 1012 5410 hujus
1037 5339 1333 5395 voluminis
1382 5347 1463 5393 est
1489 5336 1752 5394 Gotlticus
1778 5338 2034 5407 antiquus

452 5434 784 5500 luculentus,
815 5432 1001 5488 charta
1023 5432 1214 5497 densa,
1241 5431 1449 5500 paginae
1477 5430 1638 5485 lineis
1675 5427 1797 5482 latis
1826 5429 1894 5482 26
1927 5429 2030 5482 im-

517 5682 621 5755 (α)
641 5682 933 5755 Beperitur
952 5681 1161 5736 Clarelli
1180 5681 1412 5755 epistola
1522 5680 1665 5755 Actis
1687 5677 2021 5755 Eruditarunt

452 5746 785 5821 LipsfFeb'r.
821 5752 981 5821 1707,
1008 5770 1164 5823 pagg.
1191 5751 1385 5807 94-96.
1431 5750 1585 5805 Conl.
1618 5748 1855 5801 Uttdiuus
1883 5746 2007 5801 Com

2141 5062 2229 5118 liis
2256 5072 2529 5119 constare.
2564 5062 2767 5118 Ibidem
2809 5079 2864 5116 n.
2900 5064 3028 5125 475,
3059 5077 3182 5117 cum
3234 5062 3388 5118 libris
3418 5077 3448 5117 a
3479 5062 3648 5117 nobis
3686 5081 3768 5120 η.

2139 5153 2204 5208 2ο
2265 5153 2703 5209 commemoratis
2768 5153 2933 5209 simul
2999 5154 3239 5210 existunt
3303 5162 3361 5210 et
3399 5153 3624 5224 quidem
3675 5157 3779 5215 ab

2139 5245 2316 5300 initio.

2212 5337 2274 5392 6°
2293 5335 2357 5393 S.
2387 5338 2665 5411 Augustini
2693 5338 2821 5393 liber
2848 5340 2913 5393 de
2938 5338 3061 5393 V-ita
3083 5338 3248 5393 beata.
3274 5337 3428 5393 Liber
3457 5338 3521 5394 de
3541 5337 3772 5395 Hone-

2137 5437 2272 5485 state
2300 5431 2593 5485 mulierum.
2624 5430 2851 5486 Libellus
2876 5432 2940 5484 de
2972 5430 3262 5486 Honestate
3294 5431 3432 5485 vitae.

2132 5691 2449 5755 mentulam.
2478 5682 2528 5748 Ι,
2564 5695 2717 5750 pagg.
2752 5680 2856 5735 985
2878 5697 2960 5751 sq.
