4010 6350
243 422 307 479 89
1125 403 1397 464 ΝΟΤΙἸΊᾹ
1440 396 1840 456 LlT'l'ERAlilA

1939 394 1957 444 1
1998 391 2055 446 S.
2097 383 2561 443 AUGUSTINUM.
3402 380 3472 432 50

952 522 1108 577 1185.

317 620 545 679 Venetiis
573 633 698 673 cura
719 624 767 670 et
796 612 1035 684 impensis
1067 607 1341 665 Octaviani
1373 604 1517 660 Scoti
1544 600 1664 654 civis
1696 594 1810 650 Mo-

244 710 730 776 doetiensis,in-t°,
760 707 819 760 Β.
848 700 1133 778 Augustini
1157 698 1413 769 opuscula
1444 693 1684 749 Ascetica
1713 686 1812 743 mi-

245 819 401 860 nora.
448 800 724 855 Recensct
752 794 815 850 (ἱ.
848 776 991 863 Pruy
1034 792 1089 847 in
1120 788 1421 845 rarioribus
1472 783 1622 837 libris
1668 776 1807 833 Bibl.

248 893 484 949 Budeus.
514 889 581 945 Τ.
604 886 646 942 Ι.

959 969 1118 1027 1484.

321 1066 555 1128 Venettis
584 1085 671 1138 per
698 1065 959 1121 Andream
1002 1048 1063 1116 de
1093 1059 1304 1115 Bonetis
1332 1058 1394 1111 de
1424 1054 1615 1121 Papia,
1644 1048 1811 1104 ιιι-ιο.

248 1169 304 1224 8.
338 1161 626 1235 Augustini
651 1158 933 1229 opuscula.
954 1155 1012 1210 in
1031 1154 1136 1209 line
1166 1169 1180 1205 :
1211 1150 1436 1222 Explicit
1450 1148 1574 1202 liber
1606 1143 1667 1199 S.
1707 1144 1815 1196 Au-

248 1233 447 1332 gustini
464 1256 529 1310 de
558 1269 674 1310 vera
694 1250 967 1322 religione,
992 1254 1040 1300 et
1069 1246 1132 1298 de
1160 1242 1461 1297 clericorum
1501 1238 1607 1291 vita
1652 1233 1820 1289 sancti

250 1324 555 1420 Augustini,
583 1358 673 1397 nec
699 1356 801 1395 non
828 1334 1100 1407 cujusdam
1127 1329 1411 1401 dignissimi
1466 1335 1711 1381 tractatus
1758 1324 1821 1376 de

250 1417 441 1509 spiritu
469 1446 517 1491 et
535 1434 730 1489 animo.
766 1431 877 1497 Que
898 1424 1143 1481 omniain
1166 1423 1265 1476 isto
1288 1419 1417 1474 libro
1458 1417 1818 1472 continentur:

1832 508 1884 564 Α
1980 500 2089 554 llos
2117 498 2305 552 menda
2347 501 2577 564 expertes
2606 491 2719 546 tulit
2752 490 3075 564 Argentina;
3107 487 3365 558 premique

2052 569 2311 624 Martinus
2340 560 2495 619 docili
2525 564 2692 619 simus
2718 560 2781 614 ab
2809 573 2915 614 arte
2937 560 3096 615 dedit.

1989 692 2213 759 Litterae
2232 708 2359 755 sunt
2376 697 2638 753 Gothicae.
2670 695 2883 764 Pagina:
2905 690 3177 749 columnis
3206 690 3345 746 binis
3372 690 3477 744 im-

1915 811 2138 868 pressae,
2168 794 2320 860 l‘olia,
2348 805 2445 847 sex
2474 788 2745 860 prioribus
2761 786 3025 855 exceptis,
3051 780 3479 846 numerata,sin-

1915 886 2039 957 gula
2058 883 2235 953 capita
2260 880 2499 937 numeris
2529 878 2644 933 suis
2656 872 3052 946 etargumenlis
3072 879 3201 929 sunt
3222 883 3480 941 perquam

1915 975 2198 1033 commode
2224 973 2495 1029 distincta.
2525 970 2714 1025 Insunt
2739 967 3021 1037 sequentia
3051 982 3065 1018 :
3095 964 3153 1019 ιο
3181 962 3482 1018 Meditatio-

1917 1086 2028 1138 nes,
2064 1067 2128 1121 2°
2159 1064 2470 1133 Soliloquia,
2495 1064 2556 1118 3°
2587 1059 2834 1116 Manuale
2871 1058 2933 1112 de
2955 1057 3107 1111 verbo
3136 1054 3253 1124 Dei,
3283 1052 3345 1108 4°
3372 1050 3483 1108 En-

1916 1157 2171 1213 chiridion
2197 1155 2263 1210 ad
2289 1152 2641 1216 Laurentium,
2664 1148 2727 1204 5°
2753 1146 2903 1203 Liber
2923 1146 2987 1201 de
3008 1144 3199 1212 triplici
3219 1141 3480 1196 habitacu-

1920 1247 1992 1313 ιο,
2015 1248 2076 1304 6°
2106 1244 2280 1303 Scala
2309 1242 2561 1313 paradisi,
2582 1241 2645 1296 7°
2664 1240 2726 1293 de
2750 1236 3017 1292 duodecim
3044 1233 3353 1288 Abusionum
3369 1247 3484 1300 θνα·

1921 1336 2094 1401 dibus,
2118 1336 2180 1391 8°
2207 1334 2270 1388 de
2291 1332 2453 1388 Beata
2487 1330 2624 1396 Vita,
2652 1331 2713 1385 9°
2738 1327 2802 1382 de
2826 1324 3181 1394 Assumptione
3202 1322 3356 1378 beata
3371 1320 3485 1375 Ma-

1919 1428 2014 1483 ria
2038 1426 2271 1497 virginis,
2296 1424 2391 1480 10°
2422 1424 2485 1477 de
2506 1420 2828 1475 Divinatione
2851 1416 3155 1473 Damonum
3174 1422 3348 1468 contra
3372 1411 3485 1466 Pa-

250 1501 365 1586 cum
392 1544 595 1585 summa
624 1522 895 1593 diligentia
924 1533 1012 1589 per
1041 1514 1115 1570 Μ.
1161 1513 1422 1569 Andream
1452 1510 1515 1565 de
1543 1507 1733 1563 bonetis
1761 1506 1824 1559 de
1923 1533 2106 1589 ganos’
2128 1516 2216 1570 “0
2240 1514 2302 1569 de
2335 1512 2617 1567 ιιοηρεεαιε
2645 1508 2940 1572 mulierum,
2967 1504 3063 1563 qgo
3088 1503 3153 1558 άε
3178 1501 3314 1559 cura
3333 1518 3486 1573 age"-

253 1622 411 1689 papia
442 1617 650 1673 eenetiis
675 1592 921 1685 impressa
951 1609 1175 1679 fuerunt.
1196 1604 1373 1664 inclito
1404 1601 1633 1671 principe
1659 1598 1824 1652 Joan-

1939 1608 1992 1661 ια
2031 1621 2124 1675 pro
2156 1606 2376 1659 mortuis
2400 1603 2469 1656 ad
2512 1601 2795 1656 Paulinum
2822 1598 2951 1653 Νοι.
2980 1596 3107 1668 Ep.,
3139 1596 3238 1653 15°
3263 1594 3328 1648 de
3357 1592 3488 1647 Vera

256 1684 603 1779 ne'mocmigo
631 1684 944 1761 venetiarum
971 1698 1213 1756 duce.M.
1241 1689 1423 1751 CCCC.
1460 1686 1818 1745 LXXXIIII.

1939 1713 1985 1749 rc
2005 1694 2166 1749 Falsa
2195 1692 2527 1757 Panitentia,
2558 1692 2650 1748 14°
2675 1689 2738 1744 de
2762 1688 3078 1744 Contritione
3097 1685 3288 1752 cordis,
3314 1684 3408 1739 15°
3427 1685 3489 1737 de

255 1805 335 1856 die
361 1772 562 1855 XXII:
594 1797 786 1853 Mensis
817 1792 969 1849 Julii.
1854 1851 1893 1856 _
1925 1786 2229 1856 Contentptu
2258 1784 2437 1838 mundi
2479 1784 2546 1837 ad
2590 1781 2823 1848 clericos,
2851 1778 2944 1836 16°
2972 1779 3036 1834 de
3060 1776 3416 1834 Conuenientia
3438 1772 3487 1828 X

323 1892 515 1946 insunt
546 1887 758 1951 eadem,
793 1897 912 1952 quae
938 1881 990 1935 in
1021 1878 1263 1935 editione
1288 1870 1534 1943 sequenti
1564 1869 1824 1937 Argento-

1939 1851 2295 1948 rracept-orum
2318 1884 2362 1929 et
2389 1873 2439 1928 X
2468 1873 2740 1945 plagarum
2765 1870 3010 1941 Egypti,
3028 1867 3122 1924 {7°
3151 1864 3489 1937 deCognitio-

258 1983 464 2039 ratensi
496 1979 735 2035 numeris
754 1975 902 2028 1-22.
931 1971 1277 2029 exhibentur.
1305 1965 1444 2022 llinc
1466 1976 1593 2017 vero
1618 1958 1822 2028 adjecta
1925 1982 1986 2020 ne
2006 1980 2136 2021 υετω
2161 1966 2297 2030 vim,
2337 1963 2428 2020 ιεο
2460 1960 2840 2032 confusion“,
2864 1960 2959 2015 ,9ο
2983 1959 3045 2013 de
3070 1956 3315 2012 Domina
3341 1953 3490 2010 Ch";

256 2082 380 2128 sunt
404 2089 419 2127 :
452 2072 547 2126 25°
575 2067 785 2123 Eusebii
812 2061 1035 2121 Corradi
1090 2056 1333 2115 canonici
1374 2051 1639 2123 regularis
1669 2049 1827 2103 Late-
1924 2058 2114 2119 διξαηα,
2143 2055 2243 2109 200
2274 2054 2337 2108 de
2357 2053 2491 2108 Fide
2518 2053 2585 2107 ad
2599 2050 2813 2105 Petrum
2827 2047 3136 2117 Diaconum’
3157 2045 3255 2100 210
3282 2044 3491 2100 Sermo.

256 2162 505 2221 ranensis
533 2157 773 2230 Epistola
805 2155 870 2209 ad
900 2152 1107 2208 Sixtum
1134 2148 1163 2203 1
1180 2149 1241 2215 γ,
1280 2145 1344 2199 R.
1377 2143 1466 2213 P.,
1499 2143 1561 2196 de
1590 2140 1829 2210 auferen-
1928 2145 2143 2199 ncsduo
2173 2145 2236 2198 de
2275 2145 2378 2199 vita
2427 2151 2473 2197 et
2506 2143 2730 2197 moribus
2774 2140 3096 2204 clericorum,
3135 2134 3236 2189 22°
3261 2134 3323 2189 de
3358 2133 3493 2189 Vera

257 2255 323 2309 do
374 2252 440 2306 ab
487 2222 717 2305 Ecclesia
747 2259 919 2301 errore
972 2240 1323 2305 scribentium,
1357 2236 1417 2290 S.
1470 2231 1827 2301 Augusunum
1936 2234 2199 2306 Religio“
2218 2235 2285 2289 αά
2318 2233 2720 2301 Βοιηαηξαηαηι,
2750 2228 2850 2286 950
2877 2228 2943 2283 de
2971 2226 3170 2298 δρενειη
3199 2232 3247 2280 ει
3288 2222 3491 2284 Anima,

258 2347 426 2403 fuisse
452 2343 728 2399 eremitam
755 2356 770 2405 ;
802 2337 901 2391 24°
927 2336 1129 2405 Regula
1151 2333 1210 2388 S.
1240 2328 1511 2399 Augustini
1532 2343 1551 2392 ;
1575 2326 1676 2381 250
1710 2324 1831 2379 Vita

260 2437 323 2493 S.
356 2432 636 2505 Augustini
683 2431 886 2495 scripta
912 2443 941 2481 a
968 2426 1031 2481 S.
1093 2422 1359 2484 Possidio,
1403 2420 1642 2490 episcopo
1679 2414 1832 2470 Cala-

262 2504 464 2594 mensi}
492 2526 591 2581 26°
628 2523 838 2578 Eusebii
871 2518 1086 2575 Corradi
1106 2518 1172 2572 ad
1195 2512 1401 2571 Sixtum
1424 2504 1489 2567 IV
1503 2509 1832 2567 etCardina-

262 2621 342 2674 les
371 2616 690 2679 Annotatio,
721 2628 817 2668 seu
853 2610 1030 2680 potius
1061 2613 1324 2665 tractatus
1364 2602 1549 2658 brevis
1576 2600 1639 2655 de
1664 2614 1836 2653 errore

262 2710 615 2774 scribentium,
642 2706 706 2762 S.
755 2702 1093 2775 Augustinum
1122 2696 1281 2768 fuisse
1309 2693 1595 2749 eremitam.
1620 2690 1718 2744 27°
1747 2688 1836 2743 Li-

267 2806 353 2857 ber
373 2803 437 2858 S.
463 2798 739 2871 Augustini
764 2802 828 2849 de
844 2795 1050 2848 Anima.
1072 2790 1366 2860 Diligenter
1388 2786 1526 2841 hanc
1538 2784 1834 2839 editionem

262 2894 377 2962 jam
420 2891 493 2946 ab
541 2891 663 2944 aliis
710 2883 1104 2955 bibliographis
1151 2880 1331 2936 obiter
1360 2881 1834 2933 commemoratam

268 2961 543 3037 recensuit
576 2978 657 3034 Ct.
689 2976 957 3034 Seemiller
983 2974 1115 3028 lasc.
1141 2987 1221 3039 ιιι,
1244 2985 1299 3040 p.
1331 2970 1386 3035 7,
1412 2981 1523 3036 quo
1543 2966 1681 3021 duce
1704 2961 1837 3018 nihil

270 3075 475 3127 certius
505 3071 562 3125 in
595 3069 803 3124 lubrica
830 3067 930 3120 hac
952 3064 1143 3120 semita
1164 3057 1641 3130 deprehendimus.
1662 3054 1743 3109 Ab
1771 3067 1839 3109 eo

268 3163 434 3231 igitur
463 3160 746 3223 docemur,
774 3155 953 3211 omnia
985 3153 1100 3208 haec
1123 3149 1376 3220 opuscula
1397 3146 1587 3202 eodem
1617 3144 1841 3198 charac-

267 3262 406 3318 tere,
428 3250 661 3307 Gothico
689 3247 945 3303 nimirum
965 3244 1191 3308 minuto,
1213 3240 1421 3296 duabus
1442 3235 1734 3300 columnis,
1758 3232 1841 3287 ni-

272 3346 397 3398 tida:
423 3358 489 3397 ac
521 3343 691 3396 ﬁrma
719 3338 874 3393 simul
899 3336 1099 3392 charta:
1120 3334 1380 3403 impressa
1408 3344 1549 3387 esse.
1579 3327 1842 3385 Observat

273 3448 436 3505 porro
463 3448 559 3503 per
593 3431 775 3502 priora
806 3427 991 3496 viginti
1032 3425 1137 3480 duo
1176 3422 1431 3493 opuscula
1472 3419 1615 3475 loliis
1652 3432 1843 3487 super-

273 3530 509 3597 scriptos
555 3539 677 3581 esse
708 3522 914 3586 titulos,
947 3533 1053 3574 non
1087 3519 1213 3573 item
1241 3517 1296 3572 in
1334 3514 1575 3583 reliquis.
1608 3511 1842 3567 Litteras

276 3618 543 3687 initiates,
566 3613 820 3670 custodes
845 3621 899 3667 et
936 3622 1190 3665 numeros
1228 3607 1542 3677 paginarum
1587 3602 1842 3666 deiicere,

274 3708 496 3763 easdem
530 3714 707 3760 tamen
731 3717 851 3759 esse
873 3700 1130 3772 signatas.
1165 3697 1225 3752 ιιι
1244 3697 1360 3751 Cat.
1395 3694 1530 3749 Bibl.
1565 3692 1694 3765 Reg.
1726 3691 1842 3757 T.i,

278 3816 332 3869 p.
372 3798 502 3865 376,
553 3796 801 3852 laudatur
837 3777 879 3848 bu
911 3793 1083 3863 primo
1129 3788 1524 3843 Meditationum
1561 3782 1843 3854 opusculo.

278 3891 389 3946 Nec
421 3904 548 3945 raro
578 3888 740 3943 etiam
770 3885 851 3951 ﬁt,
876 3893 934 3938 ut
962 3882 1161 3952 singuli
1192 3896 1260 3936 ex
1288 3880 1388 3934 itac
1425 3876 1745 3933 collectione
1775 3873 1845 3927 ii-

276 3983 363 4038 bri
392 3991 664 4051 tamquam
694 3978 919 4034 seorsim
953 3975 1006 4029 It.
1035 3976 1075 4031 1.
1106 3983 1159 4029 et
1184 3988 1236 4028 a.
1267 3973 1486 4035 excusi,
1527 3970 1612 4025 vel
1642 3967 1846 4024 incuria

280 4064 636 4143 scriptorum,
661 4068 747 4125 vel
775 4067 915 4138 quod
936 4065 1102 4121 avulsi
1133 4078 1161 4118 a
1189 4063 1397 4133 reliquo
1424 4075 1650 4130 corpore
1682 4058 1848 4112 inter-

282 4166 409 4219 dum
440 4161 755 4227 obveniant,
784 4164 1296 4214 commemorentur.

995 4263 1148 4320 “89.

357 4364 683 4432 Argentorati
715 4378 804 4432 per
831 4358 1045 4414 Martia.
1078 4354 1261 4410 Flach.
1292 4352 1473 4409 in-lol.
1508 4353 1704 4408 Aurelii
1748 4356 1854 4405 Au-

283 4456 477 4529 gustini
500 4452 752 4524 opuscula
764 4450 1009 4522 plurima.
1024 4449 1150 4504 litec
1172 4446 1283 4502 sola
1310 4445 1447 4501 tituli
1472 4445 1641 4499 instar
1658 4442 1850 4513 pagina

284 4550 457 4617 prima
486 4546 775 4609 habentur,
804 4543 1119 4597 charactere
1148 4537 1378 4594 Gothico
1404 4534 1598 4604 majori
1621 4535 1849 4602 impres-
1879 4553 1931 4613 θ

287 4652 367 4690 sa.
400 4636 460 4690 In
489 4636 597 4689 line
618 4651 636 4687 :
667 4633 731 4686 Β.
764 4631 963 4686 Aurelii
1002 4627 1274 4700 Augustini
1302 4623 1652 4696 Hipponensis
1690 4621 1846 4693 episc.

285 4745 346 4781 oc
374 4726 603 4782 doctoris
630 4724 877 4777 Ecclesia
901 4719 1210 4775 sanctissimi
1234 4717 1423 4788 pariter
1451 4725 1496 4769 et
1521 4713 1852 4785 perspicaeis-

286 4813 401 4871 sinii
424 4833 443 4870 :
475 4815 825 4885 plurimorum
854 4810 1242 4885 opusculorum,
1291 4824 1380 4861 nec
1413 4823 1514 4860 non
1543 4806 1659 4859 vita
1685 4806 1794 4874 ejus
1821 4821 1853 4857 a

289 4908 598 4963 Possidonio
650 4905 1001 4971 conscripta:
1040 4900 1283 4968 impensis
1330 4906 1379 4951 et
1435 4912 1589 4968 Opera
1640 4894 1852 4948 Martini

290 4998 459 5052 Flach
512 4996 808 5067 Argentina
843 4992 1224 5046 accuratissime
1269 4990 1653 5058 impressorum.
1696 4981 1853 5036 Finis

289 5093 433 5145 Anno
459 5108 491 5144 a
519 5090 783 5144 nativitate
834 5084 1126 5141 Saluatoris
1177 5081 1273 5141 Μ.⁴
1307 5078 1493 5135 CCCC.
1539 5073 1849 5135 LXXXIX.

291 5181 457 5236 XIII.
485 5180 727 5239 kalendas
755 5176 983 5246 Apriles.

359 5313 472 5366 Hos
491 5314 638 5382 jura}
663 5319 848 5382 arguta
873 5309 1092 5382 scrutari
1112 5308 1351 5375 indagine
1370 5320 1564 5358 verum.

428 5376 562 5434 Illos
591 5379 834 5432 Dulichio
862 5378 1008 5431 verba
1036 5376 1207 5446 lepore
1243 5386 1430 5429 tenent.

360 5453 447 5509 Ast
476 5450 593 5503 aliis
622 5461 824 5518 gratum
853 5458 924 5500 est
951 5444 1115 5518 varios
1138 5462 1349 5518 versare
1369 5444 1582 5518 libellos.

428 5521 563 5575 Sunt
590 5511 655 5587 qu
677 5537 713 5572 ιε
740 5519 936 5583 scripta
962 5516 1142 5585 quibus
1165 5530 1268 5567 non
1298 5515 1396 5587 nisi
1424 5520 1605 5566 sancta
1635 5511 1848 5587 placent.

362 5580 612 5658 Quisquis
631 5605 681 5640 es
706 5604 767 5640 ex
793 5580 907 5640 istis
936 5602 955 5639 :
974 5580 1162 5658 paucis
1192 5584 1545 5658 nummiscnte
1572 5580 1757 5634 multos

431 5653 627 5712 Aurelii
654 5658 808 5710 libros
842 5671 860 5708 :
889 5658 1118 5724 hancque
1145 5653 1311 5706 levato
1341 5653 1495 5704 sitim.

363 5729 618 5789 ,N'eruosos
646 5742 819 5780 cernes
849 5727 1105 5777 rationum
1132 5724 1321 5775 riribus
1348 5737 1363 5772 :
1393 5734 1539 5790 atque

437 5800 655 5857 Ornatas
685 5813 701 5851 :
722 5798 886 5849 varios
918 5810 932 5846 :
965 5795 1027 5847 de
1050 5794 1231 5846 deitate
1258 5792 1431 5845 simul.

1929 2328 2030 2382 24°
2059 2328 2122 2382 de
2151 2326 2273 2381 Vita
2298 2325 2593 2381 Christiana
2618 2323 2687 2377 ad
2707 2335 2934 2376 sororem
2957 2334 3103 2373 suam
3141 2316 3365 2381 uiduam,
3393 2311 3492 2369 25°

1933 2421 1996 2473 de
2025 2418 2420 2487 Deﬁnitionibus
2445 2416 2747 2472 orthodoxa
2774 2412 2899 2483 ﬁdei
2930 2420 2977 2468 et
3000 2407 3347 2466 ecclesiasticis
3370 2405 3496 2475 dog-

1933 2504 2178 2580 motibus,
2228 2509 2326 2566 26°
2357 2510 2421 2565 de
2447 2508 2722 2579 disciplina
2762 2504 3079 2569 Christiana,
3099 2498 3197 2554 27°
3226 2498 3407 2555 Sermo
3434 2495 3497 2549 de

1936 2603 2210 2670 charitate,
2236 2600 2335 2657 28°
2363 2600 2427 2655 de
2454 2598 2624 2653 decem
2648 2596 2876 2661 chordis,
2904 2592 3002 2651 29°
3024 2591 3206 2648 Sermo
3235 2590 3296 2643 de
3321 2586 3499 2641 Ebrie-

1937 2703 2059 2759 tate,
2089 2694 2189 2749 30°
2222 2691 2493 2747 Tractatus
2522 2690 2585 2744 de
2608 2688 2835 2749 vanitate
2880 2685 3036 2759 hujus
3074 2680 3269 2746 sacnli,
3313 2681 3407 2737 31°
3437 2677 3500 2730 de

1942 2785 2236 2840 Obedientia
2273 2791 2320 2838 et
2350 2782 2663 2845 humilitate,
2711 2779 2810 2836 52°
2858 2777 2922 2832 de
2964 2775 3139 2847 Agone
3184 2770 3498 2829 Christiano.

1939 2879 2036 2932 35°
2067 2876 2129 2929 dc
2158 2873 2304 2928 Bono
2331 2872 2636 2943 disciplina,
2662 2868 2760 2924 54°
2794 2865 2999 2936 Regula
3028 2864 3091 2918 de
3119 2859 3375 2916 communi
3402 2858 3503 2912 vita

1941 2967 2267 3032 clericorum,
2298 2964 2397 3019 55°
2429 2961 2740 3016 Posidonius
2770 2958 2835 3013 de
2857 2958 2960 3011 vita
2981 2953 3277 3027 Augustini.
3306 2951 3507 3006 Praece-

1942 3058 2079 3112 dunt
2108 3062 2308 3127 praeter
2333 3053 2475 3108 hunc
2496 3050 2671 3121 ipsum
2694 3048 2930 3106 omnium
2959 3043 3343 3115 opusculorum
3369 3040 3506 3095 indi-

1943 3163 2082 3215 cem,
2112 3145 2416 3216 peculiares
2444 3143 2653 3213 aliquot
2680 3138 3035 3212 quorumdam
3062 3135 3325 3189 librorum
3352 3130 3507 3186 tabu-

1946 3240 2032 3294 lae.
2065 3238 2230 3293 Miror
2258 3236 2337 3293 Cl.
2386 3236 2767 3301 Seemillerum,
2807 3230 2897 3302 qui
2926 3227 3168 3285 eamdem
3212 3224 3507 3280 editionem

1946 3331 2000 3386 in
2028 3329 2452 3386 commentarios
2482 3327 2612 3381 fasc.
2639 3340 2715 3390 ill,
2748 3339 2802 3394 p.
2836 3320 2957 3386 l7l,
2990 3317 3195 3383 retulit,
3243 3329 3349 3370 non
3378 3327 3506 3368 con-

1947 3420 2184 3476 tendisse
2234 3432 2357 3473 cum
2407 3417 2496 3471 ed.
2541 3415 2743 3470 Veneta
2787 3409 2943 3467 1484.
2993 3408 3166 3463 liabet
3213 3404 3375 3461 etiam
3430 3400 3509 3456 Cl.

1948 3517 2141 3572 Braun.
2167 3516 2205 3571 l.
2227 3515 2265 3570 l.
2291 3513 2355 3568 Τ.
2375 3510 2439 3578 ll,
2472 3524 2525 3580 p.
2556 3508 2679 3564 174.

2029 3715 2228 3770 Ibidem
2255 3729 2344 3780 ap.
2370 3712 2541 3766 eumd.
2575 3615 2814 3762 in-itiilsiti:
2839 3698 3042 3757 Eadem
3072 3713 3135 3751 ea:
3158 3695 3383 3773 secunda
3409 3691 3513 3746 edi~

1951 3807 2177 3863 tione.ln
2201 3805 2308 3860 line
2332 3801 2441 3859 :M.
2469 3797 2651 3856 CCCC.
2678 3792 2826 3850 XCI.
2852 3792 2932 3846 die
2949 3788 3052 3845 XI.
3077 3788 3258 3842 mensis
3270 3782 3514 3854 Augusti.

1954 3901 2081 3970 Ejus
2120 3895 2428 3965 exemplum
2462 3903 2712 3947 mancum
2768 3893 2950 3940 tamen
3001 3879 3208 3935 notavit
3244 3874 3514 3930 Gemeincr

1952 3962 2263 4059 1.ἰ.ι›.203,
2283 3962 2549 4054 integrum
2572 3988 2630 4034 ut
2659 3981 2900 4033 nostrum
2922 3971 3001 4026 Cl.
3027 3970 3232 4025 Braun.
3266 3966 3304 4021 ι.
3325 3963 3431 4022 l.'l‘.
3449 3962 3512 4028 ll,

1953 4094 2003 4147 ι).
2027 4078 2153 4133 915.

2671 4164 2810 4177 ——

2026 4241 2233 4295 Parma
2269 4253 2357 4308 per
2386 4233 2638 4305 Angelum
2670 4228 2958 4300 Ugoletum,
3009 4219 3187 4277 in-lol.
3238 4212 3521 4308 Augustini

1953 4332 2214 4404 opuscula
2260 4304 2413 4385 varia
2470 4324 2622 4380 [inita
2668 4319 2848 4376 Pridie
2892 4312 3095 4369 kalend.
3145 4307 3357 4404 Aprilis.
3404 4304 3521 4404 ea}.

1955 4392 2089 4478 Bibl.
2119 4418 2381 4488 Smith.p.
2408 4414 2501 4482 es,
2532 4422 2588 4468 et
2616 4409 2889 4466 Crevenna
2917 4404 3102 4457 noviss.
3135 4400 3198 4455 Τ.
3231 4398 3269 4463 l,
3300 4411 3353 4488 ρ.
3398 4392 3516 4488 tto.

1954 4482 2476 4569 Ortliunturseriem
2508 4502 2630 4559 libri
2657 4506 2836 4555 contra
2863 4491 3215 4554 Academicos,
3246 4485 3387 4541 unde
3408 4482 3521 4536 Mo-

1955 4606 2117 4660 rellus
2141 4604 2194 4658 in
2225 4601 2336 4656 Cat.
2370 4597 2509 4655 Bibl.
2533 4589 2728 4648 Pinell.
2750 4589 2852 4644 hoc
2872 4584 3091 4642 nomine
3114 4595 3177 4636 ea
3209 4578 3395 4635 refert.

2686 4709 2826 4722 ——

2036 4785 2260 4842 Venetiis
2278 4798 2367 4854 per
2389 4776 2695 4849 Dionysium
2709 4770 3030 4832 Bertoldum,
3051 4761 3232 4820 in-l'ol.
3255 4762 3387 4854 Aur.
3414 4756 3523 4810 Au-

1957 4880 2154 4950 gustini
2175 4852 2424 4946 apuscula
2450 4870 2676 4941 plurima
2695 4881 2713 4919 :
2730 4862 2974 4950 quadam,
2987 4855 3227 4950 non‘plus
3253 4852 3521 4950 im-pres-sa.

1959 4937 2085 5026 Ilaec
2114 4969 2169 5022 in
2194 4937 2430 5035 speciem
2451 4937 2594 5017 tituli
2620 4958 2673 5013 in
2699 4954 2873 5025 prima
2899 4946 3055 5021 primi
3075 4943 3189 5000 folii
3213 4937 3524 5035 pagina.ln-

1956 5061 2158 5129 cipiunt
2182 5030 2686 5116 a-Meditationibus,
2717 5056 2944 5116 quarum
2976 5036 3162 5094 titulus
3211 5033 3378 5089 minio
3422 5030 3525 5084 im-

1956 5125 2211 5221 pressus;
2234 5145 2483 5201 ultimum
2513 5150 2595 5197 est
2612 5138 2734 5193 Vita
2753 5135 2871 5205 eius
2895 5145 2991 5201 per
3004 5125 3372 5183 Possidonium
3396 5135 3525 5177 con-

1954 5212 2180 5308 scripta,
2200 5212 2273 5291 ad
2302 5234 2455 5303 cujus
2477 5231 2678 5287 calcem
2704 5243 2719 5283 :
2749 5224 2999 5297 Ejusdem
3023 5218 3254 5293 uidelicet
3267 5216 3396 5270 Aur.
3421 5212 3527 5267 Λα·-

1956 5328 2152 5402 gustini
2181 5325 2532 5397 Hipponensis
2559 5317 2781 5391 episcopi
2810 5332 2872 5369 ac
2901 5311 3121 5377 doctoris
3144 5308 3389 5363 Ecclesia
3407 5320 3527 5359 δίκης

1955 5418 2169 5474 ctissimi
2201 5417 2419 5486 pariter,
2469 5426 2561 5465 nec
2586 5424 2688 5463 non
2716 5408 2816 5460 vite
2840 5406 2955 5475 ejus
2994 5419 3025 5456 a
3057 5397 3366 5456 Possidonio
3405 5409 3525 5449 con-

1952 5511 2175 5580 scripte:
2201 5482 2467 5576 impensis
2494 5509 2538 5553 et
2571 5512 2726 5569 Opera
2751 5492 2989 5564 Dionysii
3013 5488 3243 5545 Bertoldi
3279 5487 3341 5540 de
3373 5482 3526 5536 Bolo-

1956 5604 2044 5654 nia
2064 5596 2272 5653 Venetis
2308 5589 2689 5647 accuratissime
2713 5580 3210 5655 impressorumﬁnis
3233 5593 3365 5635 anno
3380 5592 3411 5628 a
3434 5590 3526 5628 na-

1958 5694 2150 5749 tit'itate
2201 5685 2475 5742 salvatoris
2500 5680 2689 5737 nostris
2719 5676 2843 5751 (sic)
2891 5675 2967 5729 Μ.
3012 5662 3196 5728 CCCC.
3244 5663 3391 5725 XCI.
3446 5668 3525 5719 die

1959 5778 2059 5838 XX
2080 5780 2169 5835 Vl.
2202 5776 2402 5833 Martii.
2446 5774 2542 5832 llis
2570 5770 2800 5851 denique
2824 5767 3154 5846 epigramma
3199 5769 3279 5816 est
3310 5757 3524 5825 subjec-
