4010 6350
499 360 559 415 5i
1370 356 1920 415 SUPPLEMENTUM
1960 359 2050 412 Al)
2089 359 2317 417 OPERA
2360 363 2417 418 S.
2459 361 2847 419 AUGUSTlNl.
3666 364 3738 426 53

497 482 630 528 tum.
657 471 858 529 Textus
886 484 1111 544 occupat
1136 472 1256 527 folia
1282 487 1563 527 cccxxxtx.
1581 473 1857 528 Accedunt
1879 483 2057 528 autem
2088 481 2139 537 Α

494 566 563 620 sb
600 564 755 620 initio
795 564 1083 619 voluminis
1112 572 1308 634 praeter
1343 564 1555 618 titulum
1586 578 1711 619 octo
1750 564 1874 617 folia
1906 565 2059 618 tabu-

495 654 599 709 lam
625 654 972 712 materiarum
1002 653 1329 708 exltibentia.
1371 654 1625 723 Superest
1656 656 1708 708 iu
1741 653 1844 708 line
1874 653 2059 708 lolium

493 757 619 798 cum
646 748 951 799 chartarum
992 744 1223 813 registro
1262 744 1567 814 symbolum
1610 742 1925 814 typographi
1960 745 2060 796 sis-

495 844 635 890 tens.
671 834 889 889 Littera:
916 843 1043 888 sunt
1070 833 1329 889 Gothicae.
1362 833 1662 903 Descriptio
1699 831 1839 888 facta
1864 841 1948 888 est
1967 846 2060 902 per

493 924 649 979 binas
678 925 974 989 columnas,
1005 924 1278 993 expressis
1310 924 1558 978 foliorum
1611 921 1852 977 numeris
1880 936 1944 976 ac
1986 921 2059 976 si-

493 1015 757 1085 gnaturis,
784 1022 843 1068 ut
871 1024 1049 1067 tamen
1081 1014 1330 1068 custodes
1353 1014 1750 1068 desiderentur.
1790 1012 2057 1067 Debemus

491 1103 654 1174 hujus
684 1115 739 1159 et
784 1105 1058 1173 sequentis
1105 1104 1357 1159 editionis
1406 1104 1646 1157 notitiam
1677 1101 1758 1157 Cl.
1807 1101 2054 1169 Braunio,

493 1194 665 1248 Notit.
691 1193 794 1248 Lit.
825 1195 887 1249 Τ.
912 1195 975 1259 ll,
1008 1211 1059 1263 p.
1084 1194 1208 1250 229.
1241 1195 1452 1249 Utinam
1473 1209 1600 1249 vero
1617 1194 1732 1248 viro
1759 1192 2058 1261 diligentis-

489 1283 632 1337 simo
657 1293 909 1339 contenta
933 1284 1195 1352 ejusdem,
1222 1284 1305 1337 vol
1333 1298 1668 1350 enumerare,
1692 1283 1779 1338 vel
1805 1297 1925 1338 cum
1939 1282 2057 1337 aliis

489 1373 680 1428 saltem
708 1388 1021 1444 comparare
1054 1374 1361 1443 placuisset.

566 1555 793 1610 Venetiis
843 1571 937 1625 per
989 1555 1317 1625 Pelegrinum
1366 1556 1429 1609 de
1477 1552 1819 1623 Pasqualibus
1872 1552 2053 1607 ln-l‘ol.

489 1646 622 1701 min.
657 1646 898 1700 Plurima
918 1647 1167 1713 opuscula
1196 1645 1256 1701 S.
1282 1646 1578 1717 Augustini.
1601 1645 1727 1698 Haec
1755 1657 1850 1712 pro
1881 1642 2053 1697 titulo.

489 1734 571 1789 Ad
602 1735 806 1790 calcem
840 1753 852 1787 :
887 1733 1174 1788 Finiuntur
1200 1734 1449 1802 opuscula
1482 1735 1541 1788 S.
1574 1732 1843 1803 Augustini
1872 1731 2056 1801 hippo-

2341 472 2371 526 Ι
2376 476 2738 542 nquisitionum
2759 474 3001 528 Januarii
3023 483 3070 528 et
3091 475 3153 528 de
3174 477 3626 533 consuetudinibus
3653 494 3735 534 cca

2514 565 2667 617 clesie
2699 562 2783 616 ΙΙ.

2342 651 2677 717 Questionum
2695 652 2957 706 Honorati
2977 652 3039 705 de
3055 652 3236 706 Gratia
3258 653 3332 708 Ν.
3348 652 3415 707 Τ.
3439 654 3564 707 liber
3580 671 3734 711 unus.

2343 742 2681 806 Questionum
2702 743 2925 813 quinque
2952 741 3005 795 Η
3010 741 3165 811 glarii
3194 744 3396 796 libellus
3423 759 3572 796 unus.

2341 832 2676 898 Questionum
2705 848 2794 886 sex
2820 840 3002 886 contra
3024 832 3268 903 Paganos
3306 833 3373 885 ad
3403 832 3732 905 Deogratias,

2513 921 2716 975 libellus
2746 937 2903 975 unus.

2338 1008 2471 1064 Item
2498 1014 2723 1064 omnium
2749 1012 2966 1065 istorum
2983 1012 3175 1065 indices
3201 1021 3246 1064 et
3267 1013 3647 1065 retractationes
3676 1013 3731 1066 in

2504 1101 2731 1167 [aciebus
2757 1102 2941 1171 posite.

2161 1191 2286 1246 lltec
2317 1192 2372 1246 in
2408 1190 2587 1246 fronte
2636 1191 2811 1257 tituli,
2859 1191 3057 1260 quibus
3096 1191 3321 1261 subjecti
3350 1198 3474 1245 sunt
3501 1190 3551 1242 in
3580 1204 3729 1242 coms

2160 1283 2558 1338 mendationem
2605 1283 2724 1352 ejus
2764 1283 3013 1338 versiculi
3050 1284 3254 1353 aliquot
3282 1283 3348 1337 ad
3390 1282 3451 1336 Ι).
3478 1281 3728 1351 Augusti-

2158 1388 2307 1427 num.
2359 1373 2415 1427 ln
2457 1373 2564 1427 line
2602 1373 2897 1443 (extremae
2945 1373 3149 1443 paginze
3191 1374 3438 1427 columna
3470 1372 3725 1443 prima):

2159 1461 2307 1516 Finis
2329 1479 2416 1517 sex
2436 1464 2758 1533 questionum
2786 1464 2892 1516 divi
2919 1464 3104 1516 aurelii
3146 1464 3409 1533 augustini
3435 1467 3518 1533 epi
3547 1473 3729 1517 contra

2160 1571 2388 1627 paganos
2408 1556 2475 1607 ad
2498 1556 2594 1608 deo
2616 1556 2813 1627 gratias
2836 1569 2856 1609 .'
2876 1562 2923 1608 et
2950 1571 3039 1623 per
3060 1570 3375 1623 consequens
3396 1557 3549 1609 totius
3576 1554 3729 1617 huius

2160 1646 2345 1713 operis.
2366 1643 2477 1699 Deo
2497 1647 2713 1715 gratias.
2742 1642 3003 1699 Columna
3026 1644 3190 1699 altera
3211 1644 3407 1700 deinde
3438 1655 3556 1715 post
3577 1643 3728 1699 Badii

2159 1736 2559 1805 perorationem
2592 1745 2646 1790 et
2678 1734 2977 1804 subjectum
3008 1734 3183 1789 eidem
3233 1735 3538 1791 chartarum
3583 1735 3728 1804 regi-

487 1826 659 1879 nensis
688 1841 823 1879 anno
845 1842 877 1877 a
906 1826 1172 1878 nativitate
1199 1824 1394 1877 domini
1422 1823 1498 1876 ll].
1524 1820 1708 1877 CCCC.
1740 1821 2051 1877 LXXXXI.
2086 1835 2131 1894 Β
2157 1836 2330 1882 strutn
2356 1844 2372 1883 :
2398 1827 2425 1881 1
2432 1844 2714 1898 mpressum
2736 1837 2811 1883 est
2830 1836 3001 1881 autem
3017 1827 3114 1880 hoc
3136 1827 3516 1897 opusLugduni
3540 1842 3730 1895 :opera

488 1919 572 1972 die
608 1934 722 1971 vero
754 1917 819 1973 to
842 1917 1123 1970 novembris
1164 1918 1413 1987 impressa
1453 1918 1662 1982 fuerunt
1701 1914 1924 1968 Venetiis
1963 1930 2054 1985 per

487 2006 824 2076 Pelegrinum
853 2006 916 2059 de
944 2005 1291 2074 Pasqualibus
1317 2005 1378 2057 de
1403 2002 1661 2058 Bononia.

557 2096 818 2151 Volumen
851 2105 933 2149 est
964 2094 1211 2149 foliorum
1240 2109 1400 2149 cxxxt
1427 2094 1753 2163 exscriptum
1783 2093 1923 2163 typis
1943 2091 2053 2149 Go-

486 2186 677 2252 tltieis,
710 2186 971 2240 columnis
998 2186 1160 2240 binis.
1192 2184 1380 2238 Insunt
1409 2184 1619 2239 numeri
1648 2197 1712 2238 ac
1740 2184 2051 2253 signaturis,

485 2293 586 2333 nec
633 2286 811 2332 tamen
860 2276 1130 2333 custodes.
1182 2276 1395 2329 Initium
1443 2274 1649 2329 faciunt
1691 2274 1814 2328 libri
1866 2282 2054 2328 contra

486 2368 874 2433 Academicos,
906 2381 1028 2420 cum
1079 2366 1179 2421 hac
1223 2365 1518 2435 epigraphe
1558 2365 1724 2420 minio
1755 2366 2051 2434 impressa:

486 2457 605 2511 Diui
624 2457 756 2511 Aur.
790 2456 1064 2526 Augustini
1091 2455 1442 2526 Hipponensis
1472 2455 1700 2524 episcOpi
1725 2465 1904 2509 contra
1924 2456 2057 2508 Aca-

484 2551 705 2603 demicos
728 2565 748 2615 ;
788 2549 870 2602 vel
915 2549 981 2601 de
1006 2547 1356 2617 Academicis,
1398 2563 1547 2618 quem
1598 2546 1772 2600 adhuc
1800 2546 2053 2601 Catecltu—

483 2657 664 2694 menus
708 2640 887 2694 edidit.
940 2638 1292 2694 Prasmittitur
1321 2639 1544 2709 epistola
1577 2638 1812 2693 Severini
1839 2637 2050 2705 Chalci,

482 2733 879 2788 Canonicorum
910 2732 1239 2802 regularium
1266 2732 1324 2788 S.
1352 2731 1541 2787 Crucis
1566 2732 1928 2787 Montanensis
1951 2730 2055 2786 Ca-

486 2824 663 2879 noniae
700 2823 978 2893 Praepositi
1006 2823 1073 2878 ad
1105 2823 1394 2887 lectorem,
1424 2823 1512 2878 cui
1543 2837 1765 2893 operum
1808 2822 1968 2877 index
1998 2831 2052 2877 et

481 2916 812 2986 epigramma
841 2914 1055 2982 aliquod
1088 2915 1335 2970 subnexa
1366 2923 1513 2969 sunt.

1146 3005 1377 3078 [1495.]

555 3095 774 3152 Basilete
794 3113 886 3168 per
904 3096 1160 3151 Joannem
1191 3098 1254 3151 de
1282 3096 1582 3151 Amerbaclt.
1615 3094 1811 3165 In-fol.
1853 3092 1927 3148 VI
1946 3096 2050 3149 vol.

2155 1929 2201 1974 et
2228 1920 2472 1990 impensis
2502 1919 2554 1971 Μ
2568 1959 2581 1972 .
2608 1918 2829 1972 Joannis
2860 1918 3099 1973 Trechsel
3130 1919 3401 1972 Alemanni
3428 1931 3448 1971 :
3477 1933 3611 1971 anno
3640 1934 3730 1970 sa-

2155 2010 2281 2065 lutis
2325 2020 2498 2063 nostre
2544 2008 2823 2063 Millesimo
2856 2010 3364 2081 quadringentesimo
3400 2009 3730 2080 nonagesimo

2154 2102 2392 2171 septimo.
2438 2098 2570 2153 VII.
2627 2098 2855 2154 Kalend.
2915 2099 3105 2153 Maias.
3151 2099 3358 2166 Quibus
3397 2099 3448 2153 in
3486 2110 3729 2153 extrema

2155 2191 2346 2260 pagina
2394 2190 2680 2258 subjicitur
2709 2188 3013 2259 symbolum
3075 2188 3418 2258 typograplti.
3469 2185 3733 2241 Pra'fatus

2156 2291 2239 2338 est
2266 2281 2495 2335 Jodocus
2525 2279 2721 2334 Badius
2743 2279 2808 2333 ad
2832 2280 3141 2349 Magistrum
3165 2279 3383 2333 Petrum
3401 2276 3727 2343 Gerardum,

2156 2387 2327 2428 sacra:
2359 2372 2528 2427 tlteol.
2581 2371 2815 2439 profess.
2863 2380 2917 2425 et
2962 2370 3185 2425 fratrem
3218 2369 3579 2425 Eremitarum
3614 2372 3728 2422 Au-

2154 2462 2760 2533 gustiniParchiensem
2803 2459 2957 2531 (sic)
3014 2462 3270 2529 priorem.
3328 2460 3407 2529 (d.
3459 2457 3725 2528 Lugduni.

2158 2555 2247 2611 νη
2273 2555 2382 2610 kal.
2413 2554 2536 2610 Mai.
2570 2554 2753 2623 1497.)
2783 2554 2863 2608 Ex
2901 2567 2966 2609 eo
3014 2553 3230 2623 quidem
3282 2552 3562 2617 discimus,
3592 2562 3729 2619 Opus

2155 2647 2258 2702 hoc
2287 2647 2570 2701 collectum
2616 2660 2736 2701 esse
2768 2653 2931 2714 atque
2967 2646 3287 2715 castigatum
3335 2644 3402 2700 ab
3438 2643 3729 2714 Augustino

2155 2738 2218 2791 de
2246 2737 2553 2807 Ratispona,
2587 2735 2649 2791 S.
2702 2733 2887 2789 Theol.
2916 2734 3300 2802 Baccalaureo,
3341 2734 3410 2790 de
3444 2733 3729 2790 scholasti-

2154 2844 2338 2884 corum
2366 2829 2573 2898 aliquot
2602 2827 2888 2882 doctorum
2916 2828 3152 2897 {scriptis
3172 2867 3188 2893 ,
3232 2827 3342 2896 jam
3373 2835 3499 2880 ante
3538 2824 3727 2890 editis,

2156 2922 2293 2977 bene
2318 2921 2531 2975 merito.
2562 2919 2749 2987 Neque
2770 2932 2902 2978 vero
2925 2917 3095 2988 ipsius
3121 2917 3281 2972 etiam
3307 2916 3463 2969 Badii
3489 2915 3729 2970 studium

2154 3013 2303 3082 operi
2334 3011 2535 3076 defuit,
2565 3011 2826 3081 siquidem
2858 3019 2911 3064 et
2941 3008 3320 3078 conquirendis
3347 2998 3507 3077 Quam
3558 3006 3731 3075 pluri-
3764 3025 3772 3031 ι

2157 3104 2278 3170 bus,
2308 3117 2445 3173 quos
2482 3102 2575 3157 ille
2604 3102 2841 3156 nancisci
2888 3116 2993 3155 non
3025 3108 3294 3169 potuerat,
3325 3097 3645 3153 tractatibus
3675 3103 3732 3150 et

488 3188 547 3243 Β.
586 3187 867 3258 Augustini
898 3188 1092 3254 Opera.
1126 3186 1308 3240 Maett.
1339 3187 1404 3240 Τ.
1436 3186 1485 3252 l,
1534 3194 1676 3255 part.
1707 3200 1778 3251 tt,
1814 3199 1868 3254 p.
1916 3184 2054 3249 588,

2159 3193 2497 3264 corrigendis
2522 3192 2712 3247 iisdem
2745 3207 2849 3246 non
2880 3191 3145 3245 modicam
3178 3189 3281 3245 sibi
3311 3186 3619 3258 ltujusmodi
3647 3185 3731 3240 di-

487 3296 554 3334 οι
582 3280 687 3334 lide
736 3280 798 3333 de
850 3281 901 3333 la
926 3278 1123 3344 Caille,
1174 3293 1226 3347 p.
1272 3278 1361 3332 82.
1391 3276 1495 3332 Sed
1528 3278 1722 3332 frustra
1759 3290 1880 3331 eam
1916 3275 2056 3345 apud

486 3372 624 3426 alios
644 3371 914 3425 litteratos
941 3372 1110 3436 viros,
1125 3380 1179 3425 et
1200 3371 1254 3424 in
1273 3368 1592 3438 optimarum
1613 3367 2056 3423 bibliothecarum

488 3462 747 3532 catalogis
788 3462 1237 3531 conquisivimus.
1270 3461 1472 3516 Vereor
1502 3475 1659 3530 ergo,
1689 3475 1757 3515 ne
1783 3475 1880 3529 per
1908 3474 2057 3514 erro-

491 3566 640 3617 rem,
674 3551 858 3607 nescio
887 3567 1043 3622 quem
1066 3591 1082 3617 ,
1116 3552 1239 3606 talis
1271 3552 1460 3606 notitla
1492 3550 1772 3615 inciderit,
1802 3551 1944 3619 quod
1974 3552 2057 3607 vel

489 3657 553 3696 ex
582 3656 648 3696 eo
679 3641 737 3695 lit
761 3640 1076 3708 verisimile,
1107 3642 1249 3711 quod
1279 3640 1506 3696 formam
1546 3640 1850 3696 chartarum
1880 3640 2056 3710 dupli-

492 3749 632 3799 cem,
664 3735 781 3805 folii
826 3734 1034 3789 scilicet
1061 3742 1116 3789 et
1144 3736 1333 3803 quarti,
1369 3733 1621 3803 prodidit.
1654 3732 1898 3787 Meminit
1940 3733 2057 3803 ejus

490 3825 707 3893 quidem
738 3824 895 3880 etiam
935 3824 1208 3896 Vignerius
1238 3825 1290 3878 in
1319 3823 1483 3892 Prwf.
1516 3825 1581 3878 ad
1617 3823 1883 3895 Supplem.
1911 3826 2054 3894 Ope-

489 3932 607 3970 rum
656 3915 959 3987 Augustini.
999 3915 1103 3972 Sed
1159 3931 1266 3971 non
1320 3916 1508 3985 majori
1556 3915 1682 3971 lide.
1728 3916 1896 3971 immo
1924 3931 2059 3985 pene

492 4013 671 4059 certus
701 4018 852 4070 sum,
886 4006 1063 4060 varias
1113 4005 1446 4075 singulorum
1490 4005 1775 4075 Augustini
1828 4007 2057 4074 scripto-

491 4109 641 4159 rum,
672 4095 837 4149 veluti
867 4093 1273 4148 Enarrationum
1303 4096 1357 4148 in
1387 4094 1625 4149 Psalmos
1649 4138 1664 4163 ,
1700 4095 2057 4164 Epistolarum

488 4194 545 4237 et
573 4183 878 4238 Sermonum
905 4185 1172 4239 editiones
1202 4199 1301 4253 per
1325 4199 1491 4239 annos
1518 4184 1688 4250 1495,
1720 4183 1819 4251 94,
1851 4185 1941 4250 95,
1966 4186 2055 4251 97,

489 4273 784 4330 identidem
832 4274 900 4329 ab
939 4274 1300 4329 Amerbachio
1345 4288 1605 4341 excusas,
1649 4274 1790 4330 hunc
1815 4289 2055 4330 errorem

492 4361 787 4433 peperisse.

1222 4454 1378 4509 M97.

2157 3286 2391 3356 ligentiac
2430 3285 2748 3355 particulam
2794 3283 3067 3338 vindicare
3112 3295 3270 3351 posse
3321 3280 3533 3333 fatetur.
3589 3276 3730 3331 Nam

2159 3378 2401 3446 primunt,
2432 3375 2639 3445 inquit,
2668 3390 2801 3440 eum,
2832 3390 2980 3443 quem
3025 3374 3079 3425 in
3126 3383 3264 3441 tergo
3294 3369 3548 3439 conspicis
3590 3367 3732 3421 ordi-

2157 3482 2308 3532 nem,
2364 3464 2682 3518 observatum
2724 3462 2979 3517 soluimus
3024 3477 3043 3515 :
3081 3470 3135 3515 ut
3178 3462 3345 3531 primo
3395 3457 3508 3512 loco
3553 3457 3732 3510 veteris

2158 3558 2425 3610 dumtaxat
2452 3554 2762 3609 Testamenti
2792 3554 3111 3622 questiones;
3138 3552 3362 3605 secundo
3394 3549 3515 3604 novi
3551 3556 3601 3602 et
3641 3563 3728 3601 ve-

2159 3651 2312 3713 teris;
2337 3647 2485 3701 tertio
2505 3645 2902 3714 evangeliorum,
2928 3660 3041 3713 qua:
3068 3643 3184 3695 novi
3205 3642 3472 3696 dumtaxat
3498 3648 3617 3693 sunt
3640 3653 3659 3691 :
3682 3644 3731 3689 et

2159 3740 2340 3793 ultimo
2370 3738 2563 3806 relique
2608 3745 2936 3805 ponerentur.
2965 3734 3199 3788 Ceterum
3228 3733 3272 3788 si
3316 3736 3447 3803 forte
3473 3729 3732 3801 quispiam

2158 3830 2565 3901 reprehenderit,
2613 3827 2751 3899 quod
2800 3827 2862 3880 de
2910 3842 3159 3880 consensu
3209 3824 3643 3894 evangelistarum
3684 3829 3733 3875 et

2158 3921 2477 3975 encliiridion
2500 3921 2631 3973 inter
2652 3918 2935 3988 questiones
2958 3914 3266 3970 inseruimus
3292 3932 3311 3970 :
3334 3932 3435 3969 non
3459 3923 3592 3968 recte
3618 3914 3733 3965 ani-

2161 4013 2506 4075 madverterit,
2535 4020 2783 4081 quantum
2812 4026 2869 4064 ea
2896 4025 3055 4076 opera
3082 4026 3197 4062 cum
3224 4005 3579 4078 questionibus
3609 4019 3747 4057 con--

2158 4108 2382 4160 veniant.
2416 4104 2611 4157 Deinde
2640 4102 3029 4156 retractationes
3071 4102 3234 4171 ipsius
3261 4097 3538 4168 Augustini
3562 4136 3576 4160 ,
3601 4094 3732 4149 ubi-

2162 4211 2374 4265 eumque
2404 4194 2601 4264 fecerit,
2632 4194 2774 4261 operi
2806 4190 3175 4262 pra’posuimus
3209 4205 3227 4243 :
3258 4197 3304 4243 et
3332 4189 3387 4241 in
3413 4185 3731 4256 marginibus

2162 4288 2411 4352 locorum,
2456 4299 2584 4353 quos
2640 4283 2901 4348 tractavit,
2942 4282 3084 4351 ipsas
3123 4279 3557 4350 consignavimus.
3604 4275 3734 4327 Tum

2161 4389 2365 4446 grecum
2389 4373 2497 4427 suis
2519 4370 2899 4425 characteribus
2921 4369 3316 4440 conscripsimus
3346 4375 3392 4420 et
3420 4367 3476 4419 in
3502 4364 3738 4434 margine

2158 4467 2223 4519 iis
2248 4509 2263 4534 ,
2292 4465 2381 4534 qui
2405 4462 2594 4518 Grecos
2623 4464 2863 4533 ignorant
2893 4504 2907 4529 ,
2962 4461 3134 4513 latinis
3174 4459 3447 4527 repetimus
3478 4472 3496 4511 :
3526 4456 3738 4522 adiecta

559 4548 804 4618 Lugduni
835 4563 922 4615 per
950 4547 1039 4600 Jo.
1072 4545 1328 4600 Trechsel.
1354 4546 1409 4600 In
1446 4546 1538 4599 fol.
1571 4546 1712 4617 Opus
1740 4546 2058 4616 qtteslionum
2085 4551 2137 4610 D
2163 4571 2546 4624 nonnumquam
2575 4553 2970 4625 signiﬁcatione.
3003 4550 3141 4604 Tum
3186 4550 3385 4618 quoties
3425 4548 3478 4601 in
3520 4545 3739 4599 diversis

488 4639 591 4692 diui
617 4640 888 4711 Augustini
906 4680 920 4703 ,
950 4640 1004 4692 in
1032 4655 1131 4709 quo
1161 4638 1251 4693 hec
1278 4640 1450 4693 omnia
1477 4640 1819 4693 continentur.

666 4729 1025 4799 Heptateucon
1078 4745 1206 4798 opus
1257 4733 1516 4784 variarum
1557 4732 1881 4800 questionum
1907 4748 2060 4801 super

838 4831 1027 4892 septem
1065 4821 1223 4875 libros
1254 4823 1407 4876 biblie
1433 4838 1453 4876 :
1482 4823 1913 4893 comprehenderis
1945 4824 2061 4877 toti-

842 4915 958 4967 dem
975 4955 988 4978 ,
1022 4922 1211 4981 septem
1240 4915 1277 4967 li
1281 4913 1414 4967 bras.
1878 4914 1893 4920 ⁷

669 5006 1008 5070 Questionum
1035 5008 1150 5059 novi
1171 5016 1218 5061 et
1245 5009 1423 5061 ueteris
1452 5005 1756 5061 Testamenti
1784 5006 1875 5062 lib.
1901 5004 2018 5061 III.

664 5096 741 5149 De
768 5112 1014 5151 consensu
1045 5096 1496 5168 Euangelistarum
1523 5098 1638 5151 libri
1668 5097 1774 5152 IV.

670 5185 1005 5252 Questionum
1034 5186 1431 5258 Evangeliorum
1460 5188 1577 5242 libri
1607 5186 1743 5243 III.‘

666 5276 997 5340 Questionnm
1026 5279 1282 5345 octoginta
1309 5279 1462 5331 trium
1490 5276 1615 5332 liber
1636 5276 1688 5331 I.

669 5365 1013 5430 Questionum
1057 5365 1201 5421 LXV
1257 5369 1425 5424 Orosii
1461 5369 1734 5440 :ejusdem
1770 5367 2058 5438 dyalogns,

842 5457 927 5526 qui
959 5468 1031 5512 est
1064 5459 1195 5513 liber
1224 5476 1377 5514 unus.

668 5548 1007 5614 Questionum
1030 5559 1142 5603 octo
1168 5548 1403 5604 Dultidii
1434 5551 1636 5605 libellus
1665 5568 1817 5606 unus.

674 5638 1011 5703 Questionum
1036 5639 1297 5695 Laurentii
1324 5643 1387 5695 de
1415 5643 1548 5710 ﬁde,
1582 5660 1669 5710 spe
1698 5650 1742 5696 rt
1770 5640 2017 5695 charitate
2041 5656 2058 5692 :

845 5730 1181 5787 enrhiridion.

2161 4647 2422 4703 codicibus
2448 4646 2728 4715 duplicem,
2760 4659 2979 4714 quarum
3009 4650 3190 4696 neutra
3208 4639 3535 4711 aspernanda
3565 4646 3692 4691 esset
3722 4680 3738 4703 ,

2160 4739 2427 4793 lectionem
2475 4737 2783 4806 offendimus
2804 4775 2819 4799 ,
2850 4744 3119 4805 utramque
3165 4733 3432 4803 posuimus
3460 4746 3478 4784 :
3510 4729 3601 4783 sed
3651 4730 3741 4781 al-

2162 4838 2320 4883 teram
2350 4828 2442 4881 sub
2472 4828 2726 4896 margine.
2762 4823 2892 4877 Tum
2942 4824 3101 4876 libros
3143 4824 3195 4875 in
3241 4826 3413 4892 fronte
3440 4818 3741 4873 chartarum

2160 4921 2507 4975 distinximus.
2539 4917 2674 4971 Tum
2723 4916 2915 4968 indices
2965 4915 3194 4968 omnium
3219 4956 3235 4982 ,
3268 4928 3383 4982 qum
3429 4913 3482 4966 in
3522 4909 3742 4981 singulis

2163 5009 2399 5080 operibus
2412 5009 2815 5070 continerentur,
2848 5005 2973 5073 ipsis
2999 5004 3384 5073 preposuimus,
3409 5011 3456 5057 et
3481 5001 3742 5055 interdum

2164 5100 2318 5154 etiam
2360 5106 2480 5149 ante
2513 5097 2629 5163 ipsa
2671 5094 2842 5163 capita
2868 5093 3213 5163 reposuimus.
3243 5092 3311 5145 In
3351 5091 3533 5161 primis
3573 5097 3743 5142 tamen

2164 5187 2528 5257 questionibus,
2560 5199 2688 5253 quas
2715 5184 2770 5236 in
2801 5184 3020 5250 formam
3065 5183 3389 5251 questionum
3419 5180 3743 5250 redegimus,

2168 5296 2269 5333 non
2300 5293 2430 5347 Opus
2452 5276 2665 5345 repetito
2695 5274 2857 5328 visum
2877 5280 2951 5326 est
2982 5288 2998 5324 :
3031 5288 3096 5325 ne
3124 5273 3254 5341 forte
3292 5270 3601 5342 prcenotatio
3631 5270 3741 5339 ipsa

2166 5372 2466 5424 narratione
2494 5371 2665 5439 major
2687 5376 2986 5420 nasceretur
3008 5380 3029 5418 .'
3057 5366 3170 5418 loca
3201 5374 3371 5418 tamen
3399 5362 3573 5428 biblie,
3608 5359 3741 5414 unde

2167 5468 2374 5529 excepta
2402 5466 2542 5524 sunt,
2572 5456 2876 5527 diligentius
2905 5471 3020 5508 cum
3046 5455 3171 5525 ipsis
3198 5451 3548 5522 questionibus
3578 5464 3741 5502 anno~

2165 5550 2402 5603 lavimus.
2432 5548 2543 5603 Nec
2572 5546 2869 5601 omittenda
2900 5545 3060 5614 plane
3090 5544 3247 5599 nobis
3273 5543 3506 5605 videtur,
3538 5554 3659 5609 qua:
3687 5539 3739 5593 in

2166 5649 2407 5695 extrema
2445 5639 2692 5694 columna
2736 5637 2933 5706 legitur
2968 5636 3205 5705 ejusdem
3253 5634 3402 5688 Badii
3444 5633 3511 5686 de
3559 5628 3737 5698 operis

2168 5730 2586 5798 complementa,
2613 5735 2666 5782 ct
2694 5734 2749 5782 ut
2779 5726 2966 5781 dicunt
2996 5728 3248 5796 regictro,
3272 5725 3336 5780 ad
3366 5720 3755 5793 magistratum
