4010 6350
280 302 363 360 53⁷
1172 296 1328 353 ΝΟΤΙ
1345 300 1360 352 1
1376 297 1444 353 1A
1484 296 1873 356 LITTERAM.J

1979 299 2003 354 ἢ
2042 298 2098 356 S.
2140 297 2616 357 AUGUSTINUM.
3457 307 3527 363 51

282 419 525 469 nostrum
570 410 787 465 Petrum
818 407 1065 474 Gcrardt,
1093 410 1327 479 priorem
1348 450 1362 475 ,
1386 420 1514 476 etc.,
1546 411 1821 466 Peroratio
1841 450 1856 475 ,
1889 413 1935 471 Α
1968 411 2147 464 tomis.
2180 410 2245 463 ι).
2276 412 2552 481 Augustini
2572 411 2740 480 prima
2764 428 2883 480 pars
2911 413 3179 484 librorum,
3210 432 3336 485 quos
3365 418 3526 471 edidit

283 519 407 573 qua:
450 502 528 557 sic
557 511 712 557 sonat
741 517 757 558 ξ
790 499 916 554 Iltec
962 512 1082 554 sunt
1126 503 1541 570 magistratorum
1571 512 1860 556 nostrorum

286 596 480 663 optime
509 609 530 647 :
556 594 804 663 magister
835 602 975 661 petre
1002 590 1223 648 Gerardi
1252 608 1271 647 :
1291 609 1392 662 quo
1427 594 1492 647 de
1518 592 1861 662 questionibus

282 686 393 739 diui
409 685 577 756 patris
598 684 859 755 augustini
878 685 1072 739 :multo
1092 685 1295 753 quidem
1309 684 1481 741 labore
1497 695 1647 756 parta
1663 685 1866 739 tandem

286 784 378 829 tuo
398 774 599 829 nomini
619 775 792 829 dicata
810 775 1082 829 emittimus
1104 791 1123 831 :
1140 784 1402 845 precantes
1425 792 1598 831 omnes
1618 792 1676 830 ea
1705 776 1866 845 perle-

286 874 455 917 ctores
467 865 517 917 in
534 872 732 930 partem
750 865 1003 935 accipiant
1017 864 1201 919 bonam
1217 882 1231 919 :
1247 868 1543 937 veniamque
1559 867 1679 920 dent
1701 882 1720 919 :
1736 868 1778 920 si
1789 866 1866 919 vel

289 955 567 1023 pauciores
591 956 896 1023 questiones,
919 972 1073 1024 quam
1092 958 1200 1027 ipse
1211 958 1562 1013 sanctissimus
1581 958 1754 1013 doctor
1768 974 1863 1012 au-

288 1044 533 1113 gustinus
565 1045 785 1115 confecit
807 1060 827 1101 :
846 1045 924 1100 vel
952 1044 1048 1100 Itas
1078 1047 1245 1102 minus
1270 1049 1499 1118 cognitas
1522 1048 1862 1102 omiserimus.

290 1132 562 1187 Pauculas
586 1135 721 1189 enim
746 1136 920 1190 deesse
940 1152 1111 1190 remur
1136 1145 1285 1206 atque
1311 1153 1397 1191 eas
1428 1145 1649 1200 tantum,
1679 1154 1778 1207 que
1800 1140 1868 1191 ad

290 1225 685 1294 simplicianum
732 1227 1028 1282 mediolam.
1085 1228 1311 1297 episc0p.
1356 1230 1647 1299 conscripta
1692 1240 1811 1285 sunt
1851 1246 1869 1283 :

289 1334 421 1388 quas
468 1319 712 1375 hactenus
750 1320 972 1389 reperire
1010 1336 1115 1375 non
1155 1322 1414 1392 potuimus
1438 1336 1457 1375 :
1482 1350 1552 1360 —-
1578 1322 1747 1376 locum
1792 1331 1868 1374 ta-

291 1424 429 1476 men,
465 1425 567 1478 quo
603 1411 760 1465 inseri
799 1420 1026 1481 possent,
1060 1412 1357 1482 reliquimus
1390 1412 1546 1466 trium
1578 1414 1869 1483 quaternio-

295 1512 419 1549 num
452 1498 626 1555 :Mm.
654 1499 762 1553 Nn.
794 1500 892 1555 00.
920 1517 1072 1570 quem
1099 1503 1145 1555 si
1169 1512 1431 1557 vocantem
1458 1503 1822 1574 dereliquintus
1853 1519 1870 1556 :

296 1588 419 1641 vitio
458 1588 691 1642 dandum
730 1590 905 1644 nullus
944 1592 1046 1645 nisi
1088 1592 1399 1647 inhuntanus
1444 1604 1490 1648 et
1531 1593 1874 1647 calumniator

296 1679 521 1733 censebit
554 1695 571 1734 :
596 1696 717 1734 cum
753 1680 831 1736 vel
855 1683 1066 1753 singula
1094 1699 1252 1755 Opera
1283 1685 1436 1754 plena
1475 1686 1579 1739 sint
1612 1703 1622 1737 :
1651 1694 1697 1738 et
1728 1700 1871 1739 seor-

1966 497 2389 555 Catechumenus.
2418 531 2487 540 —
2516 501 2648 556 Pars
2691 500 2775 556 II.
2824 502 2988 568 Libri,
3018 520 3143 573 quos
3186 507 3387 575 scripsit
3434 506 3536 560 Ba-

1966 590 2212 660 ptizatus.
2243 620 2312 631 -——
2344 591 2478 646 Pars
2510 592 2630 645 ΙΙΙ.
2662 594 2827 659 Libri,
2870 611 2995 665 quos
3039 596 3197 651 edidit
3239 596 3534 667 Presbyter.

1965 709 2035 719 —
2059 679 2191 734 Pars
2227 678 2255 733 Ι
2275 680 2515 734 γ-γιιι.
2564 681 2724 748 Libri,
2757 700 2884 753 quos
2933 684 3090 739 edidit
3136 685 3444 756 Episcopus.
3468 716 3539 728 —

1972 768 2102 823 Pars
2131 769 2354 823 lX—XI.
2400 770 2565 835 Libri,
2605 787 2731 841 quos
2777 789 2880 826 non
2918 784 3138 828 recenset
3176 777 3228 829 in
3257 776 3403 831 libris
3439 776 3540 831 Re-

1969 860 2355 913 tractationum.

2040 948 2235 1003 Primae
2264 949 2425 1018 hujus
2450 964 2676 1019 operum
2699 950 2984 1021 Augustini
3009 952 3265 1009 editionis
3290 955 3536 1026 exempla

1971 1039 2107 1094 adeo
2131 1056 2248 1094 rara
2274 1048 2421 1108 sunt,
2458 1052 2514 1097 ut
2542 1042 2664 1098 licet
2687 1056 2792 1096 non
2816 1057 3016 1112 paucos
3041 1046 3334 1101 evolverim
3365 1047 3541 1101 diver—

1971 1148 2153 1189 sarum
2186 1134 2627 1190 bibliothecarum
2674 1134 2968 1205 catalogos,
3003 1136 3055 1191 in
3093 1137 3306 1194 duobus
3335 1147 3539 1193 tantum

1976 1225 2238 1282 hactenus
2269 1226 2509 1296 reperire
2538 1227 2830 1296 contigerit
2855 1226 2954 1298 (b),
2984 1229 3078 1297 qui
3108 1228 3266 1282 ambo
3293 1230 3540 1285 eumdem

1972 1316 2211 1387 quidem,
2241 1331 2400 1387 quem
2434 1317 2486 1371 in
2522 1318 2815 1387 conspicuo
2845 1317 3126 1387 posuimus
3152 1332 3374 1383 annum,
3416 1334 3542 1389 pro-

1973 1411 2127 1477 dunt,
2155 1424 2422 1481 quemque
2448 1410 2758 1465 Maettarius
2792 1412 2935 1466 eruit
2965 1409 3059 1481 (c).
3089 1410 3258 1464 Datur
3290 1411 3541 1465 nimirum

1976 1501 2025 1555 in
2050 1500 2134 1556 his
2154 1500 2511 1570 discrepantia
2542 1500 2809 1571 quaedam,
2832 1500 2958 1555 dum
2990 1501 3103 1568 alii,
3127 1500 3274 1555 velut
3296 1508 3543 1555 auctores

1974 1591 2348 1657 Colonienses,
2380 1606 2577 1646 annum
2607 1591 2765 1657 1504,
2797 1591 2886 1646 alii
2918 1606 3120 1647 annum
3147 1592 3280 1647 1501
3322 1600 3378 1647 et
3405 1592 3543 1648 1503

1977 1682 2275 1753 praeferunt
2309 1683 2407 1755 (ά),
2452 1683 2597 1739 unde
2636 1684 2867 1739 fortasse
2905 1685 3028 1754 jure
3067 1683 3252 1755 aliquo
3297 1684 3543 1754 colligas,

294 1787 409 1824 sum
436 1771 603 1825 emitti
634 1773 853 1840 possint.
874 1803 946 1812 —
976 1773 1222 1841 Queeero
1244 1785 1417 1829 errata
1441 1790 1671 1830 veremur
1697 1777 1871 1846 :ejus-
1902 1776 1951 1836 Β
1978 1788 2082 1829 non
2124 1787 2232 1829 uno
2278 1788 2422 1828 anno
2454 1782 2619 1828 totam
2666 1774 2803 1829 hanc
2832 1774 3128 1829 editionem
3178 1788 3299 1830 esse
3326 1774 3544 1829 absolu-

295 1861 441 1912 modi
467 1861 746 1930 credimus,
803 1878 911 1933 que.
952 1865 1062 1918 sine
1112 1865 1459 1936 recognitione
1503 1875 1593 1921 aut
1642 1866 1874 1921 admoni-

296 1951 437 2005 tione
458 1964 636 2007 nostra
658 1955 818 2024 facile
843 1958 1006 2026 quivis
1027 1957 1416 2029 deprehenderit
1437 1968 1482 2013 et
1510 1960 1872 2013 emendaverit.

300 2041 387 2097 Ne
406 2045 524 2111 quis
561 2055 732 2099 autem
756 2047 1052 2103 chartarum
1082 2050 1536 2104 convertendarum
1559 2052 1754 2122 ignoret
1780 2068 1800 2106 .'
1825 2061 1872 2106 et

296 2138 362 2190 ob
391 2138 449 2191 id
470 2139 645 2195 deesse
668 2141 947 2210 quidquam
970 2152 1111 2215 putet
1126 2144 1248 2198 :hec
1273 2146 1429 2200 series
1455 2154 1527 2199 est
1551 2160 1571 2199 :
1591 2163 1637 2198 α·
1656 2162 1699 2211 s,
1733 2143 1873 2213 A-G,

299 2228 498 2297 Λα-ιι,
534 2230 640 2299 Pp.
687 2231 919 2298 Quorum
944 2234 994 2298 b,
1024 2234 1073 2297 It,
1108 2251 1162 2304 q,
1206 2251 1254 2302 r,
1294 2234 1337 2290 ϐ
1371 2244 1417 2290 et
1458 2235 1543 2303 Ll,
1576 2247 1716 2290 terne
1759 2244 1875 2291 sunt

298 2342 390 2393 pp.
420 2326 616 2394 quine:
641 2326 837 2397 relique
872 2337 1045 2382 autem
1082 2338 1347 2398 quaterue,
1394 2338 1500 2385 etc.
1536 2331 1873 2401 Exscriptum

300 2425 389 2470 est
417 2432 560 2485 opus
592 2417 760 2473 hocce
786 2418 1101 2477 charactere
1131 2421 1359 2476 Gothico
1386 2422 1595 2477 minuto
1617 2422 1759 2477 binis
1787 2436 1877 2477 co-

301 2504 527 2570 lumnis,
563 2506 719 2562 lineis
756 2507 896 2564 adeo
920 2510 1137 2580 scriptis
1176 2518 1234 2565 ut
1259 2510 1328 2565 55
1356 2512 1604 2581 paginam
1640 2512 1874 2580 capiant.

302 2594 604 2650 Enimvero
631 2610 885 2667 perquam
930 2600 1214 2655 commode
1238 2601 1557 2655 adornatum
1589 2609 1692 2656 est.
1717 2601 1876 2656 Tam-

300 2686 406 2739 etsi
449 2687 601 2740 enim
649 2685 905 2743 foliorum
959 2690 1343 2760 paginarumve
1388 2692 1640 2761 numeri,
1694 2698 1875 2746 custo-

303 2776 515 2847 desque
554 2779 756 2847 desint,
788 2781 951 2836 habet
995 2792 1170 2838 tamen
1202 2783 1510 2839 chartarum
1552 2784 1874 2854 signaturas,

300 2864 619 2922 continuam
660 2867 714 2923 in
762 2884 973 2925 summa
1019 2872 1210 2941 pagina
1241 2873 1646 2943 inscriptionem
1681 2873 1878 2929 chara-

300 2964 454 3011 clere
492 2956 794 3026 majusculo
838 2975 1182 3029 expressam;
1235 2963 1430 3018 litterae
1472 2964 1601 3019 item
1641 2965 1879 3021 initiates

1977 1875 2105 1931 tam,
2146 1865 2241 1920 sed
2293 1863 2564 1933 inceptam
2605 1880 2748 1922 anno
2794 1866 2952 1932 1505,
3009 1865 3079 1921 ad
3124 1865 3283 1921 tinem
3330 1865 3545 1923 tandem

1975 1970 2024 2009 a.
2061 1955 2199 2011 1506
2221 1954 2559 2025 perductam,
2589 1970 2762 2025 eoque
2799 1968 2960 2021 anno,
3000 1957 3091 2026 qui
3122 1954 3383 2010 terminos
3414 1956 3551 2011 intc-.

1974 2048 2056 2119 gri
2082 2047 2264 2119 operis
2294 2047 2514 2114 fuisset,
2552 2048 2795 2117 singulos
2827 2056 3001 2103 tomos
3034 2061 3158 2103 esse
3187 2048 3423 2117 signatos
3450 2046 3547 2119 (e).

1976 2140 2086 2196 Nec
2126 2148 2394 2195 tomorum
2438 2154 2722 2195 numerum
2770 2139 3019 2195 eumdem
3065 2154 3253 2195 omnes
3300 2138 3541 2202 tradunt,

1976 2230 2071 2286 sed
2116 2229 2205 2285 alii
2247 2246 2448 2297 novem,
2496 2229 2585 2285 alii
2624 2229 2860 2283 undecim
2904 2237 3156 2283 constare
3197 2242 3331 2298 opus
3374 2236 3547 2283 totum

1977 2322 2189 2389 volunt,
2231 2336 2341 2375 non
2391 2335 2522 2375 sane
2569 2320 2850 2390 scriptura:
2890 2320 3071 2389 aliquo
3098 2333 3305 2383 errore,
3345 2316 3440 2371 scd
3471 2316 3549 2370 di-

1978 2412 2140 2467 sertis
2162 2410 2337 2466 verbis
2362 2426 2642 2465 numerum
2672 2410 3038 2466 enuntiantes.
3062 2409 3236 2477 Quid?
3263 2407 3407 2477 quod
3433 2406 3548 2461 Tri«

1979 2500 2212 2557 themius
2234 2500 2524 2571 quindecim
2550 2501 2912 2556 voluminibus
2954 2500 3279 2568 impressum
3316 2511 3439 2554 esse
3468 2496 3550 2553 di-

1977 2604 2064 2652 cat
2087 2596 2188 2668 tn.
2672 2682 2673 2685 γ

2048 2687 2199 2742 Nunc
2220 2697 2419 2755 tamen,
2447 2702 2515 2743 ne
2542 2687 2743 2741 diutius
2773 2687 2922 2741 hisce
2950 2684 3302 2754 experiundis
3325 2698 3563 2755 operam.

1980 2778 2442 2848 impenderemus,
2473 2778 2653 2833 effecit
2673 2776 2917 2832 Oudinus
2938 2776 3058 2846 qui,
3086 2776 3359 2831 declarata
3389 2775 3552 2829 totius

1983 2867 2294 2937 partitione,
2323 2866 2731 2937 satissigniticat
2761 2866 2931 2935 ipsam
2959 2865 3249 2920 editionem
3281 2880 3309 2916 a
3333 2880 3395 2920 se
3422 2864 3551 2919 fuis-

1981 2974 2041 3016 se
2070 2960 2391 3030 inspectam.
2415 2960 2582 3014 Docet
2606 2966 2785 3013 autem
2814 2957 3052 3011 undecim
3082 2958 3348 3026 partibus,
3376 2972 3551 3010 novem

303 3036 491 3115 parvis
519 3048 738 3118 quidem
772 3051 1019 3107 iudicatae
1043 3062 1187 3122 sunt,
1219 3054 1313 3109 sed
1341 3055 1578 3124 cujusvis
1600 3057 1791 3126 capitis
1815 3057 1880 3112 li-
1926 3124 1938 3126 _
1981 3066 2112 3107 vero
2134 3051 2297 3107 tomis
2325 3065 2449 3106 esse
2487 3049 2960 3119 comprehensam,
2993 3057 3155 3119 atque
3194 3051 3274 3105 sic
3321 3049 3551 3103 distinc-

302 3151 407 3191 nea
437 3137 613 3207 prima
656 3140 1024 3197 characterem
1069 3143 1327 3212 majorem
1371 3144 1558 3201 sortita
1606 3124 1710 3215 est,
1749 3162 1879 3217 gau-
1906 3124 1952 3187 Ο
1983 3152 2114 3211 tam,
2141 3151 2201 3198 ut
2225 3152 2338 3197 octo
2364 3143 2579 3212 priores
2601 3155 2696 3197 eos
2718 3141 3003 3211 Augustini
3035 3141 3226 3207 libros,
3254 3154 3391 3209 quos
3435 3139 3553 3208 ipse

302 3224 505 3296 detque
529 3239 845 3298 argumento
868 3246 1197 3301 numeroque
1232 3235 1537 3302 prtemisso,
1569 3236 1658 3305 qui
1684 3251 1877 3293 nume-

304 3328 400 3368 rus
432 3316 630 3372 litteris
653 3318 911 3375 Romanis
939 3322 1101 3376 simul
1128 3322 1181 3377 in
1213 3326 1453 3393 margine
1480 3328 1745 3393 repetitus
1773 3338 1875 3383 est.

304 3403 580 3461 Prmeedit
600 3422 766 3477 porro
782 3420 990 3479 septem
1009 3411 1151 3467 foliis
1172 3415 1527 3482 quaestionum
1552 3416 1729 3471 tabula
1756 3430 1876 3471 cum

302 3497 580 3549 sententia
606 3497 776 3567 ipsius
805 3500 1088 3570 Augustini
1113 3515 1277 3573 super
1304 3504 1701 3572 Qumstionibus
1728 3522 1793 3563 ex
1817 3507 1879 3561 li-

306 3584 422 3639 bris
448 3586 933 3658 Retractationum,
955 3593 1007 3648 in
1028 3609 1131 3663 qua
1156 3611 1321 3650 unum
1341 3597 1445 3651 hoc
1468 3596 1779 3653 observanti
1799 3598 1882 3653 di-

308 3691 470 3744 gnum
508 3688 703 3747 restat,
731 3682 875 3750 quod
900 3684 1160 3754 singulari
1198 3687 1547 3743 annotatione
1592 3687 1771 3743 editor
1797 3689 1878 3744 le-

309 3770 549 3825 ctionem
582 3773 953 3839 scripturarunt
978 3787 1180 3832 sanctas
1200 3786 1387 3833 contra
1408 3779 1630 3836 alteram
1654 3782 1881 3851 scriptu-

310 3876 394 3913 ras
412 3871 623 3917 sanctas
651 3866 1010 3931 complurium
1041 3870 1288 3924 codicum
1312 3872 1635 3928 auctoritate
1658 3882 1880 3928 excusat

309 3964 369 4005 ac
417 3951 681 4008 defendit.
730 3957 973 4012 Meminit
1014 3958 1171 4029 hujus
1217 3960 1305 4015 ed.
1352 3959 1431 4015 Cl.
1476 3961 1676 4016 Braun.
1713 3963 1779 4019 Τ.
1808 3962 1877 4030 ll,

311 4056 364 4111 p.
396 4042 525 4098 295.
558 4044 669 4100 Nec
694 4046 797 4102 alia
828 4047 1057 4105 fortasse
1084 4059 1167 4106 est
1202 4050 1269 4105 ab
1298 4065 1383 4116 ea,
1413 4054 1567 4122 cujus
1590 4054 1691 4109 sub
1720 4054 1880 4110 titulo

308 4134 469 4200 primi
506 4150 729 4204 operum
773 4141 1055 4209 Augustini
1108 4141 1237 4196 tomi
1284 4142 1533 4197 meminit
1570 4143 1878 4200 Maettarius

309 4221 372 4275 T.
402 4222 443 4288 1,
480 4240 533 4293 p.
568 4226 695 4294 482,
735 4228 838 4284 (ide
864 4230 929 4283 de
963 4231 1017 4284 la
1045 4229 1211 4286 Caillc
1240 4232 1523 4300 subnixus,
1556 4234 1698 4304 apud
1720 4251 1876 4306 quem

313 4326 690 4474 per(e)rrorcm
735 4334 784 4373 a.
832 4318 969 4376 1487
997 4335 1094 4391 pro
1126 4317 1262 4378 1497
1290 4324 1522 4393 scriptus
1568 4339 1689 4381 esse
1726 4326 1874 4382 vide-

313 4413 391 4457 [υτ
440 4423 473 4458 a
502 4446 515 4459 .

306 4413 391 4457 tur
416 4413 515 4459 (al.

912 4519 1132 4561 SECULO
1172 4523 1282 4562 ΧΠ.

1028 4597 1183 4650 15οι».

378 4675 599 4732 Basilea:
644 4668 781 4749 apud
824 4680 1082 4737 Joannem
1123 4687 1535 4742 Amerbacltium.
1581 4691 1639 4746 1n
1669 4692 1761 4746 lol.
1809 4691 1877 4747 IX

376 4858 460 4926 (α)
480 4855 644 4935 Eone
674 4858 813 4935 idem
829 4859 951 4935 jam
982 4861 1384 4935 Hambergerum
1414 4868 1689 4922 monuisse
1721 4868 1879 4924 video

304 4937 454 4997 tonio
477 4925 563 4997 Ill,
592 4944 713 4997 pag.
749 4930 871 4985 104.

378 4995 453 5065 (ὁ)
486 4994 689 5076 Nempe
720 4999 770 5050 in
804 5000 1223 5076 (Ia_t_:tlogo_Bibl.
1260 5003 1595 5076 Bodleiante,
1627 5008 1717 5076 qui
1749 5008 1877 5063 eitat

306 5068 814 5145 Augustininopera
840 5068 911 5145 1X
956 5071 1115 5145 tomis
1160 5088 1252 5140 per
1284 5068 1706 5145 Antei-hachiu'm
1746 5078 1870 5131 Bas.

304 5136 565 5208 _el.
589 5135 710 5208 Qui.
746 5138 877 5208 bibl.
924 5135 1425 5208 principfecclesize
1469 5155 1522 5197 et
1562 5149 1869 5201 monasterii

302 5206 433 5257 0rd.
478 5203 539 5257 S.
588 5205 865 5261 Benedicti
916 5203 978 5262 ad
1028 5203 1515 5268 SCEmmeranum
1564 5214 1871 5270 Ratisbonte

305 5282 446 5340 part.
491 5272 725 5355 107.48.
775 5277 971 5348 in-b"),
1018 5281 1070 5355 in
1113 5296 1219 5355 quo
1251 5282 1458 5355 plenior
1484 5286 1685 5355 titulus
1712 5300 1767 5353 p.
1810 5287 1882 5340 40

305 5357 459 5422 seqq.
497 5350 908 5422 ascriptusest,
960 5350 1053 5403 sed
1094 5350 1308 5422 omissis
1336 5354 1576 5419 partibus
1618 5371 1667 5422 ν,
1699 5350 1774 5421 vt,
1807 5371 1880 5409 vn

304 5420 360 5464 et
383 5428 445 5492 lx,
473 5426 727 5492 mancum
752 5417 883 5472 illud
918 5421 1221 5488 exemplum
1248 5417 1369 5477 esse
1401 5417 1665 5492 proditur.

400 5482 453 5562 ε)
480 5482 638 5562 Ioni.
673 5484 735 5551 ΙΙ,
759 5497 914 5562 part,
941 5504 978 5552 ι,
1010 5482 1221 5558 ι).’216.

402 5552 461 5629 ft)
487 5551 864 5629 Pcrtincthuc
902 5551 1072 5624 locus,
1117 5577 1277 5629 quem
1321 5561 1483 5615 etiam
1522 5562 1883 5621 Colonienses

308 5618 608 5701 adducum,
634 5624 964 5701 e;_Swg2rtii
1005 5618 1214 5684 Athenis
1246 5618 1389 5701 Belg.
1442 5647 1491 5700 p.
1539 5633 1659 5699 148,
1692 5618 1879 5691 ubi—de

312 5688 529 5744 Dodane
557 5693 747 5749 scribit
777 5713 788 5748 :
822 5694 1029 5754 Primus
1053 5703 1299 5769 congessit
1329 5688 1374 5756 ἔι
1401 5688 1751 5771 custigauils.
1774 5688 1880 5758 Au;

1905 4470 1957 4529 D

1980 3237 2033 3290 in
2065 3236 2181 3291 suis
2228 3232 2695 3289 Retractationibus
2730 3240 3006 3297 recenset,
3034 3232 3377 3297 contineant,
3425 3230 3551 3285 reli-

1979 3342 2101 3398 qua:
2128 3335 2376 3395 caeteros,
2426 3340 2657 3393 quorum
2686 3324 2831 3380 nulla
2874 3326 2926 3379 in
2969 3326 3070 3379 hoc
3125 3339 3291 3394 opere
3346 3325 3553 3377 mentio

1980 3418 2243 3488 injicitur,
2266 3418 2717 3500 complectantur,
2753 3415 2897 3485 quod
2930 3415 3001 3468 ita
3033 3429 3094 3471 se
3121 3414 3323 3469 habere
3359 3428 3426 3468 ex
3455 3412 3554 3468 Ca-

1981 3513 2163 3582 talogo
2192 3511 2321 3566 bibl.
2354 3510 2694 3565 Emmeranaa
2716 3508 3082 3563 intelleximus
3104 3549 3118 3572 ,
3141 3507 3233 3575 qui
3271 3515 3381 3560 tres
3406 3504 3554 3574 prio-

1982 3618 2073 3659 res
2094 3611 2277 3673 partes
2302 3616 2411 3656 uno
2456 3610 2609 3656 tomo
2662 3615 2760 3655 seu
2813 3598 3086 3653 volumine
3129 3595 3553 3666 comprehensas

1980 3694 2241 3749 ostendit.
2272 3693 2444 3749 Simul
2476 3700 2677 3757 mouet,
2718 3691 2984 3760 plurimos
3037 3688 3347 3751 Sermones,
3384 3685 3555 3756 pluri-

1980 3798 2200 3854 masque
2233 3783 2517 3855 Epistolas,
2547 3797 2646 3838 nec
2669 3798 2774 3837 non
2804 3782 3171 3836 Enarrationes
3208 3780 3262 3833 in
3290 3778 3552 3841 Psalmos,

1981 3882 2166 3943 utpote
2205 3874 2460 3943 quae-jam
2484 3882 2640 3928 antea
2683 3887 2777 3941 per
2807 3886 2979 3926 annos
3005 3872 3165 3937 1489,
3201 3867 3359 3933 1494,
3386 3865 3546 3930 1495.

1983 3965 2119 4020 1497
2145 3964 2334 4020 excudi
2357 3970 2661 4029 curaverat,
2700 3962 2951 4017 undecim
2998 3961 3085 4016 his
3135 3959 3378 4029 partibus
3418 3956 3554 4025 adji-

1981 4072 2105 4114 cere
2130 4056 2392 4113 noluisse.
2448 4056 2589 4111 Usus
2619 4065 2801 4110 autem
2843 4055 3016 4110 fuerat
3042 4053 3131 4107 Jo.
3189 4049 3555 4105 Amerbachius

1983 4150 2037 4205 in
2062 4148 2301 4219 paranda
2351 4147 2456 4203 hac
2507 4146 2745 4203 editione
2774 4159 2939 4214 opera
2970 4142 3252 4213 cujusdam
3283 4140 3555 4209 Augustint

1980 4238 2229 4304 Dodonis,
2261 4236 2447 4303 Frisii,
2471 4236 2688 4291 Basilete
2730 4235 2799 4289 ad
2846 4234 2908 4289 S.
2933 4232 3259 4287 Leonardum
3288 4227 3555 4291 canonici,

1980 4330 2072 4400 qui
2099 4371 2114 4397 ,
2144 4329 2239 4384 illo
2258 4337 2507 4397 sumptus
2534 4327 2828 4397 przebente,
2880 4324 3066 4390 ltalim,
3125 4321 3310 4377 Galliae
3339 4326 3396 4373 et
3423 4316 3556 4372 Ger«

1983 4420 2179 4475 mania:
2205 4417 2563 4474 bibliothecas
2589 4423 2964 4486 perscrutatus
2984 4424 3121 4479 erat,
3145 4420 3199 4467 et
3224 4412 3362 4479 ipse,
3387 4407 3431 4463 si
3460 4422 3555 4478 por

1985 4511 2091 4566 fata
2142 4511 2408 4578 licuisset,
2462 4509 2720 4578 operibus
2768 4507 3007 4577 undique
3037 4503 3414 4574 comportatis,
3447 4514 3557 4554 ma~

1984 4619 2110 4659 num
2134 4602 2447 4657 admoturus
2485 4601 2694 4656 fuisset.

1985 4872 2177 4942 gustini
2203 4887 2359 4942 Opera
2392 4873 2585 4937 omnia,
2635 4873 2827 4940 adjecit
2877 4881 2923 4925 ct
2956 4877 3252 4938 argumenta
3300 4871 3354 4923 in
3403 4888 3555 4940 opera

1983 4941 2187 5012 singula
2207 4941 2268 4993 ac
2291 4958 2558 5007 censuras,
2587 4942 2674 4996 sed
2705 4944 3026 4995 immaturam
3059 4942 3172 5012 ejus
3200 4955 3409 5012 operam
3440 4958 3554 5005 pes-

1983 5010 2045 5062 tis
2066 5008 2458 5079 absumpsit,eo
2492 5012 2603 5078 ipso
2653 5028 2806 5072 anno.
2849 5026 2947 5079 quo
2993 5009 3133 5076 prelo
3180 5008 3555 5076 subjiciendum

1981 5096 2109 5151 opus
2132 5090 2257 5151 erat,
2286 5081 2442 5143 1501,
2489 5082 2778 5150 prodiitque
2821 5088 2933 5151 post
2977 5089 3185 5132 mortem
3239 5096 3302 5132 ea;
3342 5081 3556 5150 ofﬁcina

1977 5148 2299 5202 Amerbacltii
2345 5151 2502 5204 1505.

2049 5218 2121 5288 (e)
2147 5220 2431 5273 Conscnlit
2487 5219 2721 5273 Oudinus
2755 5219 2807 5272 in
2839 5217 3117 5273 Comment.
3149 5218 3212 5272 T.
3245 5217 3285 5283 Ι,
3321 5234 3371 5286 p.
3407 5217 3511 5274 951
3536 5259 3550 5283 ,

1987 5286 2131 5343 circa
2158 5303 2357 5342 annum
2383 5289 2522 5344 1500
2546 5289 2850 5356 inceptum,
2894 5304 3035 5342 anno
3066 5304 3195 5343 vero
3240 5288 3376 5342 1506
3405 5302 3554 5342 com-

1987 5357 2194 5425 pletum
2223 5372 2344 5412 esse
2367 5373 2502 5426 opus
2519 5358 2722 5413 dicens.
2749 5358 2851 5411 Pro
2874 5359 3161 5426 posteriori
3179 5372 3406 5411 numero
3425 5371 3554 5426 ope-

1985 5442 2166 5481 rarum
2206 5428 2336 5482 vitio
2370 5429 2439 5482 ibi
2490 5429 2823 5495 exscriptum
2855 5431 3117 5484 est1586.
3168 5428 3434 5482 Oudinum
3476 5426 3553 5482 fe-

1985 5511 2045 5550 re
2073 5507 2255 5567 totum
2282 5498 2686 5566 exscripserunt
2716 5499 3091 5567 Colonienses,
3138 5498 3241 5551 nisi
3286 5498 3430 5567 quod
3485 5498 3553 5553 de

1985 5582 2083 5621 suo
2105 5566 2449 5629 addiderunt,
2482 5568 2653 5620 omnia
2680 5582 2734 5621 a.
2761 5566 2918 5633 1504,
2944 5569 3105 5622 lucem
3132 5566 3407 5628 aspexisse.

2054 5636 2209 5707 (01η
2242 5636 2475 5707 Epistula
2498 5637 2565 5691 ad
2607 5636 2787 5691 Jacob.
2820 5639 3163 5707 Kymolanum
3207 5636 3548 5707 Carmelitam

1986 5705 2107 5761 data
2137 5706 2412 5774 Herbipoli
2446 5707 2510 5762 16
2538 5709 2767 5776 Augusti
2804 5705 2957 5774 1507,
2988 5708 3127 5774 apud
3158 5707 3339 5762 Maett.
3378 5705 3441 5760 ll.
