4010 6350
474 346 543 403 55
1345 339 1898 398 SUPPLEMENTUM
1937 341 2029 398 AD
2068 341 2294 399 OPERA
2334 346 2392 402 Β.
2436 346 2820 405 AUGUSTINI.
3639 355 3713 415 56

544 546 876 602 Parisiis.....
906 541 1094 614 In-foi.
1127 454 1397 599 1:253:53.
1430 544 1550 599 Divi
1598 545 1803 600 Aurelii
1827 546 2038 615 Augus-

2067 459 2115 514 A
2146 458 2235 511 sit.
2266 458 2487 515 Accedit
2511 462 2657 531 quod
2696 464 2901 533 primus
2925 464 3053 519 item
3089 465 3343 523 Erasmus
3367 467 3712 539 depravatio-

2142 561 2267 600 num
2301 557 2477 603 textus
2507 551 2884 621 Augustiniani
2909 567 3120 621 causas,
3144 557 3403 626 variaque
3424 570 3709 630 corrupto-

469 638 569 692 tini
596 651 759 706 opera
777 636 933 706 juxta
954 634 1411 689 Amerbachianam
1448 634 1719 699 descripta.
1756 634 1915 689 Deest
1938 635 2039 690 hu-
2138 652 2255 691 rum
2284 652 2476 708 genera
2501 640 2852 711 indagaverit,
2880 658 3105 713 quorum
3130 646 3425 716 descriptio
3446 651 3708 718 quodam-

464 730 553 797 jus
582 728 838 785 editionis
866 726 1129 781 memoria
1154 726 1205 778 in
1241 725 1541 779 Maettario.
1597 724 2036 780 Commemorant

463 836 585 876 eam
608 818 985 886 Colonienses,
1033 825 1183 872 notat
1209 814 1497 887 Catalogus
1530 817 1660 870 bibl.
1700 817 2030 872 Bodleiante.

464 912 520 967 In
551 911 837 967 Germania
864 909 953 963 vix
971 924 1135 964 unum
1150 908 1267 978 ejus
1283 909 1560 978 exemplar
1577 908 1802 963 inveniri
1828 917 2031 977 putem,

461 1016 562 1056 nec
587 1001 642 1055 in
669 1000 836 1055 Gallia
860 998 1102 1069 quidem,
1136 999 1237 1054 nisi
1268 999 1323 1053 in
1353 998 1699 1053 bibliothecis
1750 998 2032 1053 obscurio-

460 1091 614 1145 ribus
663 1090 886 1144 lateant.
938 1088 1100 1143 Certe
1141 1089 1259 1145 Cat.
1320 1088 1455 1145 bibl.
1496 1088 1635 1158 Reg.
1688 1087 1861 1143 Paris.
1908 1103 2026 1143 eam

456 1181 688 1248 ignorat.
1174 1249 1313 1306 ‘5”

525 1357 804 1414 Sineloco.
834 1358 1027 1430 ιιι-[οι.
1058 1359 1221 1415 Index
1250 1359 1487 1428 Operum
1513 1359 1570 1413 S.
1601 1358 1888 1429 AuguStini
1928 1373 2026 1428 per

454 1449 713 1506 eximium
765 1451 1018 1506 Joannem
1071 1450 1414 1506 Theuscltlein
1462 1452 1526 1505 de
1580 1450 2023 1516 Frickenhausen,

452 1556 517 1595 ex
543 1541 909 1613 Rottenburga
939 1543 1232 1600 Tuberina.
1287 1543 1377 1600 Sic
1426 1554 1599 1599 exstat
1651 1545 1702 1598 in
1735 1545 1855 1599 Cat.
1879 1544 2020 1598 Bibl.

452 1633 790 1688 Emmeranus
828 1648 880 1703 p.
904 1634 993 1690 41.
1024 1634 1303 1692 Pertinere
1330 1643 1506 1689 autem
1536 1641 1664 1703 puto
1708 1634 1775 1688 ad
1822 1633 2022 1688 editio-

452 1737 576 1777 nem
604 1722 1108 1780 Amerbacbianam.

1153 1794 1309 1850 1520.

519 1907 737 1961 Parisiis
782 1908 921 1979 apud
969 1908 1227 1964 Joannem
1265 1908 1511 1962 Parvum.
1561 1906 1731 1962 ln-L‘.
1767 1906 1828 1960 D.
1876 1908 2011 1961 Aur.

443 1999 730 2070 Augustini
761 1999 887 2054 libri
925 2008 1037 2056 tres
1083 2010 1271 2055 contra
1301 2000 1677 2066 Academicos,
1711 1999 2010 2069 Soliloquia

442 2098 498 2146 et
519 2090 621 2144 alia
649 2090 942 2159 opuscula:
964 2100 1194 2161 quatuor
1222 2091 1337 2146 haec
1358 2091 1469 2159 jam
1494 2089 1726 2160 primum
1747 2090 2012 2159 impressa

441 2181 510 2238 de
533 2182 857 2240 Visitatione
878 2182 1246 2248 inﬁrmorum;
1269 2183 1337 2239 de
1361 2183 1697 2239 Adulterinis
1723 2180 2008 2251 conjugiis,

440 2272 509 2328 de
540 2273 679 2329 bono
701 2271 978 2343 Conjugali
1009 2282 1062 2329 et
1084 2274 1231 2329 bono
1257 2272 1535 2343 Virginali.
1569 2270 1683 2327 Cat.
1716 2270 1851 2327 Bibl.
1874 2271 2004 2343 Reg.

440 2362 503 2415 Τ.
536 2362 576 2431 1,
611 2378 731 2433 pag.
756 2364 879 2418 ⁸576.

1071 2437 1093 2490 1
1106 2435 1366 2491 5218—29.

504 2543 726 2600 Basileaz
763 2562 829 2600 ea:
871 2547 1069 2615 ofﬁcina
1106 2546 1455 2601 Frobeniana.
1514 2546 1704 2617 Iit-fol.
1737 2546 1786 2600 X
1832 2548 1998 2600 tomis.

437 2635 502 2689 D.
534 2636 740 2691 Aurelii
781 2636 1084 2708 Augustini,
1110 2640 1349 2708 episcopi
1395 2639 1777 2709 liipponensis,
1824 2638 1999 2708 Opera

432 2730 611 2784 omnia
641 2745 709 2785 ex
737 2731 1116 2787 emendatione
1144 2733 1267 2787 Des.
1293 2732 1521 2788 Erasmi.

503 2818 810 2874 Pleuiorem
847 2821 1080 2888 titulum,
1116 2823 1257 2879 unde
1286 2825 1647 2892 hauriremus,
1675 2840 1781 2880 non
1812 2825 1995 2880 datum

430 2908 549 2965 fuit.
573 2910 871 2980 Opinamur
897 2922 1098 2981 autem,
1131 2931 1237 2970 non
1268 2918 1451 2986 procul
1490 2931 1610 2971 eum
1637 2917 1903 2972 abludere
1928 2919 1996 2971 ab

428 3014 515 3065 eo,
544 3016 704 3071 quem
735 3002 901 3058 editio
928 3019 979 3056 a.
1011 3004 1148 3061 1545
1172 3008 1409 3075 prariert.
1453 3006 1557 3063 Sed
1590 3023 1710 3062 cum
1744 3008 1856 3077 jam
1906 3023 1997 3063 ac-

427 3094 753 3146 cesserimus
779 3093 846 3148 ad
882 3109 999 3149 eam
1026 3096 1341 3162 editionem,
1369 3113 1487 3167 qua:
1519 3112 1623 3152 non
1655 3097 1817 3152 modo
1852 3099 1989 3153 inte-

2136 729 2300 783 modo
2336 731 2585 785 eumdem
2634 747 2789 787 usum
2836 742 3097 802 praestare
3137 745 3335 803 potest,
3364 738 3457 806 qui
3498 738 3636 793 alias
3675 756 3705 792 a

2134 820 2378 875 codicum
2394 823 2582 877 notitia
2602 824 2737 880 bene
2754 840 2819 881 es
2831 826 3020 895 plicata
3037 831 3338 896 exspectari
3354 830 3514 885 soiet.
3528 834 3704 900 Atque

2136 911 2253 967 haec
2297 913 2624 981 praefaminis
2671 917 2815 984 loco,
2866 933 2935 973 ne
2987 917 3279 975 inserenda
3326 922 3427 976 hac
3449 924 3702 979 oratione

2133 1001 2272 1056 bene
2301 1003 2459 1073 longa
2485 1004 2817 1075 negligenter
2842 1017 2934 1061 aut
2965 1023 3154 1077 parum
3187 1012 3483 1067 verecundi
3504 1014 3703 1083 aliqui-

2134 1092 2230 1147 bus
2261 1093 2587 1149 videremur.
2611 1095 2727 1151 Jam
2760 1097 2934 1166 ipsum
2956 1099 3105 1153 audi.
3134 1100 3227 1155 Sic
3250 1102 3392 1157 enim
3424 1103 3476 1157 in
3500 1105 3700 1172 episto-

2132 1184 2183 1236 la
2205 1184 2348 1255 (data
2378 1186 2630 1256 Friburgi
2668 1188 2981 1257 Brisgavite,
3008 1192 3192 1258 1529),
3223 1207 3327 1262 qua
3358 1202 3529 1248 totum
3562 1209 3699 1264 opus

2128 1274 2346 1345 Alfunso
2387 1276 2651 1344 Fonsecaz,
2681 1281 2906 1350 principi
2945 1292 2993 1334 et
3023 1282 3412 1355 archiepiscopo
3444 1286 3697 1341 Toletano

2129 1363 2383 1433 totiusque
2414 1363 2692 1434 Hispania:
2734 1369 2965 1438 primati,
3000 1383 3292 1442 nuncupat,
3319 1374 3578 1445 cujusque
3613 1378 3696 1431 di-

2128 1454 2344 1509 midiam
2388 1465 2595 1525 partem
2628 1458 2680 1512 in
2735 1460 2919 1517 laudes
2961 1464 3245 1533 Augustini
3294 1466 3578 1536 impendit,
3611 1468 3691 1523 Ιο-

2124 1543 2340 1613 ρυὴυτε

2206 1655 2224 1689 ι
2262 1636 2381 1703 Quo
2410 1639 2653 1695 dilabor?
2677 1641 2790 1697 Non
2820 1644 2962 1699 enim
2998 1646 3337 1703 institueram
3385 1651 3688 1705 encomium

2128 1727 2436 1797 Augustini,
2464 1731 2608 1799 quod
2636 1733 2682 1786 si
2713 1736 3091 1804 suscepissem,
3119 1736 3234 1791 htec
3286 1749 3449 1807 quota
3502 1742 3686 1809 portio

2046 1812 2095 1872 B
2121 1818 2337 1873 laudum
2371 1820 2510 1875 illius
2530 1823 2681 1877 erat?
2706 1822 2837 1878 illud
2864 1832 3072 1879 tantum
3098 1827 3342 1882 volebam
3371 1831 3686 1898 ostendere,

2116 1924 2278 1979 quam
2308 1910 2600 1967 delendum
2636 1913 2818 1979 fuerit,
2851 1926 3058 1970 tantum
3096 1918 3345 1973 ecclesiae
3375 1918 3689 1975 thesaurum

2115 2008 2222 2053 tam
2265 2014 2392 2056 sero
2439 2018 2541 2071 per
2580 2007 2949 2074 typographos
2979 2006 3243 2075 prodiisse
3290 2010 3344 2062 in
3387 2009 3686 2078 publicum,

2112 2106 2271 2159 quem
2292 2094 2532 2149 maxime
2555 2094 2824 2151 referebat
2841 2097 2894 2152 iu
2923 2099 3162 2154 omnium
3190 2101 3394 2155 versari
3412 2102 3684 2157 manibus.

2113 2180 2434 2238 Deterrebat
2463 2184 2720 2240 nimirum
2752 2186 2873 2243 illos
2913 2190 3313 2259 impendiorum
3344 2194 3682 2263 magnitudo.

2114 2270 2323 2327 Primus
2363 2273 2465 2329 hoc
2492 2275 2765 2345 egregium
2798 2276 3005 2333 facinus
3040 2294 3205 2334 ausus
3240 2290 3349 2348 est,
3381 2284 3466 2337 vis
3501 2284 3687 2353 singu-

2110 2362 2207 2418 lari
2256 2364 2458 2433 pietate
2504 2365 2744 2423 Joasttss
2802 2370 3202 2439 AIERBACHIUS,
3236 2388 3296 2427 re
3336 2382 3420 2428 sat
3470 2375 3686 2441 beatus,

2108 2453 2201 2508 sed
2229 2455 2392 2509 animi
2414 2455 2636 2512 dotibus
2666 2458 2827 2527 longe
2853 2460 3082 2529 beatior,
3116 2478 3275 2532 quem
3304 2478 3404 2519 nec
3431 2475 3683 2535 sumptus

2108 2545 2377 2611 immensi,
2404 2562 2501 2601 nec
2524 2547 2577 2602 in
2601 2552 2987 2618 conquirendis
3011 2554 3386 2625 undecumque
3406 2558 3684 2627 exempla-

2106 2638 2258 2693 ribus
2305 2638 2585 2703 instantia,
2636 2655 2738 2695 nec
2792 2642 2853 2696 in
2901 2642 3247 2700 conferendis
3297 2646 3533 2713 taedium,
3576 2662 3682 2703 nec

2103 2730 2282 2799 operis
2326 2728 2641 2797 difﬁcultas,
2693 2746 2793 2786 nec
2835 2730 3203 2788 distraetionis
3246 2735 3386 2803 alea,
3425 2753 3525 2793 nec
3562 2738 3672 2793 ulla

2106 2834 2195 2874 res
2248 2821 2350 2874 alia
2406 2820 2702 2887 deterruit,
2750 2822 3035 2891 quominus
3077 2831 3245 2879 totum
3312 2825 3669 2895 Augustinum

2102 2913 2358 2970 redderet
2382 2913 2636 2970 omnibus
2661 2915 3162 2971 eommunem.Nou
3196 2916 3300 2970 huc
3330 2918 3678 2973 invitavitvi-

2100 3019 2216 3059 rum
2247 3015 2490 3075 quaestus
2529 3020 2706 3073 amor,
2736 3007 2831 3062 sed
2876 3007 3088 3062 sincera
3119 3006 3313 3077 pietas,
3342 3023 3502 3078 quam
3552 3024 3677 3065 om-

2101 3109 2197 3149 nes
2225 3094 2366 3149 illius
2397 3095 2741 3165 praefationes
2774 3095 3004 3166 spirant.
3030 3112 3096 3151 ac
3134 3098 3426 3152 revocandi
3463 3099 3679 3167 priscos

427 3198 518 3251 gra
542 3197 604 3239 ac
632 3182 788 3252 plena
820 3185 991 3253 prima
1024 3186 1131 3241 dici
1160 3196 1359 3255 potest,
1382 3188 1479 3242 sed
1507 3189 1846 3256 sequentium
1874 3203 1993 3242 om-
2020 3173 2065 3234 C
2098 3185 2219 3239 illos
2250 3184 2507 3239 Ecclesia:
2527 3185 2780 3241 doctores
2804 3186 3066 3251 studium,
3089 3202 3227 3255 quos
3250 3186 3465 3241 videbat
3493 3203 3557 3243 ac
3576 3188 3675 3242 do-

425 3272 593 3340 nium,
622 3288 730 3328 non
769 3283 1000 3345 excepta
1038 3277 1348 3343 novissima,
1390 3278 1741 3334 fundamenta
1768 3278 1901 3347 jecit
1940 3288 1995 3333 et

426 3365 480 3418 in
511 3366 577 3420 iis
601 3364 998 3435 quodammodo
1025 3368 1354 3435 dominatur,
1380 3385 1607 3426 necesse
1629 3371 1759 3438 erit,
1786 3379 1845 3424 ut
1870 3380 1995 3425 ante

426 3455 633 3523 omnia,
662 3473 781 3525 quae
810 3458 925 3527 ipse
956 3459 1212 3514 Erasmus
1234 3459 1302 3515 de
1333 3462 1565 3516 instituti
1595 3461 1678 3517 sui
1708 3462 1915 3516 ratione
1939 3461 1991 3516 in

423 3545 661 3601 medium
684 3548 882 3615 attulit,
916 3564 1037 3603 cum
1070 3548 1363 3605 lectoribus
1390 3552 1871 3606 communicemus.
1900 3551 1993 3605 Et-

422 3639 566 3691 enim
598 3638 937 3707 sequentium
977 3639 1277 3695 editionum
1316 3651 1599 3697 curatores
1632 3652 1723 3697 aut
1750 3644 1991 3697 contenti

420 3728 659 3795 fuerunt,
691 3731 1061 3789 Erasmiauam
1092 3748 1312 3804 operam
1341 3734 1748 3790 accessionibus
1785 3734 1994 3804 aliquot

428 3821 807 3891 locupletatam
858 3823 1012 3893 prelo
1042 3826 1406 3889 committere,
1433 3832 1527 3880 aut
1570 3826 1710 3880 ultra
1747 3827 1993 3896 vestigiis

424 3913 592 3983 ipsius
620 3914 933 3971 institerunt
953 3925 1007 3972 et
1033 3916 1228 3986 partim
1258 3915 1558 3982 codicibus,
1573 3918 1766 3987 partim
1785 3917 1992 3987 judicio

423 4017 525 4058 suo
575 4003 763 4059 conﬁsi
814 4005 1239 4062 emendatiorem
1288 4020 1351 4061 ac
1390 4006 1746 4063 sinceriorem
1794 4008 1990 4066 eﬁ'erre

425 4096 838 4164 contenderunt,
864 4106 956 4151 aut
983 4099 1144 4153 etiam
1172 4099 1352 4154 abillo
1383 4099 1594 4169 longius
1623 4110 1988 4156 recesserunt.

425 4186 663 4251 Quorum
694 4188 932 4241 omnium
956 4187 1129 4242 studia
1158 4197 1317 4258 atque
1344 4190 1630 4244 conamina
1670 4206 1780 4245 non
1810 4191 1987 4247 dicam

423 4274 714 4341 :estimare,
748 4277 842 4332 sed
872 4293 939 4334 ne
959 4279 1271 4334 examinare
1290 4279 1507 4349 quidem
1537 4280 1741 4350 absque
1770 4296 1988 4338 accura-

418 4374 471 4420 ta
493 4365 820 4423 Erasmianae
842 4384 1020 4439 operte
1047 4371 1355 4440 cognitione
1385 4370 1532 4427 licet.
1563 4371 1672 4427 Nec
1701 4387 1833 4428 vero
1861 4374 1987 4427 uni-

421 4469 583 4511 verse
617 4467 778 4527 atque
806 4460 991 4527 paucis
1028 4459 1280 4515 didicisse
1306 4462 1524 4527 suiiicit,
1553 4461 1835 4517 Erasmum
1865 4472 1986 4519 tex-

416 4551 527 4598 tum
562 4546 902 4614 emendasse,
952 4548 1181 4617 genuina
1212 4565 1242 4602 a
1282 4551 1645 4619 supposititiis
1685 4554 1988 4609 secrevisse

415 4646 471 4691 et
497 4646 686 4693 cuncta
726 4653 868 4695 novo
896 4639 1088 4694 ordine
1131 4655 1252 4695 esse
1296 4641 1663 4711 dispartitum,
1699 4658 1806 4713 quo
1858 4659 1987 4701 sane

414 4743 517 4783 nec
542 4728 608 4783 ad
638 4732 894 4795 auctoris,
925 4746 1025 4784 nec
1052 4730 1118 4783 ad
1164 4731 1391 4786 editoris
1440 4733 1713 4802 ingenium
1760 4748 1988 4803 cognos-

415 4819 649 4874 cendum
688 4834 1016 4889 magnopere
1048 4819 1318 4888 juvamur.
1350 4822 1458 4877 Sed
1496 4838 1619 4877 cum
1661 4824 1869 4893 primus
1897 4825 1988 4879 ille

414 4912 688 4980 explicare
717 4926 1002 4981 aggressus
1028 4912 1121 4976 sit,
1148 4928 1265 4982 quae
1292 4914 1583 4981 peculiaris
1613 4914 1900 4985 Augustini
1923 4930 1987 4970 ac

416 5004 649 5057 maxime
672 5004 886 5073 propria
916 5012 1023 5057 tam
1056 5005 1107 5058 in
1137 5005 1445 5071 sentiendo,
1466 5022 1626 5075 quam
1653 5008 1981 5077 eloquendo,

334 5152 345 5173 λ
416 5096 590 5149 virtus
617 5094 797 5159 fuerit,
824 5110 1051 5165 eamque
1082 5097 1356 5152 notionem
1391 5098 1607 5164 deinde,
1634 5115 1737 5169 qua
1770 5101 1905 5154 solet
1933 5102 1985 5154 in

422 5185 637 5241 caeteris
663 5198 878 5254 quoque
908 5186 1294 5241 ecclesiasticis
1328 5188 1687 5255 scriptoribus
1735 5189 1983 5255 solertia,

413 5275 479 5329 ad
507 5272 890 5343 explorandam
922 5282 1026 5327 tam
1052 5275 1359 5330 universam
1388 5276 1714 5345 scriptorum
1745 5279 1987 5347 genuita-

415 5375 546 5429 tcm,
568 5378 730 5433 quam
773 5364 1103 5432 singulorum
1136 5366 1378 5421 locorum
1412 5368 1698 5423 sanitatem
1734 5370 1984 5425 traduxe-

414 5456 500 5517 rit,
532 5455 788 5524 omnique
819 5455 946 5510 inde
977 5457 1179 5511 saeculo
1208 5457 1427 5513 critices
1456 5459 1632 5527 aliqua
1664 5458 1894 5513 formula
1925 5460 1980 5514 in

412 5544 713 5611 Augustino
740 5547 1074 5601 restituendo
1112 5548 1404 5617 praziverit,
1446 5566 1554 5604 non
1597 5551 1751 5605 facile
1798 5566 1985 5621 quem-

412 5646 607 5698 quam,
644 5634 730 5701 qui
758 5634 935 5689 hmcce
983 5637 1158 5691 studia
1206 5650 1379 5704 curat,
1416 5639 1553 5707 fore,
1606 5641 1863 5705 arbitror,
1894 5643 1982 5710 qui

416 5721 515 5779 hac
544 5721 753 5779 Erasnii
781 5724 1143 5796 disputatione
1172 5729 1373 5800 absque
1404 5731 1598 5786 damno
1636 5746 1823 5787 carere
1854 5746 1981 5801 pos.

2098 3273 2239 3329 lebat
2261 3275 2655 3343 propemodum
2683 3276 3009 3346 antiquatos.
3042 3277 3276 3332 Proinde
3305 3292 3423 3332 non.
3444 3278 3669 3345 dubito,

2097 3367 2225 3441 quin
2254 3365 2400 3421 illius
2429 3367 2675 3421 manibus
2703 3367 2843 3422 bene
2885 3377 3183 3437 precentur
3211 3382 3425 3435 omnes,
3452 3370 3541 3437 qui
3573 3385 3675 3437 per

2097 3455 2379 3525 Augustini
2410 3456 2581 3511 libros
2624 3457 2690 3510 ad
2722 3457 2979 3526 pietatem
3025 3458 3395 3527 profecerunt.
3425 3458 3579 3513 idem
3615 3460 3674 3512 in

2096 3547 2705 3618 universasﬂieronymi
2727 3548 3122 3604 lucubrationes
3147 3549 3338 3618 majori
3367 3551 3528 3603 etiam
3556 3558 3674 3603 stu-

2097 3638 2186 3691 dio
2232 3640 2540 3693 molientem
2573 3639 2706 3694 deus
2734 3638 2800 3693 ad
2841 3654 3072 3708 superos
3124 3641 3393 3696 evocavit.
3424 3641 3555 3694 Eam
3590 3650 3671 3693 ta-

2096 3745 2220 3783 men
2275 3730 2606 3793 provinciam
2659 3731 2827 3786 tribus
2870 3731 3020 3797 ﬁliis,
3070 3732 3333 3800 Brunoni,
3360 3732 3581 3797 Basilio,
3615 3740 3672 3785 et

2096 3820 2389 3887 Bonifacio,
2423 3835 2557 3889 quos
2583 3821 2636 3875 in
2665 3822 2768 3875 hoc
2796 3831 3013 3876 curarat
3042 3826 3201 3877 trium
3234 3822 3426 3892 peritia
3459 3822 3672 3891 lingua.

2096 3924 2215 3963 rum
2267 3909 2649 3977 instituendos,
2681 3912 2920 3965 moriens
2949 3912 3237 3981 delegavit,
3268 3926 3369 3982 per
3392 3927 3528 3981 quos
3560 3926 3667 3965 non

2095 3998 2311 4054 minore
2340 4000 2539 4065 studio,
2567 4016 2724 4070 quam
2772 4001 2876 4057 ﬁde
2902 4013 3180 4072 peractum
3223 4014 3337 4069 est,
3358 4003 3500 4071 quod
3528 4005 3669 4072 opti-

2096 4108 2215 4146 mus
2248 4102 2402 4162 pater
2422 4096 2612 4151 voluit.
2638 4098 2727 4153 Sic
2752 4098 2894 4153 enim
2923 4098 3046 4153 illos
3066 4108 3120 4154 et
3142 4098 3208 4154 ad
3238 4100 3491 4168 pietatem
3523 4098 3667 4153 etad

2093 4184 2450 4240 eruditionem
2483 4186 2762 4253 educarat,
2797 4197 2855 4242 ut
2882 4189 3283 4258 quodammodo
3311 4205 3371 4245 se
3399 4192 3573 4259 major
3601 4203 3666 4243 ac

2095 4274 2286 4328 melior
2315 4275 2368 4328 in
2412 4275 2521 4331 illis
2568 4287 2901 4345 superesset,
2928 4278 3194 4349 hodieque
3238 4280 3496 4349 supersit.
3527 4277 3663 4333 Nam

2094 4378 2219 4422 natu
2270 4370 2533 4425 maximus
2586 4379 2788 4426 tantum
2826 4373 2879 4425 iu
2920 4372 3025 4425 fata
3071 4372 3361 4428 concessit.
3402 4372 3509 4426 Tot
3536 4380 3667 4425 sunt

2094 4457 2340 4512 examina
2370 4460 2758 4515 monachorum
2788 4462 2841 4515 in
2874 4463 3025 4528 orbe,
3049 4478 3277 4531 quorum
3327 4463 3496 4516 otium
3541 4476 3663 4516 ma-

2016 4530 2069 4591 Ῑ)
2092 4552 2214 4619 guis
2239 4551 2488 4606 censibus
2520 4551 2703 4605 alitur.
2731 4552 2835 4606 Tot
2856 4563 2979 4607 sunt
3002 4554 3226 4608 abbates
3254 4555 3437 4622 cpimo
3460 4553 3662 4617 reditu,

2093 4641 2228 4695 nihil
2256 4640 2404 4694 aliud
2434 4656 2591 4710 quam
2625 4641 2976 4708 aediﬁcantes,
3005 4643 3090 4696 vel
3122 4642 3336 4697 alentes
3366 4657 3555 4712 equos,
3577 4643 3663 4696 vel

2093 4732 2392 4799 epulantes.
2425 4730 2521 4785 Hic
2573 4740 2691 4784 erat
2740 4731 2951 4784 illorum
2998 4730 3251 4800 proprius
3300 4731 3472 4796 labor,
3504 4746 3664 4799 quem

2096 4822 2255 4875 homo
2296 4822 2465 4875 laicus
2495 4837 2590 4874 sua
2623 4830 2817 4890 sponte
2862 4822 3124 4890 suscepit.
3152 4824 3327 4891 Atque
3356 4822 3412 4875 in
3454 4822 3667 4891 Augus-

2094 4915 2207 4967 tino
2236 4912 2453 4981 quidem
2478 4920 2681 4965 tantum
2714 4911 3012 4965 adhibitum
3041 4920 3124 4965 ρει
3154 4911 3223 4965 ab
3253 4911 3345 4965 illo
3367 4924 3533 4974 curm,
3553 4920 3668 4964 stu-

2094 5004 2190 5068 dii,
2222 5002 2536 5073 vigilantiae,
2562 5013 2819 5072 quantum
2870 5002 2957 5056 illa
2995 5012 3106 5056 tum
3138 5001 3349 5058 ferebat
3378 5011 3533 5066 (etas,
3567 5018 3666 5056 ru-

2091 5095 2210 5149 diur
2238 5094 2409 5147 adhuc
2434 5103 2491 5147 et
2531 5107 2831 5161 perpaucos
2859 5092 3064 5149 habens
3095 5094 3147 5147 in
3196 5094 3298 5148 hoc
3327 5109 3528 5163 genere
3573 5093 3668 5147 lit-

2095 5198 2331 5240 terarum
2362 5186 2705 5239 exercitatos.
2750 5184 2886 5239 Illud
2940 5188 3116 5253 potius
3160 5186 3491 5251 mirandum,
3522 5186 3670 5254 quod

2094 5292 2215 5332 cum
2244 5276 2527 5347 Augustini
2561 5276 2962 5331 lucubrationes
2990 5286 3069 5331 tot
3110 5278 3217 5345 jam
3250 5280 3412 5332 annis
3444 5292 3672 5332 versen-

2097 5377 2181 5422 tur
2207 5369 2349 5423 inter
2377 5381 2571 5422 manus
2607 5367 2968 5433 eruditorum,
3002 5368 3150 5421 nulla
3177 5367 3449 5422 exstiterit
3476 5366 3545 5420 de
3572 5366 3673 5420 illo

2092 5460 2304 5528 publica
2346 5460 2704 5528 querimonia,
2738 5459 3192 5529 quemadmodum
3224 5459 3293 5514 de
3336 5459 3674 5529 Hieronymo

2093 5565 2252 5604 nemo
2301 5563 2406 5603 non
2450 5549 2803 5617 querebatur.
2838 5550 2997 5618 Atqui
3050 5550 3103 5603 ni
3153 5549 3354 5603 multos
3406 5548 3671 5602 haberem

2095 5650 2279 5706 testes,
2308 5641 2401 5709 qui
2457 5642 2611 5709 operi
2665 5640 2986 5695 excudendo
3024 5642 3111 5695 vel
3168 5640 3535 5709 praefuerunt,
3583 5641 3671 5696 vel

2095 5731 2395 5798 adfuerunt,
2432 5747 2588 5787 nemo
2620 5731 2751 5787 milii
2778 5732 3083 5790 crediturus
3114 5734 3204 5804 sit,
3230 5743 3493 5804 quantum
3518 5746 3670 5788 tuen-
