4010 6350
234 336 294 389 ετ
1120 337 1395 397 ΝοτιτιΑ
1436 340 1856 399 mmmam
1892 344 1958 401 IN
1998 347 2054 403 s.
2098 318 2564 412 Arcusrtuuu.
3389 373 3456 428 ss

230 449 406 547 dar-um
436 448 760 547 oll'enderlm
811 463 877 506 ac
920 450 1253 547 sustulerim,
1281 454 1443 510 etiam
1486 455 1658 526 illinc,
1698 454 1787 511 ubi
1815 453 1868 514 A
1893 468 2303 531 nugamentum,
2326 478 2395 519 ne
2417 464 2519 519 sim
2547 465 2738 533 taedio;
2766 466 3054 542 decerpam
3082 474 3244 533 modo
3266 492 3458 547 pauca,

227 537 351 591 nihil
404 551 527 593 esse
563 537 917 608 depravatum
947 540 1254 609 putabatur.
1286 542 1457 597 liabet
1504 544 1645 599 enim
1677 544 1786 597 Au-

224 628 468 697 gustinus
507 644 662 683 suum
703 629 973 698 quoddam
1021 631 1242 685 dicendi
1292 647 1483 701 genus,
1510 642 1784 703 argutum,

224 728 270 770 et
298 717 542 785 periodis
582 718 635 772 in
666 718 880 789 longum
914 720 1192 789 productis
1237 721 1405 775 multa
1435 722 1782 789 convolvens,

224 807 360 875 quod
411 807 671 864 lectorem
703 818 757 865 et
794 810 1139 879 familiarem,
1173 820 1228 867 et
1261 820 1501 879 acutum,
1532 822 1587 869 et
1611 822 1788 869 atten-

224 908 350 962 tum,
400 905 460 954 et
510 898 652 955 bene
699 914 997 957 memorem
1054 904 1307 973 requirit,
1355 904 1590 974 denique
1639 904 1785 959 taedii

220 989 528 1061 laborisqu-
573 1013 627 1045 l-‘It
663 993 885 1059 ientcm,
914 992 1105 1063 quales
1142 1010 1249 1050 non
1288 995 1360 1050 ita
1402 996 1601 1051 multos
1629 1010 1788 1065 repe-

218 1081 341 1137 rias.
376 1082 500 1138 Jam
529 1083 739 1140 tametsi
764 1084 1022 1154 profanas
1048 1085 1259 1142 litteras
1287 1086 1501 1157 parcius
1526 1093 1784 1152 ostentat,

218 1188 371 1242 quam
422 1173 805 1246 Hieronymus,
840 1182 1021 1231 tamen
1048 1176 1228 1232 obiter
1256 1176 1322 1231 ad
1353 1191 1448 1232 eas
1476 1178 1788 1246 frequenter

217 1266 429 1321 alludit.
454 1266 568 1333 ,His
600 1269 759 1323 rebus
802 1267 1003 1323 factum
1032 1275 1140 1336 est,
1171 1275 1229 1323 ut
1258 1267 1449 1333 lector,
1488 1268 1785 1325 audaculus

218 1358 382 1427 magis
413 1373 575 1427 quam
606 1369 860 1429 argutus,
892 1360 1113 1427 mutarit
1164 1358 1422 1430 quidquid
1454 1358 1781 1414 oll‘endebat.

220 1448 413 1503 Verum
441 1464 564 1519 quae
610 1450 696 1506 vel
747 1450 1093 1506 librariorum
1130 1449 1363 1518 incuria,
1394 1450 1482 1505 vel
1519 1450 1784 1504 lectorum

218 1541 428 1595 inscitia
467 1542 756 1596 commissa
799 1549 944 1611 sunt,
970 1542 1173 1597 habent
1203 1550 1492 1613 utcumque
1520 1542 1780 1606 colorem,

216 1646 315 1698 quo
362 1631 580 1700 culpam
630 1631 813 1702 liceat,
864 1633 910 1687 si
953 1647 1058 1687 non
1104 1647 1391 1701 excusare,
1438 1643 1587 1689 certe
1622 1644 1780 1689 exte-

218 1735 376 1777 nuare
428 1739 442 1777 :
488 1737 813 1793 quamquam
872 1722 1011 1778 hanc
1048 1726 1295 1793 oportuit
1339 1739 1461 1780 esse
1510 1725 1777 1796 publicam

1892 548 2038 603 unde
2071 548 2243 606 faciis
2281 553 2352 608 sit
2392 555 2737 625 conjectura,
2775 575 2933 630 quam
2964 573 3160 620 caetera
3202 568 3339 622 nihil
3366 570 3463 625 ha-

1888 637 2288 697 beantmentis.
2320 643 2475 700 Hunc
2506 648 2558 701 in
2587 650 2803 705 modum
2834 654 3042 709 orditur
3072 674 3085 709 :
3116 657 3177 711 Si
3204 661 3333 712 enim
3365 667 3458 731 ego

1887 728 1994 798 ipse
2013 740 2067 783 ut
2098 732 2160 784 de
2184 731 2264 787 his
2285 773 2301 799 ,
2331 734 2458 804 quid
2484 740 2727 804 sentiam,
2758 741 2972 810 habeas,
3002 744 3343 812 diﬂ'erentiam
3374 728 3459 819 fa.

1886 825 2086 870 cturum
2114 835 2192 873 me
2214 826 2539 890 speraverint.
2567 828 2828 898 Agnoscis
2849 835 3113 889 sermonis
3144 836 3350 892 ﬂorem.
3379 840 3458 894 Ac

1888 922 2012 962 mox
2044 926 2056 961 :
2094 907 2161 964 Ut
2185 914 2321 965 enim
2350 914 2418 967 ad
2451 917 2550 969 vim
2580 920 2782 973 termini
2826 924 3151 993 proﬁciscar,
3187 928 3456 995 Apostolos

1885 994 2140 1064 ercum,
2173 1000 2361 1057 dicitur
2387 1005 2452 1059 ab
2480 1023 2625 1077 apos,
2654 1010 2791 1078 quod
2816 1022 2957 1065 notat
2980 994 3351 1083 argumentum,
3379 1020 3456 1072 vel

1885 1091 2321 1161 praeminentium,
2350 1105 2397 1149 et
2421 1097 2619 1165 scolon,
2655 1101 2792 1171 quod
2823 1113 2895 1156 est
2929 1106 3121 1172 missio,
3151 1110 3297 1178 quasi
3322 1125 3454 1180 prcr-

1886 1179 2133 1233 minenter
2157 1183 2340 1238 missus
2359 1225 2375 1251 ,
2404 1186 2472 1238 ad
2497 1192 2964 1260 augmentationem
2990 1195 3181 1249 scilicet
3216 1179 3337 1264 ﬁdei
3363 1215 3453 1251 ca-

1885 1271 2111 1338 tholicae,
2136 1275 2213 1327 vel
2232 1279 2495 1344 apostolus
2518 1282 2663 1348 quasi
2688 1284 3014 1350 postmissus,
3044 1296 3152 1341 etc.
3181 1288 3318 1354 Quid
3353 1289 3452 1344 hac

1883 1360 2208 1420 deliratione
2251 1366 2651 1437 prodigiosius?
2698 1372 2834 1443 Apos
2871 1375 3014 1429 enim
3057 1377 3195 1446 apud
3235 1378 3451 1434 Graecos

1883 1461 2088 1507 tantum
2121 1457 2391 1525 signiﬁcat
2418 1498 2432 1523 ,
2466 1470 2725 1528 quantum
2756 1461 3143 1519 Kiskildrivium
3178 1468 3318 1536 apud
3349 1469 3452 1523 La-

1884 1543 2046 1608 tinos,
2090 1554 2147 1600 et
2176 1548 2353 1602 scolon
2397 1548 2600 1605 Grmcis
2626 1554 3213 1610 sonatoll‘endicultun.
3245 1557 3453 1612 Deinde

1880 1634 2196 1691 stultissime
2221 1636 2544 1707 imaginatur
2562 1640 2613 1693 in
2635 1642 2850 1697 nomine
2876 1646 3155 1709 apostolus,
3183 1656 3334 1717 apost
3354 1648 3451 1701 ad-

1882 1722 2051 1777 ditum
2073 1739 2169 1793 pro
2196 1729 2522 1791 postmodum
2551 1746 2648 1799 pro
2674 1746 2779 1801 quo
2819 1733 3035 1787 Barbari
3066 1734 3247 1790 dicere
3271 1736 3450 1791 solent

218 1813 535 1882 principum,
587 1814 877 1883 prmsulum
916 1825 971 1871 et
1019 1816 1273 1871 abbatum
1316 1831 1534 1882 curam,
1567 1824 1627 1871 ut
1673 1818 1780 1871 uti-
1808 1798 1856 1859 Β
1883 1814 2079 1883 deposl.
2126 1817 2284 1886 Atqui
2320 1818 2367 1872 si
2399 1798 2586 1875 (ξω)οὰ
2618 1798 2719 1876 vos
2748 1830 2830 1877 est
2859 1825 3168 1891 apostolus,
3218 1836 3274 1880 ut
3336 1827 3453 1896 ipse

214 1903 363 1969 lium,
400 1903 499 1959 sed
530 1905 803 1975 praecipue
830 1920 1109 1961 sacrorum
1139 1906 1471 1961 voluminum
1500 1906 1781 1975 exempla-
1882 1903 2063 1972 docet,
2092 1906 2235 1961 unde
2277 1907 2387 1962 illic
2426 1909 2612 1964 Latina
2647 1912 2956 1981 praepositio
2988 1916 3136 1982 post?
3170 1916 3447 1985 Sequitur,

211 1994 279 2048 ria
305 2007 407 2064 per
433 1995 675 2051 eruditos
700 1995 849 2051 viros
890 2012 1048 2067 quam
1079 1996 1487 2067 diligentissime
1515 1996 1782 2066 castigata
1880 1997 2131 2065 prop/tela
2163 2008 2342 2054 autem
2360 2014 2387 2052 a
2410 2016 2525 2069 pro,
2552 2002 2603 2055 id
2626 2014 2709 2057 est
2732 2004 2939 2072 procul,
2960 2014 3014 2060 et
3036 2009 3135 2076 for,
3157 2009 3304 2077 faris,
3326 2024 3448 2063 cum

213 2097 561 2141 servarentur
590 2087 645 2142 in
674 2087 899 2157 publicis
928 2088 1447 2145 bibliothecis.lllos
1468 2103 1622 2159 vero,
1645 2103 1782 2157 quos
1880 2091 2145 2156 propheta
2192 2089 2399 2147 Graecis
2442 2094 2576 2148 nihil
2623 2095 2769 2149 aliud
2818 2107 2993 2160 sonet.
3035 2115 3192 2168 quam
3243 2102 3447 2157 Latinis

210 2178 456 2233 absolvat
487 2193 521 2234 a
569 2180 841 2250 sacrilegii
883 2182 1130 2246 crimine,
1156 2181 1245 2249 qui
1291 2195 1390 2236 nec
1430 2194 1641 2246 errore,
1675 2194 1780 2235 nec

202 2270 312 2325 ,ulla
341 2270 696 2339 necessitate,
717 2271 813 2326 sed
835 2272 1014 2341 inepta
1038 2272 1479 2338 libidine,studio
1501 2280 1781 2328 mutarunt

209 2361 362 2429 hujus
394 2363 498 2413 viri
528 2363 755 2431 scripta,
787 2369 1059 2418 vertentes
1087 2380 1186 2434 que
1215 2363 1267 2417 in
1296 2372 1364 2425 et,
1391 2372 1439 2417 et
1468 2363 1522 2417 in
1544 2379 1659 2433 que,
1687 2364 1778 2417 sed

211 2455 261 2510 in
288 2464 362 2521 at,
397 2462 453 2507 at
495 2455 548 2509 in
579 2454 693 2518 sed,
723 2454 855 2507 dixit
894 2455 947 2508 in
978 2454 1164 2521 ait,ait
1190 2454 1242 2507 in
1281 2453 1436 2518 dixit,
1462 2453 1687 2509 verbum
1722 2454 1773 2508 in

210 2538 572 2614 participium,
602 2543 946 2615 participium
992 2545 1046 2599 in
1096 2544 1340 2608 verbum,
1365 2545 1577 2613 aliaque
1616 2546 1775 2601 innu-

208 2650 348 2690 mera
378 2634 465 2690 his
492 2634 818 2702 consimilia,
851 2636 1001 2704 quasi
1031 2635 1262 2690 luserint
1297 2635 1351 2688 in
1373 2649 1538 2704 opere
1571 2635 1769 2690 alieno.

204 2727 307 2782 Hoc
351 2727 618 2797 ﬂagitium
649 2743 774 2782 cum
806 2729 960 2794 alias,
994 2736 1106 2782 tttm
1143 2727 1414 2796 prmeipue
1463 2728 1769 2796 deprehen-

206 2817 375 2872 dimus
401 2816 458 2871 in
490 2816 641 2871 libris
669 2817 738 2872 de
768 2817 1054 2872 Trinitate.
1089 2816 1552 2886 Deprehendimus
1591 2826 1767 2872 autem

202 2921 261 2960 ex
314 2906 612 2961 collatione
663 2908 878 2975 codicis,
910 2921 1071 2977 quem
1125 2907 1283 2961 nobis
1328 2906 1555 2976 praebuit
1601 2904 1769 2959 Fian-

199 3000 319 3053 dria:
373 3000 743 3052 monasterium
784 2999 1071 3068 quoddam,
1101 2999 1255 3067 cujus
1293 3012 1490 3053 nomen
1541 2998 1590 3050 in
1625 3013 1763 3066 pra:-

201 3089 367 3143 sentia
428 3104 536 3144 non
587 3090 855 3157 occurrit,
908 3101 1041 3143 sane
1088 3088 1289 3143 bellum
1342 3102 1407 3142 ac
1470 3093 1759 3151 vetustum,

1880 2180 2186 2247 prredictor.
2213 2182 2337 2237 litec
2374 2188 2725 2253 praposuisse
2746 2189 2879 2243 satis
2902 2191 3158 2259 arbitror,
3188 2194 3253 2247 ad
3283 2195 3448 2249 totius

1877 2272 2187 2339 nugamenti
2213 2280 2427 2340 gustum
2462 2276 2771 2343 quemdam,
2796 2279 2940 2347 quod
2970 2279 3043 2333 ita
3062 2289 3322 2337 attextum
3341 2292 3445 2346 est,

1877 2360 2028 2428 quasi
2067 2360 2189 2431 quis
2216 2376 2313 2431 pro
2338 2366 2646 2433 Augustino
2677 2366 2954 2424 Paulinum
2983 2370 3207 2439 doceat,
3236 2374 3304 2429 de
3340 2391 3447 2444 quo

1877 2450 2206 2520 signiﬁcarat
2233 2468 2292 2507 se
2320 2453 2593 2509 dubitare.
2626 2458 2783 2511 Alter
2810 2459 2961 2514 locus
2984 2462 3145 2531 estin
3178 2463 3325 2519 libro
3361 2479 3445 2520 se-

1874 2543 2055 2597 cundo
2082 2543 2145 2597 de
2174 2544 2423 2599 .Sermone
2452 2546 2659 2600 Domini
2688 2550 2741 2601 in
2763 2561 2932 2605 monte
2955 2553 3152 2607 habito.
3184 2554 3443 2622 Quoniam

1872 2636 2015 2689 inter
2046 2634 2254 2690 fructus
2274 2638 2499 2705 spiritus
2531 2639 2728 2695 Paulus
2748 2654 3142 2699 conuucmorat
3164 2648 3437 2715 gaudium,

1872 2739 1941 2777 ne
1968 2724 2087 2793 quis
2114 2724 2479 2794 existimaret,
2513 2728 2668 2783 illum
2701 2730 2769 2785 de
2797 2733 2985 2801 quovis
3028 2736 3221 2803 gaudio
3258 2737 3435 2807 loqui,

1870 2815 1949 2868 sic
1982 2814 2159 2868 locum
2190 2817 2446 2885 explanat
2485 2819 2817 2887 Augustinus
2842 2839 2853 2874 :
2881 2822 3019 2876 Sane
3046 2826 3308 2879 scien..’um
3333 2838 3438 2891 est,

1869 2902 1952 2953 hic
1981 2904 2225 2970 gaudium
2265 2906 2470 2973 praprie
2490 2909 2725 2977 positum.
2752 2908 2880 2962 Mali
2913 2912 3043 2963 enim
3072 2910 3297 2966 homines
3336 2932 3437 2968 non

1866 2992 2110 3060 gaudere,
2154 2994 2244 3046 sed
2278 2996 2464 3064 gestire
2504 2996 2747 3050 dicuntur
2774 3000 2997 3069 praprie,
3040 3002 3169 3054 sicut
3205 3006 3437 3073 superius

1868 3084 2093 3137 diximus
2118 3083 2429 3139 voluntatem
2457 3089 2662 3157 praprie
2682 3090 2922 3160 positam,
2954 3108 3104 3160 quam
3126 3110 3226 3147 non
3250 3094 3437 3149 habent

199 3182 426 3235 dixisses
479 3181 635 3235 bona}
678 3146 1175 3249 ﬁdei’Imagnmque
1222 3179 1530 3233 autorimtis
1578 3146 1834 3232 excm-C
1868 3171 2012 3239 mali,
2036 3182 2141 3227 οῑο.
2186 3174 2310 3229 Πωο
2350 3146 2629 3245 Augustini
2659 3146 2821 3235 verba
2864 3146 2985 3236 Cliln
3034 3182 3162 3236 nihil
3206 3183 3437 3240 habeant

198 3274 324 3339 ptar.
360 3273 465 3328 Vix
488 3287 742 3343 umquam
772 3271 1129 3327 occurrebant
1150 3272 1258 3327 duo
1287 3287 1496 3339 versus,
1520 3271 1647 3340 quin
1679 3287 1767 3327 es-

196 3371 295 3428 set,
325 3360 470 3431 quod
503 3362 779 3432 jugularet
826 3370 1169 3417 transversus
1213 3362 1477 3416 calamus.
1511 3361 1610 3416 Hic
1656 3376 1761 3417 non

196 3462 309 3506 erat
347 3468 506 3508 error
535 3461 628 3508 aut
665 3453 971 3521 oscitantia,
1001 3455 1096 3509 sed
1129 3453 1501 3524 impiusludus
1527 3454 1761 3509 hominis

196 3543 330 3597 male
356 3543 561 3598 feriati.
583 3544 725 3598 Alibi
757 3547 1073 3615 nescioquis
1096 3546 1395 3601 sententias
1426 3548 1758 3615 expleverat,

191 3636 415 3702 adjectis
443 3636 629 3691 verbis
662 3638 868 3708 aliquot
894 3654 1002 3692 non
1041 3639 1365 3694 necessariis
1400 3658 1412 3692 ε
1451 3641 1599 3694 velut
1627 3655 1759 3709 quo-

192 3726 293 3781 ties
316 3728 515 3783 beatus
527 3732 853 3799 Augustinus
876 3731 1077 3785 citabat
1093 3746 1125 3787 e
1141 3731 1437 3800 Scripturis
1457 3732 1757 3798 canonicis,

188 3827 450 3885 quantum
481 3818 547 3873 ad
579 3820 655 3885 id,
685 3822 827 3889 quod
856 3821 1136 3890 agebatur,
1165 3821 1297 3875 satis
1317 3832 1463 3886 erat,
1496 3821 1585 3875 ille
1610 3821 1757 3877 Scri-

188 3918 357 3978 ptura:
393 3912 765 3967 testimonium
798 3912 955 3966 altius
989 3911 1277 3981 repetitum
1309 3927 1376 3966 ex
1404 3911 1595 3967 eodem
1634 3914 1756 3969 loco

183 4004 395 4073 longius
422 4003 854 4072 prosequebatur
874 4045 889 4071 ,
921 4018 1041 4058 cum
1074 4003 1204 4057 nihil
1234 4013 1378 4058 esset
1407 4004 1473 4058 ad
1504 4018 1619 4059 rem
1659 4020 1755 4060 ne-

180 4111 353 4150 cesse.
388 4096 447 4151 ld
478 4095 749 4164 praecipue
779 4096 975 4150 factum
998 4096 1364 4164 comperimus
1391 4095 1442 4149 in
1469 4093 1754 4151 Commen-

181 4186 331 4240 tariis
374 4199 517 4255 quos
544 4185 763 4253 scripsit
798 4187 850 4239 in
882 4186 1176 4255 Epistolam
1205 4186 1272 4241 ad
1304 4186 1576 4243 Romanos
1605 4196 1659 4243 et
1683 4187 1750 4242 ad

174 4275 418 4330 Galatas.
452 4274 691 4332 Risimus
720 4291 829 4332 non
867 4277 1055 4347 paucis
1090 4279 1224 4334 locis
1253 4278 1516 4348 insignem
1547 4279 1751 4334 scriba-

172 4383 289 4423 rum
319 4368 725 4436 delirationem,
758 4370 873 4440 qui,
906 4370 1048 4440 quod
1078 4371 1249 4427 lector
1280 4370 1551 4440 ineptiens
1578 4384 1750 4425 anno-

1866 3266 2233 3333 obscuritatis,
2268 3279 2446 3326 tamen
2464 3272 2656 3341 aliquis
2688 3286 2910 3331 conatus
2951 3285 3089 3344 erat,
3121 3278 3428 3342 dilucidius.

1862 3357 2088 3423 scilicet,
2119 3358 2386 3427 explicare
2434 3363 2755 3417 sententiam
2809 3364 2955 3420 hisce
2998 3366 3215 3423 verbis:
3250 3367 3432 3438 Neque

1861 3446 2109 3515 gaudium
2148 3450 2345 3502 virtutis
2365 3450 2462 3519 sit,
2496 3451 2624 3505 sicut
2652 3452 2890 3508 voluntas
2908 3494 2923 3519 ,
2953 3464 3002 3509 et
3027 3456 3138 3509 Itcec
3164 3456 3331 3527 potius
3359 3458 3430 3509 ad

1859 3546 2060 3590 sanctos
2090 3540 2341 3599 pertinent
2367 3555 2384 3592 :
2410 3540 2478 3593 ad
2510 3550 2797 3609 peccatores
2836 3559 2952 3598 vero
2987 3555 3156 3616 gestus
3179 3549 3342 3619 magis
3383 3557 3431 3602 et

1858 3628 2111 3698 cupiditas
2142 3630 2438 3699 deputanda
2478 3641 2621 3705 sunt.
2654 3632 2721 3687 Et
2761 3633 2863 3689 hoc
2892 3644 2996 3689 tam
3041 3636 3300 3693 insulsum
3332 3654 3429 3693 ttu-

1858 3729 2165 3787 gatnentum
2193 3736 2224 3776 e
2256 3722 2434 3791 Spatio
2462 3725 2722 3794 marginis
2753 3726 2806 3780 in
2847 3738 3160 3783 contextum
3201 3730 3429 3785 relatum

1859 3812 2183 3881 aliquamdiu
2206 3829 2307 3869 nos
2333 3818 2507 3869 torsit.
2530 3815 2663 3871 Cum
2694 3816 3007 3886 hujusmodi
3032 3821 3298 3888 portentis
3326 3820 3428 3874 fuit

1856 3903 2010 3957 nobis
2037 3902 2262 3959 subinde
2290 3905 2623 3961 luctandum.
2653 3907 2803 3962 Alius
2830 3923 2899 3963 ex
2942 3910 3300 3979 undequaque
3330 3910 3425 3966 de-

1855 3994 2057 4063 cerptis
2084 3994 2350 4064 lrustulis,
2395 3996 2567 4051 veluti
2612 4012 2811 4051 novum
2849 4013 3017 4067 Opus,
3048 3998 3331 4068 Augustini
3361 4002 3423 4052 ti-

1857 4086 1968 4140 tulo
1998 4095 2408 4153 construxerat;
2450 4087 2585 4143 alius
2614 4088 2788 4144 aliena
2828 4105 2949 4145 cum
2976 4091 3258 4159 Augustini
3288 4092 3424 4147 scri-

1853 4180 1958 4249 ptis
1987 4180 2304 4246 miscuerat;
2335 4179 2471 4235 alius
2494 4179 2875 4251 equuazstione
2896 4181 3418 4253 feceratepistolam,

1851 4272 2052 4325 assutis
2092 4271 2248 4325 initio
2280 4272 2463 4341 paucis
2491 4272 2692 4327 verbis.
2730 4272 2807 4327 Ne
2850 4273 3060 4343 singula
3090 4289 3418 4346 persequar,

1850 4368 1934 4420 vix
1967 4367 2019 4421 in
2052 4366 2278 4421 alterius
2304 4377 2412 4420 tam
2442 4367 2629 4436 impie,
2671 4382 2829 4435 quam
2864 4366 2917 4421 in
2959 4368 3115 4437 hujus
3152 4370 3292 4423 sacri
3324 4369 3421 4423 do-

170 4468 305 4513 tarat
335 4459 389 4513 in
408 4460 746 4529 marginesui
768 4461 993 4528 codicis,
1014 4461 1315 4516 retulerunt
1337 4461 1739 4517 incontextum.
1768 4495 1823 4556 Β
1849 4458 2016 4512 ctoris
2062 4456 2425 4511 voluminibus
2476 4456 2608 4512 lusit
2655 4456 2956 4512 otiosorum
3006 4460 3301 4514 temeritas.
3353 4458 3421 4514 Ut

170 4548 250 4603 Ex
278 4550 469 4605 multis
492 4552 601 4606 duo
623 4567 921 4621 proponam
946 4553 1193 4621 exempla
1211 4592 1226 4618 ,
1251 4568 1480 4622 quorum
1509 4553 1739 4608 alterum

169 4648 249 4691 est
275 4640 329 4693 in
360 4640 598 4708 epistola
615 4642 705 4707 58,
723 4643 813 4697 ubi
836 4644 1084 4713 leguntur
1101 4643 1214 4697 haec
1232 4644 1511 4712 Augustini
1530 4645 1692 4699 verba
1722 4661 1735 4699 :

173 4726 280 4780 Hos
308 4738 485 4782 autem
510 4730 805 4801 prophetas,
836 4748 961 4800 quos
998 4739 1109 4800 post
1133 4732 1395 4801 apdstolos
1417 4734 1608 4800 posuit,
1638 4750 1740 4787 non

169 4830 291 4887 puto
329 4822 451 4875 illos
496 4836 635 4889 esse,
666 4824 755 4890 qui
781 4824 960 4876 ordine
999 4833 1281 4893 temporum
1320 4833 1441 4877 ante
1477 4822 1738 4892 apostolos

168 4911 392 4979 fuerunt,
420 4912 511 4965 sed
538 4912 682 4978 istos,
712 4914 892 4983 quibus
903 4918 1015 4986 jam
1028 4913 1118 4966 sub
1142 4915 1387 4982 apostolis
1404 4931 1493 4984 per
1517 4915 1739 4983 gratiam

168 5000 487 5069 donabatur,
514 5011 605 5056 aut
633 5004 981 5074 interpretatio
1016 5003 1399 5073 Scripturarum
1423 5016 1470 5059 et
1490 5007 1735 5075 inspectio

165 5094 433 5160 mentium,
477 5102 569 5147 aut
610 5096 875 5164 prwdictio
921 5098 1159 5166 temporis
1189 5097 1435 5150 secuturi.
1480 5096 1537 5151 ln
1569 5097 1734 5165 priori

162 5182 401 5241 editione
427 5188 770 5257 participium
799 5188 1048 5253 secuturi,
1080 5202 1110 5241 a
1140 5202 1239 5242 suo
1268 5189 1504 5253 nomine,
1539 5198 1732 5259 tempo-

162 5280 253 5344 ris,
286 5280 502 5347 prolixo
523 5280 811 5335 verborum
834 5288 1144 5335 assumento
1171 5279 1437 5333 divulsum
1465 5280 1732 5349 comperi-

166 5386 282 5422 mus
306 5414 319 5435 ,
356 5371 519 5440 idque
549 5386 656 5425 non
685 5371 858 5424 solum
897 5371 1177 5440 insigniter
1206 5370 1480 5425 indoctum
1517 5380 1634 5425 erat
1671 5385 1733 5425 ac

156 5460 405 5525 stultum,
428 5475 619 5517 verum
644 5475 714 5514 ne
734 5460 800 5514 ad
828 5475 939 5514 rem
963 5461 1179 5530 quidem
1207 5462 1473 5516 tantillum
1504 5461 1730 5516 iaciens.

161 5549 271 5603 Non
304 5552 451 5605 enim
476 5542 587 5606 illic
611 5552 1019 5620 ambigebatur,
1048 5553 1139 5621 qui
1167 5562 1349 5607 essent
1382 5552 1645 5621 apostoli,
1679 5563 1735 5609 et

158 5641 297 5696 unde
314 5643 473 5699 ducta
499 5658 629 5707 vox,
670 5642 765 5697 sed
797 5642 863 5698 de
892 5658 996 5711 quo
1020 5645 1405 5713 prophetarum
1427 5660 1623 5713 genere
1653 5644 1733 5701 lo-

158 5744 413 5792 (lucretur
452 5733 561 5788 illic
592 5733 903 5801 Apostolus.
946 5733 1060 5789 Non
1105 5744 1341 5803 repetam
1391 5734 1475 5791 hic
1514 5735 1727 5805 longum

1848 4549 2093 4605 omittam
2132 4549 2347 4604 interim
2393 4549 2865 4619 pseudepigrapha
2886 4593 2900 4619 ,
2931 4550 3173 4621 quaedam
3202 4565 3306 4605 non
3338 4551 3419 4605 in—

1848 4640 2081 4707 erudita,
2121 4640 2366 4711 quaedam
2404 4640 2493 4694 vix
2536 4640 2860 4707 tolerabilia,
2909 4640 3154 4709 quaedam
3196 4654 3417 4710 prorsus

1846 4732 2083 4801 indocta.
2120 4733 2315 4787 Verum
2338 4733 2390 4787 in
2419 4732 2670 4787 omnibus
2692 4774 2708 4799 ,
2751 4748 2870 4801 quae
2902 4733 2979 4787 illi
3006 4732 3140 4787 falso
3172 4742 3298 4787 sunt
3332 4733 3415 4787 in-
3496 4718 3501 4721 ἴ

1844 4826 2067 4893 scripta,
2099 4824 2231 4879 nihil
2258 4824 2516 4879 insulsius
2542 4833 2634 4878 aut
2664 4824 3026 4894 impudentius
3060 4824 3414 4880 Sermonibus

1844 4917 1911 4971 ad
1951 4917 2248 4982 Eremitas,
2280 4917 2335 4971 in
2363 4918 2563 4986 quibus
2607 4932 2708 4972 nec
2747 4918 2909 4971 verba
2931 4959 2945 4984 ,
2978 4932 3079 4971 nec
3106 4917 3412 4983 sententiae,

1843 5020 1944 5059 nec
1974 5014 2181 5074 pectus,
2212 5020 2313 5059 nec
2336 5007 2558 5061 omnino
2579 5007 2868 5076 quidquam
2900 5015 2981 5062 cst
3008 5008 3307 5076 Augustino
3328 5008 3410 5063 di-

1839 5111 2003 5164 gnum
2034 5114 2045 5150 :
2082 5106 2136 5151 et
2163 5105 2335 5151 tamen
2379 5098 2622 5166 quisquis
2646 5097 2747 5153 hoc
2773 5114 2908 5166 Opus
2936 5098 3216 5163 conﬁnxit,
3247 5099 3409 5155 homo

1837 5187 2018 5242 suavis
2042 5186 2143 5241 sibi
2167 5186 2417 5256 promisit
2443 5186 2711 5252 futurum,
2753 5199 2811 5241 ut
2850 5188 3180 5257 Augustinus
3219 5191 3411 5243 crede-

1838 5287 2013 5341 retur,
2058 5286 2112 5332 et
2140 5292 2271 5333 sane
2316 5288 2647 5347 repererunt
2692 5278 2899 5333 similes
2953 5279 3099 5333 labra
3150 5280 3404 5335 lactucas.

1835 5367 1978 5423 Nihil
2005 5375 2183 5422 tamen
2215 5370 2408 5423 horum
2439 5369 2830 5438 submovimus,
2860 5370 2961 5423 nisi
2990 5369 3131 5439 quod
3173 5386 3257 5435 ea,
3285 5386 3405 5439 quae

1834 5459 1916 5514 bis
1940 5467 2026 5514 aut
2054 5460 2251 5528 smpius
2280 5460 2615 5515 habebantur
2646 5460 2791 5515 inter
2836 5460 2991 5530 hujus
3022 5463 3122 5516 viri
3154 5460 3402 5516 lucubra-

1836 5553 2040 5615 tiones,
2075 5560 2160 5604 sat
2200 5550 2487 5604 habuimus
2515 5552 2681 5606 semel
2712 5566 2939 5621 poncre,
2968 5568 3035 5607 ne
3064 5553 3399 5607 voluminum

1834 5644 2600 5714 magnitudincmsupervacua
2625 5643 2834 5698 sarcina
2855 5659 3205 5699 oncraremus
3231 5662 3243 5697 :
3273 5660 3399 5698 cen-

1834 5738 1976 5794 suris
2007 5745 2211 5793 tantum
2230 5719 2815 5807 additisindicavimus,
2838 5737 2962 5808 quid
2982 5738 3206 5791 nothum
3231 5744 3391 5801 esset,
