4010 6350
551 300 618 358 59
1436 297 1991 356 SUPPLEMEN'JUM
2031 296 2121 353 AD
2159 297 2382 357 ΟῘἘΠΑ
2426 304 2482 359 S.
2524 304 2910 362 AUGUSTINI.
3720 313 3801 372 σα

464 488 467 489 ν
548 420 673 488 quid
718 418 1025 489 ambiguum
1048 460 1065 487 ,
1120 418 1247 488 quid
1290 419 1662 474 commixtum.
1696 418 1821 473 llaec
1860 418 2020 487 igitur
2058 416 2111 470 in
2144 417 2185 473 A
2214 430 2397 475 essent
2432 421 2631 477 orbati.
2661 422 2793 477 Nam
2838 422 3097 492 quidquid
3141 431 3257 477 erat
3302 437 3430 495 erga
3458 392 3785 484 Frobenium

550 522 657 566 tam
681 512 886 567 eximio
916 512 1182 581 scriptore
1211 509 1479 564 committi
1502 524 1632 564 sane
1666 509 1957 565 dolendum
1987 516 2071 562 est
2098 523 2111 560 :

547 602 642 656 sed
664 616 817 671 atque
846 601 1067 667 mirum,
1093 614 1258 669 super
1288 598 1371 653 his
1399 599 1599 654 nullam
1648 598 1911 653 hactenus
1948 597 2117 652 fuisse

550 694 918 750 studiosorum
962 694 1361 763 querimoniam
1397 709 1410 745 :
1459 691 1601 746 unde
1640 692 1949 758 conjectura
1997 689 2113 758 capi

548 793 747 853 potest,
776 786 956 839 divum
981 784 1338 854 Augustinum
1366 782 1591 837 antehac
1611 797 1639 835 a
1670 781 1942 850 plerisque
1963 779 2117 834 theo-

545 877 684 946 logis
713 885 806 931 aut
837 890 941 930 non
986 875 1091 945 legi
1119 876 1373 941 solitum,
1423 884 1517 929 aut
1559 873 1905 944 indiligenter
1948 871 2114 928 fuisse

544 968 765 1021 lectum.
812 966 887 1022 Ne
933 967 1063 1023 mihi
1097 968 1311 1036 quidem
1357 981 1606 1036 umquam
1654 964 1972 1034 persuaderi
2014 979 2112 1034 po-

546 1057 755 1122 tuisset,
802 1065 1009 1112 tantum
1066 1057 1121 1111 in
1177 1066 1283 1111 tam
1332 1056 1536 1112 celebri
1569 1057 1838 1125 scriptore
1893 1056 2113 1112 latuisse

542 1146 879 1202 mendarum.
908 1148 1173 1218 Equidem
1202 1147 1527 1203 nihilminus
1542 1146 1809 1202 habebam
1832 1147 1884 1201 in
1910 1146 2110 1213 animo,
2153 1172 2164 1182 ο

543 1251 703 1305 quam
750 1238 889 1293 hanc
915 1251 1200 1308 capessere
1237 1236 1598 1307 provinciam.
1644 1234 1967 1291 Deterrebat
2012 1236 2113 1288 im-

542 1344 728 1385 mensa
756 1328 1087 1385 voluminum
1117 1330 1311 1394 moles,
1343 1338 1398 1383 et
1427 1328 1611 1398 operis
1631 1325 1927 1382 difﬁcultas
1952 1325 2110 1396 juve-

540 1422 653 1477 nile
684 1422 870 1489 robur,
901 1436 963 1477 ac
993 1436 1215 1492 prorsus
1240 1420 1647 1475 adamantinum
1688 1418 1973 1490 quemdam
2014 1416 2111 1472 ho.

537 1513 741 1569 minem
772 1513 1024 1584 exigebat
1056 1532 1068 1567 :
1100 1528 1185 1569 me
1216 1528 1344 1568 vero
1368 1513 1480 1583 jam
1514 1521 1570 1566 et
1598 1520 1727 1566 aetas
1763 1519 1819 1566 et
1857 1509 2109 1564 valetudo

537 1605 605 1660 ab
635 1605 736 1661 hoc
760 1621 962 1676 genere
988 1605 1240 1662 laborum
1268 1606 1319 1659 in
1351 1613 1519 1659 totum
1561 1602 1965 1658 dehortabatur.
2000 1601 2104 1657 Sed

535 1698 708 1753 felicis
757 1698 1032 1753 memoriae
1088 1697 1322 1754 Joannes
1371 1696 1707 1764 FROBENIUS,
1756 1694 1839 1749 vir
1878 1696 1948 1749 ob
1996 1696 2109 1748 sin-

2216 511 2460 577 aﬂ‘ectus,
2493 512 2545 567 in
2573 511 2671 569 hos
2703 514 2972 569 transtuli.
3022 512 3208 585 itaque
3246 515 3536 571 obfirmato
3578 521 3782 587 animo,

2215 602 2294 655 sic
2334 609 2394 655 ut
2419 603 2567 671 operi
2600 612 2707 658 tam
2739 618 2892 657 sacro
2914 604 3079 659 satius
3110 604 3361 661 ducerem
3404 607 3641 663 animam
3687 611 3784 666 im-

2215 692 2493 761 pendere,
2537 711 2697 765 quam
2747 698 2916 752 semel
2969 707 3276 769 susceptum
3321 714 3428 755 non
3476 701 3784 767 absolvere,

2216 786 2433 843 taedium
2463 802 2622 844 omne
2648 790 2821 845 devici
2854 809 2867 843 :
2892 806 3105 862 quoque
3132 806 3248 847 sum
3280 793 3443 848 altius
3463 793 3739 863 ingressus
3764 837 3781 864 ,

2215 875 2323 933 hoc
2349 878 2504 935 labor
2524 879 2871 936 assuetudine
2892 881 3065 936 factus
3090 890 3175 937 est
3202 881 3390 948 levior,
3416 883 3555 952 ipso,
3580 892 3640 938 ut
3662 886 3782 953 opi-

2215 981 2337 1042 nor,
2365 971 2665 1040 Augustino
2690 972 2883 1042 cceptis
2907 974 3109 1028 nostris
3139 988 3398 1044 prospera
3429 973 3629 1031 favoris
3652 990 3782 1030 aura

2213 1060 2426 1117 coalitus
2477 1063 2772 1133 aspirante,
2823 1064 2995 1120 donec
3039 1066 3252 1121 tandem
3308 1066 3497 1136 procul
3544 1067 3784 1136 aperiret

2211 1154 2334 1208 sese
2356 1162 2563 1223 portus,
2593 1155 2647 1209 in
2675 1170 2836 1225 quem
2858 1156 3078 1226 propitii
3107 1157 3345 1211 numinis
3372 1157 3572 1212 auxilio
3590 1157 3781 1223 delati,

2212 1243 2394 1299 laetum
2439 1245 2708 1301 celeusma
2737 1262 2880 1303 nunc
2906 1248 3172 1302 canimus.
3206 1248 3262 1303 ln
3290 1247 3585 1318 dirigendis
3621 1263 3783 1317 porro

2211 1335 2571 1391 voluminibus
2600 1336 2746 1392 hunc
2765 1338 3009 1393 ordinem
3030 1339 3200 1395 secuti
3227 1354 3432 1402 sumus.
3460 1339 3519 1394 In
3541 1339 3780 1395 Primum

2210 1423 2458 1480 volumen
2500 1426 2829 1481 contulimus
2870 1441 2956 1493 ea,
2999 1442 3068 1483 ex
3099 1428 3293 1497 quibus
3339 1437 3452 1484 tota
3494 1428 3780 1499 Augustini

2212 1513 2351 1580 vita,
2379 1528 2597 1581 mores,
2638 1516 2941 1585 ingenium,
2974 1525 3031 1572 et
3073 1518 3298 1574 affectus
3337 1500 3773 1588 perspiciuntur,

2209 1604 2351 1673 quod
2377 1605 2477 1661 hoc
2504 1616 2659 1675 pacto
2686 1606 2923 1662 futurum
2953 1609 3271 1678 arbitrarer,
3306 1618 3364 1666 ut
3388 1620 3447 1666 et
3470 1611 3671 1666 rectius
3697 1610 3779 1665 in-

2209 1696 2565 1766 telligeretur,
2612 1705 2668 1753 et
2694 1697 2905 1754 avidius
2948 1699 3237 1770 legeretur.
3291 1702 3460 1757 Amor
3493 1703 3639 1757 enim
3682 1701 3778 1757 do-

535 1790 776 1858 gularem
806 1805 930 1861 erga
968 1789 1143 1845 studia
1183 1791 1419 1844 favorem
1452 1789 1693 1843 omnium
1734 1787 2103 1842 studiosorum
2136 1767 2377 1845 B‘ctoris
2404 1799 2459 1845 et
2487 1798 2753 1846 attentum
2795 1767 3083 1859 reddit,'et
3118 1792 3392 1848 lubentem
3427 1792 3777 1861 discipulum.

532 1895 717 1936 amore
748 1883 969 1952 perenni
1002 1882 1219 1952 dignus,
1253 1880 1469 1935 tandem
1502 1879 1637 1933 illud
1672 1893 1702 1933 a
1738 1893 1823 1933 me
1853 1877 2105 1948 precibus

532 1979 856 2038 extorserat,
890 1981 946 2025 ut
976 1971 1031 2025 in
1061 1969 1318 2041 Epistolis
1346 1969 1566 2023 unicum
1586 1968 1886 2021 ternionem
1912 1981 2101 2022 emen-

530 2061 713 2116 darem
748 2103 764 2128 ,
805 2076 910 2130 quo
962 2070 1144 2131 posset
1184 2061 1366 2129 operis
1412 2059 1691 2128 specimen
1738 2058 1792 2111 in
1841 2056 2103 2126 proximis

529 2151 785 2205 nundinis
816 2151 1126 2206 ostendere.
1156 2149 1432 2205 Pollicitus
1457 2164 1603 2213 sum,
1633 2147 1725 2202 sed
1748 2147 1851 2202 hac
1870 2148 2011 2217 lege,
2036 2162 2104 2203 ne

528 2240 658 2309 quid
686 2249 930 2309 speraret
975 2240 1225 2310 amplius.
1256 2240 1481 2294 Annuit.
1517 2239 1787 2294 Craterum
1822 2252 1943 2294 eum
1981 2252 2107 2306 per-

525 2335 812 2404 spicerem,
845 2336 921 2391 illi
954 2346 1162 2391 certum
1186 2350 1308 2391 esse
1334 2334 1650 2403 consilium,
1682 2335 1934 2391 volumen
1967 2335 2099 2405 Epi-

526 2426 789 2480 stolarum
816 2425 1120 2491 absolvere,
1141 2440 1317 2495 neque
1343 2439 1666 2496 quemquam
1690 2439 1813 2480 esse
1829 2435 2098 2495 paratum,

526 2517 617 2585 qui
642 2526 844 2586 posset,
866 2527 958 2571 aut
980 2525 1128 2572 certe
1151 2517 1336 2583 vellet,
1355 2515 1687 2572 emendandi
1704 2528 1884 2585 partes
1913 2516 2096 2571 obire:

526 2608 656 2661 vicit
697 2607 866 2661 animi
916 2607 1372 2674 destinationem,
1420 2623 1541 2662 cum
1600 2607 1889 2677 singularis
1940 2608 2097 2663 amici

524 2700 774 2768 pertinax
805 2700 1073 2765 voluntas,
1106 2708 1216 2754 tum
1259 2700 1376 2767 ipsa
1408 2699 1607 2769 negotii
1635 2700 1827 2768 pietas.
1861 2700 1974 2754 lloc
2005 2714 2098 2753 vo-

522 2790 703 2847 lumen
734 2801 902 2846 totum
931 2791 997 2846 ad
1024 2806 1110 2847 me
1136 2791 1339 2860 recepi,
1364 2791 1458 2845 sed
1488 2792 1725 2859 unicum,
1754 2792 1914 2846 etiam
1936 2800 2097 2860 atque

522 2887 686 2939 etiam
716 2884 1042 2953 testiﬁcans,
1075 2884 1190 2939 utsi
1237 2898 1462 2954 pergere
1503 2883 1712 2953 vellet,
1754 2882 1921 2938 alium
1950 2883 2098 2938 inve-

520 2977 664 3032 niret
706 2977 1115 3047 castigatorem,
1148 2992 1248 3031 nec
1278 2992 1365 3030 me
1403 2991 1501 3031 suo
1540 2990 1757 3045 quoque
1785 2972 2091 3044 dispendio,

520 3083 628 3123 non
660 3068 821 3122 modo
850 3068 1172 3132 studiorum,
1205 3081 1233 3120 a
1270 3066 1591 3121 melioribus
1628 3065 1777 3120 curis
1821 3073 2089 3120 avocaret.

519 3157 659 3225 Quid
688 3158 907 3212 multis?
932 3172 1052 3212 cum
1090 3156 1274 3211 nullus
1304 3157 1593 3223 existeret,
1635 3155 1723 3225 qui
1766 3154 1931 3210 vellet
1971 3170 2090 3210 eam

517 3249 787 3303 sarcinam
816 3249 868 3302 in
904 3248 1155 3303 humeros
1188 3247 1399 3314 tollere,
1439 3255 1493 3303 et
1525 3246 1764 3302 Joannes
1793 3245 2093 3302 Frobenius

517 3348 880 3405 asseveraret,
929 3347 1073 3393 stare
1121 3338 1470 3403 sententiam,
1523 3346 1580 3392 ut
1630 3338 1675 3391 si
1724 3351 1831 3391 non
1874 3336 2093 3392 daretur

516 3429 683 3494 aliud,
715 3438 882 3484 totum
906 3429 1289 3500 Augustinum,
1320 3427 1495 3498 qualis
1523 3427 1695 3498 qualis
1718 3435 1864 3493 erat,
1906 3442 2093 3484 rursus

516 3522 809 3578 excuderet
833 3539 846 3575 :
875 3537 974 3592 ego
1005 3524 1194 3591 partim
1222 3521 1378 3575 amici
1402 3528 1675 3589 respectu,
1706 3520 1791 3575 cui
1814 3519 1945 3575 nihil
1974 3535 2093 3589 per.

519 3628 715 3683 negare
742 3613 1020 3677 valebam;
1052 3612 1144 3665 sed
1165 3611 1334 3665 multo
1358 3610 1526 3681 magis
1558 3609 1879 3679 inexpiabile
1909 3608 2094 3680 piacu-

516 3705 630 3759 lum
663 3720 781 3760 esse
814 3714 1095 3774 reputans,
1125 3703 1172 3758 si
1195 3712 1301 3758 tam
1328 3704 1563 3759 eximius
1592 3703 1854 3759 Ecclesiae
1875 3703 2089 3769 doctor,

517 3806 597 3851 tot
626 3796 837 3852 mendis
865 3797 1090 3862 obsitus,
1124 3796 1289 3851 tantis
1319 3796 1605 3866 impendiis
1634 3796 1813 3851 denuo
1851 3795 2092 3866 prodiret

516 3888 571 3940 in
598 3887 745 3941 orbis
772 3886 1063 3954 theatrum,
1110 3887 1211 3941 hoc
1240 3886 1549 3965 insigniore
1568 3885 1911 3942 deformitate
1940 3896 2092 3941 nota—

517 3978 665 4046 bilis,
693 3994 798 4048 quo
820 3979 990 4048 magis
1016 3979 1282 4049 elegantia
1311 3978 1689 4046 formularum,
1715 3994 1778 4034 ac
1808 3979 2092 4049 majestate

516 4070 870 4139 voluminum,
901 4070 1086 4125 oculos
1124 4070 1365 4125 omnium
1400 4070 1468 4125 ad
1506 4085 1567 4126 se
1614 4079 1867 4141 rapturus
1903 4080 2084 4127 esset:

518 4160 743 4229 perinde
782 4162 935 4229 quasi
987 4175 1279 4230 purpuram
1328 4160 1579 4216 eximiam
1632 4161 1887 4216 ostendas
1932 4161 2091 4218 foedis

516 4251 742 4304 maculis
771 4250 1145 4316 deformatam,
1173 4264 1358 4320 passus
1385 4266 1505 4304 sum
1532 4250 1735 4320 imponi
1760 4249 1891 4305 mihi
1911 4250 2085 4305 clitel-

516 4342 618 4396 las.
664 4342 905 4399 Tandem
952 4343 1041 4398 ubi
1081 4353 1283 4399 tantum
1321 4345 1544 4416 pelagus
1593 4346 1867 4415 ingressus
1909 4344 2089 4401 ventis

2203 1881 2516 1951 Adjccimus
2552 1882 2791 1952 ejusdem
2832 1893 3301 1954 progymnasmata
3323 1925 3339 1950 ,
3369 1884 3566 1954 quibus
3585 1883 3670 1938 vel
3694 1882 3778 1937 in.

2205 1971 2322 2026 fans
2367 1970 2544 2027 adhuc
2588 1972 2641 2026 in
2685 1971 2933 2038 Christo,
2977 1973 3063 2028 vel
3104 1988 3276 2027 novus
3308 1984 3427 2044 tyro
3467 1973 3778 2028 felicissime

2202 2060 2540 2131 praelusitad
2588 2062 2805 2131 egregia
2846 2060 3106 2116 facinora.
3160 2060 3471 2118 Secundum
3521 2061 3775 2116 volumen

2201 2151 2446 2205 dedimus
2482 2150 2762 2221 Epistolis,
2797 2152 2989 2221 partim
3018 2152 3161 2222 quod
3190 2154 3244 2207 in
3283 2152 3370 2207 his
3401 2166 3616 2221 quoque
3652 2167 3775 2220 per-

2202 2242 2366 2295 multa
2413 2253 2539 2297 sunt
2585 2258 2707 2312 qua:
2755 2242 3241 2313 scripsitjuvenis;
3295 2243 3493 2311 partim
3532 2242 3674 2311 quod
3704 2256 3774 2297 ex

2201 2331 2283 2386 his
2315 2333 2544 2388 maxime
2570 2333 3012 2401 deprehenditur,
3040 2333 3240 2404 siquid
3292 2333 3348 2389 in
3392 2334 3539 2388 illius
3579 2342 3772 2387 natura

2198 2424 2297 2478 fuit
2325 2424 2624 2493 peculiare.
2655 2424 2892 2479 Tertium
2923 2434 2979 2480 et
3006 2426 3265 2491 Quartum
3300 2424 3547 2479 dedimus
3576 2422 3661 2479 his
3687 2423 3773 2477 lu-

2198 2517 2625 2582 cubrationibus,
2658 2531 2789 2586 quas
2816 2517 2883 2571 ad
2924 2516 3231 2572 docendum
3280 2517 3511 2586 paravit.
3539 2515 3775 2583 Quintus

2201 2607 2365 2661 habet
2392 2606 2674 2660 Civitatem
2706 2605 2822 2671 Dei,
2852 2605 2995 2676 quod
3023 2606 3128 2661 hoc
3155 2621 3289 2675 opus
3309 2605 3468 2660 simul
3489 2613 3545 2660 et
3569 2604 3774 2660 docens

2198 2708 2254 2754 et
2296 2699 2580 2754 confutans
2626 2713 2842 2754 errores
2869 2699 3104 2754 maxime
3130 2713 3485 2768 paganorum,
3516 2696 3773 2767 utrinque

2198 2789 2430 2843 mixtum
2458 2800 2625 2844 esset.
2668 2789 2723 2843 In
2757 2790 2857 2844 hac
2876 2790 3126 2859 portione
3156 2788 3293 2843 nihil
3325 2798 3410 2844 est
3436 2797 3639 2844 nostra:
3680 2788 3769 2842 in-

2196 2881 2442 2947 dustria),
2488 2880 2631 2950 quod
2674 2880 2814 2936 hanc
2861 2880 3187 2950 provinciam
3229 2878 3446 2934 hortatu
3493 2892 3616 2933 meo
3662 2876 3769 2931 sibi

2195 2972 2414 3041 proprie
2442 2973 2765 3042 sumpsisset
2789 2971 2877 3026 vir
2907 2973 3155 3041 apprime
3174 2970 3368 3024 doctus
3390 2967 3628 3024 Joannes
3664 2967 3769 3021 Lu-

2195 3064 2419 3120 dovicus
2438 3064 2623 3120 Vives.
2652 3066 2711 3120 In
2734 3064 2956 3120 Sextum
2984 3072 3041 3118 et
3070 3062 3368 3131 Septimum
3389 3059 3768 3115 distribuimus

2197 3168 2403 3225 pugnas
2440 3154 2703 3210 adversus
2744 3154 2977 3208 haereses
3012 3152 3277 3207 diversas.
3326 3150 3383 3205 in
3423 3150 3683 3205 Octavum
3711 3155 3770 3203 et

2194 3245 2405 3299 Nonum
2450 3244 2670 3300 collecti
2706 3253 2833 3299 sunt
2877 3251 3184 3307 tractatus,
3233 3242 3313 3297 sic
3351 3242 3496 3296 enim
3532 3239 3770 3310 appellat

2195 3336 2527 3405 Augustinus
2540 3335 2945 3403 Scripturarum
2960 3332 3337 3387 enarrationes
3349 3329 3489 3400 apud
3504 3328 3762 3399 populum

2195 3428 2430 3491 habitas,
2462 3426 2563 3481 nisi
2598 3426 2744 3496 quod
2784 3426 2835 3480 in
2872 3425 3084 3480 Nonum
3115 3423 3437 3493 farraginem
3476 3418 3769 3490 quamdam

2194 3518 2493 3587 adjecimus
2523 3516 2857 3583 libellorum,
2888 3531 3025 3586 quos
3054 3516 3152 3570 viri
3177 3512 3463 3581 nescioqui
3489 3508 3767 3579 spiritales

2194 3612 2244 3666 in
2272 3611 2375 3666 hoc
2397 3625 2620 3680 parasse
2646 3610 2919 3675 videntur,
2950 3620 3007 3663 ut
3033 3607 3288 3663 affectum
3317 3620 3471 3661 suum
3493 3603 3560 3659 ad
3582 3617 3766 3657 rerum

2193 3702 2493 3758 cmlcstium
2519 3700 3029 3769 contemplationem
3047 3698 3463 3752 inﬁammarent.
3478 3692 3764 3749 Decimum

2193 3792 2440 3847 volumen
2468 3792 2850 3860 complectitur
2879 3789 3130 3844 homilias
3158 3788 3295 3843 varii
3326 3786 3628 3857 argumenti
3651 3825 3667 3847 ,
3708 3783 3767 3839 in

2192 3884 2386 3953 quibus
2423 3884 2687 3953 permulta
2724 3890 2852 3937 sunt
2878 3881 3085 3949 aliena,
3132 3879 3582 3949 quemadmodum
3617 3884 3675 3930 et
3710 3875 3766 3928 in

2191 3975 2365 4030 Nono.
2394 3976 2452 4031 In
2471 3975 2720 4045 singulis,
2749 3990 2819 4029 ne
2838 3973 3015 4028 nullus
3031 3981 3178 4027 esset
3196 3969 3451 4038 ordo,vel
3481 3980 3767 4022 sacrorum

2191 4067 2545 4134 voluminum,
2579 4081 2697 4135 qua:
2724 4066 3141 4134 interpretatur,
3174 4062 3441 4128 ordinem,
3474 4056 3559 4113 vel
3585 4055 3764 4110 lucre-

2188 4172 2321 4213 seon
2353 4159 2591 4228 origines
2616 4155 2789 4212 secuti
2814 4170 3019 4210 sumus.
3038 4150 3506 4223 lpseAugustinus
3537 4148 3589 4200 in
3607 4144 3765 4200 libris

2190 4249 2657 4305 Retractationum
2690 4247 2879 4302 maluit
2907 4247 3085 4302 aetatis
3122 4260 3259 4309 suat,
3306 4252 3363 4299 et
3406 4243 3457 4297 in
3497 4236 3763 4295 Christia-

2190 4344 2366 4399 nismo
2396 4355 2780 4414 progressuum
2809 4340 3055 4397 ordinem
3078 4336 3256 4407 sequi,
3284 4343 3608 4397 recensens,
3639 4341 3765 4397 quae

518 4434 639 4488 vela
688 4433 955 4489 dedissem
983 4477 998 4503 ,
1049 4435 1207 4505 longe
1257 4435 1399 4504 plus,
1460 4450 1621 4505 quam
1672 4443 2043 4505 exSpectaram
2072 4476 2088 4502 ,
2114 4462 2168 4523 ι)
2193 4435 2479 4505 scripserit
2508 4433 2932 4489 catechumenus
2954 4474 2969 4499 ,
2995 4445 3119 4501 quae
3148 4441 3306 4483 sacro
3351 4425 3568 4479 lavacro
3607 4432 3765 4518 rena-

516 4526 757 4593 comperi
779 4524 1146 4592 difﬁcultatis,
1184 4534 1240 4579 ut
1268 4540 1373 4579 non
1402 4526 1572 4581 semel
1598 4526 1836 4580 animum
1858 4526 2090 4597 despon-

513 4614 719 4681 derim,
768 4614 943 4685 deque
989 4614 1308 4670 deserendis
1360 4615 1622 4671 institutis
1660 4616 1945 4687 cogitarim
1977 4635 1989 4669 :
2021 4616 2089 4670 ad

512 4705 655 4775 quod
684 4705 857 4774 ipsum
885 4704 1107 4760 evidens
1135 4705 1300 4760 etiam
1326 4706 1655 4761 valetudinis
1684 4706 1980 4775 periculum
2008 4707 2091 4761 in-

511 4795 741 4864 vitabat,
775 4803 890 4861 aut,
924 4803 981 4850 ut
1002 4797 1203 4850 rectius
1224 4795 1425 4863 dicam.
1454 4797 1835 4865 compellebat.
1863 4797 1980 4852 Jam
2004 4813 2091 4854 me

511 4887 755 4941 terrebat
775 4895 829 4941 et
856 4888 1162 4955 exemplum
1189 4887 1414 4959 Joannis
1445 4888 1716 4955 Frobenii,
1748 4904 1905 4955 quem
1934 4889 2088 4943 vide-

509 4976 632 5030 bam
665 4977 790 5030 huic
831 4977 1182 5031 immortuum
1224 4977 1472 5047 negotio,
1501 4978 1677 5033 virum
1720 4978 1920 5048 alioqui
1962 4994 2083 5034 cum

508 5064 667 5120 ﬁrmo
686 5080 945 5135 corpore,
978 5068 1227 5121 tum'vita
1264 5066 1572 5137 longissima
1608 5068 1849 5138 dignum.
1882 5067 2083 5124 Verum

508 5160 650 5229 quod
681 5160 852 5229 prima
890 5161 1069 5215 fronte
1094 5160 1403 5215 deterrebat
1440 5175 1470 5214 a
1511 5161 1744 5230 negotio,
1780 5160 1884 5215 hoc
1909 5160 2083 5229 ipsum

511 5250 733 5319 propius
773 5250 1139 5306 consideranti
1195 5252 1442 5306 stimulos
1480 5252 1734 5305 addebat.
1775 5251 1893 5306 Non
1936 5252 2081 5307 enim

510 5351 730 5410 oportet
776 5343 1040 5397 bonorum
1097 5344 1335 5397 virorum
1393 5344 1685 5399 amicitiam
1740 5345 1863 5399 vita:
1909 5346 2086 5415 spatio

519 5435 822 5504 terminari,
867 5436 1165 5506 praesertim
1194 5451 1314 5491 cum
1365 5436 1526 5506 hujus
1565 5436 1871 5493 difﬁcillimi
1920 5453 2086 5508 nego-

519 5523 578 5578 tii
610 5526 782 5579 moles
832 5526 884 5579 in
928 5526 1068 5580 ﬁlios
1096 5526 1243 5581 illius
1284 5527 1675 5597 Ilieronymum
1719 5535 1775 5582 et
1824 5527 2088 5584 Joannem

516 5616 815 5671 Erasmium
839 5659 854 5685 ,
889 5620 1231 5689 reliquosque
1258 5620 1464 5674 liberos
1494 5629 1638 5676 esset
1665 5619 1939 5687 devoluta,
1967 5621 2085 5690 qui-

511 5710 612 5764 bus
664 5710 763 5766 hoc
806 5713 982 5769 minus
1036 5713 1320 5779 oportebat
1364 5713 1576 5781 deesse,
1608 5712 1749 5783 quod
1793 5712 1883 5768 tali
1932 5720 2083 5783 patre

2194 4534 2302 4590 tus,
2332 4540 2451 4597 quae
2482 4525 2799 4596 presbyter,
2844 4538 2964 4593 qua:
2986 4523 3307 4591 episcopus,
3338 4515 3443 4570 nisi
3482 4527 3604 4568 cum
3644 4507 3765 4579 epi—

2190 4620 2348 4675 stolis
2374 4627 2432 4673 et
2458 4617 2777 4672 tractatibus
2805 4630 2960 4670 suum
2990 4613 3171 4667 locum
3200 4599 3504 4666 destinasse
3527 4604 3766 4667 videtur,

2190 4726 2352 4780 quam
2378 4709 2538 4778 hujus
2566 4722 2717 4763 cura:
2745 4716 2951 4776 partem
2979 4717 3086 4758 non
3111 4700 3378 4768 absolvit,
3410 4706 3471 4752 ut
3497 4711 3565 4751 ex
3596 4693 3769 4762 ipsius

2191 4800 2397 4870 aliquot
2434 4798 2654 4869 scriptis
2693 4803 2937 4867 apparet.
2980 4792 3260 4863 Siquidem
3298 4791 3404 4845 hoc
3442 4785 3768 4842 moliebatur

2188 4889 2299 4959 jam
2331 4897 2574 4943 extrema
2610 4874 2858 4951 senecta,
2900 4883 3073 4939 veluti
3098 4881 3428 4952 praesagiens
3458 4890 3765 4932 extremum

2192 4981 2475 5035 imminere
2504 4979 2671 5043 diem,
2704 4986 2966 5046 tantoque
2988 4975 3287 5032 studiosius
3317 4984 3514 5042 agens,
3547 4977 3606 5022 ut
3631 4981 3765 5035 quo-

2191 5074 2333 5127 niam
2372 5072 2520 5127 vocis
2569 5070 2754 5126 ofﬁcio
2798 5070 3002 5123 diutius
3048 5066 3309 5123 Ecclesiae
3347 5063 3609 5133 prodesse
3657 5074 3763 5113 non

2190 5172 2423 5233 poterat,
2454 5162 2507 5217 in
2528 5161 2682 5217 libris
2706 5160 2784 5215 illi
2810 5167 3148 5230 superesset,
3172 5165 3439 5227 quatenus
3468 5151 3765 5216 licebat,et

2187 5253 2508 5309 emendatus
2534 5261 2589 5308 et
2616 5252 2848 5321 integer,
2878 5251 3021 5321 quod
3060 5246 3450 5318 propemodum
3477 5250 3765 5297 assecutus

2188 5355 2292 5403 est.
2327 5346 2425 5401 Vix
2455 5346 2597 5402 enim
2624 5360 2692 5400 ex
2711 5344 2934 5398 alterius
2970 5340 3340 5396 monumentis
3373 5336 3554 5390 minus
3594 5334 3764 5388 inter-

2186 5438 2338 5501 cidit,
2362 5453 2391 5492 a
2420 5436 2868 5507 depravatoribus
2900 5433 3029 5488 nihil
3054 5432 3294 5486 omnium
3312 5428 3484 5498 p0tuit
3505 5438 3764 5494 umquam

2186 5544 2307 5585 esse
2332 5538 2529 5585 tutum.
2575 5528 2829 5583 Nostram
2869 5538 3091 5593 operam
3133 5522 3223 5576 hic
3270 5534 3377 5575 non
3407 5513 3763 5586 exaggerabi-

2188 5636 2345 5684 mus;
2377 5620 2623 5678 conferat
2660 5620 2746 5673 cui
2778 5624 2955 5681 vacat,
2994 5624 3051 5670 et
3091 5618 3369 5684 agnoscet.
3424 5606 3537 5663 Nec
3581 5616 3762 5659 tamen

2188 5711 2359 5766 ausim
2392 5711 2656 5778 polliceri,
2685 5710 2818 5766 nihil
2855 5708 3125 5766 resedisse
3148 5752 3161 5776 ,
3196 5702 3337 5775 quod
3380 5707 3535 5771 egeat
3571 5710 3761 5753 emen-
