4010 6350
213 368 272 426 61
1104 356 1381 415 NOTITIA
1420 355 1841 414 LITTERAllIA
1880 356 1943 411 IN
1983 357 2041 411 S.
2082 358 2547 415 AUCUSTINUM.
3382 362 3451 418 6:3

213 481 415 535 datare.
441 471 658 527 Alicubi
690 483 788 525 nos
815 468 1173 524 dcstitucrant
1196 469 1390 523 vetusti
1420 468 1657 533 codices,
1680 466 1782 520 ali—
1808 472 1855 526 Α
1958 464 2117 520 Tomo
2147 465 2268 522 ΙΙΙ.
2289 496 2360 509 -—
2382 469 2459 524 De
2486 469 2727 524 doctrina
2757 468 3057 525 Christiana
3089 470 3179 525 lib.
3213 471 3309 538 IV;
3338 473 3442 529 Lo-

212 566 419 638 quaudo
442 566 496 618 in
522 577 689 632 opere
712 569 819 615 tam
838 560 1053 630 prolixo
1074 575 1297 616 somnus
1324 559 1588 628 obrepsit.
1616 570 1775 627 quem

212 660 429 715 Flaccus
460 664 615 724 putat
654 665 777 707 esse
804 650 1221 707 condonandum
1258 652 1506 705 humanae.
1549 658 1775 703 naturzc.

209 750 320 805 Jam
362 746 410 802 si
436 759 723 814 operarum
758 743 962 797 incuria
1008 742 1363 797 commissum
1394 750 1516 807 est,
1554 756 1581 793 a
1619 738 1778 793 nobis

208 837 451 911 praestari
482 851 588 891 non
618 836 811 904 potuit,
842 820 938 903 qui
968 848 1088 887 cum
1114 832 1330 887 ofﬁcina
1356 832 1490 887 nihil
1518 831 1779 886 habemus

206 928 536 985 commercii.
562 928 797 981 Tanlum
835 926 960 979 illos
997 925 1296 979 admonere
1335 937 1656 993 possumus,
1686 921 1779 990 qui

205 1028 445 1090 praesunt
478 1018 711 1073 ofﬁcinae
741 1034 757 1072 :
789 1015 928 1086 quod
961 1014 1186 1085 quidem
1218 1029 1246 1067 a
1275 1013 1432 1069 nobis
1455 1014 1658 1068 factum
1696 1020 1781 1067 est

204 1112 410 1168 sedulo.
440 1108 716 1180 Quidquid
764 1119 949 1163 nostra
990 1107 1340 1163 mediocritas
1378 1107 1591 1176 potuit,
1637 1106 1778 1161 bona

205 1202 304 1257 ﬁde
327 1200 611 1271 praestitit.
658 1219 677 1254 ι

270 1293 453 1348 Habes
479 1292 569 1346 hic
594 1290 775 1346 omnia
796 1335 810 1359 ,
841 1290 1034 1360 quibus
1064 1304 1198 1345 nova
1226 1290 1390 1346 editio
1418 1305 1478 1344 se
1506 1303 1779 1345 commen-

204 1384 307 1439 dct.
350 1382 464 1437 Nec
504 1395 959 1451 supervacaneum
983 1421 999 1446 ,
1044 1381 1210 1435 immo
1238 1380 1598 1435 necessarium
1624 1378 1779 1446 plane

206 1473 537 1537 existimem,
568 1472 801 1527 indicem
831 1472 1198 1540 singulorum,
1227 1485 1349 1541 qua:
1378 1472 1431 1525 in
1461 1483 1780 1540 unoquoque

205 1575 348 1619 tomo
367 1564 737 1629 continentur,
753 1578 976 1633 operum
998 1563 1344 1634 subjungere.
1363 1562 1614 1628 Quamvis
1635 1561 1779 1617 enim

208 1655 273 1708 ab
302 1654 459 1708 initio
489 1655 841 1709 constitutum
875 1662 1013 1719 erat,
1042 1652 1094 1707 in
1119 1652 1414 1707 editionum
1439 1666 1663 1708 recensu
1684 1666 1779 1705 or-

206 1744 392 1799 dinem
422 1744 746 1799 continuum
777 1742 1037 1798 librorum
1070 1757 1176 1797 non
1203 1742 1496 1813 attingere,
1529 1751 1585 1797 et
1624 1741 1779 1796 facile

1879 558 2151 611 cutionum
2177 558 2404 625 lib.VI|;
2428 560 2505 614 De
2530 560 2633 615 fide
2658 571 2711 616 et
2732 562 2977 631 symbolo
3002 561 3095 617 lib.
3119 562 3175 627 1;
3203 563 3447 619 Enchiri—

1881 648 2007 703 dion
2035 651 2102 705 de
2133 649 2258 717 ﬁde,
2294 665 2389 720 spe
2416 660 2471 706 et
2499 652 2760 707 charitate
2788 652 2853 706 ad
2882 652 3227 708 Laurentium
3254 653 3350 708 lib.
3382 654 3440 720 I;

1878 740 1957 796 De
1978 742 2353 797 ecclesiasticis
2378 741 2713 810 dogmatibus
2743 741 2836 796 lib.
2867 742 2889 797 Ι
2914 784 2928 807 ,
2957 759 3072 796 cum
3097 759 3343 807 censura;
3371 742 3449 797 De

1880 832 1986 888 fide
2022 833 2087 886 ad
2119 833 2333 887 Petrum
2372 833 2653 888 diaconum
2696 833 2790 887 lib.
2831 833 2883 902 Ι,
2929 848 3045 887 cum
3073 848 3327 898 censura;
3372 832 3448 886 De

1881 922 2143 977 Trinitate
2168 922 2261 976 lib.
2288 921 2416 985 XV;
2444 922 2520 976 De
2547 922 2742 977 Genesi
2765 922 2829 976 ad
2853 921 3084 976 litteram
3105 920 3448 990 imperfectus

1881 1012 1977 1068 lib.
2010 1012 2066 1078 I;
2095 1013 2171 1068 De
2198 1011 2392 1068 Genesi
2424 1012 2490 1067 ad
2524 1013 2753 1066 litteram
2783 1012 2878 1066 lib.
2910 1011 3039 1078 Xll;
3084 1014 3158 1068 De
3187 1010 3445 1064 mirabili-

1879 1104 1979 1158 bus
2003 1117 2172 1159 sacrze
2197 1103 2493 1172 Scripturce
2514 1102 2611 1157 lib.
2638 1101 2725 1166 III,
2759 1118 2874 1154 cum
2894 1116 3145 1167 censura;
3177 1101 3251 1155 De
3276 1113 3446 1169 agone

1878 1194 2190 1250 Christiano
2220 1194 2314 1249 lib.
2347 1194 2402 1259 I;
2436 1194 2510 1249 De
2538 1207 2707 1263 opere
2736 1191 3124 1247 monachorum
3152 1192 3252 1245 lib.
3283 1190 3338 1255 l;
3371 1189 3444 1244 De

1880 1287 2074 1357 spiritu
2095 1295 2149 1342 et
2172 1286 2350 1342 littera
2378 1286 2445 1340 ad
2470 1283 2836 1340 Marcellinum
2866 1283 2960 1338 lib.
2983 1282 3036 1349 I;
3064 1281 3141 1338 De
3159 1281 3445 1337 divinatio-

1881 1398 1951 1438 ne
1970 1382 2277 1438 daemonum
2305 1382 2403 1436 lib.
2436 1381 2491 1447 l;
2520 1381 2597 1436 De
2625 1379 2815 1450 Spiritu
2843 1390 2896 1436 et
2925 1380 3104 1434 anima
3127 1379 3219 1433 lib.
3250 1378 3304 1443 l,
3328 1394 3444 1431 cum

1879 1492 2125 1536 censura;
2165 1473 2451 1545 Speculum
2484 1472 2583 1529 lib.
2609 1473 2660 1536 I,
2699 1488 2816 1526 cum
2854 1486 3101 1537 censura;
3139 1468 3442 1537 Quaestiun-

1881 1566 2016 1620 culas
2034 1565 2101 1620 de
2121 1564 2419 1629 Trinitate;
2448 1564 2525 1619 De
2544 1560 3006 1618 benedictionibus
3026 1560 3191 1615 Jacob
3215 1559 3446 1628 patriar—

1880 1659 1996 1714 cha:
2015 1697 2030 1725 ,
2062 1674 2177 1711 cum
2200 1673 2446 1721 censura;
2477 1654 2777 1712 Sententia:
2806 1668 2873 1710 ex
2904 1652 3188 1723 Augustini
3225 1658 3282 1707 et
3307 1649 3445 1705 alio-

1879 1765 1999 1805 rum
2031 1748 2186 1803 libris
2215 1747 2504 1816 decerptus.

206 1847 298 1888 nos
341 1832 613 1903 ejusmodi
654 1831 829 1886 indice
860 1831 1129 1885 carituros
1168 1845 1290 1886 esse
1328 1831 1463 1884 mihi
1495 1843 1772 1900 persuase-
1804 1824 1852 1885 B
1949 1840 2111 1894 Τοηιο
2134 1837 2238 1892 ιν,
2272 1865 2344 1878 ...-
2378 1838 2454 1892 De
2491 1834 2774 1891 mendacio
2812 1833 2881 1889 ad
2919 1832 3272 1888 Consentium
3312 1830 3448 1885 liber

204 1940 337 1989 ram,
370 1925 614 1979 maxime
643 1938 764 1979 cum
787 1938 946 1992 supra
971 1923 1023 1977 in
1046 1938 1272 1978 recensu
1293 1924 1532 1978 omnium
1556 1922 1779 1991 diligen-

204 2028 281 2073 ter
303 2026 556 2072 notatum
578 2017 671 2081 sit,
686 2015 773 2070 ubi
798 2013 1024 2085 quodvis
1047 2022 1153 2069 tam
1178 2014 1231 2068 in
1249 2012 1599 2077 Erasmianis,
1619 2027 1777 2081 quant

202 2106 633 2161 Lovaniensibus
658 2114 711 2160 et
732 2105 1080 2160 Beuedictina
1111 2104 1439 2173 reperiatur;
1466 2103 1579 2173 ipsa
1602 2113 1778 2157 tamen

205 2215 260 2253 re
287 2198 475 2253 edocti
501 2212 719 2264 sumus,
752 2208 957 2253 certam
987 2197 1057 2252 de
1084 2211 1333 2252 successu
1357 2196 1567 2251 collatae
1597 2195 1649 2251 in
1679 2211 1779 2250 au-

202 2302 412 2345 ctorem
444 2304 628 2359 operae
661 2289 909 2343 n0titiam
942 2287 1217 2342 informari
1248 2302 1354 2341 non
1382 2302 1563 2356 posse,
1598 2286 1697 2340 nisi
1724 2285 1778 2340 in

202 2379 510 2447 potioribus
540 2380 869 2434 editionibus
899 2378 1159 2433 librorum
1192 2392 1475 2431 numerum
1506 2384 1562 2432 et
1582 2377 1777 2431 seriem

203 2471 403 2525 intueri
434 2470 617 2524 liceat.
650 2470 823 2538 llujus
849 2470 1014 2539 igitur
1042 2468 1373 2521 Erasmianze
1395 2468 1528 2521 ordo
1551 2467 1641 2521 hic
1661 2475 1745 2522 est
1766 2482 1779 2521 :

203 2563 253 2614 in
284 2571 428 2615 tomo
461 2560 478 2613 l
512 2560 692 2613 insunt
734 2576 749 2613 :
782 2558 1255 2612 Retractationum
1287 2557 1384 2611 lib.
1414 2555 1479 2623 ll,
1517 2572 1633 2610 cum
1662 2573 1780 2609 cen-

202 2670 356 2719 sura;
407 2651 823 2706 Confessionum
868 2650 994 2704 libri
1038 2648 1191 2718 XIII,
1239 2664 1356 2702 cum
1398 2663 1655 2715 censura;
1699 2648 1779 2706 De

203 2742 565 2797 Grammatica
594 2741 733 2795 liber
762 2756 929 2806 unus;
958 2738 1227 2808 Principia
1254 2737 1554 2795 dialecticae
1576 2757 1591 2807 ;
1616 2740 1776 2796 Cate-

204 2834 366 2901 goriae
393 2832 620 2897 decem;
663 2829 932 2899 Principia
965 2830 1295 2888 rhetorices:
1340 2826 1417 2885 De
1446 2831 1651 2885 musica
1679 2829 1775 2885 lib.

208 2924 304 2989 Vl;
333 2923 543 2978 Contra
570 2922 923 2978 Academicos
962 2921 1059 2978 lib.
1090 2920 1196 2987 IlI;
1242 2921 1317 2976 De
1345 2921 1536 2977 ordine
1576 2921 1672 2975 lib.
1702 2920 1775 2988 Il;

208 3016 279 3070 De
307 3014 426 3069 vita
453 3014 650 3080 beata;
690 3015 1108 3084 Soliloquiorum
1140 3014 1237 3069 lib.
1264 3013 1339 3080 II;
1381 3013 1457 3069 De
1485 3016 1777 3083 magistro;

209 3105 281 3160 De
309 3106 717 3160 immortalitate
747 3107 976 3171 animae;
1008 3105 1083 3160 De
1104 3104 1279 3159 libero
1303 3105 1525 3161 arbitrio
1554 3106 1647 3161 lib.
1673 3105 1776 3173 IlI;

1878 1945 2052 1998 unus;
2083 1932 2285 1987 Contra
2316 1928 2654 1985 mendacium
2684 1926 2751 1982 ad
2772 1926 3018 1983 eumdem
3039 1925 3134 1980 lib.
3156 1924 3211 1989 l;
3242 1923 3317 1978 De
3340 1921 3447 1977 ﬁde

1876 2034 1927 2081 et
1957 2023 2213 2093 operibus
2243 2022 2339 2076 lib.
2366 2020 2417 2087 l;
2446 2020 2815 2087 Quaestionum
2846 2018 2900 2072 in
2921 2017 3089 2072 Vetus
3115 2016 3447 2069 Instrumen-

1878 2122 1991 2169 tum
2018 2114 2109 2169 lib.
2143 2113 2275 2178 VII;
2319 2112 2688 2179 Quaestionum
2731 2108 3181 2179 Evangelicarum
3226 2104 3320 2159 lib.
3365 2102 3445 2166 II;

1877 2204 2247 2271 Quaesﬁonum
2293 2202 2732 2271 Evangeliearum
2782 2197 3080 2253 secundum
3130 2192 3441 2250 Matthaeum

1877 2292 1972 2347 lib.
2004 2291 2058 2357 Ι,
2099 2307 2216 2345 cum
2254 2306 2507 2354 censura;
2554 2289 2632 2345 De
2675 2302 2941 2343 consensu
2988 2284 3444 2354 Evangelistarum

1877 2381 1971 2437 lib.
1992 2381 2087 2446 IV;
2115 2381 2409 2451 Octoginta
2433 2382 2596 2435 trium
2624 2380 2985 2449 quaestionum
3008 2376 3163 2443 Iib.l,
3188 2391 3305 2429 cum
3332 2390 3447 2428 cen-

1875 2489 2034 2540 sura;
2056 2472 2255 2542 Viginti
2278 2473 2437 2527 unius
2455 2471 2849 2531 sententiarum
2872 2470 2966 2525 lib.
2986 2468 3009 2524 l
3028 2509 3044 2536 ,
3067 2484 3183 2521 cum
3203 2482 3448 2529 censura;

1878 2564 1957 2619 De
1993 2563 2223 2619 diversis
2258 2564 2645 2634 quaestionibus
2683 2563 2750 2617 ad
2789 2561 3201 2630 Simplicianum
3240 2559 3332 2614 lib.
3371 2557 3447 2623 Il;

1878 2655 1957 2711 De
1993 2663 2118 2710 octo
2157 2655 2370 2711 Dulcitii
2409 2654 2802 2725 quaestionibus
2848 2654 2941 2708 lib.
2982 2653 3040 2719 l;
3079 2653 3446 2718 Quaestionum

1877 2744 2019 2802 LXV
2042 2746 2315 2816 dialogus,
2346 2762 2463 2800 cum
2489 2760 2740 2812 censura;
2766 2744 3134 2811 Quaestionum
3163 2745 3363 2799 veteris
3394 2752 3450 2798 et

1880 2839 2003 2892 novi
2037 2837 2375 2893 Testamenti
2412 2837 2506 2891 lib.
2539 2836 2592 2901 I,
2621 2852 2742 2889 cum
2780 2852 3029 2901 censura;
3066 2835 3146 2891 De
3182 2849 3311 2890 cura
3352 2848 3449 2903 pro

1879 2928 2105 2983 mortuis
2131 2926 2367 2998 gerenda
2392 2926 2458 2980 ad
2484 2926 2765 2991 Paulinum
2792 2925 2889 2981 lib.
2916 2925 2967 2987 I;
3010 2925 3085 2979 De
3109 2922 3448 2978 catechizan-

1878 3020 1963 3077 dis
1988 3020 2212 3075 rudibus
2234 3018 2327 3073 lib.
2354 3019 2405 3084 l;
2432 3017 2510 3074 De
2540 3017 2908 3073 incarnatione
2927 3016 3092 3071 Verbi
3120 3016 3213 3070 lib.
3238 3013 3302 3079 II,
3333 3030 3449 3067 cum

1880 3128 2128 3178 censura;
2154 3111 2234 3167 De
2260 3111 2500 3167 trinitate
2527 3118 2581 3165 et
2608 3110 2820 3165 unitate
2850 3108 2947 3163 Dei
2974 3108 3068 3163 lib.
3099 3109 3150 3172 I,
3179 3124 3295 3161 cum
3325 3122 3449 3160 cen-

212 3195 282 3248 De
306 3209 437 3249 vera
468 3194 767 3263 religione;
809 3194 881 3248 Dc
912 3194 1152 3249 moribus
1184 3194 1439 3249 Ecclesia:
1471 3195 1772 3262 catholiczn,
1804 3171 1849 3235 (ἶ
1880 3219 2042 3269 sum;
2072 3202 2148 3257 De
2177 3201 2410 3256 essentia
2440 3199 2734 3255 divinitatis
2760 3199 2851 3253 lib.
2883 3198 2924 3259 Ι,
2953 3214 3070 3251 cum
3098 3210 3348 3258 censura;
3375 3196 3450 3251 De

214 3295 261 3338 ct
292 3283 360 3339 de
399 3285 640 3340 moribus
683 3284 1102 3339 Manichaeorum
1146 3284 1240 3342 lib.
1270 3285 1311 3339 Il
1332 3327 1346 3351 ,
1375 3301 1491 3339 cum
1521 3302 1772 3353 censura;

218 3376 282 3429 De
308 3374 508 3430 Genesi
554 3386 738 3430 contra
776 3375 1100 3431 Manichazos
1130 3372 1230 3431 lib.
1270 3374 1315 3430 II
1337 3419 1352 3444 ,
1384 3392 1493 3429 cum
1524 3393 1775 3444 censura;

218 3464 423 3536 Regulae
454 3465 773 3534 Augustini,
802 3482 913 3520 cum
942 3482 1192 3534 censura;
1222 3466 1537 3523 Posidonius
1574 3468 1640 3524 de
1671 3469 1777 3523 vita

215 3559 513 3627 Augustini.

276 3649 340 3704 In
367 3664 509 3703 tonio
536 3649 619 3707 II.
646 3680 718 3691 —
745 3650 1101 3721 Epistolarum
1143 3649 1377 3721 farrago.
1415 3680 1488 3692 ——
1526 3650 1775 3720 Epistolas

216 3753 333 3797 sunt
356 3741 619 3810 CCXLII,
651 3743 893 3799 ducentae
928 3742 1277 3813 quadraginta
1307 3744 1447 3811 dum,
1481 3745 1619 3799 inter
1641 3759 1775 3814 quas

216 3843 264 3887 et
288 3834 486 3903 spuria:
515 3835 758 3904 quaedam
789 3835 855 3890 ab
886 3834 1112 3889 Erasmo
1139 3835 1298 3890 obelo
1330 3836 1597 3889 transﬁxa:
1625 3879 1638 3904 ,
1672 3850 1775 3891 nec

214 3936 384 3980 tamen
426 3939 652 3995 prorsus
688 3925 808 3981 loco
845 3936 1027 3981 moue.
1075 3926 1353 3981 Pertiuent
1390 3926 1496 3981 huc
1532 3927 1774 3996 epistolae

215 4018 367 4087 vulgo
403 4017 694 4086 Augustini
738 4017 898 4073 dictas
941 4017 1009 4072 ad
1045 4017 1381 4072 Bonifacium
1419 4026 1473 4073 ct
1509 4017 1668 4089 hujus
1708 4019 1775 4074 ad

212 4106 600 4177 Augustinum,
647 4122 678 4162 e
718 4107 912 4178 quibus
961 4107 1172 4163 nonnisi
1220 4123 1382 4163 unam
1433 4108 1778 4165 vehementer

212 4197 470 4263 prolixam
498 4208 556 4252 et
579 4196 864 4268 insigniter
888 4199 1234 4265 illitteratam,
1259 4210 1317 4253 ut
1338 4200 1454 4269 ipse
1475 4200 1667 4270 inquit,
1690 4216 1777 4257 re-

214 4302 428 4342 movere
455 4288 749 4353 sustinuit,
774 4297 1143 4359 prmtereaque
1169 4291 1464 4345 coronidem
1496 4297 1587 4345 sub
1617 4293 1775 4348 titulis

213 4375 420 4445 Cyr-illi,
471 4377 638 4432 subito
677 4376 860 4432 Latine
896 4377 1150 4449 loquentis
1199 4390 1245 4434 et
1282 4380 1557 4452 Augustini
1594 4380 1775 4438 Graeco

210 4466 334 4521 male
361 4466 550 4521 Latine
582 4468 851 4522 scribentis
881 4468 1315 4540 impudentissime
1340 4473 1610 4540 conﬁctam
1637 4489 1775 4528 rese-

1881 3296 1990 3352 ﬁde
2020 3310 2196 3351 rerum
2227 3294 2575 3349 invisibilium
2605 3292 2699 3346 lib.
2728 3290 2773 3357 I,
2804 3308 2917 3345 cum
2945 3306 3194 3355 censura;
3225 3289 3297 3342 De
3324 3288 3450 3343 sub~

1877 3390 2084 3444 Stantia
2110 3387 2414 3443 dilectionis
2436 3385 2529 3439 lib.
2548 3386 2591 3449 l,
2614 3401 2727 3439 cum
2753 3397 3000 3448 censura;
3023 3382 3099 3436 De
3122 3378 3449 3436 continentia

1878 3482 1977 3537 lib.
2010 3481 2053 3547 I,
2082 3496 2200 3533 cum
2227 3493 2475 3541 censura;
2498 3476 2573 3531 De
2602 3474 2856 3544 patientia
2876 3473 2971 3529 lib.
3001 3472 3042 3539 I,
3065 3488 3182 3525 cum
3202 3486 3447 3537 censura;

1881 3572 1955 3627 De
1977 3573 2122 3627 bono
2146 3569 2423 3624 viduitatis
2446 3568 2541 3625 lib.
2567 3567 2617 3632 l,
2642 3583 2759 3620 cum
2793 3581 3011 3620 censura
3038 3563 3207 3633 (Huic
3240 3574 3450 3631 quoque

1880 3674 2025 3721 torno
2054 3665 2261 3720 inserta
2298 3671 2380 3717 est
2408 3659 2635 3715 Censura
2660 3659 2779 3714 libri
2819 3659 2882 3713 de
2910 3656 3274 3727 singularitate
3301 3653 3450 3707 cleri-

1878 3773 2076 3822 corum,
2107 3755 2197 3825 qui
2222 3755 2339 3824 ipse
2369 3763 2548 3807 tamen
2581 3759 2852 3820 tamquam
2881 3748 3089 3803 alienus
3115 3746 3258 3801 fetus
3287 3753 3342 3799 et
3366 3744 3449 3797 in-

1879 3856 1958 3903 ter
1981 3847 2209 3902 aliorum
2231 3846 2391 3899 etiam
2414 3843 2632 3896 Patrum
2660 3854 2823 3910 opera
2854 3839 3041 3894 iterata
3065 3838 3184 3892 vice
3210 3836 3444 3903 vulgata,

1876 3937 2110 3993 omissus
2160 3933 2306 4004 est);
2340 3933 2417 3988 De
2462 3946 2590 3987 vera
2626 3940 2681 3984 et
2720 3929 2854 3983 falsa
2897 3928 3209 3998 poenitentia
3256 3926 3356 3979 lib.
3389 3924 3444 3991 l,

1878 4044 1996 4082 cum
2026 4041 2279 4091 censura;
2305 4024 2385 4078 De
2414 4021 2739 4078 salutaribus
2767 4019 3099 4074 documentis
3130 4017 3223 4072 lib.
3250 4016 3303 4085 Ι,
3331 4032 3446 4069 cum

1876 4132 2130 4183 censura;
2160 4115 2237 4170 De
2260 4112 2493 4169 amicitia
2523 4112 2619 4166 lib.
2648 4110 2691 4177 I,
2723 4126 2839 4164 cum
2866 4124 3111 4174 censura;
3140 4107 3217 4162 De
3238 4103 3448 4161 sermo-

1878 4225 1947 4265 ne
1978 4207 2188 4264 Domini
2211 4208 2264 4261 in
2305 4213 2489 4261 monte
2518 4204 2617 4259 lib.
2655 4202 2731 4269 II;
2778 4200 3145 4272 Expositionis
3190 4198 3447 4269 Epistola:

1876 4299 2026 4355 Pauli
2064 4298 2132 4353 ad
2162 4297 2434 4353 Romanos
2466 4294 2564 4350 lib.
2590 4294 2639 4359 I;
2688 4291 3056 4363 Expositionis
3094 4291 3447 4361 quarumdam

1876 4389 2306 4461 propositionum
2325 4403 2392 4443 ex
2419 4386 2663 4457 Epistola
2689 4385 2755 4441 ad
2777 4385 3051 4441 Romanos
3079 4383 3176 4461 lib.
3202 4382 3448 4452 i;Expo-

1879 4480 2092 4535 sitionis
2122 4478 2374 4550 Epistolae
2404 4476 2553 4532 Pauli
2584 4475 2653 4531 ad
2685 4474 2902 4532 Galatas
2927 4474 3024 4530 lib.
3052 4464 3109 4541 l;
3129 4472 3447 4529 Annotatio—

209 4556 326 4609 cuit.
355 4559 535 4625 Atque
562 4556 644 4611 his
665 4559 926 4627 epistolis,
951 4533 1065 4613 tam
1089 4560 1334 4629 singulis,
1359 4533 1449 4616 ubi
1470 4563 1685 4633 quidem
1708 4579 1771 4619 ex
1801 4533 1850 4593 D
2110 4533 2231 4627 .lo‘b.
2263 4568 2358 4627 ιιι),
2386 4568 2439 4634 1;

209 4660 261 4699 re
286 4646 596 4713 videbatur,
626 4662 871 4702 censurae
895 4647 1099 4720 aliquid
1131 4651 1358 4718 addidit,
1377 4667 1534 4721 quam
1558 4654 1777 4708 univer-

209 4735 277 4789 sis
302 4736 473 4790 etiam
506 4736 762 4804 praefatus
790 4746 871 4792 est
896 4739 946 4793 in
977 4740 1189 4810 epistola
1220 4742 1287 4794 ad
1307 4742 1541 4810 lectores,
1572 4744 1772 4813 scripta

209 4824 422 4880 Basilea:
453 4826 510 4879 li!
519 4826 665 4880 DXX
683 4827 753 4881 VI
765 4825 816 4895 Ι,
846 4829 1047 4908 docens
1079 4832 1268 4900 partim
1288 4872 1302 4898 ,
1332 4833 1477 4900 quod.
1503 4835 1569 4887 ad
1599 4843 1776 4889 exter-

211 4931 328 4970 num
357 4931 547 4972 earum
579 4918 817 4974 habitum
846 4929 1078 4990 spectet,
1102 4937 1216 4991 eas,
1253 4925 1413 4992 sicut,
1455 4936 1509 4981 et
1551 4928 1775 4997 popula-

208 5023 290 5064 res
316 5010 595 5065 orationes
625 5010 934 5083 (homilias)
960 5053 976 5079 ,
1016 5028 1305 5083 numquam
1346 5031 1446 5072 nec
1491 5018 1545 5073 in
1574 5019 1769 5075 Retra-

208 5098 503 5152 ctationum
532 5098 709 5168 libris,
747 5115 848 5156 nec
881 5112 1093 5170 postea,
1118 5104 1293 5173 aliqua
1322 5106 1407 5161 vel
1442 5117 1769 5179 temporum,

208 5189 285 5243 vel
317 5202 703 5259 personarum,
731 5192 814 5246 vel
860 5193 1201 5249 materiarum
1248 5196 1458 5253 ratione
1498 5199 1666 5256 fuisse
1691 5202 1772 5257 di-

206 5291 414 5348 gestas,
449 5280 683 5351 indeque
709 5282 923 5342 facilius
952 5293 1137 5355 postea
1166 5286 1432 5344 admixtas
1463 5305 1616 5360 esse,
1651 5309 1771 5363 quae

207 5371 332 5426 nihil
349 5374 653 5443 Augustino
673 5373 889 5445 dignum
908 5376 1189 5446 haberent,
1202 5379 1288 5435 vel
1308 5380 1566 5436 conﬁctas
1585 5383 1769 5451 etiam,

207 5478 299 5518 uec
325 5479 462 5520 vero
493 5465 665 5521 libros
697 5476 752 5522 et
780 5469 1038 5536 epistolas
1068 5483 1282 5541 semper
1312 5473 1539 5528 invicem
1567 5474 1774 5531 discre-

208 5564 285 5609 tos
305 5571 451 5621 esse,
475 5557 605 5611 dum
628 5558 755 5613 alibi
777 5559 972 5615 librum
993 5562 1226 5631 appellat
1246 5564 1595 5634 Augustinus,
1612 5582 1770 5637 quem

207 5645 305 5698 alio
336 5647 459 5701 loco
485 5661 585 5716 pro
610 5649 833 5717 epistola
862 5651 1133 5719 venditat;
1164 5655 1357 5723 partim
1384 5665 1561 5712 autem
1600 5656 1768 5729 ipsam

207 5752 388 5793 eorum
418 5739 656 5797 indolem
688 5749 741 5798 et
768 5742 881 5798 vim
909 5743 1133 5803 miriﬁce
1158 5746 1462 5805 declarans.

1944 4662 2107 4717 Tomo
2145 4661 2209 4716 V.
2241 4690 2312 4703 -
2340 4662 2417 4717 De
2442 4660 2661 4717 civitate
2684 4658 2781 4715 Dei
2807 4657 2933 4713 libri
2956 4654 3126 4723 XXII,
3157 4670 3279 4712 cum
3298 4670 3445 4712 eom~

1875 4752 2153 4807 mentariis
2180 4750 2440 4805 Ludovici
2474 4750 2644 4805 Vivis.

1944 4841 2107 4897 Tomo
2136 4840 2228 4895 VI.
2243 4871 2314 4882 —-
2334 4841 2409 4896 De
2432 4840 2727 4896 haeresibus
2745 4839 2811 4895 ad
2831 4835 3260 4906 Quodvultdeum
3282 4835 3375 4891 lib.
3396 4836 3444 4901 l;

1876 4932 1953 4987 De
1989 4930 2225 5001 quinque
2263 4929 2561 4985 haeresibus
2600 4930 2797 4995 oratio,
2827 4944 2943 4982 cum
2968 4942 3216 4992 censura;
3243 4925 3445 4980 Conciu

1873 5023 1939 5077 ad
1960 5022 2377 5077 catechumenos
2398 5029 2586 5076 contra
2608 5020 2842 5086 Judaeos,
2864 5019 3104 5088 Paganos
3123 5026 3178 5073 et
3191 5016 3445 5082 Arianos,

1873 5130 1986 5169 cum
2004 5128 2251 5177 censura;
2271 5113 2454 5168 Oratio
2466 5112 2729 5168 adversus
2746 5111 2982 5175 Judzeos;
3000 5108 3076 5164 De
3088 5108 3446 5164 altercatione

1876 5204 2129 5260 Ecclesia:
2144 5213 2199 5259 et
2216 5204 2516 5274 Synagogae
2538 5203 2801 5273 dialogus,
2817 5218 2932 5255 cum
2947 5217 3185 5267 censura;
3202 5202 3278 5257 De
3295 5200 3443 5255 utili-

1872 5306 1982 5353 tate
2010 5297 2264 5353 credendi
2292 5297 2358 5351 ad
2384 5297 2714 5352 Honoratum
2738 5296 2831 5349 lib.
2859 5293 2908 5360 I;
2936 5293 3135 5349 Contra
3163 5292 3461 5373 epistolam.

1828 5393 1851 5399 “
1873 5386 2179 5453 Manichaei,
2207 5402 2367 5456 quam
2400 5395 2594 5441 vocant
2624 5384 2977 5440 Fundamenti
3004 5383 3096 5438 lib.
3128 5381 3184 5447 I;
3213 5383 3289 5439 De
3314 5382 3443 5437 dua-

1873 5479 1973 5534 bus
2000 5478 2277 5535 animabus
2323 5488 2510 5536 contra
2540 5478 2860 5535 Manichazos
2890 5479 2982 5533 lib.
3008 5477 3058 5544 l;
3089 5476 3286 5532 Contra
3314 5476 3443 5531 For-

1873 5579 2114 5625 tunatum
2145 5571 2429 5640 quemdam
2459 5569 2875 5625 Manichaeorum
2902 5569 3303 5639 preshvterum,
3328 5583 3442 5620 cum

1873 5676 2117 5726 censura;
2146 5659 2341 5715 Contra
2372 5659 2736 5729 Adimantum,
2764 5652 3049 5715 Mauichml
3070 5655 3392 5728 discipulum
3424 5674 3440 5724 ;

1872 5754 2072 5810 Contra
2104 5754 2352 5810 Faustum
2401 5754 2747 5811 Manichmum
2788 5748 2879 5809 lib.
2910 5744 3163 5815 XXXIII;
3203 5752 3277 5807 De
3307 5750 3441 5807 actis
