4010 6350
566 364 644 432 -δδ
1468 357 2015 418 suevceusmuu
2057 357 2145 413 AD
2184 357 2410 415 OPERA
2447 358 2504 414 s.
2544 356 2929 418 AUGUSTINI.
3737 376 3804 431 ss

575 500 696 541 cum
744 481 919 537 Felice
956 475 1245 534 Manichteo
1275 474 1368 528 lib.
1420 474 1485 535 ll,
1527 489 1641 526 cum
1670 488 1914 535 censura;
1939 469 2137 526 Contra
2164 473 2215 529 Α
2242 468 2385 523 bono
2407 468 2707 539 disciplina:
2753 486 2967 536 sermo;
3020 471 3093 525 De
3118 472 3425 532 vlsitatione
3467 475 3797 539 inﬁrmorum

577 572 936 633 Secundinum
960 566 1307 624 Manichaaum
1330 564 1423 617 lib.
1454 563 1474 617 l
1499 580 1514 628 ;
1546 563 1623 617 De
1653 568 1844 616 natura
1866 561 1992 614 boni
2013 574 2143 613 con-

577 678 669 729 tra,
698 662 1018 718 Manichasos
1067 658 1160 712 lib.
1206 657 1261 724 l;
1305 655 1384 710 De
1431 654 1536 709 ﬁde
1583 662 1771 708 contra
1822 650 2141 705 hlanicbmos

576 757 669 811 lib.
690 755 731 819 l;
764 754 964 808 Contra
987 748 1350 806 adversarium
1375 744 1531 814 Legis
1552 752 1606 800 et
1632 743 2017 811 Pr0phetarum
2042 740 2137 796 lib.

574 845 648 910 ll;
672 845 867 898 Contra
889 838 1318 900 Priscillianistas
1339 845 1393 891 et
1411 835 1739 905 Origenistas
1759 833 1853 887 lib.
1874 831 1893 885 l
1911 848 1925 897 ;
1942 830 2138 886 Contra

573 947 878 991 sermonem
916 931 1239 986 Arianorum
1283 927 1376 982 lib.
1408 925 1461 989 I;
1511 925 1705 980 Contra
1746 922 2088 977 Maximinum
2118 963 2135 990 ,

572 1027 891 1079 Arianorum
916 1022 1247 1090 episcopum,
1275 1018 1371 1073 lib.
1398 1015 1491 1081 lll,
1516 1032 1633 1069 cum
1663 1029 1877 1068 censura
1892 1027 1914 1077 ;
1939 1012 2135 1067 Contra

572 1115 903 1169 Felicianum
934 1112 1186 1165 Arianum
1219 1108 1286 1162 de
1316 1107 1521 1161 unitate
1558 1102 1859 1168 Trinitatis,
1885 1117 2001 1155 cum
2019 1117 2138 1154 cen-

570 1223 723 1274 sura;
752 1205 826 1259 De
850 1204 992 1258 bono
1013 1200 1284 1270 coniugali
1307 1209 1491 1255 contra
1521 1197 1888 1262 Iovinianum;
1918 1196 1994 1249 De
2015 1208 2135 1248 san-

568 1308 654 1351 cta
682 1295 1025 1366 virginitate;
1057 1294 1136 1349 De
1173 1292 1487 1347 adulterinis
1526 1289 1790 1360 conjugiis
1818 1288 1885 1343 ad
1919 1287 2134 1343 Pollen-

570 1389 700 1443 tium
728 1388 820 1443 lib.
846 1387 928 1452 ll;
969 1386 1254 1442 Tractatus
1278 1383 1345 1437 de
1376 1381 1652 1451 Epicureis
1679 1391 1733 1435 et
1770 1379 1988 1447 Stoicis,
2022 1393 2135 1432 cum

572 1494 785 1534 censura
809 1495 829 1544 ;
856 1478 1136 1531 Tractatus
1165 1474 1234 1530 de
1260 1488 1345 1538 eo,
1368 1472 1511 1542 quod
1535 1472 1734 1526 dictum
1764 1479 1848 1526 est
1869 1484 1899 1524 a
1928 1470 2039 1526 Deo
2069 1468 2135 1522 ad

569 1571 814 1640 Moysen,
841 1568 952 1637 Ego
982 1581 1118 1635 sum,
1148 1565 1238 1636 qui
1260 1580 1398 1629 sum,
1426 1564 1611 1619 incerti
1635 1563 1891 1618 auctoris.

637 1658 799 1711 Tomo
848 1656 978 1711 VII.
1013 1685 1083 1697 --
1110 1657 1313 1710 Contra
1343 1664 1550 1724 partem
1591 1652 1822 1715 Donati,
1855 1650 2132 1720 psalmus;

565 1751 763 1805 Contra
788 1749 947 1817 epist.
978 1746 1316 1802 Parmeniani
1344 1745 1437 1800 lib.
1459 1744 1557 1809 lll;
1586 1743 1784 1798 Contra
1806 1741 2017 1795 litteras
2036 1739 2135 1794 Pe-

2243 558 2340 612 lib.
2359 559 2403 613 ll
2426 560 2545 626 ;‘De
2565 564 2935 618 consolatione
2966 573 3295 620 mortuorum
3324 581 3603 626 sermones
3624 573 3693 638 ll;
3726 576 3803 631 De

2240 658 2429 717 quarta
2456 648 2609 715 feria,
2640 651 2754 706 sive
2800 654 3007 707 cultura
3028 654 3140 723 agri
3168 655 3443 727 dominici,
3473 674 3685 729 sermo;
3724 666 3802 721 De

2240 739 2562 809 cataclysmo
2578 755 2789 807 sermo;
2814 740 2891 796 De
2920 748 3159 811 tempore
3182 744 3469 804 Barbarico
3495 765 3700 817 sermo;
3728 756 3804 809 De

2242 828 2533 884 sobrietate
2564 837 2622 885 et
2648 830 2959 899 virginitate
2989 848 3201 900 sermo;
3235 835 3522 905 Speculum
3552 851 3802 909 peccato-

2240 919 2316 974 ris
2348 927 2639 986 tractatus;
2690 921 2765 975 De
2794 921 3021 977 utilitate
3047 925 3372 993 paenitentia;
3401 936 3686 998 tractatus;
3728 933 3805 988 De

2238 1009 2491 1065 conﬂictu
2518 1010 2771 1066 vitiorum
2798 1020 2853 1067 et
2875 1013 3126 1070 virtutum
3145 1015 3233 1072 lib.
3259 1016 3280 1071 Ι
3304 1033 3319 1083 ;
3350 1019 3426 1074 De
3445 1030 3673 1090 quatuor
3696 1026 3796 1078 vir-

2241 1102 2396 1157 tutib.
2428 1103 2705 1161 charitatis
2755 1113 3044 1173 tractatus;
3096 1107 3173 1163 De
3225 1108 3474 1167 laudibus
3526 1114 3806 1170 charitatis

2239 1202 2525 1261 tractatus;
2554 1197 2626 1250 De
2657 1197 2934 1253 honestate
2955 1200 3236 1255 mulierum
3265 1202 3358 1256 lib.
3382 1201 3437 1268 I;
3467 1203 3544 1259 De
3575 1209 3807 1275 pastori-

2237 1284 2339 1340 bus
2370 1285 2462 1341 lib.
2494 1285 2545 1352 l;
2572 1287 2644 1343 De
2666 1288 2855 1344 ovibus
2881 1289 3016 1345 liber
3038 1292 3151 1348 sive
3177 1294 3391 1348 homilia
3416 1312 3432 1362 ;
3458 1296 3531 1352 De
3557 1299 3805 1368 symbolo

2238 1373 2363 1428 Iidei
2404 1375 2469 1429 ad
2499 1376 2915 1434 catechumenos
2944 1380 3039 1435 lib.
3069 1382 3174 1451 lV;
3208 1383 3282 1438 De
3309 1387 3677 1441 convenientia
3702 1387 3802 1442 de-

2236 1477 2356 1520 cem
2380 1477 2767 1533 prmceptorum
2789 1476 2844 1522 et
2874 1468 3061 1523 decem
3089 1470 3365 1541 plagarum
3394 1472 3633 1545 Egypti,
3664 1476 3803 1532 liber

2238 1569 2405 1616 unus;
2442 1555 2515 1611 De
2542 1556 2864 1613 rectitudine
2911 1559 3189 1615 catholicae
3229 1564 3653 1620 conversationis
3682 1573 3801 1622 tra~

2236 1652 2448 1727 ctatus;
2481 1645 2556 1700 De
2585 1646 2816 1703 utilitate
2839 1646 3026 1717 jejunii
3049 1657 3342 1716 tractatus;
3372 1645 3448 1707 De
3480 1652 3631 1709 Urbis
3652 1657 3801 1711 exci-

2236 1734 2326 1787 dio
2355 1743 2649 1801 tractatus;
2678 1736 2753 1792 De
2778 1739 3052 1794 creatione
3072 1740 3229 1809 primi
3254 1740 3486 1797 hominis
3508 1750 3799 1810 tractatus;

568 1842 757 1907 tiliani,
785 1839 1053 1895 Cirtensis
1083 1838 1320 1907 episcopi
1349 1837 1640 1892 Donatista:
1673 1836 1765 1889 lib.
1795 1834 1896 1898 lll;
1938 1833 2130 1888 Contra

2240 1824 2315 1879 De
2343 1825 2536 1881 arbore
2551 1826 2791 1882 scientia:
2814 1828 2939 1883 boui
2972 1839 3024 1883 et
3052 1830 3174 1884 mali
3199 1840 3485 1899 tractatus;
3514 1834 3589 1888 De
3619 1849 3801 1903 pugna

563 1934 910 1988 Cresconium
941 1930 1270 1985 Donatistam
1312 1927 1721 1996 grammaticum
1743 1925 1837 1978 lib.
1862 1923 1960 1990 lV;
1996 1922 2134 1977 Con-

566 2038 642 2078 ira
661 2024 968 2089 Gaudentii,
1002 2022 1399 2078 Donatistarum
1426 2018 1688 2089 episcopi,
1726 2016 1884 2087 epist.
1907 2016 2003 2071 lib.
2027 2016 2093 2070 lll
2113 2058 2128 2082 ,

564 2130 791 2183 quorum
847 2123 1155 2182 postremus
1194 2125 1333 2166 nunc
1372 2110 1601 2180 primum
1650 2115 1734 2163 est
1757 2120 1989 2161 excusus
2015 2122 2029 2171 ;
2056 2105 2134 2159 De

564 2207 831 2274 baptismo
848 2212 1036 2260 ccutra
1066 2203 1373 2258 Donatistas
1397 2200 1493 2254 lib.
1522 2198 1635 2263 Vll,
1655 2214 1769 2251 cum
1790 2212 2038 2262 censura;
2058 2195 2135 2250 De

563 2299 725 2353 unico
753 2297 1018 2366 baptismo
1044 2302 1228 2350 contra
1266 2292 1581 2349 Petilianum
1614 2290 1709 2345 lib.
1742 2288 1796 2353 l;
1829 2287 1905 2343 De
1932 2286 2134 2341 unitate

568 2386 825 2442 Ecclesia:
853 2395 1041 2441 contra
1069 2384 1313 2439 Petiliani
1347 2380 1635 2437 Donatista:
1653 2378 1930 2449 epistolam
1956 2377 2053 2431 lib.
2080 2376 2130 2441 l;

563 2481 709 2550 Opus
738 2478 1003 2533 Breviculi
1059 2475 1409 2532 collationum
1463 2485 1585 2526 cum
1642 2467 2134 2533 Donatistis;Post

560 2571 900 2625 collationem
919 2578 1102 2624 contra
1120 2568 1426 2622 Donatistas
1446 2564 1540 2619 lib.
1562 2563 1613 2627 l;
1636 2563 1810 2631 Super
1828 2560 1992 2630 gestis
2010 2574 2132 2613 cum

563 2662 828 2731 Emerilo,
853 2661 1249 2714 Donatistarum
1275 2658 1547 2726 episcopo,
1574 2654 1668 2708 lib.
1704 2653 1751 2710 l;
1773 2652 1971 2707 Contra
1996 2650 2127 2705 Ful-

562 2753 799 2821 gentium
831 2752 1161 2806 Donatistam
1194 2749 1284 2803 lib.
1310 2749 1351 2814 l,
1376 2763 1489 2801 cum
1517 2761 1762 2811 censura;
1784 2745 1859 2799 De
1890 2750 2133 2813 peccato-

561 2859 681 2899 rum
710 2841 915 2897 meritis
947 2850 1001 2897 et
1022 2839 1370 2904 remissione,
1396 2852 1459 2891 ac
1496 2836 1563 2891 de
1592 2835 1857 2903 baptismo
1881 2832 2130 2903 parvulo-

562 2950 704 3000 rum,
738 2934 801 2989 ad
831 2933 1199 2988 Marcellinum
1245 2931 1337 2984 lib.
1374 2929 1469 2995 Ill;
1523 2928 1599 2983 De
1630 2937 1816 2981 natura
1856 2936 1911 2981 et
1955 2926 2129 2996 gratia

560 3036 746 3080 contra
777 3025 1092 3094 Pelagianos
1120 3023 1213 3076 lib.
1241 3020 1294 3087 l;
1319 3022 1396 3076 De
1416 3020 1580 3091 gratia
1602 3018 1801 3074 Christi
1827 3026 1881 3073 et
1912 3025 2131 3087 peccato

562 3117 832 3186 originali,
872 3124 1057 3169 contra
1085 3112 1355 3183 Pelagium
1386 3120 1441 3166 et
1478 3111 1788 3165 Coelestium
1817 3108 1913 3162 lib.
1951 3106 2023 3173 ll;
2054 3108 2129 3163 De

563 3209 766 3279 nuptiis
794 3217 847 3263 et
876 3206 1307 3276 concupiscentia
1332 3204 1399 3257 ad
1428 3202 1702 3257 Valerium
1734 3199 1985 3255 comitem
2030 3198 2125 3254 lib.

563 3302 635 3365 Il;
668 3301 866 3355 Contra
908 3299 1041 3353 duas
1067 3296 1323 3367 epistolas
1368 3293 1771 3364 Pelagianorum
1815 3290 1881 3345 ad
1910 3290 2129 3345 Bonifa-

565 3393 705 3445 cium
729 3392 822 3447 lib.
853 3391 952 3456 1V;
989 3388 1187 3443 Contra
1211 3386 1485 3441 Iulianum
1524 3383 1864 3452 Pelagianum
1895 3381 1987 3436 lib.
2020 3380 2125 3445 Vl;

562 3481 642 3536 De
666 3479 839 3535 anima
863 3488 916 3534 et
946 3479 1062 3547 ejus
1081 3478 1297 3546 origine
1320 3476 1414 3529 lib.
1438 3474 1534 3539 lV;
1563 3474 1640 3529 De
1665 3471 2130 3541 praedestinatione

565 3579 621 3625 et
643 3570 811 3639 gratia
836 3569 931 3624 lib.
962 3569 1011 3634 l;
1040 3566 1293 3636 Proslieri
1333 3564 1563 3634 epistola
1592 3563 1657 3618 ad
1683 3562 2035 3633 Augustinum
2062 3562 2129 3618 de

565 3660 806 3731 reliquiis
830 3658 1125 3728 Pelagianae
1153 3657 1455 3721 haereseos;
1483 3654 1668 3709 Hilarii
1696 3654 1854 3722 epist.
1883 3653 1949 3707 ad
1980 3667 2129 3709 eum-

564 3751 685 3805 dem
715 3751 782 3804 de
805 3749 996 3805 eadem
1023 3747 1280 3810 materia;
1310 3745 1389 3799 Dc
1419 3742 1892 3813 praedestinatione
1917 3751 2129 3798 sancto-

564 3856 681 3896 rum
704 3840 796 3894 lib.
817 3840 855 3905 Ι,
878 3855 991 3892 cum
1008 3853 1253 3901 censura;
1276 3836 1352 3889 De
1374 3836 1516 3890 bono
1536 3834 1946 3903 perseverantia:
1961 3833 2051 3886 lib.
2075 3832 2124 3897 l;

567 3932 645 3985 De
670 3927 1139 4000 przcdestinatione
1167 3925 1264 3980 Dei
1290 3924 1387 3979 lib.
1418 3925 1463 3989 l,
1488 3940 1601 3977 cum
1630 3938 1875 3989 censura;
1907 3923 1982 3976 De
2008 3936 2131 3991 gra-

563 4024 638 4076 tia
663 4031 716 4077 et
746 4021 916 4075 libero
955 4019 1179 4074 arbitrio
1204 4016 1271 4072 ad
1303 4009 1643 4070 Valentinum
1670 4014 1762 4069 lib.
1792 4014 1843 4079 l;
1874 4013 1951 4068 Ad
1981 4029 2128 4069 eum-

563 4113 684 4167 dem
712 4112 777 4167 de
798 4110 1135 4179 correptione
1165 4117 1219 4163 et
1237 4109 1409 4177 gratia
1436 4107 1529 4160 lib.
1560 4106 1608 4171 l;
1638 4105 1716 4159 Ad
1745 4104 2003 4159 articulos
2026 4104 2127 4159 sibi

562 4206 697 4261 falso
718 4206 1019 4273 impositos,
1041 4201 1321 4271 Augustini
1344 4198 1655 4269 responsio;
1674 4197 1870 4252 Contra
1890 4197 2130 4265 Pelagia-

563 4312 684 4359 nos,
714 4293 1167 4365 Hypognosticon.
1200 4290 1291 4345 lib.
1330 4291 1418 4357 Vl,
1449 4305 1565 4342 cum
1587 4304 1803 4341 censura
1834 4288 2127 4359 praeceden-

563 4397 645 4451 te;
671 4386 746 4439 De
764 4382 1091 4452 perfectione
1126 4381 1350 4452 iustitiae
1374 4387 1562 4437 contra
1587 4378 1897 4435 Coelestium
1919 4377 2012 4434 lib.
2040 4377 2127 4445 Vl,

563 4492 624 4527 Cll
631 4491 678 4526 m
702 4489 940 4527 censura.

630 4563 793 4617 Tomo
828 4561 992 4617 VIII.
1019 4591 1091 4603 —
1114 4559 1499 4617 Enarrationes
1529 4559 1583 4615 in
1612 4559 1874 4617 Psalmos.

632 4655 796 4710 Tumo
817 4653 924 4710 IX.
952 4653 1119 4723 Cujus
1145 4654 1268 4709 libri
1304 4654 1417 4709 fere
1445 4667 1634 4709 omnes
1660 4664 1915 4708 censuras
1934 4649 2131 4706 habent

562 4760 819 4802 annexas.
857 4774 929 4785 —
967 4743 1023 4799 ln
1054 4743 1405 4813 Evangelium
1461 4741 1686 4798 Joannis
1724 4740 2025 4811 expositio;
2069 4739 2129 4794 In

565 4838 861 4908 Epistolam
887 4835 1110 4891 Joannis
1136 4834 1439 4903 expositio;
1470 4834 1525 4888 In
1564 4832 1940 4903 Apoealypsim
1966 4830 2130 4886 Joan-

563 4928 645 4981 nis
670 4927 974 4995 expositio;
1004 4923 1406 4979 Meditationum
1430 4923 1524 4977 lib.
1543 4922 1594 4990 I;
1619 4923 1694 4977 De
1722 4920 1994 4992 diligendo
2017 4921 2126 4975 Deo

561 5017 697 5071 liber
729 5017 885 5082 alius,
913 5016 1002 5085 qui
1032 5024 1085 5070 et
1106 5015 1511 5069 Meditationum
1553 5013 1897 5078 inscribitur;
1930 5012 2126 5068 Solilo-

559 5107 803 5173 quiorum
842 5106 1038 5159 animae
1065 5104 1132 5158 ad
1161 5105 1329 5158 Deum
1358 5104 1450 5158 lib.
1483 5102 1794 5168 l;Manuale
1822 5102 1917 5157 lib.
1945 5115 2120 5168 unus;

559 5198 635 5250 De
663 5196 861 5265 triplici
892 5195 1197 5251 habitaculo
1225 5194 1318 5249 lib.
1356 5193 1413 5259 l;
1466 5192 1637 5249 Scalae
1674 5192 1907 5263 paradisi
1952 5191 2120 5257 liber;

560 5289 637 5342 De
668 5287 949 5343 duodecim
987 5287 1303 5342 abusionum
1352 5285 1644 5355 gradibus;
1698 5284 1776 5340 De
1802 5284 2124 5339 contritione

559 5381 737 5436 cordis
770 5382 1095 5445 libertinus;
1126 5381 1203 5435 De
1220 5379 1528 5448 cognitione
1547 5392 1690 5434 verre
1710 5376 1832 5431 vitae
1852 5376 1945 5431 lib.
1969 5376 2018 5443 l;
2051 5375 2126 5430 De

558 5470 932 5539 assumptione
982 5470 1156 5524 beata:
1207 5470 1390 5524 Maria:
1419 5468 1669 5538 virginis;
1720 5466 1799 5520 De
1851 5464 2125 5533 disciplina

565 5561 908 5625 Christiana;
940 5560 1016 5615 De
1055 5558 1240 5613 decem
1291 5558 1551 5624 chordis;
1602 5558 1680 5613 De
1722 5555 1934 5611 cantico
1987 5569 2127 5610 novo

562 5653 657 5707 lib.
691 5650 708 5705 l
735 5667 750 5717 ;
783 5652 857 5705 De
886 5657 1195 5718 contemptu
1222 5648 1405 5707 mundi
1436 5648 1534 5703 lib.
1560 5647 1611 5711 l;
1646 5646 1722 5701 De
1752 5645 1983 5701 vanitate
2022 5660 2127 5705 saa-

569 5743 673 5797 culi
701 5741 793 5797 lib.
829 5741 883 5806 l;
912 5741 988 5796 De
1032 5740 1334 5797 obcdicntia
1377 5749 1429 5797 et
1477 5738 1772 5794 humilitate
1808 5752 2019 5804 sermo;
2054 5734 2129 5794 De

2233 1915 2423 1971 anima:
2468 1925 2759 1983 tractatus;
2811 1918 2885 1974 De
2912 1919 3231 1975 antichristo
3273 1930 3563 1989 tractatus;
3595 1923 3803 1979 Psalte-

2236 2008 2394 2075 rium,
2428 2008 2568 2079 quod
2596 2011 2750 2065 matri
2773 2026 2885 2065 sua:
2933 2012 3268 2081 composuit;
3296 2011 3471 2083 Super
3501 2013 3805 2084 Magniﬁcat

2234 2102 2518 2173 expositio.

2303 2218 2463 2273 Tomo
2484 2218 2555 2272 X.
2579 2249 2649 2258 —
2678 2218 2755 2275 De
2778 2218 2956 2275 verbis
2985 2219 3227 2287 Domini;
3259 2222 3335 2277 De
3364 2220 3541 2277 verbis
3568 2223 3799 2291 Aposto-

2234 2308 2298 2374 li;
2343 2309 2584 2399 Ημμῄιίω
2612 2310 2691 2375 L;
2720 2310 2964 2365 Homilia:
2990 2310 3057 2367 de
3090 2321 3358 2382 tempore,
3390 2330 3507 2367 cum
3543 2330 3796 2378 censura;

2235 2395 2484 2456 llomiliée
2505 2402 2572 2456 de
2600 2402 2828 2464 sanctis;
2872 2400 2954 2457 Ad
2992 2403 3184 2459 fratres
3213 2403 3267 2459 in
3292 2417 3475 2459 eremo
3494 2442 3510 2469 ,
3539 2418 3654 2457 cum
3681 2419 3799 2457 cen-

2231 2505 2374 2543 sura.

2302 2602 2473 2670 Quam
2505 2602 2611 2658 late
2650 2610 2833 2659 autem
2861 2603 3047 2659 harum
3075 2618 3420 2659 censurarum
3451 2618 3579 2659 usus
3614 2612 3799 2673 pateat

2233 2708 2341 2747 non
2368 2693 2539 2748 solum
2564 2707 2632 2748 ex
2661 2708 2746 2759 eo,
2777 2693 2922 2761 quod
2954 2693 3261 2763 speciminis
3292 2694 3412 2748 loco
3436 2693 3504 2748 de
3526 2692 3799 2762 praefatio-

2233 2801 2303 2841 ne
2333 2788 2386 2839 in
2417 2784 2684 2855 Epistolas
2711 2785 3080 2854 produximus,
3124 2784 3217 2840 sed
3246 2785 3412 2838 multo
3439 2784 3598 2838 etiam
3626 2783 3797 2852 magis

2232 2892 2298 2933 ex
2321 2878 2409 2941 iis,
2441 2890 2574 2945 quas
2605 2876 2765 2945 longe
2793 2874 3164 2931 instructiores
3188 2874 3435 2928 monachi
3465 2872 3794 2928 Benedictini

2232 2969 2517 3034 dederunt,
2556 2978 2804 3024 constare
2842 2976 3039 3037 potest.
3079 2964 3465 3031 Contentorum
3499 2964 3659 3019 index
3697 2964 3796 3019 du-

2231 3060 2354 3130 plex
2384 3100 2401 3127 ,
2441 3074 2577 3114 unus
2602 3060 2750 3129 juxta
2782 3068 3045 3114 tomorum
3074 3058 3291 3123 seriem,
3325 3058 3461 3111 alter
3486 3056 3675 3111 ordine
3710 3055 3795 3110 al-

2156 3169 2202 3232 ρ
2233 3151 2515 3221 phabetico
2533 3150 2900 3214 concinnatus,
2935 3163 3034 3204 nec
3056 3164 3160 3203 non
3182 3148 3317 3203 ordo
3342 3147 3596 3204 editionis
3608 3146 3798 3200 Amer-

2233 3240 2505 3296 bachiante
2532 3240 2724 3310 insigni
2755 3254 2873 3303 cum
2901 3240 3122 3294 lectoris
3146 3237 3429 3294 commodo
3460 3245 3580 3306 post
3606 3236 3797 3300 praefa-

2231 3333 2429 3387 tionem
2453 3330 2619 3385 additi
2640 3339 2780 3385 sunt.
2806 3329 2923 3384 Non
2954 3339 3036 3385 est
3063 3344 3190 3384 vero
3212 3329 3368 3399 hujus
3390 3325 3638 3383 editionis
3668 3340 3799 3380 con-

2232 3433 2497 3479 tentorum
2523 3422 2705 3491 index,
2736 3437 2893 3492 quem
2922 3421 3162 3477 Oudinus
3182 3420 3449 3481 venditat,
3474 3417 3570 3472 sed
3609 3417 3795 3471 novis-

2228 3515 2378 3570 simae
2416 3514 2742 3569 Erasmianae
2769 3553 2784 3579 ,
2834 3521 3019 3581 utpote
3055 3510 3148 3581 qui
3187 3507 3458 3564 Posidonii
3498 3505 3795 3561 indiculum

2229 3608 2553 3676 scriptorum
2579 3605 2864 3676 Augustini
2894 3619 2998 3658 una
3020 3617 3142 3658 cum
3158 3601 3278 3656 Vita
3304 3600 3392 3655 hic
3417 3599 3619 3654 editum
3645 3612 3800 3653 men-

2230 3701 2378 3763 titur,
2409 3698 2495 3766 qui
2524 3697 2755 3766 primum
2782 3709 2833 3749 a.
2866 3695 3003 3750 1564
3031 3694 3081 3748 in
3115 3693 3289 3747 lucem
3316 3688 3495 3746 editus
3514 3696 3617 3743 est.

2852 3829 2875 3882 I
2886 3827 3147 3884 528—50.

2297 3949 2526 4006 Colonia:
2554 3949 2695 4019 apud
2715 3947 2801 4002 Jo.
2826 3946 3130 4017 Gymnicum
3154 3961 3173 3999 :
3195 3942 3339 3998 ino8°
3369 3941 3446 3996 Ex
3470 3940 3571 3995 hac
3613 3938 3794 3993 ofﬁci-

2231 4058 2295 4094 na
2326 4040 2640 4111 prodierunt
2669 4053 2776 4093 non
2803 4052 2908 4091 uno
2929 4035 3168 4101 nomine,
3199 4032 3293 4088 sed
3312 4031 3559 4102 perbrevi
3589 4039 3797 4099 tempo-

2229 4132 2303 4187 ris
2330 4132 2526 4200 spatio,
2567 4129 2714 4183 varia
2763 4127 3045 4197 Augustini
3075 4124 3330 4193 opuscula
3360 4125 3490 4192 (uno
3520 4136 3626 4175 non
3671 4135 3799 4174 raro

2232 4221 2504 4277 volumine
2520 4216 2958 4287 comprehensa),
2975 4230 3097 4283 quas
3119 4214 3229 4268 suis
3252 4226 3475 4282 qumque
3497 4210 3667 4264 titulis
3681 4210 3797 4264 dis-

2231 4320 2380 4367 creta
2410 4310 2489 4365 sic
2514 4324 2574 4365 se
2603 4308 2802 4363 habent
2837 4323 2848 4358 :
2904 4306 2963 4360 1°
2989 4302 3108 4357 Divi
3135 4302 3262 4355 Aur.
3288 4301 3583 4372 Augustini,
3626 4298 3795 4368 Hipp.

2227 4401 2473 4473 episcopi,
2509 4398 2585 4455 De
2611 4414 2763 4470 Opere
2818 4395 3189 4451 monachorum
3221 4392 3349 4447 liber
3376 4407 3507 4444 unus
3535 4390 3605 4443 ad
3635 4389 3798 4443 Aure-

2153 4522 2205 4581 Ι)
2230 4493 2378 4558 lium,
2409 4492 2703 4560 episcopum
2731 4488 3204 4557 Carthagiuensem.
3232 4485 3379 4538 Anno
3416 4482 3471 4536 Μ
3478 4481 3624 4536 ,1).Χ
3632 4481 3682 4534 Χ
3693 4482 3713 4534 Ι
3724 4481 3773 4534 Χ
3785 4522 3795 4535 .

2232 4602 2401 4639 mense
2423 4585 2676 4654 Augusto.
2709 4581 2767 4636 2°
2808 4580 2927 4634 Divi
2953 4581 3079 4632 Aur.
3137 4577 3410 4647 Augustini
3442 4575 3603 4642 Hipp.
3637 4575 3797 4644 episc.

2235 4675 2573 4729 Enchiridion
2601 4673 2668 4727 ad
2693 4671 3030 4725 Laurentium
3058 4667 3142 4720 II.
3176 4666 3326 4721 Anno
3352 4662 3614 4718 H.D.XX
3630 4661 3799 4714 VIII.

2231 4767 2293 4819 πο
2320 4765 2387 4818 D.
2421 4764 2547 4817 Aur.
2572 4762 2871 4833 Augustini,
2907 4760 3067 4831 Hipp.
3100 4774 3180 4826 ep.
3230 4757 3303 4809 De
3337 4754 3504 4826 gratia
3538 4763 3585 4805 et
3641 4752 3800 4805 libero

2231 4858 2441 4912 arbitrio
2488 4856 2558 4909 ad
2595 4854 2926 4909 Valentinum
2970 4860 3018 4903 et
3058 4865 3173 4902 cum
3204 4846 3299 4900 illo
3349 4841 3639 4906 monachis,
3674 4842 3800 4893 liber

2232 4963 2383 5000 unus.
2412 4944 2664 5017 Ejusdem
2688 4942 2767 4994 De
2790 4939 3109 5010 correptione
3141 4948 3189 4991 et
3215 4938 3379 5004 gratia
3404 4935 3472 4985 ad
3492 4932 3725 4985 eumdem
3754 4940 3800 4982 et

2230 5054 2347 5092 cum
2372 5035 2463 5089 illo
2493 5032 2778 5095 monachis,
2807 5030 3121 5084 liber'unus.
3167 5025 3362 5092 Quibus
3408 5021 3799 5094 prcemittuntnr

2229 5126 2457 5197 epistola:
2477 5124 2595 5176 dua:
2616 5120 2733 5174 Divi
2745 5117 3020 5191 Augustini
3046 5115 3115 5169 ad
3143 5112 3468 5167 Valentinum
3497 5119 3678 5163 contra
3691 5125 3798 5173 eos,

2228 5218 2317 5286 qui
2344 5222 2528 5286 negant
2559 5212 2777 5266 liberum
2819 5208 3107 5263 arbitrium.
3140 5206 3291 5258 Anno
3323 5200 3477 5255 M.D.
3512 5199 3694 5253 XXX.
3738 5207 3797 5252 4°

2232 5306 2347 5360 Divi
2392 5305 2521 5359 Aur.
2553 5302 2824 5373 Augustini
2862 5298 2941 5353 De
2982 5296 3368 5351 immortalitate
3410 5308 3612 5345 annum.
3648 5289 3797 5341 Liber

2231 5412 2382 5451 unus.
2417 5394 2661 5465 Ejusdem
2691 5391 2767 5446 De
2800 5405 2963 5461 agone
2992 5387 3312 5451 Christiano,
3341 5385 3469 5437 liber
3494 5397 3650 5445 unus,
3676 5380 3795 5431 abs-

2231 5503 2328 5557 quc
2352 5487 2472 5539 anni
2497 5493 2542 5539 et
2572 5483 2671 5538 ioci
2695 5491 2834 5535 nota.

2866 5595 3162 5653 155'—'52.

2311 5727 2544 5793 Parisiis,
2574 5741 2633 5780 ex
2668 5727 2861 5794 n/ﬁciuu
2898 5723 3101 5778 Ciauaii
3149 5720 3501 5781 Cltet'ullouii;
3532 5715 3705 5783 in-{ol-
3738 5712 3785 5770 Χ
