4010 6350
246 317 311 368 65
1123 315 1394 370 NOTITIA
1442 311 1858 369 LITTERARIA
1903 313 1970 368 IN
2012 314 2066 370 S.
2112 315 2571 373 AUGUSTINUM.
3401 317 3468 376 68

246 427 429 480 Tomis.
471 424 533 478 D.
569 423 702 477 Aur.
741 425 1045 494 Augustini,
1072 441 1191 494 qua:
1219 437 1429 482 exstant
1461 443 1526 481 ex
1556 426 1801 480 emenda-
1834 426 1881 484 A
1913 440 2026 478 rum
2069 426 2400 495 singulorum
2427 440 2621 492 annus,
2671 440 2774 496 quo
2801 430 3161 500 unusquisque
3187 429 3466 487 absolutus

242 517 377 569 tione
417 514 538 567 Des.
566 514 797 567 Erasmi.
1616 574 1618 577 ι

305 603 510 657 Laudat
537 603 675 657 hanc
713 604 1042 660 Erasmianae
1075 607 1445 675 repetitionem
1485 606 1718 660 Oudinus
1749 607 1802 659 in

239 694 432 748 Comm.
459 709 512 763 p.
543 695 648 750 939
678 710 858 765 seqq.,
881 697 1038 765 eique
1064 698 1360 754 accessisse
1380 698 1454 752 ait
1479 698 1662 752 Jacobi
1693 698 1802 752 He-

237 782 357 835 meri
376 782 807 855 Studgardiensis
833 787 1115 855 epistolam
1130 790 1570 859 nuncupatoriam
1599 791 1663 842 ad
1678 789 1803 845 Gal-

239 876 341 928 lum
366 874 653 942 Millerum,
683 877 1311 948 EcclesiteTubingensis
1338 881 1661 950 theologum,
1684 896 1802 950 quae

235 972 400 1020 totam
432 967 683 1023 editionis
710 969 870 1038 hujus
895 971 1161 1027 rationem
1188 971 1360 1028 fusius
1382 985 1632 1042 exponat.
1658 974 1800 1027 idem

237 1066 416 1110 monet
441 1057 497 1110 in
523 1059 622 1112 hac
646 1059 886 1114 editione
913 1062 1142 1128 primum
1171 1062 1348 1117 editos
1386 1077 1506 1117 esse
1532 1063 1803 1118 Sermones

235 1145 281 1199 Χ
297 1146 403 1198 γη
431 1163 449 1199 :
471 1162 562 1202 sex
591 1149 653 1202 de
680 1156 928 1216 tempore,
967 1152 1227 1220 septimus
1257 1152 1318 1205 de
1354 1153 1516 1205 verbis
1542 1153 1798 1220 Apostoli,

232 1247 283 1291 et
304 1237 494 1292 decem
551 1239 613 1292 de
658 1238 887 1293 Sanctis.
936 1237 1213 1312 Catalagus
1252 1240 1386 1294 Bibl.
1435 1240 1604 1294 Musei
1646 1241 1801 1296 Britt.

237 1327 432 1398 (Lond.
459 1329 619 1391 1789,
670 1326 875 1399 in-fol.)
916 1329 974 1384 ln
1024 1329 1183 1398 hujus
1232 1329 1486 1384 editionis
1529 1330 1804 1385 mentione

236 1431 434 1470 annum
487 1418 628 1473 1552
662 1418 888 1488 profert,
920 1419 1172 1489 quocirca
1206 1432 1500 1489 utrumque
1530 1420 1806 1489 praeﬁgere

236 1509 455 1578 placuit.

948 1602 1104 1657 1557.

306 1691 558 1763 Augustae
604 1691 986 1746 Vindelicorum
1031 1695 1307 1747 excudebat
1352 1693 1629 1747 Heinricus
1654 1694 1804 1764 Stey-

238 1798 364 1847 ner;
397 1783 584 1852 iri-fol.
621 1784 736 1838 Divi
763 1786 962 1840 Aurelii
996 1786 1275 1853 Augustini
1305 1787 1543 1855 episcopi
1575 1787 1805 1856 Opuscu-
1835 1778 1882 1838 Β

237 1875 304 1937 la,
343 1889 573 1942 nempe:
604 1903 670 1913 —
702 1874 759 1928 lu
797 1875 963 1929 libros
989 1876 1176 1946 Moysi,
1199 1876 1377 1930 Josua:
1402 1885 1456 1930 et
1478 1876 1723 1930 Judicum
1745 1877 1808 1929 li-

237 1963 314 2016 bri
331 1962 458 2028 Vll;
485 1963 826 2030 Quaestiones
839 1965 1035 2020 veteris
1049 1973 1103 2019 et
1128 1967 1250 2020 novi
1262 1966 1621 2030 Testamenti;
1650 1966 1805 2032 Quae—

235 2052 472 2107 stionum
503 2055 935 2123 evangelicarum
965 2055 1258 2110 secundum
1281 2055 1623 2120 Matthaeum;
1653 2056 1808 2123 Qua:-

236 2145 443 2199 stiones
483 2144 552 2199 ad
579 2145 824 2199 Orosium
850 2146 988 2200 liber
1011 2161 1177 2210 unus;
1207 2146 1576 2213 Qumstionum
1617 2146 1806 2199 Hilarii

237 2237 368 2290 liber
391 2252 566 2301 unus;
593 2237 668 2292 De
689 2247 810 2292 octo
833 2237 1048 2292 Dulcitii
1069 2238 1456 2306 quaestionibus
1476 2238 1612 2292 liber
1635 2252 1804 2301 unus;

239 2327 310 2381 De
333 2327 569 2382 diversis
599 2328 1088 2397 quaestionibus,“
1121 2338 1361 2383 sanctum
1400 2327 1807 2396 Simplicianum

237 2417 353 2470 libri
380 2417 461 2482 ll;
507 2417 871 2483 Quaestionum
928 2419 1359 2488 evangelicaruin
1392 2419 1509 2473 libri
1535 2417 1575 2472 ll
1591 2433 1604 2483 ;
1650 2417 1810 2472 Octo-

235 2511 377 2578 ginta
401 2511 566 2564 trium
589 2511 941 2580 quarstionum
967 2511 1103 2565 liber
1127 2525 1261 2565 unus
1285 2527 1300 2575 ;
1329 2511 1404 2566 De
1428 2526 1527 2566 sex
1555 2511 1810 2580 quaestio-

237 2602 392 2656 nibus
424 2611 615 2656 contra
642 2602 882 2671 Paganos
930 2602 1066 2656 liber
1089 2617 1260 2665 unus;
1298 2601 1378 2656 Ad
1428 2601 1808 2670 inquisitiones

237 2693 483 2747 Januarii
519 2693 641 2748 libri
672 2694 813 2759 duo;
850 2695 923 2748 De
967 2694 1314 2764 inquisitione
1364 2693 1641 2747 Trinitatis
1672 2693 1811 2747 liber

240 2798 406 2848 unus;
436 2786 513 2839 De
537 2785 812 2854 Epicureis
828 2794 883 2840 et
911 2785 1103 2840 Stoicis
1128 2785 1262 2840 liber
1286 2800 1453 2849 unus;
1479 2785 1554 2839 De
1578 2785 1808 2839 llaeresi-

244 2877 334 2930 bus
360 2875 428 2928 ad
461 2875 899 2942 Quodvultdeum
927 2875 1061 2930 liber
1091 2891 1261 2939 unus;
1298 2874 1374 2929 De
1411 2874 1645 2944 quinque
1687 2875 1807 2931 llae-

244 2967 449 3021 resibus
494 2966 630 3020 liber
654 2965 704 3024 l:
734 2965 932 3020 Contra
971 2967 1209 3030 Judzeos,
1237 2965 1479 3034 Paganos
1502 2974 1558 3019 et
1582 2966 1808 3020 Arianos

244 3057 372 3112 liber
400 3071 570 3122 unus;
603 3055 802 3112 Contra
840 3056 1053 3113 Judzeos
1095 3057 1234 3112 liber
1257 3069 1421 3123 unus;
1453 3055 1806 3111 Retractatio—

245 3163 364 3201 num
392 3148 519 3202 libri
543 3147 679 3212 duo;

310 3241 439 3294 Ilmc
452 3241 623 3294 series
647 3240 904 3294 librorum
926 3241 1255 3310 integrorum
1282 3240 1342 3296 el
1343 3240 1449 3295 ﬁcit
1466 3239 1681 3294 Tomum
1703 3250 1806 3293 ter-

244 3333 363 3385 tium
423 3332 689 3401 Epitomes
742 3332 964 3404 Operam
988 3335 1314 3405 Augustinia
1360 3334 1446 3389 Jo.
1490 3333 1813 3394 Ptscnoatq

246 3427 597 3479 concinnatae.
653 3425 905 3491 Expressi
936 3435 1063 3481 sunt
1106 3443 1171 3482 ex
1209 3428 1297 3482 ed.
1360 3425 1702 3496 Lugdunensi
1755 3441 1807 3478 a.

251 3516 378 3570 H97
402 3525 459 3570 et
509 3516 954 3584 Amerbachiana,
980 3525 1036 3572 ut
1059 3519 1172 3588 ipse
1211 3518 1390 3575 editor
1414 3520 1466 3573 in
1497 3517 1809 3589 prmlatione

249 3607 520 3676 professus
544 3616 648 3664 est.

677 3687 680 3690 ‘
948 3701 1107 3758 1541.

314 3791 536 3847 Parisiis
567 3794 705 3864 apud
747 3792 991 3848 Carolum
1019 3793 1293 3859 Guillard;
1334 3794 1510 3862 iit-fol.
1547 3792 1597 3846 X
1639 3793 1806 3845 tomis.

248 3883 304 3936 D.
330 3883 537 3938 Aurelii
583 3883 867 3953 Augustini
913 3899 1076 3952 opera
1118 3885 1295 3938 omnia
1339 3898 1402 3937 ex
1448 3881 1571 3936 Des.
1611 3881 1812 3934 Erasini

245 3974 656 4041 emendatione;
683 3976 846 4030 editio
871 3975 1077 4030 auctior
1102 3984 1155 4030 et
1183 3975 1504 4044 locupletior
1528 3989 1647 4029 cum
1675 3974 1812 4028 indi-

243 4080 300 4121 ee
337 4067 794 4135 locupletissimo,
824 4083 949 4123 cura
981 4076 1035 4122 et
1063 4067 1240 4122 studio
1271 4065 1524 4120 Florentii
1554 4065 1810 4134 Bourgoi.

246 4158 312 4212 ni.
347 4152 465 4214 Cat.
503 4158 640 4214 Bibl.
678 4161 852 4231 Regia:
880 4160 1054 4214 Paris.

939 4253 1097 4307 1545.

310 4342 535 4397 Βαείιεω
582 4346 636 4397 in
681 4345 880 4414 officina
928 4344 1260 4400 Frobeniana
1310 4360 1398 4414 per
1439 4345 1813 4414 Hieronymum

251 4430 554 4486 Frobenium
585 4444 631 4486 et
662 4434 938 4487 Nicolaum
968 4436 1294 4502 episc0pum;
1319 4435 1495 4504 in-fol.
1527 4433 1608 4488 XI
1643 4435 1808 4488 tomis.

1904 515 2094 582 fuerit,
2127 520 2348 590 exstat.)

1975 607 2246 663 Secundus
2274 619 2438 663 tomus
2461 610 2558 679 0p.
2579 609 2642 664 D.
2675 612 2739 667 A.
2760 613 2898 682 Aug.
2924 613 3070 667 ILE.
3102 615 3467 684 complectens

1904 698 2051 753 illius
2081 699 2372 769 Epistolas,
2421 717 2526 756 non
2577 703 2835 757 mediocri
2865 718 2993 758 cura
3018 706 3333 762 emendatas
3375 723 3469 775 per

1905 787 2028 843 Des.
2060 790 2342 844 Erasmum
2374 791 2720 846 Roterodam.
2749 794 2906 848 Anno
2939 795 3227 851 M.D.XLI.

1972 878 2179 934 Tertius
2217 887 2405 945 tomus,
2427 910 2499 920 —
2522 882 2886 950 complectens
2933 887 3000 939 τὰ
3047 885 3335 949 διδακτικά,
3365 884 3469 940 hoc

1903 977 2017 1034 est,
2073 983 2191 1038 qua:
2239 971 2456 1040 proprie
2494 971 2558 1026 ad
2614 973 2910 1027 docendum
2969 975 3256 1043 pertinent.
3310 976 3468 1029 Anno

1903 1057 2181 1113 M.D.XLI.

1979 1147 2208 1211 Quartus
2239 1159 2427 1213 tomus,
2454 1180 2522 1188 —
2545 1151 2908 1220 complectens
2930 1152 3131 1223 reliqua
3167 1162 3265 1209 τῶν
3295 1153 3466 1209 διδακ-

1902 1247 2071 1292 τικῶν.
2095 1238 2252 1293 Anno
2272 1239 2555 1294 M.D.XLI.

1978 1329 2200 1394 Quintus
2243 1336 2431 1394 tomus,
2460 1361 2528 1369 —
2552 1331 2697 1385 XXII
2724 1333 2891 1386 libros
2919 1333 2985 1388 de
3012 1334 3224 1390 civitate
3250 1335 3364 1402 Dei,
3391 1336 3471 1391 (ιί-

1905 1418 2134 1488 ligenter
2160 1421 2466 1488 recognitos
2494 1435 2587 1489 per
2615 1422 2886 1476 eruditiss.
2917 1425 3086 1477 virum
3116 1424 3269 1481 .Ioan.
3288 1425 3469 1480 Ludo-

1906 1508 2082 1560 vicum
2111 1508 2337 1573 \‘ivem,
2390 1523 2454 1564 ac
2503 1511 2749 1577 ejusdem
2802 1513 3234 1580 Commentariis,
3289 1515 3468 1570 denuo

1905 1597 1973 1648 ab
2013 1605 2236 1652 auctore
2292 1598 2500 1664 revisis,
2560 1600 2880 1668 illustralos,
2935 1605 3241 1658 continens.
3312 1606 3469 1659 Anno

1905 1688 2211 1742 M.D.XLII.

1981 1779 2169 1834 Sextus
2203 1791 2389 1846 tomus,
2416 1811 2485 1820 —-
2505 1782 2789 1837 continens
2815 1785 2880 1838 τὰ
2924 1786 3198 1855 πολεμικὰ,
3235 1786 3338 1841 hoc
3368 1796 3492 1850 est"

1913 1871 2311 1925 decertationes
2339 1873 2600 1928 adversus
2655 1876 2909 1940 haereses,
2961 1878 3229 1946 praecipue
3257 1879 3474 1934 Judseo-

1911 1978 2053 2028 rum,
2081 1962 2523 2029 Manichaeorum,
2571 1965 3123 2036 Priscillianistarum,
3157 1971 3474 2039 Origenistu-

1911 2070 2048 2119 rum,
2083 2055 2404 2110 Arianorum
2435 2066 2486 2111 et
2508 2057 2971 2113 Joviniani.Anno
3002 2061 3306 2116 M.D.XLll.

1983 2145 2242 2215 Septimus
2267 2155 2529 2213 tomus,-—-—
2554 2149 2836 2203 continens
2866 2149 3124 2218 reliquam
3153 2159 3354 2219 partem
3378 2161 3476 2208 τῶν

1911 2236 2210 2304 πολεμικῶν,
2241 2236 2291 2290 id
2319 2244 2421 2300 est,
2453 2251 2660 2306 pugnas
2697 2238 2955 2292 adversus
2985 2239 3214 2295 haereses
3258 2242 3476 2296 Donati-

1911 2334 2112 2378 starum
2141 2335 2195 2379 et
2223 2325 2653 2394 Pelagianorum.
2679 2329 2834 2382 Anno
2857 2328 3159 2382 M.D.XLII.

1985 2417 2206 2470 Octavus
2237 2427 2426 2485 tomus,
2457 2448 2526 2457 —
2548 2421 2834 2474 continens
2856 2422 3225 2478 enarrationes
3245 2423 3298 2478 in
3331 2424 3476 2480 Psal-

1913 2523 2028 2562 mos
2061 2510 2338 2578 mysticos.
2369 2513 2526 2564 Anno
2549 2511 2856 2566 M.D.XLll.

1985 2599 2172 2653 Nonus
2215 2610 2407 2666 tomus,
2436 2632 2506 2641 —
2541 2605 2826 2658 continens
2859 2604 3002 2659 illius
3045 2614 3324 2672 tractatus,
3376 2609 3476 2666 hoc

1911 2700 2020 2746 est:
2048 2693 2420 2761 expositiones
2442 2693 2506 2747 ad
2533 2694 2782 2762 populum
2802 2694 2972 2749 factas
2996 2697 3049 2749 in
3079 2713 3275 2752 novum
3291 2700 3476 2754 Testa-

1911 2791 2184 2851 mentum,
2219 2799 2341 2838 cum
2369 2785 2491 2838 aliis
2518 2787 2650 2837 varii
2680 2787 2896 2852 generis
2924 2789 3218 2855 opusculis,
3249 2805 3473 2858 quorum

1911 2873 2142 2928 indicem
2189 2875 2350 2930 habet
2405 2875 2630 2929 alterum
2682 2875 2842 2945 hujus
2889 2879 3092 2947 paginae
3133 2879 3294 2934 latus.
3317 2883 3475 2936 Anno

1912 2964 2214 3019 M.D.XLII.

1979 3053 2223 3108 Decimus
2255 3063 2514 3122 tomus,——
2531 3055 2814 3111 continens
2841 3056 3050 3126 reliqua
3079 3065 3302 3113 tractata
3333 3061 3473 3127 apud

1834 3143 1878 3202 C
1913 3146 2188 3215 populum,
2238 3160 2466 3216 quorum
2507 3162 2770 3201 summam
2815 3147 3075 3204 iudicabit
3118 3149 3232 3204 haec
3283 3152 3474 3220 pagina

1911 3257 2085 3297 versa.
2120 3247 2278 3297 Anno
2297 3241 2601 3298 M.D.XLll.

1983 3334 2040 3387 In
2068 3335 2249 3388 omnia
2278 3333 2339 3386 D.
2371 3335 2434 3387 A.
2467 3333 2750 3401 Augustini
2780 3334 2987 3402 Scripta
3017 3333 3217 3390 indices
3255 3336 3381 3401 duo,
3413 3350 3477 3390 eo

1911 3425 2204 3492 conscripti
2252 3423 2434 3488 modo,
2471 3434 2528 3477 ut
2555 3423 2690 3476 nihil
2747 3433 3002 3477 annotatu
3056 3425 3274 3494 dignum
3306 3428 3478 3494 possis

1911 3515 2244 3579 desiderare,
2301 3529 2473 3583 neque
2500 3513 2787 3582 quidquam
2839 3515 2983 3568 velut
3021 3531 3474 3582 supervacaneum

1911 3607 2165 3675 rcjicere:
2197 3619 2422 3673 quorum
2449 3605 2598 3679 prior
2619 3605 2869 3658 materias
2896 3605 2947 3656 in
2980 3605 3108 3673 ipsis
3133 3606 3326 3672 passim
3353 3621 3479 3672 ope-

1911 3699 2060 3752 ribus
2097 3702 2375 3758 tractatas,
2411 3694 2608 3747 indicat
2638 3711 2649 3745 :
2684 3695 2957 3762 posterior
2992 3710 3158 3748 sacra:
3187 3696 3479 3763 Scriptura)

1911 3791 2150 3845 locorum
2201 3787 2674 3855 interpretationes
2704 3787 2854 3854 juxta
2895 3787 3186 3842 Bibliorum
3235 3789 3475 3842 ordinem

1909 3881 2313 3934 observaturum
2346 3877 2600 3931 ostendit.
2649 3877 2804 3931 Anno
2853 3878 3180 3932 M.D.XLlll.
3222 3878 3288 3932 In
3319 3881 3422 3947 ﬁne
3451 3896 3470 3933 :

1910 3973 2088 4027 Mense
2117 3969 2450 4038 Septembri.

1982 4063 2119 4129 Quid
2145 4063 2268 4116 novi
2294 4062 2344 4115 in
2370 4061 2469 4115 hac
2498 4059 2668 4115 altera
2697 4060 3034 4115 Frobeniana
3082 4061 3319 4116 editione
3344 4076 3474 4131 ope-

1913 4155 2062 4210 ribus
2113 4152 2401 4222 Augustini
2448 4151 2710 4218 evenerit,
2745 4167 2840 4220 per
2883 4165 3017 4220 quos
3047 4152 3138 4206 illa
3181 4160 3235 4205 et
3284 4152 3478 4221 quibus

1912 4247 2164 4302 subsidiis
2193 4253 2488 4300 sustentata
2520 4244 2703 4308 fuerit,
2736 4243 3070 4318 praefatione,
3122 4257 3277 4298 versa
3332 4243 3475 4297 tituli

1914 4337 2070 4406 primi
2121 4335 2311 4406 pagina
2362 4337 2645 4404 impressa,
2681 4334 2983 4402 bibliopolae
3015 4342 3310 4402 exponunt.
3353 4333 3474 4387 Orsi

1913 4429 2055 4488 enim
2087 4426 2508 4482 abAmerbachii
2527 4426 2756 4490 meritis,
2784 4425 3204 4494 gratiam,quam
3229 4425 3481 4479 Erasmus

245 4520 490 4574 Omnium
530 4536 751 4590 operum
784 4524 847 4577 D.
877 4523 1080 4578 Aurelii
1107 4522 1418 4593 Augustini,
1455 4524 1812 4593 Hipponensis
1839 4505 1892 4565 D
1917 4533 2082 4590 opera
2103 4534 2198 4574 sua
2222 4518 2362 4588 apud
2401 4532 2588 4572 omnes
2638 4517 2880 4582 iniverit,
2912 4517 3316 4571 cumulatiorem
3361 4531 3482 4571 eum

245 4611 501 4681 episcopi,
530 4615 722 4681 primus
762 4622 949 4682 tomus,
994 4614 1059 4668 ad
1086 4615 1242 4669 ﬁdem
1271 4624 1603 4670 vetustorum
1633 4631 1813 4671 exem-

245 4703 496 4770 plarium,
530 4713 653 4773 post
679 4707 915 4760 omnium
947 4708 998 4760 in
1027 4706 1167 4760 hunc
1193 4720 1362 4776 usque
1383 4706 1522 4762 diem
1548 4707 1814 4762 editiones

246 4795 424 4850 denuo
451 4811 661 4850 summa
701 4797 978 4866 vigilantia
1007 4807 1416 4866 repurgatorum
1442 4813 1471 4851 a
1494 4798 1704 4853 mendis
1733 4802 1816 4853 in-

243 4887 502 4953 numeris,
529 4896 586 4941 ut
609 4889 810 4957 optimo
829 4888 951 4957 jure
965 4897 1143 4944 tantus
1163 4888 1417 4945 Ecclesia:
1441 4890 1630 4944 doctor
1651 4905 1810 4945 rena-

243 4987 323 5031 tus
347 4977 521 5032 videri
551 4981 744 5047 possit.
790 4980 1020 5046 Inspice,
1055 4981 1246 5048 lector,
1293 4991 1347 5037 et
1394 4983 1652 5038 fateberis
1679 4983 1817 5038 hanc

245 5084 350 5123 non
374 5084 568 5123 vanam
587 5084 706 5124 esse
728 5071 1200 5139 pollicitationem:
1220 5073 1360 5142 quod
1385 5074 1430 5128 si
1453 5083 1635 5143 gratus
1655 5075 1815 5129 etiam

242 5172 362 5214 esse
383 5158 558 5226 voles,
602 5173 711 5213 non
739 5159 960 5229 patieris
983 5168 1188 5216 tantum
1239 5163 1461 5228 laboris,
1505 5173 1818 5233 tantumque

245 5249 613 5319 impensarum
637 5252 833 5308 frustra
853 5262 1121 5323 sumptum
1139 5268 1281 5310 esse.
1308 5256 1418 5310 Sub
1438 5256 1595 5311 ﬁnem
1620 5256 1816 5312 annexi

248 5353 372 5396 sunt
399 5342 612 5397 indices
637 5343 765 5408 duo,
819 5344 957 5399 alter
989 5346 1355 5411 materiarum,
1385 5347 1522 5403 alter
1552 5349 1816 5418 interpre-

249 5441 485 5486 tatorum
518 5431 809 5501 Scriptura:
838 5434 1115 5490 locorum:
1150 5436 1344 5506 quibus
1381 5438 1636 5493 lectorem
1670 5439 1812 5495 haud

247 5521 435 5576 leviter
457 5521 696 5591 adjutum
731 5524 793 5577 iri
817 5524 1156 5580 conﬁdimus.

317 5613 438 5680 (llic
461 5614 620 5682 primi
647 5615 932 5669 voluminis
961 5623 1119 5685 atque
1155 5617 1334 5685 operis
1365 5617 1598 5672 universi
1631 5620 1812 5675 titulus

260 5718 455 5758 annum
483 5704 614 5759 1545
645 5706 963 5776 impressum
993 5707 1173 5775 habet,
1203 5707 1296 5764 sed
1321 5707 1387 5764 ad
1411 5708 1609 5766 calcem
1644 5722 1812 5767 tomo-

1919 4616 2172 4670 initurum
2201 4613 2365 4668 fuisse
2395 4621 2634 4675 monent,
2675 4611 2719 4664 si
2769 4610 2870 4664 soli
2924 4619 3030 4663 tam
3063 4609 3328 4678 ingentem
3365 4623 3483 4675 pro-

1918 4705 2146 4761 vinciam
2175 4704 2328 4758 ohire
2354 4710 2626 4768 vacasset,
2661 4710 2715 4755 et
2746 4715 2851 4754 non
2879 4700 3076 4754 bonam
3097 4700 3212 4767 ejus
3256 4709 3482 4767 partem,

1917 4798 2040 4854 aliis
2067 4798 2296 4868 negotiis
2321 4811 2384 4850 ex
2416 4804 2725 4848 transverso
2753 4807 2810 4848 se
2839 4792 3226 4861 ingerentibus,
3257 4791 3311 4844 in
3352 4791 3486 4844 ami-

1918 4905 2016 4948 cos
2044 4889 2233 4960 partiri
2261 4888 2566 4956 compulsus
2593 4894 2754 4940 esset.

1993 4981 2197 5036 Deinde
2223 4987 2452 5049 pergunt
2480 4995 2533 5032 ε(
2573 4977 2676 5031 Sed
2701 4975 2842 5045 quod
2869 4973 2959 5028 ille
2977 4970 3275 5041 posteriore
3304 4972 3488 5026 editio-

1923 5089 1991 5129 ne
2020 5080 2220 5126 sartum
2253 5079 2456 5124 tectum
2501 5076 2852 5136 praestaturus
2906 5063 3243 5133 sperabatur,
3271 5064 3486 5116 inteiim

1918 5165 2007 5219 alii
2040 5170 2460 5232 occupaverunt.
2511 5159 2846 5215 Succedente
2876 5158 3018 5212 enim
3052 5156 3328 5209 Lutetiana
3358 5156 3487 5209 edi-

1920 5257 2086 5322 tione,
2113 5255 2481 5309 celeberrima:
2512 5251 2708 5305 schola:
2733 5249 2934 5318 aliquot
2963 5247 3160 5302 alumni
3190 5247 3242 5300 in
3276 5246 3374 5300 hoc
3409 5246 3486 5298 in-

1918 5349 2244 5411 cubuerunt,
2269 5354 2326 5400 ut
2348 5346 2391 5400 si
2421 5343 2545 5414 quid
2571 5343 2849 5397 Erasmum
2880 5340 3122 5394 sociosve
3135 5337 3485 5404 subterfugis-

1920 5449 2022 5506 set,
2053 5439 2321 5493 sarcirent
2349 5449 2442 5490 sua
2471 5449 2624 5498 cura,
2658 5432 2798 5487 haud
2830 5432 3133 5502 paenitenda
3158 5445 3253 5500 per
3283 5430 3482 5488 Musas.

1919 5541 1970 5583 et
1993 5529 2213 5584 minime
2234 5540 2584 5596 supervacua.
2615 5523 2853 5578 Tandem
2878 5532 3098 5592 urgente
3115 5523 3225 5590 jam
3256 5521 3362 5574 luto
3383 5536 3484 5574 ex-

1922 5632 2147 5677 tremam
2178 5616 2548 5689 castigationis
2597 5631 2832 5682 manum,
2865 5627 2920 5670 et
2963 5625 3021 5669 ut
3063 5614 3209 5670 credi
3247 5629 3340 5683 par
3377 5621 3479 5676 est,

1925 5714 2092 5783 ipsius
2122 5710 2592 5780 Augustinisancta
2626 5709 2887 5763 animatot
2913 5706 3186 5777 prmclaris
3215 5703 3479 5758 successi-
