4010 6350
533 292 598 350 67
1401 286 1961 347 SUPPLEMENTUM
2003 291 2090 360 AD
2128 291 2355 348 OPEliA
2394 293 2452 349 S.
2497 294 2886 353 AlIGUSTlNl.
3704 309 3775 367 68

531 407 632 463 bus
657 405 891 467 favente,
938 402 1142 459 exstitit
1169 401 1250 456 vir
1278 403 1517 457 onmium
1549 403 1813 458 bonorum
1862 405 2094 459 bencvoo
2121 410 2173 465 Α
2201 404 2357 474 igitur
2383 414 2484 471 est,
2517 415 2594 471 ut,
2623 409 2765 476 quod
2796 408 3051 464 Romana!
3073 407 3401 482 eloquentia;
3422 417 3693 475 candidati
3718 424 3771 477 ίη

532 496 697 551 lentia
720 495 1084 564 dignissimus,
1115 504 1167 547 et
1210 493 1277 545 ad
1309 493 1445 547 hanc
1493 494 1821 550 iunctionem
1844 510 1873 549 a
1900 507 2093 550 natura

528 589 699 643 factus
749 586 1137 655 sculptusque,
1193 583 1321 638 olim
1370 598 1435 638 eo
1486 584 1829 654 potissimum
1875 589 2094 642 nomine

529 677 755 732 Erasmo
784 690 907 731 cum
938 675 1124 746 primis
1150 673 1377 741 cbarus,
1402 675 1587 744 illique
1629 675 1682 730 in
1721 676 1827 730 hoc
1876 677 2093 746 negotio

526 770 609 841 (ut
632 769 709 823 sic
737 767 932 837 dicam)
956 766 1407 830 succentutiatus,
1434 766 1693 822 Martinus
1717 766 1937 837 Lypaius
1959 785 1979 822 :
2005 770 2091 825 eui

523 860 638 914 viro
666 868 720 914 et
749 856 1003 926 temporis
1027 857 1281 926 spatium,
1310 866 1358 910 et
1393 858 1583 920 otium,
1621 866 1674 912 et
1701 858 2088 924 exemplarium

522 950 697 1019 capia,
731 957 784 1004 et
811 949 863 1001 iu
891 946 1078 1001 labore
1109 948 1378 1001 sociorum
1401 946 1661 1015 delectus,
1705 956 1759 1001 et
1789 947 2088 1001 litteratura

523 1040 740 1107 idonea,
794 1038 1023 1107 huicque
1053 1052 1147 1107 par
1172 1037 1461 1101 industria,
1511 1047 1565 1092 et
1596 1037 1648 1091 in
1680 1045 1840 1091 tanto
1874 1040 2088 1107 negotio

522 1145 627 1184 non
668 1137 775 1183 tam
820 1128 1121 1198 diligentia,
1150 1142 1309 1198 quam
1339 1123 1553 1197 religio,
1585 1128 1650 1182 ad
1684 1128 1785 1182 huc
1806 1127 2085 1183 doctorum

520 1222 797 1278 hominum
826 1221 981 1276 favor
991 1221 1502 1291 adhortationesque
1520 1229 1683 1290 atque
1709 1222 1930 1289 insuper
1951 1237 2088 1291 prae-

519 1315 750 1368 miorum
805 1313 1205 1377 allectamenta,
1258 1311 1491 1381 denique
1516 1311 1773 1381 quidquid
1804 1312 2087 1379 prmsidio-

517 1419 635 1458 rum
663 1417 797 1472 opus
825 1410 992 1467 esset,
1014 1402 1228 1457 abunde
1249 1411 1579 1471 suppeteret.
1609 1401 1848 1471 Namque
1871 1403 1916 1456 is
1946 1417 1976 1455 a
2008 1413 2086 1457 te-

518 1493 667 1547 neris
693 1493 995 1561 unguiculis
1014 1493 1294 1561 Augustini
1317 1492 1631 1557 admirator,
1647 1501 1806 1561 atque
1826 1493 1988 1547 etiam
2017 1510 2082 1547 ex

517 1585 764 1654 professo
786 1585 901 1654 ejus
929 1586 1153 1641 instituti
1185 1594 1417 1640 sectator
1445 1600 1542 1654 pro
1570 1599 1672 1640 suo
1701 1586 1959 1655 peculiari
1998 1603 2084 1641 er-

517 1690 582 1744 ga
612 1678 863 1730 sanctiss.
897 1675 1070 1729 virum
1115 1675 1330 1740 affectu,
1378 1690 1548 1730 annos
1595 1677 1715 1746 plus
1744 1678 1931 1746 viginti
1979 1678 2081 1733 hoc

2197 496 2478 563 Cicerone,
2514 499 2687 566 Livio,
2713 500 2941 566 Seneca,
2969 500 3166 569 Plinio,
3185 504 3411 574 aliisque
3432 521 3537 562 non
3562 513 3766 581 paucis,

2195 586 2249 640 in
2273 588 2467 656 quibus
2490 589 2760 655 posterior
2778 589 3108 646 eruditorum
3130 607 3263 647 cura
3286 595 3351 649 ad
3378 596 3613 665 priorem
3630 616 3771 655 sem-

2197 692 2292 746 per
2304 678 2503 748 aliquid
2526 679 2786 748 adjuuxit,
2805 697 2997 751 magno
3019 684 3279 753 applausu
3303 687 3587 759 obviisque
3618 692 3762 747 ulnis

2193 780 2550 837 exceperunt,
2593 773 2733 828 idem
2758 776 3053 830 sanctioris
3099 777 3415 835 litteratura:
3445 784 3673 838 Studiosi
3712 785 3767 841 in

2192 864 2477 932 Augustini
2515 866 2730 932 scriptis
2757 881 2861 921 non
2897 867 3194 934 fastidiant,
3233 872 3277 924 si
3308 882 3552 941 pectora,
3583 878 3767 945 qualia

2191 952 2367 1015 decet,
2392 954 2456 1007 ad
2487 969 2671 1009 eorum
2701 957 2987 1012 lectionem
3016 958 3212 1016 afferre
3240 963 3488 1018 volunt.»

2261 1041 2454 1096 Totum
2483 1058 2617 1112 opus
2646 1047 2977 1117 exscriptum
3009 1060 3091 1103 est
3113 1050 3254 1105 binis
3292 1054 3561 1109 columnis
3602 1058 3765 1113 solito

2190 1131 2548 1188 Frobeniana:
2584 1134 2814 1190 officina:
2851 1137 3168 1195 charactere
3189 1181 3203 1204 ,
3232 1142 3325 1195 sed
3352 1143 3543 1198 minori
3576 1154 3630 1199 et
3657 1163 3762 1200 non

2187 1219 2475 1275 admodum
2524 1222 2733 1289 nitido,
2784 1235 3142 1294 prmterquam
3189 1228 3240 1281 in
3284 1218 3764 1305 praefatione:qu

2188 1312 2329 1382 typis
2356 1312 2514 1382 paulo
2543 1315 2836 1385 majoribus
2871 1326 2953 1372 est
2984 1326 3225 1372 exarata.

2883 1406 3041 1461 1543.

2262 1492 2486 1547 chctiis
2536 1511 2599 1549 ea:
2646 1497 2845 1565 ofﬁcina
2893 1498 3201 1553 Erasmiana
3246 1503 3387 1569 apud
3433 1503 3759 1561 Vincentium

2191 1583 2505 1653 Valgrisium
2528 1602 2548 1650 ;
2573 1587 2741 1654 iit-8°,
2775 1591 2924 1642 lamis
2972 1588 3065 1643 ΙΙΙ
3105 1591 3179 1645 De
3208 1593 3410 1647 Aurelii
3439 1597 3751 1665 Augustini,

2186 1671 2446 1727 Ecclesia:
2488 1674 2729 1729 doctoris
2770 1678 2989 1746 eximii,
3039 1682 3431 1749 Upusculorum
3457 1693 3622 1739 tomus
3642 1690 3756 1758 pri-

515 1780 655 1834 pene
706 1765 880 1819 solum
909 1764 1040 1833 egit,
1067 1778 1135 1819 ne
1164 1764 1303 1834 quod
1336 1765 1588 1819 mendum
1643 1767 1694 1819 in
1722 1768 1937 1836 scriptis
1963 1768 2081 1836 ejus
2113 1763 2156 1819 Β
2186 1777 2317 1827 mus,
2349 1778 2459 1833 quo
2482 1766 2685 1834 omnia,
2715 1782 2834 1836 qua:
2859 1769 2923 1821 ad
2958 1768 3115 1824 ﬁdem
3142 1782 3196 1827 et
3226 1787 3389 1842 opera
3414 1786 3757 1844 spectant;—

513 1855 815 1910 subsideret
846 1870 862 1908 :
902 1864 1090 1923 utpote
1117 1856 1208 1924 qui
1236 1855 1399 1909 etiam
1439 1855 1607 1924 prima
1635 1868 1821 1911 nostra
1848 1858 2083 1914 editione

515 1945 740 2000 Erasmo
758 1945 910 2014 plura
937 1946 1073 2007 loca,
1096 1960 1254 2015 quam
1299 1946 1438 1999 alius
1461 1946 1743 2017 quisquam
1784 1950 2079 2004 amicorum

511 2038 896 2110 suppeditavit.
931 2038 1134 2093 Deinde
1154 2048 1353 2109 praeter
1380 2038 1729 2094 domesticam
1759 2052 2081 2112 symmysta-

511 2146 631 2186 rum
663 2132 1071 2199 bibliothecam,
1092 2132 1389 2203 corrogatis
1411 2148 1473 2186 ex
1497 2134 1915 2206 circumquaque
1944 2137 2078 2192 vici-

512 2222 600 2277 nis
624 2226 967 2281 monasteriis
998 2227 1230 2280 vetustis
1253 2226 2075 2296 etincorruptisexemplaribus,

509 2316 714 2384 optimo
740 2332 952 2387 quoque
980 2317 1032 2371 in
1059 2319 1203 2370 hunc
1229 2331 1381 2369 usum
1414 2318 1816 2386 promptissime
1837 2334 2078 2373 commu-

511 2407 750 2473 nicante,
781 2408 1002 2462 adscitis
1030 2424 1095 2463 ex
1124 2422 1222 2463 sno
1272 2407 1522 2463 sodalitio
1574 2408 1813 2479 impigris
1853 2410 2072 2481 aliquot,

508 2497 600 2569 qui
626 2497 950 2567 adjutarent,
986 2499 1227 2554 niltilvel
1263 2499 1404 2566 aliis,
1429 2499 1513 2553 vel
1555 2499 1656 2553 sibi
1706 2499 1805 2569 ipsi
1827 2500 1892 2554 ad
1927 2516 2077 2554 sum-

506 2602 648 2642 mam
680 2588 993 2643 conferendi
1013 2588 1343 2658 diligentiam
1388 2590 1653 2658 reliquum
1682 2589 1829 2657 fecit,
1857 2605 2071 2660 magna,

504 2678 829 2742 mediocria,
853 2679 1070 2743 minuta,
1104 2681 1217 2747 pari
1258 2680 1407 2733 lance
1442 2678 1771 2749 appendens,
1812 2689 1867 2735 et
1905 2695 2073 2736 anno-

504 2776 644 2821 tans.
673 2767 769 2822 Vix
788 2768 1000 2832 credas,
1026 2769 1096 2822 mi
1114 2768 1301 2833 lector,
1328 2768 1441 2823 haec
1455 2769 1587 2823 citra
1605 2772 2069 2839 exaggerationem

503 2858 643 2924 dici,
676 2859 729 2913 ni
772 2860 1041 2929 margines
1070 2859 1397 2929 exemplaris
1444 2859 1628 2915 abillo
1671 2860 1820 2915 missi
1848 2861 2066 2930 videas,

505 2948 739 3004 hominis
780 2949 1105 3005 indefessum
1131 2949 1364 3004 studium
1402 2958 1702 3005 testantes:
1735 2951 1860 3006 dum
1908 2954 2071 3008 certis

503 3038 644 3093 notis
668 3048 818 3093 terna
858 3049 1208 3108 quaternave,
1255 3042 1535 3095 autetiam
1564 3042 1719 3111 plura
1743 3045 2068 3113 exemplaria

2185 1862 2350 1907 tonius
2378 1857 2653 1925 secundus,
2682 1873 2789 1927 quo
2816 1860 3016 1929 omnia,
3043 1877 3163 1931 quae
3184 1864 3248 1918 ad
3278 1867 3507 1934 gratiam
3530 1877 3585 1922 et
3614 1869 3755 1924 libe-

2183 1958 2302 1998 rum
2330 1946 2610 2001 arbitrium
2639 1960 3163 2018 speetant;—lomus
3189 1959 3388 2022 tertius,
3419 1974 3526 2028 quo
3549 1963 3755 2027 omnia,

2182 2051 2300 2105 quae
2329 2038 2395 2092 ad
2420 2039 2764 2109 electionem,
2798 2045 3157 2111 vocationem,
3191 2047 3757 2122 gloriﬁcationemque

2179 2138 2445 2196 spectant,
2477 2130 2824 2186 declarantur
2855 2149 2872 2188 :
2917 2149 2988 2189 ex
3022 2134 3176 2191 libris
3202 2137 3445 2206 ejusdem
3478 2155 3505 2193 a
3538 2140 3615 2195 Η.
3646 2145 3775 2209 Αιι-ν

2176 2219 2381 2289 guatino
2412 2218 2642 2291 Fregoso
2669 2222 2916 2277 Sosteneo
2940 2236 3226 2295 excerptus
3251 2237 3308 2282 et
3332 2230 3574 2297 scltoliis,
3593 2245 3753 2301 argu-

2179 2311 2373 2364 mentis
2399 2321 2451 2365 et
2481 2311 2655 2368 indice
2686 2312 3064 2383 locupletatus.

2246 2400 2409 2457 Liber
2451 2404 2779 2470 rarissimus,
2819 2408 2972 2475 cujus
3014 2410 3257 2479 nuspiam
3303 2413 3633 2468 mentionem
3673 2414 3752 2468 fa-

2173 2500 2313 2547 ctam
2345 2509 2465 2550 essc
2491 2498 2732 2552 memini.
2770 2497 2849 2554 Ne
2878 2501 2997 2569 quis
3031 2517 3162 2557 vero
3191 2518 3218 2555 a
3249 2505 3401 2559 titulo
3423 2506 3521 2560 sibi
3546 2508 3748 2576 imponi

2178 2585 2435 2653 patiatur,
2505 2590 2655 2657 quasi
2709 2590 2949 2645 locorum
3002 2592 3339 2649 diversorum
3371 2596 3748 2667 undecumque

2172 2686 2547 2747 excerptorum
2576 2691 2628 2734 et
2671 2683 2980 2738 avulsarum
3002 2726 3017 2749 ,
3053 2700 3194 2741 nunc
3224 2701 3357 2742 vero
3387 2688 3535 2755 juxta
3563 2693 3747 2745 varias

2170 2769 2472 2837 argumenti
2518 2770 2675 2825 sedes
2724 2774 3146 2841 compositorum
3185 2774 3398 2847 farrago
3441 2778 3539 2843 sit,
3574 2780 3744 2835 libros

2170 2856 2414 2929 integros
2441 2860 2508 2915 ad
2539 2877 2701 2917 unum
2732 2875 3109 2933 argumentum
3133 2867 3399 2927 facientes
3425 2915 3439 2940 ,
3482 2873 3741 2931 collectos

2169 2964 2290 3006 esse
2320 2951 2453 3006 sciat
2482 2951 2581 3008 hac
2610 2954 2789 3010 serie:
3306 3020 3309 3023 _

2244 3041 2404 3098 Tamo
2428 3046 2592 3111 primo
2616 3061 2634 3100 :
2658 3076 2728 3086 —
2752 3048 2824 3102 De
2853 3046 3101 3103 doctrina
3145 3048 3448 3107 Christiana
3483 3053 3605 3108 libri
3631 3053 3737 3120 1V;

502 3128 728 3197 profert,
751 3138 863 3184 tum
884 3142 1148 3199 quatenus
1169 3132 1434 3197 evarient,
1461 3132 1686 3187 indicat:
1719 3150 1837 3189 nam
1857 3151 1978 3191 cum
2001 3141 2070 3193 sit
2092 3113 2139 3175 (ἶ
2172 3133 2248 3188 De
2271 3134 2556 3204 disciplina
2588 3136 2892 3192 Christiana
2923 3140 3091 3207 liber;
3124 3142 3470 3198 Enchiridion
3500 3146 3565 3200 ad
3602 3146 3741 3201 Lau-

502 3218 845 3274 non'minore
866 3220 1155 3286 modeStia,
1180 3235 1341 3290 quam
1376 3222 1704 3290 eruditione,
1737 3226 1927 3281 maluit
1949 3228 2069 3283 aliis

498 3309 771 3379 iudicandi
787 3326 980 3365 munus
994 3312 1207 3377 cedere,
1220 3312 1509 3382 aliquando
1524 3323 1699 3369 tamen
1715 3330 1867 3370 suum
1884 3319 2070 3388 prteju-

499 3400 698 3455 dicium
721 3400 947 3466 addens,
966 3402 1105 3470 quod
1122 3402 1337 3471 quidem
1361 3418 1574 3474 semper
1589 3406 1818 3461 libenter
1835 3409 2067 3477 amplexi

497 3504 704 3545 sumus.
760 3492 964 3546 Castora
1021 3492 1152 3546 viris
1195 3492 1392 3558 doctis,
1434 3504 1487 3549 et
1534 3496 1621 3563 qui
1665 3499 2067 3567 Augustiniana:

500 3580 764 3651 phraseos
813 3582 1037 3637 salivam
1075 3581 1166 3635 diu
1205 3583 1545 3651 multumque
1589 3596 1915 3654 regustatum
1953 3588 2064 3657 jam

499 3674 671 3743 probe
692 3673 973 3737 callerent,
1008 3672 1295 3742 judicanda
1323 3675 1607 3729 commissa
1636 3684 1763 3730 sunt
1788 3694 1801 3729 :
1827 3678 1877 3731 id
1923 3680 2064 3747 quod

505 3777 613 3818 non
640 3764 811 3818 cuivis
859 3764 1097 3833 proclive
1130 3762 1407 3821 fuerit.....
1443 3764 1579 3818 illud
1619 3765 2063 3824 dissimulandum

497 3869 607 3911 non
642 3864 748 3921 est,
771 3856 821 3908 in
864 3864 1018 3925 parte
1055 3854 1285 3923 quadam
1312 3853 1507 3909 decimi
1549 3856 1701 3923 tomi,
1726 3871 1831 3910 non
1874 3873 2064 3927 magna

492 3959 646 4011 sane,
669 3946 712 4000 si
734 3960 987 4015 germana
1011 3953 1214 3999 tantum
1238 3954 1478 4015 spectes,
1499 3961 1599 4001 nos
1622 3946 1806 4017 Lypsii
1826 3949 2065 4005 subsidio

493 4034 799 4103 destitutos,
821 4036 1188 4106 grassantibus
1206 4035 1305 4091 sub
1324 4034 1377 4090 id
1407 4045 1616 4106 tempus
1638 4037 1853 4094 Geldris
1876 4041 1930 4095 in
1963 4041 2064 4095 Lo-

494 4126 705 4179 vanium
747 4134 802 4180 et
831 4126 1103 4193 viciniam,
1132 4127 1221 4182 ubi
1263 4137 1372 4182 tum
1414 4127 1646 4199 Lypsius
1673 4132 1889 4199 agebat:
1920 4134 2063 4201 quod

495 4216 615 4271 ideo
630 4216 885 4271 lectorem
914 4218 1171 4271 monitum
1195 4217 1500 4287 oportebat,
1526 4235 1592 4273 ne
1615 4219 1754 4275 forte
1783 4236 1849 4277 ex
1879 4225 2063 4291 paucis

493 4306 601 4361 illis
621 4307 689 4362 de
710 4307 934 4378 reliquis
956 4309 1319 4378 conjecturam
1346 4310 1505 4367 faciat
1531 4329 1546 4377 ;
1568 4314 1621 4367 in
1643 4316 1854 4371 cmteris
1884 4319 2062 4386 potius

491 4398 720 4468 quisque
744 4400 857 4454 suis
882 4401 1055 4457 oculis
1099 4401 1360 4457 inoffense
1390 4403 1574 4474 (modo
1603 4407 1747 4476 stylo
1777 4408 2057 4477 Augustini

489 4490 692 4544 assueti
732 4491 858 4562 sint)
908 4494 1087 4546 ontttia
1138 4496 1611 4562 pcreurrentibus,
1661 4513 1820 4566 quam
1870 4512 2059 4557 nostro

490 4581 801 4636 testimonio
830 4583 1048 4649 credat;
1083 4585 1380 4654 comperiet
1401 4588 1648 4643 universa
1674 4591 1874 4658 pariter
1896 4607 2056 4649 accu-

487 4680 628 4739 rata,
649 4687 715 4728 ne
735 4673 1089 4744 pseudepigra
1101 4675 1218 4742 phis
1248 4676 1462 4745 quidem
1485 4682 1748 4749 exceptis.
1789 4684 2054 4740 Caeterum

486 4760 557 4815 int
575 4770 718 4816 tanta
745 4761 996 4832 indagine
1023 4772 1077 4818 et
1101 4766 1552 4835 pervestigatione
1576 4771 1786 4826 unicum
1825 4790 2056 4841 opuseu.

489 4849 624 4921 lum,
648 4852 932 4907 dumtaxat
967 4868 997 4909 e
1023 4857 1313 4924 germanis,
1344 4871 1484 4913 nunc
1511 4859 1740 4927 primum
1781 4874 2050 4933 repertum

484 4953 570 4997 est
594 4952 650 4998 et
686 4944 912 5013 editum,
943 4946 1197 5002 videlicet
1226 4947 1415 5003 Contra
1437 4950 1783 5007 Gaudentium
1802 4956 1925 5010 liber
1948 4967 2052 5011 ter-

484 5034 587 5088 tius
611 5036 788 5089 :unde
819 5035 1009 5105 liquet,
1038 5038 1131 5091 vix
1162 5036 1252 5093 hic
1282 5038 1425 5093 aliud
1450 5040 1761 5111 quidquam,
1787 5046 1929 5112 quod
1951 5062 2052 5102 ex-

485 5135 611 5190 stet,
645 5126 976 5197 desiderari,
1009 5143 1130 5183 nam
1155 5143 1437 5185 sermones
1482 5132 1554 5186 De
1586 5142 1829 5203 tempore
1853 5136 1938 5208 (ut
1957 5152 2052 5193 vo-

483 5216 634 5289 cant)
661 5227 717 5273 et
761 5221 996 5285 sanctis,
1026 5236 1054 5274 a
1102 5222 1423 5292 quibusdam
1456 5226 1625 5295 copia:
1666 5228 1856 5297 magis,
1889 5246 2050 5299 quam

483 5307 720 5363 delectui
745 5311 1125 5380 servientibus,
1161 5313 1294 5368 mira
1322 5316 1532 5369 licentia
1563 5318 1759 5385 passim
1792 5320 2048 5376 interfar-

485 5399 580 5465 cti,
614 5399 748 5454 nihil
777 5400 843 5455 ad
870 5416 1110 5471 praesens
1130 5404 1403 5474 negotium
1429 5406 1658 5461 attinent
1690 5424 1701 5459 :
1734 5423 1853 5466 cunt
1882 5411 2051 5465 cuivis

483 5490 697 5545 erudito
716 5500 994 5561 appareat,
1019 5494 1277 5563 quosdam
1307 5498 1467 5552 etiam
1514 5512 1740 5553 excusos
1771 5509 1881 5555 toto
1910 5502 2050 5572 Stylo

490 5581 847 5648 Augustinum
878 5592 1154 5649 parentem
1188 5584 1437 5652 inliciari,
1487 5588 1776 5644 nonnullos
1802 5590 2046 5646 Gra‘Cum

493 5669 677 5738 magis,
694 5684 851 5739 quam
880 5670 1122 5727 Latinum
1146 5685 1416 5732 auctorem
1447 5692 1553 5747 prm
1566 5692 1624 5732 se
1638 5676 1797 5733 ferre.
1817 5678 2045 5750 [Equum

2169 3222 2399 3277 rentium
2432 3225 2600 3291 liber;
2653 3227 2731 3281 De
2775 3230 3155 3287 ecclesiasticis
3198 3233 3538 3304 dogmatibus
3569 3237 3733 3303 liber;

2166 3313 2247 3380 De
2271 3312 2574 3370 hteresibus
2607 3316 2764 3383 liber;
2800 3319 2874 3374 De
2904 3320 2946 3375 V
2972 3321 3266 3378 hmresibus
3290 3326 3494 3390 oratio;
3528 3327 3600 3381 De
3620 3326 3738 3382 Uti-

2168 3405 2315 3460 litate
2359 3407 2615 3463 credendi
2662 3409 2828 3476 liber;
2865 3413 2937 3467 De
2984 3413 3087 3470 fide
3112 3424 3167 3470 et
3192 3416 3442 3486 symbolo
3472 3418 3624 3484 liber;
3657 3421 3738 3475 De

2169 3494 2271 3550 fide
2297 3494 2362 3550 ad
2391 3497 2603 3553 Petrum
2635 3500 2921 3557 diaconum
2945 3505 3104 3571 liber;
3138 3507 3213 3561 De
3235 3523 3405 3578 agone
3429 3512 3741 3567 Christiano

2169 3584 2339 3651 liber;
2374 3589 2447 3643 De
2477 3588 2585 3645 fide
2614 3603 2669 3646 et
2693 3595 2947 3660 operibus
2979 3597 3154 3663 liber;
3210 3601 3265 3655 ln
3310 3603 3573 3671 psalmum
3601 3621 3736 3662 xxtx

2164 3678 2464 3745 enarratio;
2494 3681 2548 3734 1n
2579 3684 2841 3750 psalmum
2875 3703 3014 3755 xxx;
3046 3689 3101 3744 ln
3134 3692 3398 3760 psalmum
3426 3711 3576 3750 xxxt.

2239 3767 2398 3822 Tomo
2442 3776 2808 3829 secundo:—
2849 3778 3011 3835 Liber
3062 3785 3415 3851 expositionis
3469 3788 3738 3845 inchoata:

2168 3858 2338 3927 Epist.
2370 3862 2477 3917 divi
2523 3865 2672 3921 Pauli
2712 3869 2776 3923 ad
2807 3869 3001 3934 Rom;
3032 3873 3193 3930 Liber
3218 3878 3578 3946 expositionis
3606 3897 3737 3950 qua-

2165 3950 2406 4004 rumdam
2424 3958 2865 4022 pr0positionum.
2886 3977 2951 4016 ex
2978 3963 3224 4031 Epist.ad
3249 3967 3429 4033 ΒοηΙά
3456 3969 3615 4026 Liber
3637 3988 3737 4026 ex-

2164 4039 2442 4107 positionis
2456 4045 2624 4114 Epist.
2640 4048 2705 4101 ad
2725 4048 2865 4113 Gal.;
2885 4051 3053 4120 Epist.
3071 4054 3335 4112 Hilariiad
3354 4061 3734 4129 Augustinum;

2167 4130 2508 4202 llescriptum
2540 4140 2826 4207 Augustini
2875 4142 2942 4197 ad
2992 4144 3286 4213 Hilarium;
3318 4150 3481 4218 Epist.
3517 4152 3736 4207 Patrum

2164 4224 2607 4296 Carthaginensis
2628 4233 2847 4287 concilii
2873 4237 2939 4289 ad
2966 4236 3333 4295 innocentium
3367 4259 3556 4313 papam
3584 4261 3598 4309 ;
3626 4245 3733 4299 Rc-

2163 4314 2420 4383 scriptum
2450 4318 2747 4375 Innocentii
2781 4338 2932 4393 papa:
2973 4327 3039 4381 ad
3077 4327 3266 4384 Patres
3294 4332 3737 4403 Carthaginiensis

2163 4404 2418 4472 concilii;
2466 4406 2640 4477 Epist.
2673 4412 2893 4467 Patrum
2926 4414 3211 4472 Milevitani
3243 4422 3454 4475 concilii
3480 4423 3547 4477 ad
3576 4424 3737 4478 luno-

2164 4494 2399 4549 centium
2448 4512 2672 4568 papam;
2726 4501 3069 4573 Rescriptum
3120 4507 3417 4565 Innocentii
3468 4528 3619 4583 papa:
3666 4516 3735 4569 ad

2166 4583 2359 4641 Patres
2391 4588 2682 4645 Milevitani
2713 4594 2932 4648 concilii
2960 4611 2975 4660 ;
3007 4596 3177 4665 Epist.
3213 4600 3509 4670 Augustini
3538 4604 3604 4659 ad
3636 4605 3733 4659 lli-

2161 4677 2403 4746 larium;
2451 4681 2621 4750 Epist.
2674 4686 2909 4754 quinque
2952 4690 3327 4759 episcoporum
3370 4694 3437 4750 ad
3471 4695 3734 4752 Innocen—

2161 4768 2292 4823 tium
2332 4785 2555 4840 papam;
2601 4774 2941 4845 Rescriptum
2972 4778 3265 4836 lnnocentii
3296 4798 3450 4853 papa;
3478 4787 3544 4840 ad
3575 4792 3734 4857 quiu-

2158 4876 2265 4930 que
2291 4864 2608 4934 episcOpos;
2662 4868 2807 4924 Libri
2836 4878 2945 4924 tres
2974 4871 3236 4929 delibero
3269 4876 3515 4937 arbitrio;
3550 4879 3727 4949 Epist.

2159 4954 2329 5022 prima
2359 4957 2465 5012 divi
2515 4958 2796 5029 Augustini
2846 4962 2914 5016 ad
2967 4963 3341 5031 Valentinum,
3389 4978 3443 5024 et
3492 4985 3611 5025 cum
3637 4974 3729 5026 illo

2157 5047 2438 5113 fratribus;
2465 5049 2633 5118 Epist.
2667 5052 2701 5105 9.
2729 5053 3012 5123 Augustini
3034 5057 3099 5111 ad
3126 5057 3491 5129 Valentinum,
3524 5071 3579 5118 et
3605 5078 3725 5118 cum

2155 5136 2249 5189 illo
2274 5137 2551 5205 fratribus;
2581 5141 2750 5211 Epist.
2782 5146 2950 5213 prima
2973 5145 3082 5200 divi
3109 5148 3392 5218 Augustini
3422 5153 3487 5206 ad
3516 5153 3726 5208 Sixtum

2154 5227 2525 5297 presbyterum
2556 5245 2571 5295 ;
2627 5232 2794 5300 Epist.
2845 5235 3079 5290 secunda
3108 5236 3218 5293 divi
3254 5242 3479 5310 August.
3507 5241 3572 5295 ad
3606 5242 3729 5298 Six-

2157 5328 2264 5373 tum
2294 5320 2498 5388 presb.;
2535 5322 2704 5391 Epist.
2732 5325 2892 5395 Alipii
2924 5336 2979 5382 et
3022 5328 3308 5398 Augustini
3341 5332 3406 5386 ad
3438 5332 3723 5389 Paulinum

2153 5409 2501 5478 episcopum:
2548 5412 2709 5468 Liber
2752 5414 2818 5470 de
2845 5417 3018 5484 gratia
3042 5462 3057 5482 ,
3087 5429 3141 5473 et
3171 5419 3345 5475 libero
3372 5423 3619 5490 arbitrio,
3655 5425 3725 5479 ad

2151 5499 2516 5567 Valentinum,
2542 5511 2597 5558 et
2622 5520 2744 5559 cum
2764 5507 2858 5562 illo
2888 5510 3202 5577 monachis;
3235 5513 3394 5569 Liber
3422 5516 3489 5571 de
3522 5527 3719 5571 natura

2151 5600 2203 5646 et
2232 5593 2399 5663 gratia
2428 5637 2442 5660 ,
2477 5595 2544 5649 ad
2594 5596 2885 5652 Timasitnn
2925 5608 2979 5654 et
3019 5601 3299 5669 Jacobum,
3330 5616 3519 5660 contra
3558 5607 3721 5661 Pela-

2150 5684 2381 5753 gianos;
2419 5685 2585 5754 Epist.
2625 5689 2792 5743 sancti
2820 5690 3069 5761 Presperi
3094 5693 3344 5765 Aquitani
3371 5697 3438 5751 de
3467 5698 3636 5766 gratia
3669 5709 3723 5752 et
