4010 6350
282 288 353 347 ω
1183 281 1456 341 NOTITIA
1489 281 1909 340 LITTERARIA
1948 284 2011 340 IN
2052 286 2108 343 S.
2150 286 2613 347 AUGUSTINUM.
3430 302 3499 359 70

267 402 427 458 libero
456 396 683 454 arbitrio
704 395 767 451 ad
800 394 1083 459 Rufinum;
1116 393 1275 449 Liber
1307 394 1375 449 de
1403 396 1577 464 gratia
1604 403 1661 449 et
1689 394 1822 447 libe-
1847 401 1895 455 Λ
1996 396 2220 462 Quintus
2270 410 2461 469 tomus,
2508 403 2787 459 continens
2831 402 2970 461 XXII
3016 406 3182 463 libros
3237 408 3304 464 de
3354 411 3500 467 Civi-

266 505 322 544 ro
348 489 574 543 arbitrio
603 487 779 541 saneti
808 486 1061 555 Prosperi
1086 483 1361 554 Aquitani,
1397 485 1820 553 prodefensione

259 582 357 635 divi
395 580 600 634 Aurelii
647 579 932 649 Augustini
980 586 1168 634 contra
1210 577 1456 632 Cassiani
1511 577 1821 649 presbyteri

259 672 479 735 librum;
525 671 699 741 Epist.
754 670 925 725 sancti
976 668 1184 725 Aurelii
1233 669 1571 739 episcopi-de
1594 668 1819 724 damna-

256 762 392 815 tione
431 760 631 830 Pelagii
665 768 829 830 atque
853 759 1116 814 leestii.
1147 758 1319 827 Epist.
1352 758 1605 826 decerpta
1628 774 1698 813 ex
1722 772 1817 827 ge-

253 853 343 907 stis
390 851 744 921 synodalibus
777 860 978 906 contra
1030 848 1303 919 Pelagium
1331 848 1667 914 brereticum,
1696 864 1817 918 quae

250 943 300 996 in
328 942 541 996 Palmsti
554 956 617 995 na
645 941 873 1012 synodo,
902 941 1002 996 sibi
1034 940 1244 1009 objecta
1291 939 1547 995 damnare
1571 942 1815 1008 compul-

247 1046 332 1087 sus
384 1042 513 1097 est;
539 1032 789 1086 Canones
841 1032 1135 1097 tredecim,
1162 1032 1321 1101 epist.
1354 1030 1630 1087 Cretesﬁni
1663 1046 1815 1101 papa:

246 1137 339 1191 pro
368 1121 644 1191 Prospero
673 1130 726 1175 et
752 1122 954 1176 llilario
978 1123 1046 1177 de
1066 1123 1233 1191 gratia
1256 1122 1345 1175 Dei
1369 1122 1624 1175 adversus
1649 1135 1813 1189 quos-

243 1213 359 1267 dam
390 1211 688 1267 Galliarum
721 1214 1064 1284 presbyteros
1083 1254 1097 1279 ,
1127 1212 1325 1282 Pelagii
1352 1220 1669 1266 sectatores.

305 1302 472 1358 Tomo
518 1303 718 1357 Tertio:
749 1334 821 1345 —
856 1303 1311 1358 Retractat‘ionum
1356 1302 1451 1356 lib.
1500 1300 1577 1366 Il;
1629 1300 1812 1371 Hypo-

239 1395 518 1465 gnosticon
553 1403 739 1448 contra
786 1391 1109 1463 Pelagianos
1133 1402 1188 1447 et
1210 1390 1566 1448 Celestianos
1591 1391 1683 1446 lib.
1716 1390 1808 1455 Vl;

239 1486 431 1540 Comra
461 1485 594 1539 duas
633 1484 1044 1554 Pelagianorum
1073 1483 1332 1553 epistolas
1372 1482 1437 1536 ad
1480 1480 1810 1536 Bonifacium

240 1576 327 1632 lib.
361 1575 465 1641 IV;
510 1575 587 1630 De
618 1576 809 1644 Spiritu
836 1586 891 1629 et
932 1575 1107 1629 littera
1143 1573 1209 1627 ad
1244 1568 1619 1627 Marcellinum
1652 1570 1805 1635 liber,

238 1668 309 1722 De
342 1667 825 1738 prardestinatione
850 1676 903 1722 et
927 1668 1128 1737 gratia,
1158 1665 1584 1736 quiintitulatur
1610 1664 1677 1718 de
1706 1677 1805 1717 vo-

1925 496 2036 543 late
2065 490 2188 545 Dei.
2235 492 2328 546 Cui
2372 503 2719 551 accesserunt
2761 496 3144 555 Commentarii
3170 499 3259 555 Jo.
3287 501 3493 557 Ludov.

1934 578 2071 634 Vivis
2095 580 2163 635 ab
2196 590 2420 638 auctore
2444 586 2728 653 recogniti.
2761 586 2993 643 M.D.Ll.

1992 669 2184 725 Sextus
2203 682 2388 742 tomus,
2420 683 2479 729 ut
2504 675 2555 728 in
2584 676 2903 733 Basileensi.
2933 680 3169 736 M.D.LI.

1990 760 2250 830 Septimus
2268 804 2285 829 ,
2312 774 2519 818 octavus
2541 806 2557 831 ,
2583 782 2749 821 nonus
2770 776 2827 823 et
2853 770 3081 826 decimus
3106 781 3271 827 tomus
3300 773 3489 830 simili-

1918 858 2021 906 ter.
2052 852 2261 908 M.D.L.
2297 854 2508 925 (1550).

1987 940 2157 997 Index
2185 945 2445 1009 omnium,
2474 960 2597 1015 quae
2626 947 2903 1017 insigniter
2939 966 2968 1005 a
3005 950 3071 1006 D.
3106 954 3324 1009 Aurelio
3371 956 3487 1011 Au-

1914 1032 2132 1100 gustino
2162 1032 2301 1087 dicta
2328 1044 2472 1103 sunt,
2522 1051 2664 1090 nunc
2694 1052 2882 1093 recens
2911 1054 3070 1109 supra
3112 1044 3484 1111 praecedentes

1913 1122 2200 1187 editiones,
2234 1139 2330 1193 per
2357 1125 2425 1181 F.
2458 1124 2788 1182 Florentium
2822 1128 3175 1202 Bourgoinum
3211 1135 3486 1193 Parisien-

1912 1226 2050 1278 sem,
2078 1212 2516 1279 Franciscannm,
2548 1218 2703 1288 longe
2733 1234 2889 1289 quam
2910 1231 3065 1276 antea
3096 1226 3305 1281 auctior
3323 1242 3386 1282 ac
3412 1228 3486 1282 lo-

1908 1302 2177 1371 cupletior
2201 1304 2464 1362 redditus.
2485 1307 2733 1380 Insurper
2756 1312 2945 1378 multa,
2961 1330 3077 1381 qua:
3094 1326 3248 1371 erant
3268 1333 3477 1387 manca,

1912 1392 2097 1446 mutila
2128 1400 2185 1449 et
2219 1394 2393 1450 solum
2423 1397 2695 1465 inchoata,
2725 1410 2831 1455 tam
2865 1402 2919 1457 in
2972 1403 3149 1460 indice
3187 1409 3480 1464 auctorita-

1910 1492 2021 1538 tum
2045 1500 2213 1542 sacras
2235 1486 2555 1558 Scripturte,
2580 1491 2632 1546 id
2664 1501 2769 1559 est,
2792 1496 2992 1550 veteris
3020 1511 3084 1552 ac
3108 1498 3231 1553 novi
3277 1501 3477 1555 instru-

1908 1577 2101 1643 menti,
2124 1592 2285 1646 quam
2309 1578 2362 1633 in
2389 1580 2523 1635 locis
2552 1582 2756 1651 aliquot
2781 1598 3058 1641 sacrarum
3083 1587 3477 1659 Scripturarum

1908 1666 2266 1735 pugnantibus
2308 1671 2607 1727 conciliatis
2657 1674 2710 1728 in
2761 1676 3062 1745 Augustino
3091 1718 3108 1743 ,
3139 1679 3425 1733 reformata
3462 1721 3477 1743 .

233 1759 437 1813 luntate
481 1758 617 1824 Dei,
652 1757 828 1813 liber:
874 1756 1126 1825 Prosperi
1170 1755 1423 1825 Aquitani
1467 1754 1536 1809 de
1562 1752 1805 1823 reliquiis
1835 1750 1879 1809 Β
1906 1769 2058 1814 aucta
2082 1770 2137 1816 et
2177 1772 2461 1833 repurgata
2490 1775 2637 1821 sunt.
2681 1767 2902 1840 Perlege
2922 1778 2975 1826 et
3017 1770 3225 1840 judica.
3269 1772 3475 1828 MDth.

232 1850 535 1921 Pelagiante
575 1850 849 1905 haereseos
895 1848 963 1903 ad
1008 1849 1365 1918 Augustinum
1393 1846 1659 1915 epistola;
1713 1845 1804 1899 lli-

231 1942 348 1997 larii
379 1942 718 1997 Arelatensis
761 1942 828 1996 de
875 1940 1062 1996 eadem
1093 1940 1321 1995 materia
1354 1939 1419 1993 ad
1449 1938 1803 2009 Augustinum

226 2036 495 2106 epistola;
552 2036 631 2091 De
662 2034 1138 2105 prmdestinatione
1184 2042 1494 2088 sanctorum
1521 2032 1657 2086 liber
1686 2030 1801 2100 pri-

226 2146 340 2185 mus
364 2146 380 2196 ;
432 2130 508 2185 De
536 2130 679 2185 bono
708 2128 1127 2199 perseverantiae
1160 2127 1298 2183 liber
1326 2128 1598 2182 secundus
1622 2142 1637 2191 ;
1666 2125 1801 2181 Pro-

222 2222 365 2291 speri
418 2223 804 2291 responsiones
846 2221 912 2275 ad
960 2230 1250 2291 excerpta,
1301 2236 1422 2291 qua;
1446 2221 1515 2276 de
1540 2220 1799 2276 Januensi

219 2314 439 2369 civitate
469 2314 620 2368 missi
649 2322 812 2379 sunt;
846 2313 912 2368 de
944 2313 1415 2383 prtedestinatione
1438 2312 1533 2368 Dei
1565 2311 1723 2367 liber.

288 2403 531 2474 Singulis
579 2405 738 2458 tomis
787 2404 1065 2473 praemissa
1107 2414 1190 2459 est
1226 2403 1407 2457 tabula
1432 2443 1449 2468 ,
1478 2411 1794 2473 argumenta

219 2494 483 2550 librorum
532 2503 587 2549 et
630 2495 862 2563 capitum
906 2494 1240 2564 singulorum
1289 2494 1600 2559 declarans,
1633 2509 1791 2561 quam

218 2584 535 2654 inscripsit:
564 2586 878 2656 Argumenta
907 2600 996 2656 per
1022 2583 1074 2638 Μ
1088 2627 1100 2640 .
1126 2584 1466 2655 Augustinum
1487 2584 1793 2639 Sostenenm

217 2673 511 2745 Fregosum
534 2676 890 2745 compendiose
924 2676 975 2729 in
1001 2692 1161 2729 unum
1185 2677 1430 2743 redacta;
1458 2686 1503 2732 et
1525 2677 1679 2730 index
1708 2676 1791 2729 al-

219 2767 518 2835 phabeticus
542 2769 871 2822 materiarum
900 2768 1198 2836 insignium.
1238 2767 1576 2838 Nuncupavit
1617 2769 1793 2823 editor

221 2874 349 2931 opus
380 2874 541 2915 suum
575 2860 647 2914 Μ.
694 2860 1029 2930 Hieronymo
1074 2860 1380 2930 Suripando
1421 2860 1583 2915 totius
1611 2858 1793 2929 Augu-

221 2953 463 3007 stiniana:
493 2952 795 3023 Religionis
823 2951 1094 3008 Generali.
1137 2952 1435 3021 Descriptio
1461 2961 1545 3007 est
1574 2952 1790 3021 elegans

223 3046 354 3116 typis
381 3044 635 3100 rotundis
657 3044 841 3099 nitidis
863 3086 879 3110 ,
912 3044 1097 3099 charta
1126 3044 1245 3099 alba
1276 3052 1330 3099 et
1353 3053 1561 3109 tenera,
1593 3043 1790 3114 margi-

1901 1849 2120 1921 (1552.)

1974 1940 2154 1997 Editio
2174 1952 2323 1999 extra
2354 1943 2557 2001 Italiam
2585 1949 2925 2017 paucissimis
2946 1951 3350 2008 visa.Notatam
3382 1954 3475 2010 de-

1911 2030 2301 2099 prehendimus
2326 2035 2378 2089 in
2409 2036 2669 2108 Catalogo
2696 2039 3037 2097 bibliothecae
3077 2042 3346 2114 Tigurinte
3374 2045 3467 2114 (a).

1900 2122 2048 2179 Illius
2074 2126 2355 2195 exemplar
2385 2140 2502 2182 erat
2529 2130 2796 2199 quondam
2821 2131 3161 2189 Hannoveras
3196 2135 3248 2189 in
3272 2135 3472 2189 ditissi-

1901 2230 1985 2270 ma
2053 2220 2424 2285 praestantium
2490 2220 2753 2277 librorum
2828 2223 3164 2293 supellectile
3213 2225 3467 2289 Duviana,

1898 2307 2041 2376 quod
2064 2308 2292 2364 feliciter
2314 2311 2365 2365 in
2390 2326 2581 2367 manus
2606 2314 2819 2369 Davidis
2846 2314 3075 2371 Clement
3098 2318 3310 2385 incidit,
3336 2320 3471 2374 etab

1897 2411 1965 2452 eo
1992 2398 2260 2454 curiosius
2286 2408 2369 2455 est
2395 2400 2726 2472 descriptum
2768 2406 2821 2459 in
2847 2404 3166 2460 Bibliotheca
3208 2406 3470 2461 Historira

1896 2486 2088 2543 Critica
2119 2488 2465 2561 T.Il,p.269
2489 2507 2640 2564 seqq.
2684 2494 2970 2551 Duo-vero
3016 2497 3179 2552 simul
3222 2498 3469 2566 praestitit

1896 2578 2128 2651 insignia
2154 2581 2547 2639 litteratoribus
2572 2585 2833 2641 beneﬁcia
2864 2602 2877 2639 :
2910 2588 3137 2643 alterum
3161 2628 3177 2654 ,
3209 2588 3354 2658 quod
3406 2588 3468 2642 Ii—

1894 2669 2049 2725 brum
2087 2672 2422 2729 rarissimum
2453 2689 2552 2729 nec
2577 2690 2673 2745 per
2702 2691 2762 2732 se
2790 2678 3111 2733 accuratiori
3160 2679 3467 2749 cognitione

1893 2761 2163 2831 indignum
2194 2764 2397 2832 primus
2446 2765 2734 2837 patefecit,
2784 2768 3012 2824 alterum
3050 2770 3224 2837 majus
3258 2771 3418 2824 etiam
3449 2811 3466 2833 ,

1892 2853 2034 2922 quod
2064 2853 2309 2923 diligenti
2340 2856 2457 2924 ejus
2484 2857 2791 2924 collatione,
2836 2874 2955 2914 cum
2989 2862 3234 2931 sequenti
3269 2862 3463 2917 Veneta

1891 2941 2150 3009 editione,
2183 2958 2342 2999 omne
2369 2945 2528 3015 hujus
2587 2947 2872 3003 artificium
2913 2959 2970 3005 et
3004 2952 3463 3007 constructionem

1892 3034 2195 3092 luculenter
2215 3038 2531 3106 declaravit,
2564 3050 2723 3112 atque
2753 3043 2822 3107 id,
2856 3043 2924 3098 de
2965 3060 3071 3114 quo
3122 3044 3265 3100 inter
3294 3044 3463 3101 Cleri-

222 3138 371 3193 nibus
402 3137 777 3207 amplissimis,
807 3138 1005 3206 quippe
1031 3135 1123 3207 qui
1156 3135 1293 3191 ultra
1324 3134 1571 3190 lemmata
1596 3145 1651 3191 et
1672 3136 1784 3191 loca
1816 3123 1859 3185 C
1890 3143 2010 3183 cum
2038 3139 2094 3185 et
2125 3130 2279 3186 Rich.
2324 3132 2620 3189 Simonium
2675 3134 3004 3205 litigabatur,
3054 3135 3197 3190 facili
3245 3138 3462 3205 negotio

218 3229 407 3285 biblica
439 3229 492 3283 in
526 3229 657 3298 ipsis
686 3236 867 3282 notata
896 3227 1002 3281 late
1030 3225 1437 3295 protenduntur.

918 3319 1077 3374 1552.

284 3412 515 3468 Venetiis
557 3413 626 3466 ad
665 3413 866 3480 signum
902 3412 1049 3481 spei;
1098 3409 1266 3464 iit-4°.
1310 3409 1360 3464 X
1426 3410 1618 3464 Tomis.
1664 3410 1781 3466 Divi

213 3505 338 3561 Aur.
374 3504 699 3576 Augustini,
732 3504 891 3574 Ilipp.
925 3503 1204 3573 episcopi,
1249 3502 1499 3557 Omnium
1545 3502 1779 3570 Operum

210 3599 402 3665 primus
426 3607 589 3654 tomus
611 3634 625 3657 .
672 3594 737 3649 ad
764 3594 922 3649 fidem
952 3602 1188 3649 veterum
1217 3592 1603 3661 exemplarium
1631 3608 1776 3647 sum-

209 3702 292 3741 ma
319 3686 594 3756 vigilantia
625 3693 1035 3755 repurgatorum
1066 3699 1093 3737 a
1126 3683 1333 3737 mendis
1358 3683 1654 3737 innumeris
1684 3699 1778 3738 no—

208 3786 316 3830 tata
366 3778 423 3830 in
470 3782 731 3830 contextu
776 3781 833 3828 et
877 3775 1117 3842 margine
1161 3774 1272 3826 suis
1320 3773 1486 3842 signis
1532 3781 1775 3827 veterum

207 3868 593 3939 exemplarium
618 3866 932 3933 lectione,ut
947 3866 1150 3934 optimo
1165 3866 1289 3935 jure
1316 3874 1493 3920 tantus
1522 3866 1777 3921 Ecclesia:

206 3962 397 4017 doctor
428 3970 645 4016 renatus
665 3960 837 4015 videri
862 3960 1050 4029 possit.
1092 3959 1324 4028 Inspice,
1350 3959 1540 4025 lector,
1566 3968 1617 4015 et
1642 3958 1775 4013 lateo

208 4053 350 4108 beris
379 4054 522 4107 banc
552 4066 659 4107 non
709 4066 904 4106 vanam
937 4065 1058 4105 esse
1088 4049 1530 4119 pollicitationem
1558 4068 1570 4103 :
1604 4050 1770 4120 quod,

199 4144 242 4199 si
260 4153 461 4217 gratus
488 4144 654 4199 etiam
684 4158 804 4199 esse
828 4142 981 4197 voles
1005 4183 1022 4208 ,
1069 4156 1177 4195 non
1204 4140 1432 4211 patieris
1465 4148 1666 4195 tantum
1696 4140 1773 4195 la-

198 4235 369 4303 boris,
399 4244 713 4305 tantumque
738 4234 1100 4304 impensarum
1126 4233 1320 4288 frustra
1340 4243 1610 4303 sumptum
1626 4248 1765 4289 esse.

196 4323 288 4378 Cui
312 4334 639 4380 accesserunt
669 4325 807 4392 libri,
838 4325 1067 4396 epistolm
1084 4366 1099 4391 ,
1127 4340 1384 4379 sermones
1409 4335 1457 4379 et
1480 4324 1768 4395 fragmenta

194 4415 429 4485 aliquot,
461 4416 722 4470 hactenus
764 4428 1053 4483 numquam
1086 4414 1367 4484 impressa.
1427 4415 1654 4469 Additus
1683 4426 1768 4470 est

1890 3223 2183 3293 expedivit.
2199 3224 2416 3281 Scilicet
2435 3241 2540 3279 non
2571 3241 2773 3281 meram
2802 3226 3219 3296 praecedentium
3235 3228 3459 3296 alicujus

1889 3316 2261 3384 repetitionem
2288 3325 2478 3386 putare
2506 3326 2740 3387 oportet,
2796 3317 2894 3372 sed
2924 3318 2989 3372 ad
3022 3318 3201 3387 plures
3245 3328 3302 3373 et
3348 3318 3460 3373 fere

1884 3409 2191 3478 superiores
2220 3423 2408 3463 omnes
2432 3408 2510 3481 (b)
2551 3409 2965 3465 conformatam.
3015 3408 3290 3478 Siquidem
3352 3425 3458 3463 non

1883 3514 2108 3568 omnes,
2174 3500 2267 3555 sed
2314 3501 2628 3570 complures
2682 3510 2860 3557 tamen
2913 3502 3125 3556 Erasmi
3197 3517 3457 3557 censuras

1880 3591 2132 3657 retinuit,
2160 3590 2431 3646 variantes
2446 3592 2773 3647 lectionesin
2794 3594 3033 3662 margine
3060 3590 3239 3661 oil‘ert,
3268 3602 3323 3647 et
3352 3594 3456 3647 sic-

1879 3682 1968 3736 ubi
1989 3680 2044 3736 in
2085 3692 2286 3737 textum
2308 3682 2506 3752 aliquid
2544 3694 2821 3753 receptum
2852 3685 2952 3751 sit,
2988 3684 3187 3740 ibidem
3220 3685 3452 3750 indicat,

1878 3788 1946 3827 ex
1968 3788 2070 3843 qua
2109 3773 2343 3829 editione
2369 3775 2761 3843 proficiscatur.
2792 3777 2999 3832 llecusa
3027 3785 3206 3832 autem
3241 3793 3344 3831 non
3366 3793 3453 3831 so-

1877 3868 2010 3932 lum,
2046 3868 2239 3923 tomol
2272 3868 2473 3923 Erasmi
2500 3870 2741 3938 prazfatio
2783 3870 2850 3924 ad
2889 3871 3208 3941 Alphonsum
3255 3870 3453 3925 Fonse-

1875 3976 2008 4026 cam,
2033 3959 2126 4014 sed
2149 3959 2202 4013 in
2223 3959 2460 4014 secundo
2483 3960 2644 4015 etiam
2670 3959 2852 4014 Jacobi
2874 3959 3315 4028 Haemeri,quem
3342 3962 3452 4015 edi-

1878 4050 2038 4106 tionis
2094 4050 2413 4105 Parisiensis
2475 4065 2526 4103 a.
2582 4050 2723 4105 £552
2772 4065 2955 4106 curam
3012 4050 3243 4121 gessisse
3288 4064 3447 4119 supra

1877 4140 2145 4207 vidimus,
2213 4141 2279 4195 ad
2335 4140 2593 4195 lcetorem
2655 4141 2974 4196 admonitio.
3022 4140 3291 4196 Caeterum
3354 4158 3450 4197 ne-

1872 4234 2006 4299 scio,
2036 4247 2195 4304 quam
2225 4249 2408 4288 verum
2448 4233 2540 4298 sit,
2566 4233 2707 4303 quod
2732 4233 2802 4288 de
2849 4233 3149 4302 augmentis
3186 4234 3239 4287 in
3293 4234 3448 4287 titulo

1872 4327 2193 4395 promissum
2217 4332 2321 4380 est.
2351 4322 2683 4380 Clementius
2704 4324 2847 4380 enim
2878 4325 3033 4379 alteri
3062 4324 3278 4394 quidem
3338 4326 3448 4379 edi-

1872 4417 2003 4473 tioni
2036 4417 2276 4482 Venetae,
2304 4431 2424 4486 quas
2455 4415 2701 4470 eamdem
2743 4414 3029 4470 formulam
3059 4414 3186 4470 hinc
3216 4416 3371 4485 petiit
3394 4429 3446 4473 et

192 4518 245 4561 et
269 4508 436 4562 index
462 4550 478 4575 ,
505 4508 674 4562 multo
697 4522 857 4578 quam
884 4506 1207 4563 Basileensis
1240 4505 1440 4577 fuerat,
1472 4508 1760 4576 copiosior.
1795 4485 1842 4544 υ
1868 4509 2051 4564 limine
2078 4523 2176 4563 suo
2198 4485 2503 4577 suspendit,
2524 4508 2814 4561 vanitatem
2838 4514 2892 4561 et
2920 4506 3330 4561 fraudulentiam
3354 4523 3445 4563 ex-

193 4599 453 4654 M.D.Lll.
487 4599 699 4671 U552.)

260 4693 538 4749 Secundus
586 4704 751 4747 tomus
795 4691 1027 4762 Operum
1056 4692 1160 4747 rel.
1197 4692 1281 4763 (ut
1304 4692 1357 4747 in
1388 4692 1683 4747 Basileensi
1706 4708 1757 4748 a.

188 4785 375 4853 1545),
406 4800 545 4838 nunc
566 4793 820 4854 postremo
848 4784 1159 4837 accuratiori
1185 4800 1339 4853 quam
1370 4795 1520 4839 antea
1545 4784 1762 4855 diligen-

186 4878 257 4931 tia
283 4892 525 4931 excusus.
559 4875 816 4933 M.D.Lll.

252 4968 461 5022 Tertius
487 4976 675 5033 tomus,
708 4977 765 5022 ut
793 4968 846 5022 in
876 4966 1196 5021 Basileensi.
1226 4966 1482 5021 M.D.Lll.

254 5061 488 5127 Quartus
527 5069 712 5127 tomus,
755 5060 1121 5129 complectens
1161 5060 1365 5130 reliqua
1401 5069 1501 5116 τῶν
1539 5056 1759 5114 διδακτι-

186 5159 300 5204 ιῶν.
352 5150 647 5221 Pleraque,
697 5166 812 5220 quae
857 5160 1005 5204 erant
1037 5150 1190 5220 plane
1209 5151 1450 5204 convulsa
1482 5160 1529 5204 et
1556 5151 1755 5213 luxata,

182 5256 238 5291 ea
263 5240 330 5292 ad
355 5240 513 5308 ﬁdem
539 5240 906 5310 exemplarium
934 5249 1162 5295 veterum
1204 5240 1576 5295 Victorinorum
1602 5244 1756 5295 resti-

185 5340 289 5383 tuta
318 5340 458 5384 sunt.
484 5329 715 5386 M.D.LI.
752 5324 963 5402 (1551.)

248 5490 320 5558 (τι)
348 5490 413 5545 Τ.
444 5490 487 5553 I.
516 5506 571 5556 p.
595 5491 681 5547 70.
716 5491 839 5548 Sic:
881 5493 1055 5547 Venet.
1088 5493 1142 5548 4.
1170 5493 1217 5547 Χ
1274 5494 1442 5547 tomis.
1492 5493 1559 5547 D.
1617 5494 1745 5547 Aur.

181 5560 243 5613 Α.
259 5578 345 5635 op
360 5578 465 5635 per
603 5561 971 5635 Bourgojnum.

248 5632 320 5699 (b)
347 5631 446 5685 Les
462 5633 683 5686 editions
702 5631 766 5687 de
781 5632 927 5698 Bdle,
962 5633 1024 5686 de
1057 5632 1204 5687 Paris
1228 5643 1276 5687 et
1316 5634 1377 5687 de
1404 5633 1609 5697 Venise,
1659 5636 1749 5701 qni

185 5702 304 5756 l‘ont
334 5704 593 5769 nrécédée,
622 5713 734 5757 sont
761 5704 808 5757 le
829 5704 961 5769 [and
986 5721 1075 5757 sur
1104 5704 1267 5770 lequel
1299 5722 1360 5758 on
1409 5720 1440 5756 (ι
1498 5706 1724 5759 traraille

1866 4602 2102 4672 probrat,
2129 4612 2361 4657 attamen
2392 4600 2443 4654 in
2477 4598 2575 4653 hac
2600 4596 2844 4653 eamdem
2871 4597 3162 4652 sollicitare
3190 4598 3444 4667 neglexit.

1864 4693 1973 4749 Nec
1999 4693 2177 4748 minus
2207 4690 2457 4762 equidem
2481 4700 2775 4759 Optassem,
2807 4696 2867 4743 ut
2891 4688 3440 4755 Victorinoscodices,

1862 4801 1996 4858 quos
2025 4786 2091 4840 ad
2117 4787 2293 4855 quarti
2325 4784 2453 4838 tomi
2482 4782 2913 4839 emendationem
2936 4788 3136 4849 pra-sto
3166 4780 3331 4835 fuisse
3359 4783 3440 4835 di—

1860 4884 2011 4941 cunt,
2041 4872 2535 4943 circumSpexisset.

2572 4960 2731 5017 I556.

1929 5054 2149 5109 Basilea:
2177 5053 2317 5123 apud
2347 5052 2719 5124 Hieronymum
2774 5051 3082 5106 Frobenium
3110 5060 3155 5105 ct
3189 5051 3311 5105 Nic.
3364 5052 3432 5104 E-

1858 5149 2179 5218 piscOpium;
2212 5147 2389 5217 in-fol.
2414 5146 2463 5199 Χ
2498 5147 2665 5200 tomis.
2694 5145 2755 5198 D.
2789 5146 2920 5198 Aur.
2956 5146 3092 5213 Aug.
3140 5142 3336 5214 Opera,
3380 5160 3436 5197 c-

1860 5241 2107 5296 mendata
2136 5255 2229 5308 per
2249 5238 2528 5293 Erasmum
2560 5237 2824 5293 Roterod.

1934 5332 1987 5385 In
2013 5331 2111 5385 hac
2139 5328 2399 5395 editione,
2429 5338 2565 5384 teste
2590 5328 2821 5394 Oudinu,
2857 5326 3020 5381 additi
3053 5338 3176 5381 sunt
3216 5327 3430 5382 Scrtno‘

1856 5494 2113 5551 Venetam
2137 5495 2427 5551 editionem
2452 5494 2685 5563 Operam
2717 5496 2953 5549 omnium
2986 5496 3083 5549 hac
3133 5493 3245 5562 ipsa
3289 5493 3429 5547 anti-

1854 5566 2099 5634 quiorem
2123 5568 2329 5636 ignoro,
2362 5567 2536 5620 etnisi
2574 5567 2895 5619 incuriosius
2936 5566 3003 5619 ab
3050 5579 3117 5619 eo
3169 5566 3425 5636 scriptum

1855 5633 1945 5704 sit,
1971 5636 2035 5692 ad
2059 5633 2174 5692 eam
2202 5636 2486 5692 attendere
2515 5636 2918 5707 bibliograpltiae
2957 5633 3423 5703 amaturcsjubco.
