  <div class='ocr_page' id='page_1' title='image "/cluster/home/n/w/nwhite01/storage/ocr_20150623/47/hvd.32044015471527/041.png"; bbox 0 0 4010 6350; ppageno 0'>
   <div class='ocr_carea' id='block_1_1' title="bbox 555 247 3797 311">
    <p class='ocr_par' dir='ltr' id='par_1_1' title="bbox 555 247 3797 311">
     <span class='ocr_line' id='line_1_1' title="bbox 555 247 3797 311; baseline 0.003 -9"><span class='ocrx_word' id='word_1_1' title='bbox 555 248 617 305; x_wconf 80' lang='lat'><strong>7|</strong></span> <span class='ocrx_word' id='word_1_2' title='bbox 1442 247 1988 307; x_wconf 71' lang='lat' dir='ltr'><strong>SUPPLEMENTUM</strong></span> <span class='ocrx_word' id='word_1_3' title='bbox 2026 251 2116 305; x_wconf 85' lang='lat' dir='ltr'><strong>AD</strong></span> <span class='ocrx_word' id='word_1_4' title='bbox 2158 250 2386 305; x_wconf 78' lang='lat' dir='ltr'><strong>OPERA</strong></span> <span class='ocrx_word' id='word_1_5' title='bbox 2428 251 2485 308; x_wconf 91' lang='lat' dir='ltr'><strong>S.</strong></span> <span class='ocrx_word' id='word_1_6' title='bbox 2530 251 2918 308; x_wconf 78' lang='lat' dir='ltr'><strong>AUGUSTINI.</strong></span> <span class='ocrx_word' id='word_1_7' title='bbox 3728 257 3797 311; x_wconf 63' lang='grc' dir='ltr'><strong>τε</strong></span> 
     </span>
    </p>
   </div>
   <div class='ocr_carea' id='block_1_2' title="bbox 558 359 3793 451">
    <p class='ocr_par' dir='ltr' id='par_1_2' title="bbox 558 359 3793 451">
     <span class='ocr_line' id='line_1_2' title="bbox 558 359 3793 451; baseline 0.001 -16"><span class='ocrx_word' id='word_1_8' title='bbox 558 381 655 423; x_wconf 74' lang='grc' dir='ltr'><strong>ηοε</strong></span> <span class='ocrx_word' id='word_1_9' title='bbox 680 365 915 435; x_wconf 58' lang='lat' dir='ltr'><strong>qumque</strong></span> <span class='ocrx_word' id='word_1_10' title='bbox 937 370 1093 419; x_wconf 57' lang='lat' dir='ltr'><strong>“mea</strong></span> <span class='ocrx_word' id='word_1_11' title='bbox 1116 361 1347 417; x_wconf 72' lang='lat' dir='ltr'><strong>nondum</strong></span> <span class='ocrx_word' id='word_1_12' title='bbox 1374 363 1580 427; x_wconf 59' lang='grc' dir='ltr'><strong>σχεθεῖν</strong></span> <span class='ocrx_word' id='word_1_13' title='bbox 1611 363 1880 427; x_wconf 55' lang='lat' dir='ltr'><strong>Videlicet,</strong></span> <span class='ocrx_word' id='word_1_14' title='bbox 1911 361 1987 414; x_wconf 71' lang='lat' dir='ltr'><strong>De</strong></span> <span class='ocrx_word' id='word_1_15' title='bbox 2025 359 2118 414; x_wconf 58' lang='grc' dir='ltr'><strong>λα’</strong></span> <span class='ocrx_word' id='word_1_16' title='bbox 2153 361 2201 418; x_wconf 78' lang='grc' dir='ltr'>Α</span> <span class='ocrx_word' id='word_1_17' title='bbox 2230 380 2511 446; x_wconf 85' lang='lat' dir='ltr'><strong>indicibus,</strong></span> <span class='ocrx_word' id='word_1_18' title='bbox 2538 381 2757 449; x_wconf 81' lang='lat' dir='ltr'><strong>singulis</strong></span> <span class='ocrx_word' id='word_1_19' title='bbox 2790 381 2969 446; x_wconf 85' lang='lat' dir='ltr'><strong>tomis,</strong></span> <span class='ocrx_word' id='word_1_20' title='bbox 3000 380 3124 450; x_wconf 87' lang='lat' dir='ltr'><strong>quin</strong></span> <span class='ocrx_word' id='word_1_21' title='bbox 3154 378 3380 451; x_wconf 80' lang='lat' dir='ltr'><strong>singulis</strong></span> <span class='ocrx_word' id='word_1_22' title='bbox 3418 380 3581 437; x_wconf 88' lang='lat' dir='ltr'><strong>etiam</strong></span> <span class='ocrx_word' id='word_1_23' title='bbox 3611 391 3793 437; x_wconf 83' lang='lat' dir='ltr'><strong>tomo-</strong></span> 
     </span>
    </p>
   </div>
   <div class='ocr_carea' id='block_1_3' title="bbox 554 452 2115 528">
    <p class='ocr_par' dir='ltr' id='par_1_3' title="bbox 554 452 2115 528">
     <span class='ocr_line' id='line_1_3' title="bbox 554 452 2115 528; baseline -0.005 -17"><span class='ocrx_word' id='word_1_24' title='bbox 554 459 645 511; x_wconf 85' lang='lat' dir='ltr'><strong>cob</strong></span> <span class='ocrx_word' id='word_1_25' title='bbox 666 468 714 512; x_wconf 79' lang='lat' dir='ltr'><strong>et</strong></span> <span class='ocrx_word' id='word_1_26' title='bbox 735 456 876 511; x_wconf 89' lang='lat' dir='ltr'><strong>Esau</strong></span> <span class='ocrx_word' id='word_1_27' title='bbox 903 458 969 511; x_wconf 85' lang='lat' dir='ltr'><strong>ad</strong></span> <span class='ocrx_word' id='word_1_28' title='bbox 992 456 1240 528; x_wconf 83' lang='lat' dir='ltr'><strong>populum</strong></span> <span class='ocrx_word' id='word_1_29' title='bbox 1262 469 1449 519; x_wconf 84' lang='lat' dir='ltr'><strong>sermo,</strong></span> <span class='ocrx_word' id='word_1_30' title='bbox 1488 454 1593 508; x_wconf 93' lang='lat' dir='ltr'><strong>col.</strong></span> <span class='ocrx_word' id='word_1_31' title='bbox 1620 454 1785 517; x_wconf 71' lang='lat'><strong>1487;</strong></span> <span class='ocrx_word' id='word_1_32' title='bbox 1826 453 2010 508; x_wconf 90' lang='lat' dir='ltr'><strong>Sermo</strong></span> <span class='ocrx_word' id='word_1_33' title='bbox 2061 452 2115 504; x_wconf 87' lang='lat' dir='ltr'><strong>in</strong></span> 
     </span>
    </p>
   </div>
   <div class='ocr_carea' id='block_1_4' title="bbox 555 539 2112 615">
    <p class='ocr_par' dir='ltr' id='par_1_4' title="bbox 555 539 2112 615">
     <span class='ocr_line' id='line_1_4' title="bbox 555 539 2112 615; baseline -0.006 -15"><span class='ocrx_word' id='word_1_34' title='bbox 555 554 711 615; x_wconf 89' lang='lat' dir='ltr'><strong>caput</strong></span> <span class='ocrx_word' id='word_1_35' title='bbox 738 563 832 602; x_wconf 85' lang='lat' dir='ltr'><strong>xm</strong></span> <span class='ocrx_word' id='word_1_36' title='bbox 850 544 1242 599; x_wconf 78' lang='lat' dir='ltr'><strong>Proverbiorum</strong></span> <span class='ocrx_word' id='word_1_37' title='bbox 1263 543 1581 608; x_wconf 82' lang='lat' dir='ltr'><strong>Salomonis,</strong></span> <span class='ocrx_word' id='word_1_38' title='bbox 1606 541 1710 595; x_wconf 91' lang='lat' dir='ltr'><strong>col.</strong></span> <span class='ocrx_word' id='word_1_39' title='bbox 1744 542 1910 595; x_wconf 69' lang='lat'><strong>1505:</strong></span> <span class='ocrx_word' id='word_1_40' title='bbox 1929 539 1995 592; x_wconf 87' lang='lat' dir='ltr'><strong>In</strong></span> <span class='ocrx_word' id='word_1_41' title='bbox 2022 556 2112 608; x_wconf 83' lang='lat' dir='ltr'><strong>pa-</strong></span> 
     </span>
    </p>
   </div>
   <div class='ocr_carea' id='block_1_5' title="bbox 553 628 2115 700">
    <p class='ocr_par' dir='ltr' id='par_1_5' title="bbox 553 628 2115 700">
     <span class='ocr_line' id='line_1_5' title="bbox 553 628 2115 700; baseline -0.006 -11"><span class='ocrx_word' id='word_1_42' title='bbox 553 637 785 691; x_wconf 86' lang='lat' dir='ltr'><strong>rabolam</strong></span> <span class='ocrx_word' id='word_1_43' title='bbox 811 637 1109 691; x_wconf 75' lang='lat' dir='ltr'><strong>seminantis</strong></span> <span class='ocrx_word' id='word_1_44' title='bbox 1127 649 1313 700; x_wconf 80' lang='lat' dir='ltr'><strong>sermo,</strong></span> <span class='ocrx_word' id='word_1_45' title='bbox 1345 633 1449 688; x_wconf 87' lang='lat' dir='ltr'><strong>col.</strong></span> <span class='ocrx_word' id='word_1_46' title='bbox 1491 633 1657 690; x_wconf 70' lang='lat'><strong>1517:</strong></span> <span class='ocrx_word' id='word_1_47' title='bbox 1697 630 1764 685; x_wconf 83' lang='lat' dir='ltr'><strong>In</strong></span> <span class='ocrx_word' id='word_1_48' title='bbox 1803 630 1932 684; x_wconf 87' lang='lat' dir='ltr'><strong>illud</strong></span> <span class='ocrx_word' id='word_1_49' title='bbox 1976 628 2115 682; x_wconf 82' lang='lat' dir='ltr'><strong>Mat-</strong></span> 
     </span>
    </p>
   </div>
   <div class='ocr_carea' id='block_1_6' title="bbox 555 721 2112 793">
    <p class='ocr_par' dir='ltr' id='par_1_6' title="bbox 555 721 2112 793">
     <span class='ocr_line' id='line_1_6' title="bbox 555 721 2112 793; baseline -0.003 -14"><span class='ocrx_word' id='word_1_50' title='bbox 555 728 673 781; x_wconf 72' lang='lat' dir='ltr'><strong>thazi</strong></span> <span class='ocrx_word' id='word_1_51' title='bbox 700 741 832 783; x_wconf 87' lang='lat' dir='ltr'><strong>xvt:</strong></span> <span class='ocrx_word' id='word_1_52' title='bbox 863 727 960 793; x_wconf 84' lang='lat' dir='ltr'><strong>Qui</strong></span> <span class='ocrx_word' id='word_1_53' title='bbox 990 726 1095 779; x_wconf 82' lang='lat' dir='ltr'><strong>vult</strong></span> <span class='ocrx_word' id='word_1_54' title='bbox 1121 725 1288 779; x_wconf 76' lang='lat' dir='ltr'><strong>venire</strong></span> <span class='ocrx_word' id='word_1_55' title='bbox 1322 730 1435 793; x_wconf 89' lang='lat' dir='ltr'><strong>post</strong></span> <span class='ocrx_word' id='word_1_56' title='bbox 1471 740 1549 777; x_wconf 89' lang='lat' dir='ltr'><strong>me</strong></span> <span class='ocrx_word' id='word_1_57' title='bbox 1575 762 1592 791; x_wconf 93' lang='lat'><strong>,</strong></span> <span class='ocrx_word' id='word_1_58' title='bbox 1632 731 1738 779; x_wconf 98' lang='lat' dir='ltr'><strong>etc.</strong></span> <span class='ocrx_word' id='word_1_59' title='bbox 1799 722 1903 777; x_wconf 92' lang='lat' dir='ltr'><strong>col.</strong></span> <span class='ocrx_word' id='word_1_60' title='bbox 1946 721 2112 785; x_wconf 67' lang='lat'><strong>1519;</strong></span> 
     </span>
    </p>
   </div>
   <div class='ocr_carea' id='block_1_7' title="bbox 552 812 2115 880">
    <p class='ocr_par' dir='ltr' id='par_1_7' title="bbox 552 812 2115 880">
     <span class='ocr_line' id='line_1_7' title="bbox 552 812 2115 880; baseline -0.006 -9"><span class='ocrx_word' id='word_1_61' title='bbox 552 817 821 872; x_wconf 86' lang='lat' dir='ltr'><strong>Tractatus</strong></span> <span class='ocrx_word' id='word_1_62' title='bbox 851 819 904 870; x_wconf 88' lang='lat' dir='ltr'><strong>in</strong></span> <span class='ocrx_word' id='word_1_63' title='bbox 937 817 1230 870; x_wconf 79' lang='lat' dir='ltr'><strong>Orationem</strong></span> <span class='ocrx_word' id='word_1_64' title='bbox 1250 815 1593 880; x_wconf 85' lang='lat' dir='ltr'><strong>Dominicam,</strong></span> <span class='ocrx_word' id='word_1_65' title='bbox 1616 814 1721 868; x_wconf 93' lang='lat' dir='ltr'><strong>col.</strong></span> <span class='ocrx_word' id='word_1_66' title='bbox 1752 813 1905 868; x_wconf 74' lang='grc'><strong>1525.</strong></span> <span class='ocrx_word' id='word_1_67' title='bbox 1933 812 2115 877; x_wconf 82' lang='lat' dir='ltr'><strong>SnSpi-</strong></span> 
     </span>
    </p>
   </div>
   <div class='ocr_carea' id='block_1_8' title="bbox 551 900 2114 975">
    <p class='ocr_par' dir='ltr' id='par_1_8' title="bbox 551 900 2114 975">
     <span class='ocr_line' id='line_1_8' title="bbox 551 900 2114 975; baseline -0.008 -12"><span class='ocrx_word' id='word_1_68' title='bbox 551 925 736 964; x_wconf 89' lang='lat' dir='ltr'><strong>camur</strong></span> <span class='ocrx_word' id='word_1_69' title='bbox 757 916 933 962; x_wconf 88' lang='lat' dir='ltr'><strong>autem</strong></span> <span class='ocrx_word' id='word_1_70' title='bbox 963 906 1123 975; x_wconf 90' lang='lat' dir='ltr'><strong>hujus</strong></span> <span class='ocrx_word' id='word_1_71' title='bbox 1148 903 1403 960; x_wconf 71' lang='lat' dir='ltr'><strong>editionis</strong></span> <span class='ocrx_word' id='word_1_72' title='bbox 1443 919 1628 958; x_wconf 89' lang='lat' dir='ltr'><strong>curam</strong></span> <span class='ocrx_word' id='word_1_73' title='bbox 1671 902 1904 971; x_wconf 81' lang='lat' dir='ltr'><strong>gessisse</strong></span> <span class='ocrx_word' id='word_1_74' title='bbox 1951 900 2114 953; x_wconf 84' lang='lat' dir='ltr'><strong>Joan-</strong></span> 
     </span>
    </p>
   </div>
   <div class='ocr_carea' id='block_1_9' title="bbox 554 992 2115 1054">
    <p class='ocr_par' dir='ltr' id='par_1_9' title="bbox 554 992 2115 1054">
     <span class='ocr_line' id='line_1_9' title="bbox 554 992 2115 1054; baseline -0.003 -3"><span class='ocrx_word' id='word_1_75' title='bbox 554 1018 667 1054; x_wconf 86' lang='lat' dir='ltr'><strong>nem</strong></span> <span class='ocrx_word' id='word_1_76' title='bbox 694 999 998 1053; x_wconf 86' lang='lat' dir='ltr'><strong>Costerium.</strong></span> <span class='ocrx_word' id='word_1_77' title='bbox 1030 996 1275 1054; x_wconf 85' lang='lat' dir='ltr'><strong>Occurrit</strong></span> <span class='ocrx_word' id='word_1_78' title='bbox 1302 998 1355 1052; x_wconf 91' lang='lat' dir='ltr'><strong>in</strong></span> <span class='ocrx_word' id='word_1_79' title='bbox 1400 996 1514 1051; x_wconf 82' lang='lat' dir='ltr'><strong>Cat.</strong></span> <span class='ocrx_word' id='word_1_80' title='bbox 1566 994 1702 1049; x_wconf 83' lang='lat' dir='ltr'><strong>Bibl.</strong></span> <span class='ocrx_word' id='word_1_81' title='bbox 1751 992 2020 1048; x_wconf 74' lang='lat' dir='ltr'><strong>Bernensis</strong></span> <span class='ocrx_word' id='word_1_82' title='bbox 2069 1002 2115 1046; x_wconf 89' lang='lat' dir='ltr'><strong>et</strong></span> 
     </span>
    </p>
   </div>
   <div class='ocr_carea' id='block_1_10' title="bbox 554 1091 870 1145">
    <p class='ocr_par' dir='ltr' id='par_1_10' title="bbox 554 1091 870 1145">
     <span class='ocr_line' id='line_1_10' title="bbox 554 1091 870 1145; baseline 0.003 -2"><span class='ocrx_word' id='word_1_83' title='bbox 554 1091 870 1145; x_wconf 78' lang='lat' dir='ltr'><strong>Tltottianw.</strong></span> 
     </span>
    </p>
   </div>
   <div class='ocr_carea' id='block_1_11' title="bbox 1228 1182 1483 1238">
    <p class='ocr_par' dir='ltr' id='par_1_11' title="bbox 1228 1182 1483 1238">
     <span class='ocr_line' id='line_1_11' title="bbox 1228 1182 1483 1238; baseline -0.012 0"><span class='ocrx_word' id='word_1_84' title='bbox 1228 1182 1483 1238; x_wconf 58' lang='lat' dir='ltr'><strong>ﬁlii-63.</strong></span> 
     </span>
    </p>
   </div>
   <div class='ocr_carea' id='block_1_12' title="bbox 620 1269 2115 1345">
    <p class='ocr_par' dir='ltr' id='par_1_12' title="bbox 620 1269 2115 1345">
     <span class='ocr_line' id='line_1_12' title="bbox 620 1269 2115 1345; baseline -0.004 -17"><span class='ocrx_word' id='word_1_85' title='bbox 620 1276 860 1345; x_wconf 85' lang='lat' dir='ltr'><strong>Lugduni</strong></span> <span class='ocrx_word' id='word_1_86' title='bbox 890 1274 1030 1344; x_wconf 85' lang='lat' dir='ltr'><strong>apud</strong></span> <span class='ocrx_word' id='word_1_87' title='bbox 1059 1272 1419 1328; x_wconf 71' lang='lat' dir='ltr'><strong>Sebastianum</strong></span> <span class='ocrx_word' id='word_1_88' title='bbox 1445 1271 1765 1326; x_wconf 78' lang='lat' dir='ltr'><strong>Honoratum</strong></span> <span class='ocrx_word' id='word_1_89' title='bbox 1793 1269 1882 1343; x_wconf 89' lang='lat' dir='ltr'><strong>(ad</strong></span> <span class='ocrx_word' id='word_1_90' title='bbox 1913 1270 2115 1324; x_wconf 86' lang='lat' dir='ltr'><strong>calcem</strong></span> 
     </span>
    </p>
   </div>
   <div class='ocr_carea' id='block_1_13' title="bbox 552 1360 2112 1439">
    <p class='ocr_par' dir='ltr' id='par_1_13' title="bbox 552 1360 2112 1439">
     <span class='ocr_line' id='line_1_13' title="bbox 552 1360 2112 1439; baseline -0.004 -18"><span class='ocrx_word' id='word_1_91' title='bbox 552 1368 683 1422; x_wconf 85' lang='lat' dir='ltr'><strong>tomi</strong></span> <span class='ocrx_word' id='word_1_92' title='bbox 719 1368 785 1439; x_wconf 88' lang='lat' dir='ltr'><strong>ll)</strong></span> <span class='ocrx_word' id='word_1_93' title='bbox 822 1367 1125 1422; x_wconf 83' lang='lat' dir='ltr'><strong>excudebat</strong></span> <span class='ocrx_word' id='word_1_94' title='bbox 1151 1366 1375 1420; x_wconf 80' lang='lat' dir='ltr'><strong>Jacobus</strong></span> <span class='ocrx_word' id='word_1_95' title='bbox 1405 1363 1454 1416; x_wconf 84' lang='lat' dir='ltr'><em>F</em></span> <span class='ocrx_word' id='word_1_96' title='bbox 1458 1381 1582 1418; x_wconf 88' lang='lat' dir='ltr'><strong>aure</strong></span> <span class='ocrx_word' id='word_1_97' title='bbox 1620 1364 1792 1419; x_wconf 86' lang='lat' dir='ltr'><strong>in-8°.</strong></span> <span class='ocrx_word' id='word_1_98' title='bbox 1830 1363 2001 1416; x_wconf 86' lang='lat' dir='ltr'><strong>Tomis</strong></span> <span class='ocrx_word' id='word_1_99' title='bbox 2039 1360 2112 1415; x_wconf 84' lang='lat' dir='ltr'><strong>X.</strong></span> 
     </span>
    </p>
   </div>
   <div class='ocr_carea' id='block_1_14' title="bbox 556 1452 2113 1528">
    <p class='ocr_par' dir='ltr' id='par_1_14' title="bbox 556 1452 2113 1528">
     <span class='ocr_line' id='line_1_14' title="bbox 556 1452 2113 1528; baseline -0.006 -15"><span class='ocrx_word' id='word_1_100' title='bbox 556 1461 620 1513; x_wconf 93' lang='lat' dir='ltr'><strong>D.</strong></span> <span class='ocrx_word' id='word_1_101' title='bbox 650 1461 781 1515; x_wconf 83' lang='lat' dir='ltr'><strong>Aur.</strong></span> <span class='ocrx_word' id='word_1_102' title='bbox 806 1458 1111 1528; x_wconf 78' lang='lat' dir='ltr'><strong>Augustini,</strong></span> <span class='ocrx_word' id='word_1_103' title='bbox 1160 1457 1317 1525; x_wconf 85' lang='lat' dir='ltr'><strong>Hipp.</strong></span> <span class='ocrx_word' id='word_1_104' title='bbox 1349 1455 1587 1524; x_wconf 88' lang='lat' dir='ltr'><strong>episcopi</strong></span> <span class='ocrx_word' id='word_1_105' title='bbox 1616 1454 1851 1508; x_wconf 91' lang='lat' dir='ltr'><strong>omnium</strong></span> <span class='ocrx_word' id='word_1_106' title='bbox 1882 1452 2113 1520; x_wconf 83' lang='lat' dir='ltr'><strong>Operuin</strong></span> 
     </span>
    </p>
   </div>
   <div class='ocr_carea' id='block_1_15' title="bbox 552 1541 2111 1620">
    <p class='ocr_par' dir='ltr' id='par_1_15' title="bbox 552 1541 2111 1620">
     <span class='ocr_line' id='line_1_15' title="bbox 552 1541 2111 1620; baseline -0.006 -17"><span class='ocrx_word' id='word_1_107' title='bbox 552 1558 720 1603; x_wconf 79' lang='lat' dir='ltr'><strong>tomus</strong></span> <span class='ocrx_word' id='word_1_108' title='bbox 744 1551 977 1620; x_wconf 88' lang='lat' dir='ltr'><strong>primus:</strong></span> <span class='ocrx_word' id='word_1_109' title='bbox 1008 1549 1122 1615; x_wconf 83' lang='lat' dir='ltr'><strong>Quo</strong></span> <span class='ocrx_word' id='word_1_110' title='bbox 1151 1546 1606 1602; x_wconf 86' lang='lat' dir='ltr'><strong>Retractationum</strong></span> <span class='ocrx_word' id='word_1_111' title='bbox 1635 1544 1756 1598; x_wconf 89' lang='lat' dir='ltr'><strong>libri</strong></span> <span class='ocrx_word' id='word_1_112' title='bbox 1784 1542 1910 1604; x_wconf 92' lang='lat' dir='ltr'><strong>duo,</strong></span> <span class='ocrx_word' id='word_1_113' title='bbox 1939 1541 2111 1594; x_wconf 25' lang='lat' dir='ltr'><strong>varias</strong></span> 
     </span>
    </p>
   </div>
   <div class='ocr_carea' id='block_1_16' title="bbox 552 1630 2111 1709">
    <p class='ocr_par' dir='ltr' id='par_1_16' title="bbox 552 1630 2111 1709">
     <span class='ocr_line' id='line_1_16' title="bbox 552 1630 2111 1709; baseline -0.008 -15"><span class='ocrx_word' id='word_1_114' title='bbox 552 1655 656 1709; x_wconf 88' lang='lat' dir='ltr'><strong>que</strong></span> <span class='ocrx_word' id='word_1_115' title='bbox 696 1640 841 1694; x_wconf 90' lang='lat' dir='ltr'><strong>illius</strong></span> <span class='ocrx_word' id='word_1_116' title='bbox 887 1638 1164 1706; x_wconf 88' lang='lat' dir='ltr'><strong>opuscula,</strong></span> <span class='ocrx_word' id='word_1_117' title='bbox 1214 1651 1333 1705; x_wconf 70' lang='lat' dir='ltr'><strong>qua:</strong></span> <span class='ocrx_word' id='word_1_118' title='bbox 1375 1649 1528 1689; x_wconf 86' lang='lat' dir='ltr'><strong>versa</strong></span> <span class='ocrx_word' id='word_1_119' title='bbox 1578 1633 1786 1703; x_wconf 84' lang='lat' dir='ltr'><strong>pagella</strong></span> <span class='ocrx_word' id='word_1_120' title='bbox 1837 1630 2111 1691; x_wconf 86' lang='lat' dir='ltr'><strong>indicabit,</strong></span> 
     </span>
    </p>
   </div>
   <div class='ocr_carea' id='block_1_17' title="bbox 2216 456 3776 543">
    <p class='ocr_par' dir='ltr' id='par_1_17' title="bbox 2216 456 3776 543">
     <span class='ocr_line' id='line_1_17' title="bbox 2216 456 3776 543; baseline 0.003 -20"><span class='ocrx_word' id='word_1_121' title='bbox 2216 486 2332 524; x_wconf 91' lang='lat' dir='ltr'><strong>rum</strong></span> <span class='ocrx_word' id='word_1_122' title='bbox 2364 456 2598 541; x_wconf 80' lang='lat' dir='ltr'><strong>partibus</strong></span> <span class='ocrx_word' id='word_1_123' title='bbox 2626 473 2940 540; x_wconf 88' lang='lat' dir='ltr'><strong>subjunctis,</strong></span> <span class='ocrx_word' id='word_1_124' title='bbox 2972 479 3222 525; x_wconf 76' lang='lat' dir='ltr'><strong>constare</strong></span> <span class='ocrx_word' id='word_1_125' title='bbox 3251 480 3447 539; x_wconf 81' lang='lat' dir='ltr'><strong>potest.</strong></span> <span class='ocrx_word' id='word_1_126' title='bbox 3474 472 3614 543; x_wconf 86' lang='lat' dir='ltr'><strong>Typi</strong></span> <span class='ocrx_word' id='word_1_127' title='bbox 3645 482 3776 527; x_wconf 92' lang='lat' dir='ltr'><strong>sunt</strong></span> 
     </span>
    </p>
   </div>
   <div class='ocr_carea' id='block_1_18' title="bbox 2215 560 3790 632">
    <p class='ocr_par' dir='ltr' id='par_1_18' title="bbox 2215 560 3790 632">
     <span class='ocr_line' id='line_1_18' title="bbox 2215 560 3790 632; baseline 0.002 -18"><span class='ocrx_word' id='word_1_128' title='bbox 2215 560 2462 626; x_wconf 83' lang='lat' dir='ltr'><strong>Romani,</strong></span> <span class='ocrx_word' id='word_1_129' title='bbox 2511 561 2643 616; x_wconf 87' lang='lat' dir='ltr'><strong>satis</strong></span> <span class='ocrx_word' id='word_1_130' title='bbox 2692 562 2923 626; x_wconf 81' lang='lat' dir='ltr'><strong>venusti,</strong></span> <span class='ocrx_word' id='word_1_131' title='bbox 2972 561 3066 617; x_wconf 91' lang='lat' dir='ltr'><strong>sed</strong></span> <span class='ocrx_word' id='word_1_132' title='bbox 3122 562 3441 617; x_wconf 76' lang='lat' dir='ltr'><strong>minutiores</strong></span> <span class='ocrx_word' id='word_1_133' title='bbox 3479 563 3675 632; x_wconf 88' lang='lat' dir='ltr'><strong>paulo;</strong></span> <span class='ocrx_word' id='word_1_134' title='bbox 3736 563 3790 617; x_wconf 89' lang='lat' dir='ltr'><strong>in</strong></span> 
     </span>
    </p>
   </div>
   <div class='ocr_carea' id='block_1_19' title="bbox 2214 649 3779 720">
    <p class='ocr_par' dir='ltr' id='par_1_19' title="bbox 2214 649 3779 720">
     <span class='ocr_line' id='line_1_19' title="bbox 2214 649 3779 720; baseline 0 -15"><span class='ocrx_word' id='word_1_135' title='bbox 2214 649 2542 720; x_wconf 86' lang='lat' dir='ltr'><strong>marginibus</strong></span> <span class='ocrx_word' id='word_1_136' title='bbox 2580 651 2694 706; x_wconf 90' lang='lat' dir='ltr'><strong>loca</strong></span> <span class='ocrx_word' id='word_1_137' title='bbox 2733 652 2944 716; x_wconf 90' lang='lat' dir='ltr'><strong>biblica,</strong></span> <span class='ocrx_word' id='word_1_138' title='bbox 2989 651 3163 705; x_wconf 87' lang='lat' dir='ltr'><strong>rarius</strong></span> <span class='ocrx_word' id='word_1_139' title='bbox 3191 652 3464 716; x_wconf 88' lang='lat' dir='ltr'><strong>lemmata,</strong></span> <span class='ocrx_word' id='word_1_140' title='bbox 3496 666 3595 706; x_wconf 87' lang='lat' dir='ltr'><strong>nec</strong></span> <span class='ocrx_word' id='word_1_141' title='bbox 3629 666 3779 719; x_wconf 73' lang='lat' dir='ltr'><strong>saepe</strong></span> 
     </span>
    </p>
   </div>
   <div class='ocr_carea' id='block_1_20' title="bbox 2214 738 3774 803">
    <p class='ocr_par' dir='ltr' id='par_1_20' title="bbox 2214 738 3774 803">
     <span class='ocr_line' id='line_1_20' title="bbox 2214 738 3774 803; baseline 0.001 -9"><span class='ocrx_word' id='word_1_142' title='bbox 2214 740 2375 794; x_wconf 91' lang='lat' dir='ltr'><strong>etiam</strong></span> <span class='ocrx_word' id='word_1_143' title='bbox 2419 739 2679 796; x_wconf 86' lang='lat' dir='ltr'><strong>lectiones</strong></span> <span class='ocrx_word' id='word_1_144' title='bbox 2722 742 3032 796; x_wconf 86' lang='lat' dir='ltr'><strong>aberrantes</strong></span> <span class='ocrx_word' id='word_1_145' title='bbox 3078 741 3389 803; x_wconf 83' lang='lat' dir='ltr'><strong>charactere</strong></span> <span class='ocrx_word' id='word_1_146' title='bbox 3436 738 3625 799; x_wconf 88' lang='lat' dir='ltr'><strong>Italico</strong></span> <span class='ocrx_word' id='word_1_147' title='bbox 3674 755 3774 795; x_wconf 88' lang='lat' dir='ltr'><strong>no-</strong></span> 
     </span>
    </p>
   </div>
   <div class='ocr_carea' id='block_1_21' title="bbox 2218 834 3827 886">
    <p class='ocr_par' dir='ltr' id='par_1_21' title="bbox 2218 834 3827 886">
     <span class='ocr_line' id='line_1_21' title="bbox 2218 834 3827 886; baseline 0.001 -1"><span class='ocrx_word' id='word_1_148' title='bbox 2218 841 2418 886; x_wconf 83' lang='lat' dir='ltr'><strong>tantur.</strong></span> <span class='ocrx_word' id='word_1_149' title='bbox 3822 834 3827 837; x_wconf 71' lang='grc'><em>’</em></span> 
     </span>
    </p>
   </div>
   <div class='ocr_carea' id='block_1_22' title="bbox 2919 920 3079 978">
    <p class='ocr_par' dir='ltr' id='par_1_22' title="bbox 2919 920 3079 978">
     <span class='ocr_line' id='line_1_22' title="bbox 2919 920 3079 978; baseline -0.006 -2"><span class='ocrx_word' id='word_1_150' title='bbox 2919 920 3079 978; x_wconf 80' lang='grc'><strong>1569.</strong></span> 
     </span>
    </p>
   </div>
   <div class='ocr_carea' id='block_1_23' title="bbox 2286 1011 3788 1082">
    <p class='ocr_par' dir='ltr' id='par_1_23' title="bbox 2286 1011 3788 1082">
     <span class='ocr_line' id='line_1_23' title="bbox 2286 1011 3788 1082; baseline 0.002 -18"><span class='ocrx_word' id='word_1_151' title='bbox 2286 1011 2504 1066; x_wconf 71' lang='lat' dir='ltr'><strong>Basiletz</strong></span> <span class='ocrx_word' id='word_1_152' title='bbox 2528 1027 2619 1080; x_wconf 90' lang='lat' dir='ltr'><strong>per</strong></span> <span class='ocrx_word' id='word_1_153' title='bbox 2641 1012 2960 1067; x_wconf 85' lang='lat' dir='ltr'><strong>Ambrosium</strong></span> <span class='ocrx_word' id='word_1_154' title='bbox 2992 1024 3036 1066; x_wconf 89' lang='lat' dir='ltr'><strong>et</strong></span> <span class='ocrx_word' id='word_1_155' title='bbox 3059 1013 3327 1067; x_wconf 79' lang='lat' dir='ltr'><strong>Aurelium</strong></span> <span class='ocrx_word' id='word_1_156' title='bbox 3343 1011 3648 1079; x_wconf 78' lang='lat' dir='ltr'><strong>Frobenios,</strong></span> <span class='ocrx_word' id='word_1_157' title='bbox 3674 1015 3788 1082; x_wconf 77' lang='lat' dir='ltr'><strong>{ra-</strong></span> 
     </span>
    </p>
   </div>
   <div class='ocr_carea' id='block_1_24' title="bbox 2218 1097 3787 1173">
    <p class='ocr_par' dir='ltr' id='par_1_24' title="bbox 2218 1097 3787 1173">
     <span class='ocr_line' id='line_1_24' title="bbox 2218 1097 3787 1173; baseline 0.001 -18"><span class='ocrx_word' id='word_1_158' title='bbox 2218 1110 2358 1168; x_wconf 79' lang='lat' dir='ltr'><strong>lres;</strong></span> <span class='ocrx_word' id='word_1_159' title='bbox 2402 1104 2578 1173; x_wconf 80' lang='lat' dir='ltr'><strong>in-fol.</strong></span> <span class='ocrx_word' id='word_1_160' title='bbox 2627 1102 2709 1155; x_wconf 80' lang='lat' dir='ltr'><strong>XI</strong></span> <span class='ocrx_word' id='word_1_161' title='bbox 2762 1105 2930 1156; x_wconf 86' lang='lat' dir='ltr'><strong>tomis.</strong></span> <span class='ocrx_word' id='word_1_162' title='bbox 2958 1097 3036 1142; x_wconf 73' lang='grc'><strong>’-</strong></span> <span class='ocrx_word' id='word_1_163' title='bbox 3077 1103 3285 1158; x_wconf 87' lang='lat' dir='ltr'><strong>Primus</strong></span> <span class='ocrx_word' id='word_1_164' title='bbox 3328 1112 3507 1158; x_wconf 88' lang='lat' dir='ltr'><strong>tomus</strong></span> <span class='ocrx_word' id='word_1_165' title='bbox 3541 1122 3554 1157; x_wconf 92' lang='lat'><strong>:</strong></span> <span class='ocrx_word' id='word_1_166' title='bbox 3585 1104 3787 1159; x_wconf 81' lang='lat' dir='ltr'><strong>Eximii</strong></span> 
     </span>
    </p>
   </div>
   <div class='ocr_carea' id='block_1_25' title="bbox 2217 1196 3779 1261">
    <p class='ocr_par' dir='ltr' id='par_1_25' title="bbox 2217 1196 3779 1261">
     <span class='ocr_line' id='line_1_25' title="bbox 2217 1196 3779 1261; baseline 0.002 -12"><span class='ocrx_word' id='word_1_167' title='bbox 2217 1196 2412 1261; x_wconf 84' lang='lat' dir='ltr'><strong>Patris,</strong></span> <span class='ocrx_word' id='word_1_168' title='bbox 2445 1198 2587 1251; x_wconf 90' lang='lat' dir='ltr'><strong>inter</strong></span> <span class='ocrx_word' id='word_1_169' title='bbox 2612 1214 2815 1251; x_wconf 88' lang='lat' dir='ltr'><strong>summa</strong></span> <span class='ocrx_word' id='word_1_170' title='bbox 2858 1197 3055 1252; x_wconf 81' lang='lat' dir='ltr'><strong>Latirue</strong></span> <span class='ocrx_word' id='word_1_171' title='bbox 3088 1199 3342 1253; x_wconf 52' lang='lat' dir='ltr'><strong>Ecclesia).</strong></span> <span class='ocrx_word' id='word_1_172' title='bbox 3370 1208 3690 1254; x_wconf 89' lang='lat' dir='ltr'><strong>ornamenta</strong></span> <span class='ocrx_word' id='word_1_173' title='bbox 3712 1214 3779 1252; x_wconf 89' lang='lat' dir='ltr'><strong>ac</strong></span> 
     </span>
    </p>
   </div>
   <div class='ocr_carea' id='block_1_26' title="bbox 2218 1286 3784 1356">
    <p class='ocr_par' dir='ltr' id='par_1_26' title="bbox 2218 1286 3784 1356">
     <span class='ocr_line' id='line_1_26' title="bbox 2218 1286 3784 1356; baseline 0.003 -19"><span class='ocrx_word' id='word_1_174' title='bbox 2218 1286 2415 1340; x_wconf 86' lang='lat' dir='ltr'><strong>lumina</strong></span> <span class='ocrx_word' id='word_1_175' title='bbox 2460 1287 2742 1355; x_wconf 88' lang='lat' dir='ltr'><strong>principis,</strong></span> <span class='ocrx_word' id='word_1_176' title='bbox 2782 1287 2845 1343; x_wconf 90' lang='lat' dir='ltr'><strong>D.</strong></span> <span class='ocrx_word' id='word_1_177' title='bbox 2877 1288 3080 1341; x_wconf 81' lang='lat' dir='ltr'><strong>Aurelii</strong></span> <span class='ocrx_word' id='word_1_178' title='bbox 3122 1287 3422 1356; x_wconf 80' lang='lat' dir='ltr'><strong>Augustini,</strong></span> <span class='ocrx_word' id='word_1_179' title='bbox 3471 1289 3784 1356; x_wconf 80' lang='lat' dir='ltr'><strong>Hipponen-</strong></span> 
     </span>
    </p>
   </div>
   <div class='ocr_carea' id='block_1_27' title="bbox 2217 1376 3789 1447">
    <p class='ocr_par' dir='ltr' id='par_1_27' title="bbox 2217 1376 3789 1447">
     <span class='ocr_line' id='line_1_27' title="bbox 2217 1376 3789 1447; baseline 0.001 -16"><span class='ocrx_word' id='word_1_180' title='bbox 2217 1376 2292 1431; x_wconf 90' lang='lat' dir='ltr'><strong>sis</strong></span> <span class='ocrx_word' id='word_1_181' title='bbox 2333 1377 2595 1446; x_wconf 88' lang='lat' dir='ltr'><strong>episcopi,</strong></span> <span class='ocrx_word' id='word_1_182' title='bbox 2624 1380 2775 1446; x_wconf 89' lang='lat' dir='ltr'><strong>cujus</strong></span> <span class='ocrx_word' id='word_1_183' title='bbox 2822 1377 3258 1445; x_wconf 76' lang='lat' dir='ltr'><strong>pracstamissima</strong></span> <span class='ocrx_word' id='word_1_184' title='bbox 3303 1379 3356 1432; x_wconf 90' lang='lat' dir='ltr'><strong>in</strong></span> <span class='ocrx_word' id='word_1_185' title='bbox 3395 1379 3541 1432; x_wconf 87' lang='lat' dir='ltr'><strong>omni</strong></span> <span class='ocrx_word' id='word_1_186' title='bbox 3579 1394 3789 1447; x_wconf 82' lang='lat' dir='ltr'><strong>genere</strong></span> 
     </span>
    </p>
   </div>
   <div class='ocr_carea' id='block_1_28' title="bbox 2217 1467 3785 1537">
    <p class='ocr_par' dir='ltr' id='par_1_28' title="bbox 2217 1467 3785 1537">
     <span class='ocr_line' id='line_1_28' title="bbox 2217 1467 3785 1537; baseline 0.001 -17"><span class='ocrx_word' id='word_1_187' title='bbox 2217 1467 2566 1533; x_wconf 87' lang='lat' dir='ltr'><strong>monimenta,</strong></span> <span class='ocrx_word' id='word_1_188' title='bbox 2590 1484 2707 1536; x_wconf 79' lang='lat' dir='ltr'><strong>qua:</strong></span> <span class='ocrx_word' id='word_1_189' title='bbox 2730 1469 2945 1537; x_wconf 89' lang='lat' dir='ltr'><strong>quidem</strong></span> <span class='ocrx_word' id='word_1_190' title='bbox 2978 1470 3202 1522; x_wconf 85' lang='lat' dir='ltr'><strong>inveniri</strong></span> <span class='ocrx_word' id='word_1_191' title='bbox 3226 1477 3471 1537; x_wconf 90' lang='lat' dir='ltr'><strong>possunt,</strong></span> <span class='ocrx_word' id='word_1_192' title='bbox 3504 1470 3785 1531; x_wconf 88' lang='lat' dir='ltr'><strong>universa,</strong></span> 
     </span>
    </p>
   </div>
   <div class='ocr_carea' id='block_1_29' title="bbox 2218 1556 3789 1626">
    <p class='ocr_par' dir='ltr' id='par_1_29' title="bbox 2218 1556 3789 1626">
     <span class='ocr_line' id='line_1_29' title="bbox 2218 1556 3789 1626; baseline 0 -16"><span class='ocrx_word' id='word_1_193' title='bbox 2218 1557 2396 1610; x_wconf 89' lang='lat' dir='ltr'><strong>denuo</strong></span> <span class='ocrx_word' id='word_1_194' title='bbox 2423 1556 2491 1611; x_wconf 91' lang='lat' dir='ltr'><strong>ad</strong></span> <span class='ocrx_word' id='word_1_195' title='bbox 2513 1558 2835 1624; x_wconf 86' lang='lat' dir='ltr'><strong>optimorum</strong></span> <span class='ocrx_word' id='word_1_196' title='bbox 2862 1568 2914 1611; x_wconf 90' lang='lat' dir='ltr'><strong>et</strong></span> <span class='ocrx_word' id='word_1_197' title='bbox 2934 1557 3361 1611; x_wconf 74' lang='lat' dir='ltr'><strong>fidelissimorum</strong></span> <span class='ocrx_word' id='word_1_198' title='bbox 3391 1558 3789 1626; x_wconf 79' lang='lat' dir='ltr'><strong>exemplarium</strong></span> 
     </span>
    </p>
   </div>
   <div class='ocr_carea' id='block_1_30' title="bbox 2217 1648 3789 1713">
    <p class='ocr_par' dir='ltr' id='par_1_30' title="bbox 2217 1648 3789 1713">
     <span class='ocr_line' id='line_1_30' title="bbox 2217 1648 3789 1713; baseline -0.001 -12"><span class='ocrx_word' id='word_1_199' title='bbox 2217 1662 2442 1702; x_wconf 84' lang='lat' dir='ltr'><strong>examen</strong></span> <span class='ocrx_word' id='word_1_200' title='bbox 2494 1658 2766 1713; x_wconf 84' lang='lat' dir='ltr'><strong>revocata,</strong></span> <span class='ocrx_word' id='word_1_201' title='bbox 2824 1663 2959 1702; x_wconf 84' lang='lat' dir='ltr'><strong>nova</strong></span> <span class='ocrx_word' id='word_1_202' title='bbox 3004 1648 3485 1702; x_wconf 89' lang='lat' dir='ltr'><strong>eruditissimorum</strong></span> <span class='ocrx_word' id='word_1_203' title='bbox 3540 1648 3789 1701; x_wconf 88' lang='lat' dir='ltr'><strong>virorum</strong></span> 
     </span>
    </p>
   </div>
   <div class='ocr_carea' id='block_1_31' title="bbox 551 1717 3791 1813">
    <p class='ocr_par' dir='ltr' id='par_1_31' title="bbox 551 1717 3791 1813">
     <span class='ocr_line' id='line_1_31' title="bbox 551 1717 3791 1813; baseline -0.006 -30"><span class='ocrx_word' id='word_1_204' title='bbox 551 1729 909 1783; x_wconf 89' lang='lat' dir='ltr'><strong>continentur.</strong></span> <span class='ocrx_word' id='word_1_205' title='bbox 943 1726 1131 1780; x_wconf 91' lang='lat' dir='ltr'><strong>Omnia</strong></span> <span class='ocrx_word' id='word_1_206' title='bbox 1179 1731 1509 1779; x_wconf 88' lang='lat' dir='ltr'><strong>vetustorum</strong></span> <span class='ocrx_word' id='word_1_207' title='bbox 1548 1722 1791 1777; x_wconf 90' lang='lat' dir='ltr'><strong>codicum</strong></span> <span class='ocrx_word' id='word_1_208' title='bbox 1828 1720 2114 1774; x_wconf 82' lang='lat' dir='ltr'><strong>collatione</strong></span> <span class='ocrx_word' id='word_1_209' title='bbox 2146 1717 2189 1775; x_wconf 83' lang='grc' dir='ltr'><strong>Β</strong></span> <span class='ocrx_word' id='word_1_210' title='bbox 2217 1742 2608 1811; x_wconf 55' lang='grc' dir='ltr'><strong>τθεοεηίιίοηθ,</strong></span> <span class='ocrx_word' id='word_1_211' title='bbox 2655 1743 2823 1797; x_wconf 56' lang='lat' dir='ltr'><strong>multo</strong></span> <span class='ocrx_word' id='word_1_212' title='bbox 2870 1751 2999 1797; x_wconf 68' lang='lat' dir='ltr'><strong>sum</strong></span> <span class='ocrx_word' id='word_1_213' title='bbox 3045 1758 3200 1813; x_wconf 67' lang='lat' dir='ltr'><strong>quam</strong></span> <span class='ocrx_word' id='word_1_214' title='bbox 3253 1758 3502 1813; x_wconf 66' lang='lat' dir='ltr'><strong>umquam</strong></span> <span class='ocrx_word' id='word_1_215' title='bbox 3556 1743 3791 1797; x_wconf 51' lang='lat' dir='ltr'><strong>antehac</strong></span> 
     </span>
    </p>
   </div>
   <div class='ocr_carea' id='block_1_32' title="bbox 556 1810 2111 1882">
    <p class='ocr_par' dir='ltr' id='par_1_32' title="bbox 556 1810 2111 1882">
     <span class='ocr_line' id='line_1_32' title="bbox 556 1810 2111 1882; baseline -0.005 -11"><span class='ocrx_word' id='word_1_216' title='bbox 556 1820 621 1871; x_wconf 89' lang='lat' dir='ltr'><strong>ab</strong></span> <span class='ocrx_word' id='word_1_217' title='bbox 648 1816 941 1871; x_wconf 89' lang='lat' dir='ltr'><strong>innumeris</strong></span> <span class='ocrx_word' id='word_1_218' title='bbox 968 1814 1175 1869; x_wconf 90' lang='lat' dir='ltr'><strong>mendis</strong></span> <span class='ocrx_word' id='word_1_219' title='bbox 1202 1822 1507 1882; x_wconf 85' lang='lat' dir='ltr'><strong>repurgata,</strong></span> <span class='ocrx_word' id='word_1_220' title='bbox 1538 1826 1602 1866; x_wconf 89' lang='lat' dir='ltr'><strong>ac</strong></span> <span class='ocrx_word' id='word_1_221' title='bbox 1628 1826 1836 1865; x_wconf 89' lang='lat' dir='ltr'><strong>summa</strong></span> <span class='ocrx_word' id='word_1_222' title='bbox 1866 1811 1970 1865; x_wconf 79' lang='lat' dir='ltr'><strong>[ide</strong></span> <span class='ocrx_word' id='word_1_223' title='bbox 2007 1810 2111 1878; x_wconf 90' lang='lat' dir='ltr'><strong>pri-</strong></span> 
     </span>
    </p>
   </div>
   <div class='ocr_carea' id='block_1_33' title="bbox 553 1903 2115 1969">
    <p class='ocr_par' dir='ltr' id='par_1_33' title="bbox 553 1903 2115 1969">
     <span class='ocr_line' id='line_1_33' title="bbox 553 1903 2115 1969; baseline -0.006 -4"><span class='ocrx_word' id='word_1_224' title='bbox 553 1910 695 1965; x_wconf 74' lang='lat' dir='ltr'><strong>szino</strong></span> <span class='ocrx_word' id='word_1_225' title='bbox 725 1924 823 1964; x_wconf 91' lang='lat' dir='ltr'><strong>suo</strong></span> <span class='ocrx_word' id='word_1_226' title='bbox 848 1908 1008 1963; x_wconf 87' lang='lat' dir='ltr'><strong>nitori</strong></span> <span class='ocrx_word' id='word_1_227' title='bbox 1041 1907 1310 1969; x_wconf 89' lang='lat' dir='ltr'><strong>restituta,</strong></span> <span class='ocrx_word' id='word_1_228' title='bbox 1340 1920 1479 1959; x_wconf 90' lang='lat' dir='ltr'><strong>nunc</strong></span> <span class='ocrx_word' id='word_1_229' title='bbox 1505 1905 1717 1959; x_wconf 90' lang='lat' dir='ltr'><strong>demum</strong></span> <span class='ocrx_word' id='word_1_230' title='bbox 1749 1904 1802 1956; x_wconf 90' lang='lat' dir='ltr'><strong>in</strong></span> <span class='ocrx_word' id='word_1_231' title='bbox 1834 1903 2004 1957; x_wconf 88' lang='lat' dir='ltr'><strong>lucem</strong></span> <span class='ocrx_word' id='word_1_232' title='bbox 2032 1918 2115 1955; x_wconf 88' lang='lat' dir='ltr'><strong>re-</strong></span> 
     </span>
    </p>
   </div>
   <div class='ocr_carea' id='block_1_34' title="bbox 552 1991 2116 2060">
    <p class='ocr_par' dir='ltr' id='par_1_34' title="bbox 552 1991 2116 2060">
     <span class='ocr_line' id='line_1_34' title="bbox 552 1991 2116 2060; baseline -0.006 -7"><span class='ocrx_word' id='word_1_233' title='bbox 552 2002 735 2055; x_wconf 89' lang='lat' dir='ltr'><strong>deunt.</strong></span> <span class='ocrx_word' id='word_1_234' title='bbox 766 2000 1009 2054; x_wconf 84' lang='lat' dir='ltr'><strong>Accessit</strong></span> <span class='ocrx_word' id='word_1_235' title='bbox 1052 2005 1109 2052; x_wconf 90' lang='lat' dir='ltr'><strong>et</strong></span> <span class='ocrx_word' id='word_1_236' title='bbox 1151 1996 1310 2051; x_wconf 81' lang='lat' dir='ltr'><strong>index</strong></span> <span class='ocrx_word' id='word_1_237' title='bbox 1342 2010 1521 2049; x_wconf 90' lang='lat' dir='ltr'><strong>rerum</strong></span> <span class='ocrx_word' id='word_1_238' title='bbox 1560 1994 1897 2048; x_wconf 79' lang='lat' dir='ltr'><strong>selcCtiorum</strong></span> <span class='ocrx_word' id='word_1_239' title='bbox 1936 1991 2116 2060; x_wconf 86' lang='lat' dir='ltr'><strong>copio-</strong></span> 
     </span>
    </p>
   </div>
   <div class='ocr_carea' id='block_1_35' title="bbox 552 2086 1833 2147">
    <p class='ocr_par' dir='ltr' id='par_1_35' title="bbox 552 2086 1833 2147">
     <span class='ocr_line' id='line_1_35' title="bbox 552 2086 1833 2147; baseline -0.005 -4"><span class='ocrx_word' id='word_1_240' title='bbox 552 2090 817 2144; x_wconf 86' lang='lat' dir='ltr'><strong>sissimus.</strong></span> <span class='ocrx_word' id='word_1_241' title='bbox 850 2086 1133 2142; x_wconf 81' lang='lat' dir='ltr'><strong>M.D.LX|.</strong></span> <span class='ocrx_word' id='word_1_242' title='bbox 1825 2135 1833 2147; x_wconf 83' lang='grc'><em>,</em></span> 
     </span>
    </p>
   </div>
   <div class='ocr_carea' id='block_1_36' title="bbox 625 2168 2115 2246">
    <p class='ocr_par' dir='ltr' id='par_1_36' title="bbox 625 2168 2115 2246">
     <span class='ocr_line' id='line_1_36' title="bbox 625 2168 2115 2246; baseline -0.005 -14"><span class='ocrx_word' id='word_1_243' title='bbox 625 2180 689 2232; x_wconf 93' lang='lat' dir='ltr'><strong>D.</strong></span> <span class='ocrx_word' id='word_1_244' title='bbox 717 2179 850 2235; x_wconf 88' lang='lat' dir='ltr'><strong>Aur.</strong></span> <span class='ocrx_word' id='word_1_245' title='bbox 878 2176 1160 2246; x_wconf 79' lang='lat' dir='ltr'><strong>Augustini</strong></span> <span class='ocrx_word' id='word_1_246' title='bbox 1191 2173 1464 2244; x_wconf 66' lang='lat' dir='ltr'><strong>Epistolae,</strong></span> <span class='ocrx_word' id='word_1_247' title='bbox 1488 2172 1676 2241; x_wconf 83' lang='lat' dir='ltr'><strong>majori</strong></span> <span class='ocrx_word' id='word_1_248' title='bbox 1706 2169 1901 2237; x_wconf 88' lang='lat' dir='ltr'><strong>studio,</strong></span> <span class='ocrx_word' id='word_1_249' title='bbox 1931 2168 2032 2223; x_wconf 82' lang='lat' dir='ltr'><strong>lide</strong></span> <span class='ocrx_word' id='word_1_250' title='bbox 2053 2184 2115 2225; x_wconf 85' lang='lat' dir='ltr'><strong>ac</strong></span> 
     </span>
    </p>
   </div>
   <div class='ocr_carea' id='block_1_37' title="bbox 554 2268 2112 2339">
    <p class='ocr_par' dir='ltr' id='par_1_37' title="bbox 554 2268 2112 2339">
     <span class='ocr_line' id='line_1_37' title="bbox 554 2268 2112 2339; baseline -0.007 -15"><span class='ocrx_word' id='word_1_251' title='bbox 554 2271 831 2339; x_wconf 75' lang='lat' dir='ltr'><strong>religione,</strong></span> <span class='ocrx_word' id='word_1_252' title='bbox 865 2284 1023 2339; x_wconf 91' lang='lat' dir='ltr'><strong>quam</strong></span> <span class='ocrx_word' id='word_1_253' title='bbox 1056 2268 1312 2321; x_wconf 88' lang='lat' dir='ltr'><strong>hactenus</strong></span> <span class='ocrx_word' id='word_1_254' title='bbox 1340 2279 1587 2334; x_wconf 91' lang='lat' dir='ltr'><strong>umquam</strong></span> <span class='ocrx_word' id='word_1_255' title='bbox 1628 2277 1867 2326; x_wconf 66' lang='lat' dir='ltr'><strong>excusas,</strong></span> <span class='ocrx_word' id='word_1_256' title='bbox 1896 2271 2056 2330; x_wconf 89' lang='lat' dir='ltr'><strong>atque</strong></span> <span class='ocrx_word' id='word_1_257' title='bbox 2086 2276 2112 2313; x_wconf 92' lang='lat' dir='ltr'><strong>a</strong></span> 
     </span>
    </p>
   </div>
   <div class='ocr_carea' id='block_1_38' title="bbox 553 2346 2116 2429">
    <p class='ocr_par' dir='ltr' id='par_1_38' title="bbox 553 2346 2116 2429">
     <span class='ocr_line' id='line_1_38' title="bbox 553 2346 2116 2429; baseline -0.008 -14"><span class='ocrx_word' id='word_1_258' title='bbox 553 2362 718 2425; x_wconf 86' lang='lat' dir='ltr'><strong>vitiis,</strong></span> <span class='ocrx_word' id='word_1_259' title='bbox 751 2360 942 2429; x_wconf 84' lang='lat' dir='ltr'><strong>quibus</strong></span> <span class='ocrx_word' id='word_1_260' title='bbox 982 2356 1264 2425; x_wconf 87' lang='lat' dir='ltr'><strong>multiplici</strong></span> <span class='ocrx_word' id='word_1_261' title='bbox 1301 2356 1429 2408; x_wconf 88' lang='lat' dir='ltr'><strong>olim</strong></span> <span class='ocrx_word' id='word_1_262' title='bbox 1470 2352 1821 2423; x_wconf 86' lang='lat' dir='ltr'><strong>impressione</strong></span> <span class='ocrx_word' id='word_1_263' title='bbox 1857 2346 2116 2406; x_wconf 77' lang='lat' dir='ltr'><strong>contami-</strong></span> 
     </span>
    </p>
   </div>
   <div class='ocr_carea' id='block_1_39' title="bbox 555 2442 2117 2515">
    <p class='ocr_par' dir='ltr' id='par_1_39' title="bbox 555 2442 2117 2515">
     <span class='ocr_line' id='line_1_39' title="bbox 555 2442 2117 2515; baseline -0.006 -12"><span class='ocrx_word' id='word_1_264' title='bbox 555 2458 693 2503; x_wconf 62' lang='lat' dir='ltr'><strong>nata:</strong></span> <span class='ocrx_word' id='word_1_265' title='bbox 720 2449 952 2515; x_wconf 75' lang='lat' dir='ltr'><strong>fuerant,</strong></span> <span class='ocrx_word' id='word_1_266' title='bbox 980 2447 1282 2502; x_wconf 61' lang='lat' dir='ltr'><strong>vindicate.</strong></span> <span class='ocrx_word' id='word_1_267' title='bbox 1331 2445 1518 2499; x_wconf 88' lang='lat' dir='ltr'><strong>Tomus</strong></span> <span class='ocrx_word' id='word_1_268' title='bbox 1548 2444 1824 2498; x_wconf 82' lang='lat' dir='ltr'><strong>secundus.</strong></span> <span class='ocrx_word' id='word_1_269' title='bbox 1860 2443 1990 2496; x_wconf 87' lang='lat' dir='ltr'><strong>Cum</strong></span> <span class='ocrx_word' id='word_1_270' title='bbox 2021 2442 2117 2495; x_wconf 83' lang='lat' dir='ltr'><strong>(lu-</strong></span> 
     </span>
    </p>
   </div>
   <div class='ocr_carea' id='block_1_40' title="bbox 558 2530 2118 2610">
    <p class='ocr_par' dir='ltr' id='par_1_40' title="bbox 558 2530 2118 2610">
     <span class='ocr_line' id='line_1_40' title="bbox 558 2530 2118 2610; baseline -0.008 -16"><span class='ocrx_word' id='word_1_271' title='bbox 558 2541 695 2610; x_wconf 91' lang='lat' dir='ltr'><strong>plice</strong></span> <span class='ocrx_word' id='word_1_272' title='bbox 724 2540 899 2596; x_wconf 90' lang='lat' dir='ltr'><strong>indice</strong></span> <span class='ocrx_word' id='word_1_273' title='bbox 938 2553 1044 2593; x_wconf 93' lang='lat' dir='ltr'><strong>uno</strong></span> <span class='ocrx_word' id='word_1_274' title='bbox 1077 2538 1352 2592; x_wconf 90' lang='lat' dir='ltr'><strong>nominum</strong></span> <span class='ocrx_word' id='word_1_275' title='bbox 1378 2549 1587 2600; x_wconf 93' lang='lat' dir='ltr'><strong>eorum,</strong></span> <span class='ocrx_word' id='word_1_276' title='bbox 1637 2532 1700 2586; x_wconf 86' lang='lat' dir='ltr'><strong>ad</strong></span> <span class='ocrx_word' id='word_1_277' title='bbox 1728 2546 1862 2600; x_wconf 90' lang='lat' dir='ltr'><strong>quos</strong></span> <span class='ocrx_word' id='word_1_278' title='bbox 1889 2532 1971 2584; x_wconf 78' lang='lat' dir='ltr'><strong>ba:</strong></span> <span class='ocrx_word' id='word_1_279' title='bbox 2010 2530 2118 2582; x_wconf 86' lang='lat' dir='ltr'><strong>Au—</strong></span> 
     </span>
    </p>
   </div>
   <div class='ocr_carea' id='block_1_41' title="bbox 554 2625 2117 2707">
    <p class='ocr_par' dir='ltr' id='par_1_41' title="bbox 554 2625 2117 2707">
     <span class='ocr_line' id='line_1_41' title="bbox 554 2625 2117 2707; baseline -0.009 -16"><span class='ocrx_word' id='word_1_280' title='bbox 554 2635 751 2707; x_wconf 87' lang='lat' dir='ltr'><strong>gustini</strong></span> <span class='ocrx_word' id='word_1_281' title='bbox 780 2633 1033 2704; x_wconf 78' lang='lat' dir='ltr'><strong>Epistula:</strong></span> <span class='ocrx_word' id='word_1_282' title='bbox 1063 2632 1241 2685; x_wconf 67' lang='lat' dir='ltr'><strong>missm</strong></span> <span class='ocrx_word' id='word_1_283' title='bbox 1268 2629 1413 2684; x_wconf 81' lang='lat' dir='ltr'><strong>fuere</strong></span> <span class='ocrx_word' id='word_1_284' title='bbox 1436 2644 1451 2691; x_wconf 91' lang='lat'><strong>;</strong></span> <span class='ocrx_word' id='word_1_285' title='bbox 1478 2628 1647 2681; x_wconf 91' lang='lat' dir='ltr'><strong>altero</strong></span> <span class='ocrx_word' id='word_1_286' title='bbox 1670 2640 1849 2680; x_wconf 89' lang='lat' dir='ltr'><strong>rerum</strong></span> <span class='ocrx_word' id='word_1_287' title='bbox 1878 2625 2117 2678; x_wconf 89' lang='lat' dir='ltr'><strong>omnium</strong></span> 
     </span>
    </p>
   </div>
   <div class='ocr_carea' id='block_1_42' title="bbox 558 2715 2114 2795">
    <p class='ocr_par' dir='ltr' id='par_1_42' title="bbox 558 2715 2114 2795">
     <span class='ocr_line' id='line_1_42' title="bbox 558 2715 2114 2795; baseline -0.01 -13"><span class='ocrx_word' id='word_1_288' title='bbox 558 2730 611 2782; x_wconf 92' lang='lat' dir='ltr'><strong>in</strong></span> <span class='ocrx_word' id='word_1_289' title='bbox 646 2739 964 2795; x_wconf 82' lang='lat' dir='ltr'><strong>unaquaque</strong></span> <span class='ocrx_word' id='word_1_290' title='bbox 992 2721 1230 2792; x_wconf 83' lang='lat' dir='ltr'><strong>Epistola</strong></span> <span class='ocrx_word' id='word_1_291' title='bbox 1273 2726 1645 2774; x_wconf 89' lang='lat' dir='ltr'><strong>contentarum</strong></span> <span class='ocrx_word' id='word_1_292' title='bbox 1675 2715 2114 2786; x_wconf 88' lang='lat' dir='ltr'><strong>locupletissimo.</strong></span> 
     </span>
    </p>
   </div>
   <div class='ocr_carea' id='block_1_43' title="bbox 553 2817 841 2875">
    <p class='ocr_par' dir='ltr' id='par_1_43' title="bbox 553 2817 841 2875">
     <span class='ocr_line' id='line_1_43' title="bbox 553 2817 841 2875; baseline -0.017 0"><span class='ocrx_word' id='word_1_293' title='bbox 553 2817 841 2875; x_wconf 77' lang='lat' dir='ltr'><strong>M.D.LX|.</strong></span> 
     </span>
    </p>
   </div>
   <div class='ocr_carea' id='block_1_44' title="bbox 624 2892 2117 2976">
    <p class='ocr_par' dir='ltr' id='par_1_44' title="bbox 624 2892 2117 2976">
     <span class='ocr_line' id='line_1_44' title="bbox 624 2892 2117 2976; baseline -0.012 -11"><span class='ocrx_word' id='word_1_294' title='bbox 624 2912 688 2964; x_wconf 92' lang='lat' dir='ltr'><strong>D.</strong></span> <span class='ocrx_word' id='word_1_295' title='bbox 720 2910 850 2965; x_wconf 89' lang='lat' dir='ltr'><strong>Aur.</strong></span> <span class='ocrx_word' id='word_1_296' title='bbox 884 2903 1162 2976; x_wconf 84' lang='lat' dir='ltr'><strong>Augustini</strong></span> <span class='ocrx_word' id='word_1_297' title='bbox 1207 2902 1269 2956; x_wconf 88' lang='lat' dir='ltr'><strong>de</strong></span> <span class='ocrx_word' id='word_1_298' title='bbox 1297 2899 1573 2962; x_wconf 86' lang='lat' dir='ltr'><strong>Trinitate,</strong></span> <span class='ocrx_word' id='word_1_299' title='bbox 1605 2911 1709 2951; x_wconf 89' lang='lat' dir='ltr'><strong>una</strong></span> <span class='ocrx_word' id='word_1_300' title='bbox 1749 2909 1869 2949; x_wconf 89' lang='lat' dir='ltr'><strong>cum</strong></span> <span class='ocrx_word' id='word_1_301' title='bbox 1897 2892 2117 2962; x_wconf 84' lang='lat' dir='ltr'><strong>reliquis</strong></span> 
     </span>
    </p>
   </div>
   <div class='ocr_carea' id='block_1_45' title="bbox 555 2986 2118 3066">
    <p class='ocr_par' dir='ltr' id='par_1_45' title="bbox 555 2986 2118 3066">
     <span class='ocr_line' id='line_1_45' title="bbox 555 2986 2118 3066; baseline -0.012 -11"><span class='ocrx_word' id='word_1_302' title='bbox 555 3002 693 3056; x_wconf 91' lang='lat' dir='ltr'><strong>illius</strong></span> <span class='ocrx_word' id='word_1_303' title='bbox 719 3000 890 3064; x_wconf 90' lang='lat' dir='ltr'><strong>libris,</strong></span> <span class='ocrx_word' id='word_1_304' title='bbox 924 2999 1117 3066; x_wconf 87' lang='lat' dir='ltr'><strong>quibus</strong></span> <span class='ocrx_word' id='word_1_305' title='bbox 1157 2998 1223 3051; x_wconf 82' lang='grc' dir='ltr'><strong><em>τὰ</em></strong></span> <span class='ocrx_word' id='word_1_306' title='bbox 1248 2992 1511 3048; x_wconf 79' lang='grc' dir='ltr'><strong>διδακτικά</strong></span> <span class='ocrx_word' id='word_1_307' title='bbox 1536 2988 1895 3043; x_wconf 90' lang='lat' dir='ltr'><strong>continentur.</strong></span> <span class='ocrx_word' id='word_1_308' title='bbox 1930 2986 2118 3039; x_wconf 84' lang='lat' dir='ltr'><strong>Tomus</strong></span> 
     </span>
    </p>
   </div>
   <div class='ocr_carea' id='block_1_46' title="bbox 554 3072 2187 3149">
    <p class='ocr_par' dir='ltr' id='par_1_46' title="bbox 554 3072 2187 3149">
     <span class='ocr_line' id='line_1_46' title="bbox 554 3072 2187 3149; baseline -0.009 0"><span class='ocrx_word' id='word_1_309' title='bbox 554 3080 753 3149; x_wconf 78' lang='lat' dir='ltr'><strong>tertius.</strong></span> <span class='ocrx_word' id='word_1_310' title='bbox 787 3094 919 3148; x_wconf 91' lang='lat' dir='ltr'><strong>Cum</strong></span> <span class='ocrx_word' id='word_1_311' title='bbox 967 3090 1140 3143; x_wconf 88' lang='lat' dir='ltr'><strong>indice</strong></span> <span class='ocrx_word' id='word_1_312' title='bbox 1167 3101 1347 3142; x_wconf 85' lang='lat' dir='ltr'><strong>rerum</strong></span> <span class='ocrx_word' id='word_1_313' title='bbox 1378 3092 1433 3141; x_wconf 88' lang='lat' dir='ltr'><strong>et</strong></span> <span class='ocrx_word' id='word_1_314' title='bbox 1475 3082 1857 3138; x_wconf 88' lang='lat' dir='ltr'><strong>sententiarum</strong></span> <span class='ocrx_word' id='word_1_315' title='bbox 1884 3078 2117 3147; x_wconf 89' lang='lat' dir='ltr'><strong>locuple—</strong></span> <span class='ocrx_word' id='word_1_316' title='bbox 2143 3072 2187 3134; x_wconf 92' lang='lat' dir='ltr'><strong>C</strong></span> 
     </span>
    </p>
   </div>
   <div class='ocr_carea' id='block_1_47' title="bbox 556 3178 1116 3240">
    <p class='ocr_par' dir='ltr' id='par_1_47' title="bbox 556 3178 1116 3240">
     <span class='ocr_line' id='line_1_47' title="bbox 556 3178 1116 3240; baseline -0.011 0"><span class='ocrx_word' id='word_1_317' title='bbox 556 3186 778 3240; x_wconf 89' lang='lat' dir='ltr'><strong>tissimo.</strong></span> <span class='ocrx_word' id='word_1_318' title='bbox 812 3178 1116 3237; x_wconf 79' lang='lat' dir='ltr'><strong>M.D.LXll.</strong></span> 
     </span>
    </p>
   </div>
   <div class='ocr_carea' id='block_1_48' title="bbox 626 3266 2119 3341">
    <p class='ocr_par' dir='ltr' id='par_1_48' title="bbox 626 3266 2119 3341">
     <span class='ocr_line' id='line_1_48' title="bbox 626 3266 2119 3341; baseline -0.01 -11"><span class='ocrx_word' id='word_1_319' title='bbox 626 3277 689 3330; x_wconf 91' lang='lat' dir='ltr'><strong>D.</strong></span> <span class='ocrx_word' id='word_1_320' title='bbox 724 3278 856 3329; x_wconf 88' lang='lat' dir='ltr'><strong>Aur.</strong></span> <span class='ocrx_word' id='word_1_321' title='bbox 895 3268 1176 3341; x_wconf 88' lang='lat' dir='ltr'><strong>Augustini</strong></span> <span class='ocrx_word' id='word_1_322' title='bbox 1207 3266 1524 3335; x_wconf 70' lang='lat' dir='ltr'><strong>Quaestione:</strong></span> <span class='ocrx_word' id='word_1_323' title='bbox 1569 3266 1623 3318; x_wconf 88' lang='lat' dir='ltr'><strong>in</strong></span> <span class='ocrx_word' id='word_1_324' title='bbox 1657 3271 1798 3318; x_wconf 83' lang='lat' dir='ltr'><strong>uetus</strong></span> <span class='ocrx_word' id='word_1_325' title='bbox 1836 3276 2119 3328; x_wconf 84' lang='lat' dir='ltr'><strong>novumque</strong></span> 
     </span>
    </p>
   </div>
   <div class='ocr_carea' id='block_1_49' title="bbox 555 3352 2115 3426">
    <p class='ocr_par' dir='ltr' id='par_1_49' title="bbox 555 3352 2115 3426">
     <span class='ocr_line' id='line_1_49' title="bbox 555 3352 2115 3426; baseline -0.012 -6"><span class='ocrx_word' id='word_1_326' title='bbox 555 3368 953 3426; x_wconf 86' lang='lat' dir='ltr'><strong>Testamentum,</strong></span> <span class='ocrx_word' id='word_1_327' title='bbox 991 3375 1091 3416; x_wconf 90' lang='lat' dir='ltr'><strong>una</strong></span> <span class='ocrx_word' id='word_1_328' title='bbox 1140 3374 1259 3414; x_wconf 91' lang='lat' dir='ltr'><strong>cum</strong></span> <span class='ocrx_word' id='word_1_329' title='bbox 1304 3356 1526 3425; x_wconf 87' lang='lat' dir='ltr'><strong>reliquis</strong></span> <span class='ocrx_word' id='word_1_330' title='bbox 1564 3354 1708 3409; x_wconf 90' lang='lat' dir='ltr'><strong>illius</strong></span> <span class='ocrx_word' id='word_1_331' title='bbox 1737 3352 2115 3416; x_wconf 89' lang='lat' dir='ltr'><strong>voluminibus,</strong></span> 
     </span>
    </p>
   </div>
   <div class='ocr_carea' id='block_1_50' title="bbox 556 3444 2113 3525">
    <p class='ocr_par' dir='ltr' id='par_1_50' title="bbox 556 3444 2113 3525">
     <span class='ocr_line' id='line_1_50' title="bbox 556 3444 2113 3525; baseline -0.008 -16"><span class='ocrx_word' id='word_1_332' title='bbox 556 3472 671 3525; x_wconf 65' lang='lat' dir='ltr'><strong>quae</strong></span> <span class='ocrx_word' id='word_1_333' title='bbox 691 3458 757 3511; x_wconf 83' lang='grc' dir='ltr'><strong>τὰ</strong></span> <span class='ocrx_word' id='word_1_334' title='bbox 773 3453 1033 3510; x_wconf 81' lang='grc' dir='ltr'><strong>διδακτικά</strong></span> <span class='ocrx_word' id='word_1_335' title='bbox 1055 3448 1408 3519; x_wconf 82' lang='lat' dir='ltr'><strong>appellantur.</strong></span> <span class='ocrx_word' id='word_1_336' title='bbox 1437 3444 1582 3498; x_wconf 88' lang='lat' dir='ltr'><strong>Tomi</strong></span> <span class='ocrx_word' id='word_1_337' title='bbox 1603 3446 1769 3514; x_wconf 86' lang='lat' dir='ltr'><strong>quarti</strong></span> <span class='ocrx_word' id='word_1_338' title='bbox 1789 3461 1908 3513; x_wconf 85' lang='lat' dir='ltr'><strong>pars</strong></span> <span class='ocrx_word' id='word_1_339' title='bbox 1928 3445 2113 3515; x_wconf 88' lang='lat' dir='ltr'><strong>prima.</strong></span> 
     </span>
    </p>
   </div>
   <div class='ocr_carea' id='block_1_51' title="bbox 559 3535 2115 3610">
    <p class='ocr_par' dir='ltr' id='par_1_51' title="bbox 559 3535 2115 3610">
     <span class='ocr_line' id='line_1_51' title="bbox 559 3535 2115 3610; baseline -0.01 -6"><span class='ocrx_word' id='word_1_340' title='bbox 559 3551 691 3604; x_wconf 79' lang='lat' dir='ltr'><strong>Cum</strong></span> <span class='ocrx_word' id='word_1_341' title='bbox 726 3546 929 3610; x_wconf 88' lang='lat' dir='ltr'><strong>indice,</strong></span> <span class='ocrx_word' id='word_1_342' title='bbox 962 3551 1067 3597; x_wconf 90' lang='lat' dir='ltr'><strong>etc.</strong></span> <span class='ocrx_word' id='word_1_343' title='bbox 1116 3537 1395 3594; x_wconf 75' lang='lat' dir='ltr'><strong>M.D.LXI.</strong></span> <span class='ocrx_word' id='word_1_344' title='bbox 1428 3537 1560 3591; x_wconf 86' lang='lat' dir='ltr'><strong>Pars</strong></span> <span class='ocrx_word' id='word_1_345' title='bbox 1597 3537 1819 3591; x_wconf 84' lang='lat' dir='ltr'><strong>secunda</strong></span> <span class='ocrx_word' id='word_1_346' title='bbox 1850 3535 2115 3589; x_wconf 91' lang='lat' dir='ltr'><strong>similiter.</strong></span> 
     </span>
    </p>
   </div>
   <div class='ocr_carea' id='block_1_52' title="bbox 630 3625 2112 3703">
    <p class='ocr_par' dir='ltr' id='par_1_52' title="bbox 630 3625 2112 3703">
     <span class='ocr_line' id='line_1_52' title="bbox 630 3625 2112 3703; baseline -0.008 -11"><span class='ocrx_word' id='word_1_347' title='bbox 630 3640 692 3692; x_wconf 91' lang='lat' dir='ltr'><strong>D.</strong></span> <span class='ocrx_word' id='word_1_348' title='bbox 734 3637 867 3691; x_wconf 87' lang='lat' dir='ltr'><strong>Aur.</strong></span> <span class='ocrx_word' id='word_1_349' title='bbox 907 3631 1185 3703; x_wconf 82' lang='lat' dir='ltr'><strong>Augustini</strong></span> <span class='ocrx_word' id='word_1_350' title='bbox 1232 3634 1293 3682; x_wconf 88' lang='lat' dir='ltr'><strong>de</strong></span> <span class='ocrx_word' id='word_1_351' title='bbox 1335 3629 1546 3681; x_wconf 85' lang='lat' dir='ltr'><strong>Civitate</strong></span> <span class='ocrx_word' id='word_1_352' title='bbox 1589 3625 1681 3679; x_wconf 86' lang='lat' dir='ltr'><strong>Dei</strong></span> <span class='ocrx_word' id='word_1_353' title='bbox 1710 3627 1746 3679; x_wconf 92' lang='grc' dir='ltr'><strong>Ι.</strong></span> <span class='ocrx_word' id='word_1_354' title='bbox 1777 3626 1944 3692; x_wconf 77' lang='lat' dir='ltr'><strong>XXII,</strong></span> <span class='ocrx_word' id='word_1_355' title='bbox 1985 3636 2112 3691; x_wconf 87' lang='lat' dir='ltr'><strong>etc.,</strong></span> 
     </span>
    </p>
   </div>
   <div class='ocr_carea' id='block_1_53' title="bbox 565 3715 2118 3797">
    <p class='ocr_par' dir='ltr' id='par_1_53' title="bbox 565 3715 2118 3797">
     <span class='ocr_line' id='line_1_53' title="bbox 565 3715 2118 3797; baseline -0.008 -17"><span class='ocrx_word' id='word_1_356' title='bbox 565 3743 789 3797; x_wconf 85' lang='lat' dir='ltr'><strong>quorum</strong></span> <span class='ocrx_word' id='word_1_357' title='bbox 831 3725 925 3779; x_wconf 75' lang='lat' dir='ltr'><strong>Xll</strong></span> <span class='ocrx_word' id='word_1_358' title='bbox 972 3724 1073 3777; x_wconf 88' lang='lat' dir='ltr'><strong>hoc</strong></span> <span class='ocrx_word' id='word_1_359' title='bbox 1129 3720 1366 3775; x_wconf 86' lang='lat' dir='ltr'><strong>omnium</strong></span> <span class='ocrx_word' id='word_1_360' title='bbox 1420 3718 1560 3771; x_wconf 90' lang='lat' dir='ltr'><strong>illius</strong></span> <span class='ocrx_word' id='word_1_361' title='bbox 1606 3716 1835 3785; x_wconf 86' lang='lat' dir='ltr'><strong>Operum</strong></span> <span class='ocrx_word' id='word_1_362' title='bbox 1890 3715 2118 3781; x_wconf 89' lang='lat' dir='ltr'><strong>septimo</strong></span> 
     </span>
    </p>
   </div>
   <div class='ocr_carea' id='block_1_54' title="bbox 567 3806 2122 3881">
    <p class='ocr_par' dir='ltr' id='par_1_54' title="bbox 567 3806 2122 3881">
     <span class='ocr_line' id='line_1_54' title="bbox 567 3806 2122 3881; baseline -0.012 -7"><span class='ocrx_word' id='word_1_363' title='bbox 567 3832 710 3874; x_wconf 87' lang='lat' dir='ltr'><strong>tomo</strong></span> <span class='ocrx_word' id='word_1_364' title='bbox 743 3816 1084 3873; x_wconf 88' lang='lat' dir='ltr'><strong>continentur</strong></span> <span class='ocrx_word' id='word_1_365' title='bbox 1127 3812 1227 3881; x_wconf 90' lang='lat' dir='ltr'><strong>(sic</strong></span> <span class='ocrx_word' id='word_1_366' title='bbox 1260 3811 1451 3864; x_wconf 89' lang='lat' dir='ltr'><strong>vitiose</strong></span> <span class='ocrx_word' id='word_1_367' title='bbox 1495 3822 1591 3876; x_wconf 90' lang='lat' dir='ltr'><strong>pro</strong></span> <span class='ocrx_word' id='word_1_368' title='bbox 1638 3807 1761 3859; x_wconf 87' lang='lat' dir='ltr'><strong>lomi</strong></span> <span class='ocrx_word' id='word_1_369' title='bbox 1789 3806 1951 3875; x_wconf 85' lang='lat' dir='ltr'><strong>quinti</strong></span> <span class='ocrx_word' id='word_1_370' title='bbox 1980 3814 2122 3873; x_wconf 81' lang='lat' dir='ltr'><strong>parte</strong></span> 
     </span>
    </p>
   </div>
   <div class='ocr_carea' id='block_1_55' title="bbox 557 3894 2120 3983">
    <p class='ocr_par' dir='ltr' id='par_1_55' title="bbox 557 3894 2120 3983">
     <span class='ocr_line' id='line_1_55' title="bbox 557 3894 2120 3983; baseline -0.01 -20"><span class='ocrx_word' id='word_1_371' title='bbox 557 3911 743 3983; x_wconf 88' lang='lat' dir='ltr'><strong>prima,</strong></span> <span class='ocrx_word' id='word_1_372' title='bbox 791 3915 849 3961; x_wconf 89' lang='lat' dir='ltr'><strong>ut</strong></span> <span class='ocrx_word' id='word_1_373' title='bbox 875 3920 997 3960; x_wconf 84' lang='lat' dir='ltr'><strong>mox</strong></span> <span class='ocrx_word' id='word_1_374' title='bbox 1044 3902 1201 3958; x_wconf 87' lang='lat' dir='ltr'><strong>etiam</strong></span> <span class='ocrx_word' id='word_1_375' title='bbox 1245 3909 1413 3953; x_wconf 86' lang='lat' dir='ltr'><strong>tomus</strong></span> <span class='ocrx_word' id='word_1_376' title='bbox 1457 3908 1682 3961; x_wconf 84' lang='lat' dir='ltr'><strong>octavus,</strong></span> <span class='ocrx_word' id='word_1_377' title='bbox 1714 3910 1818 3964; x_wconf 94' lang='lat' dir='ltr'><strong>quo</strong></span> <span class='ocrx_word' id='word_1_378' title='bbox 1856 3894 2041 3963; x_wconf 89' lang='lat' dir='ltr'><strong>reliqui</strong></span> <span class='ocrx_word' id='word_1_379' title='bbox 2075 3894 2120 3947; x_wconf 77' lang='grc' dir='ltr'>Χ</span> 
     </span>
    </p>
   </div>
   <div class='ocr_carea' id='block_1_56' title="bbox 557 3985 2116 4063">
    <p class='ocr_par' dir='ltr' id='par_1_56' title="bbox 557 3985 2116 4063">
     <span class='ocr_line' id='line_1_56' title="bbox 557 3985 2116 4063; baseline -0.011 -8"><span class='ocrx_word' id='word_1_380' title='bbox 557 4000 916 4061; x_wconf 89' lang='lat' dir='ltr'><strong>continentur,</strong></span> <span class='ocrx_word' id='word_1_381' title='bbox 934 4009 1029 4063; x_wconf 89' lang='lat' dir='ltr'><strong>pro</strong></span> <span class='ocrx_word' id='word_1_382' title='bbox 1048 3993 1169 4047; x_wconf 90' lang='lat' dir='ltr'><strong>tomi</strong></span> <span class='ocrx_word' id='word_1_383' title='bbox 1179 3991 1342 4063; x_wconf 87' lang='lat' dir='ltr'><strong>quinti</strong></span> <span class='ocrx_word' id='word_1_384' title='bbox 1354 4001 1495 4060; x_wconf 90' lang='lat' dir='ltr'><strong>parte</strong></span> <span class='ocrx_word' id='word_1_385' title='bbox 1510 3987 1778 4056; x_wconf 85' lang='lat' dir='ltr'><strong>secunda.)</strong></span> <span class='ocrx_word' id='word_1_386' title='bbox 1795 3987 1840 4040; x_wconf 85' lang='grc' dir='ltr'><strong>Μ</strong></span> <span class='ocrx_word' id='word_1_387' title='bbox 1849 3985 2116 4040; x_wconf 83' lang='lat' dir='ltr'><strong>.D.LXlll.</strong></span> 
     </span>
    </p>
   </div>
   <div class='ocr_carea' id='block_1_57' title="bbox 628 4079 2120 4156">
    <p class='ocr_par' dir='ltr' id='par_1_57' title="bbox 628 4079 2120 4156">
     <span class='ocr_line' id='line_1_57' title="bbox 628 4079 2120 4156; baseline -0.009 -11"><span class='ocrx_word' id='word_1_388' title='bbox 628 4092 693 4145; x_wconf 90' lang='lat' dir='ltr'><strong>D.</strong></span> <span class='ocrx_word' id='word_1_389' title='bbox 726 4095 854 4144; x_wconf 81' lang='lat' dir='ltr'><strong>Aur.</strong></span> <span class='ocrx_word' id='word_1_390' title='bbox 887 4087 1167 4156; x_wconf 79' lang='lat' dir='ltr'><strong>Augustini</strong></span> <span class='ocrx_word' id='word_1_391' title='bbox 1210 4092 1310 4140; x_wconf 83' lang='grc' dir='ltr'><strong>τῶν</strong></span> <span class='ocrx_word' id='word_1_392' title='bbox 1336 4084 1616 4155; x_wconf 74' lang='grc' dir='ltr'>πολεμικῶν</span> <span class='ocrx_word' id='word_1_393' title='bbox 1646 4096 1769 4150; x_wconf 83' lang='lat' dir='ltr'><strong>pars</strong></span> <span class='ocrx_word' id='word_1_394' title='bbox 1796 4082 1987 4149; x_wconf 91' lang='lat' dir='ltr'><strong>prima.</strong></span> <span class='ocrx_word' id='word_1_395' title='bbox 2022 4079 2120 4132; x_wconf 86' lang='lat' dir='ltr'><strong>To-</strong></span> 
     </span>
    </p>
   </div>
   <div class='ocr_carea' id='block_1_58' title="bbox 558 4171 2116 4235">
    <p class='ocr_par' dir='ltr' id='par_1_58' title="bbox 558 4171 2116 4235">
     <span class='ocr_line' id='line_1_58' title="bbox 558 4171 2116 4235; baseline -0.008 0"><span class='ocrx_word' id='word_1_396' title='bbox 558 4198 669 4235; x_wconf 87' lang='lat' dir='ltr'><strong>mus</strong></span> <span class='ocrx_word' id='word_1_397' title='bbox 716 4190 913 4235; x_wconf 75' lang='lat' dir='ltr'><strong>sextus.</strong></span> <span class='ocrx_word' id='word_1_398' title='bbox 958 4176 1266 4233; x_wconf 80' lang='lat' dir='ltr'><strong>M.D.LX|I.</strong></span> <span class='ocrx_word' id='word_1_399' title='bbox 1297 4206 1367 4215; x_wconf 95' lang='lat'><strong>—</strong></span> <span class='ocrx_word' id='word_1_400' title='bbox 1394 4175 1525 4228; x_wconf 76' lang='lat' dir='ltr'><strong>Pars</strong></span> <span class='ocrx_word' id='word_1_401' title='bbox 1569 4172 1800 4227; x_wconf 88' lang='lat' dir='ltr'><strong>secunda</strong></span> <span class='ocrx_word' id='word_1_402' title='bbox 1848 4180 1903 4225; x_wconf 87' lang='lat' dir='ltr'><strong>et</strong></span> <span class='ocrx_word' id='word_1_403' title='bbox 1941 4171 2116 4225; x_wconf 87' lang='lat' dir='ltr'><strong>tertia.</strong></span> 
     </span>
    </p>
   </div>
   <div class='ocr_carea' id='block_1_59' title="bbox 555 4260 1938 4342">
    <p class='ocr_par' dir='ltr' id='par_1_59' title="bbox 555 4260 1938 4342">
     <span class='ocr_line' id='line_1_59' title="bbox 555 4260 1938 4342; baseline -0.009 -14"><span class='ocrx_word' id='word_1_404' title='bbox 555 4273 703 4328; x_wconf 79' lang='lat' dir='ltr'><strong>Tomi</strong></span> <span class='ocrx_word' id='word_1_405' title='bbox 730 4270 928 4342; x_wconf 87' lang='lat' dir='ltr'><strong>septimi</strong></span> <span class='ocrx_word' id='word_1_406' title='bbox 951 4285 1072 4336; x_wconf 83' lang='lat' dir='ltr'><strong>pars</strong></span> <span class='ocrx_word' id='word_1_407' title='bbox 1098 4268 1237 4338; x_wconf 89' lang='lat' dir='ltr'><strong>prior</strong></span> <span class='ocrx_word' id='word_1_408' title='bbox 1264 4276 1307 4318; x_wconf 89' lang='lat' dir='ltr'><strong>et</strong></span> <span class='ocrx_word' id='word_1_409' title='bbox 1338 4264 1604 4333; x_wconf 87' lang='lat' dir='ltr'><strong>posterior.</strong></span> <span class='ocrx_word' id='word_1_410' title='bbox 1635 4260 1938 4316; x_wconf 78' lang='lat' dir='ltr'><strong>M.D.LXll.</strong></span> 
     </span>
    </p>
   </div>
   <div class='ocr_carea' id='block_1_60' title="bbox 626 4354 2118 4429">
    <p class='ocr_par' dir='ltr' id='par_1_60' title="bbox 626 4354 2118 4429">
     <span class='ocr_line' id='line_1_60' title="bbox 626 4354 2118 4429; baseline -0.008 -13"><span class='ocrx_word' id='word_1_411' title='bbox 626 4364 688 4416; x_wconf 91' lang='lat' dir='ltr'><strong>D.</strong></span> <span class='ocrx_word' id='word_1_412' title='bbox 710 4364 838 4416; x_wconf 89' lang='lat' dir='ltr'><strong>Aur.</strong></span> <span class='ocrx_word' id='word_1_413' title='bbox 872 4360 1156 4429; x_wconf 81' lang='lat' dir='ltr'><strong>Augustini</strong></span> <span class='ocrx_word' id='word_1_414' title='bbox 1183 4358 1557 4411; x_wconf 83' lang='lat' dir='ltr'><strong>Enarrationes</strong></span> <span class='ocrx_word' id='word_1_415' title='bbox 1588 4356 1641 4408; x_wconf 91' lang='lat' dir='ltr'><strong>in</strong></span> <span class='ocrx_word' id='word_1_416' title='bbox 1667 4354 1904 4408; x_wconf 80' lang='lat' dir='ltr'><strong>Psalmos</strong></span> <span class='ocrx_word' id='word_1_417' title='bbox 1934 4354 2118 4422; x_wconf 83' lang='lat' dir='ltr'><strong>mysti—</strong></span> 
     </span>
    </p>
   </div>
   <div class='ocr_carea' id='block_1_61' title="bbox 554 4439 2197 4521">
    <p class='ocr_par' dir='ltr' id='par_1_61' title="bbox 554 4439 2197 4521">
     <span class='ocr_line' id='line_1_61' title="bbox 554 4439 2197 4521; baseline -0.007 -12"><span class='ocrx_word' id='word_1_418' title='bbox 554 4472 661 4510; x_wconf 88' lang='lat' dir='ltr'><strong>cos.</strong></span> <span class='ocrx_word' id='word_1_419' title='bbox 704 4454 849 4508; x_wconf 89' lang='lat' dir='ltr'><strong>Tomi</strong></span> <span class='ocrx_word' id='word_1_420' title='bbox 885 4454 1049 4506; x_wconf 89' lang='lat' dir='ltr'><strong>octavi</strong></span> <span class='ocrx_word' id='word_1_421' title='bbox 1082 4468 1200 4520; x_wconf 82' lang='lat' dir='ltr'><strong>pars</strong></span> <span class='ocrx_word' id='word_1_422' title='bbox 1240 4452 1404 4521; x_wconf 89' lang='lat' dir='ltr'><strong>prima</strong></span> <span class='ocrx_word' id='word_1_423' title='bbox 1430 4458 1479 4502; x_wconf 88' lang='lat' dir='ltr'><strong>et</strong></span> <span class='ocrx_word' id='word_1_424' title='bbox 1522 4448 1763 4502; x_wconf 73' lang='lat' dir='ltr'><strong>secunda.</strong></span> <span class='ocrx_word' id='word_1_425' title='bbox 1788 4446 2115 4501; x_wconf 77' lang='lat' dir='ltr'><strong>M.D.LXlll.</strong></span> <span class='ocrx_word' id='word_1_426' title='bbox 2148 4439 2197 4498; x_wconf 83' lang='lat' dir='ltr'><strong>D</strong></span> 
     </span>
    </p>
   </div>
   <div class='ocr_carea' id='block_1_62' title="bbox 625 4538 2120 4615">
    <p class='ocr_par' dir='ltr' id='par_1_62' title="bbox 625 4538 2120 4615">
     <span class='ocr_line' id='line_1_62' title="bbox 625 4538 2120 4615; baseline -0.01 -13"><span class='ocrx_word' id='word_1_427' title='bbox 625 4550 688 4615; x_wconf 87' lang='lat' dir='ltr'><strong>D.</strong></span> <span class='ocrx_word' id='word_1_428' title='bbox 717 4549 846 4602; x_wconf 87' lang='lat' dir='ltr'><strong>Aur.</strong></span> <span class='ocrx_word' id='word_1_429' title='bbox 890 4545 1171 4615; x_wconf 82' lang='lat' dir='ltr'><strong>Augustini</strong></span> <span class='ocrx_word' id='word_1_430' title='bbox 1209 4543 1576 4597; x_wconf 84' lang='lat' dir='ltr'><strong>Enarrationes</strong></span> <span class='ocrx_word' id='word_1_431' title='bbox 1605 4541 1658 4592; x_wconf 88' lang='lat' dir='ltr'><strong>in</strong></span> <span class='ocrx_word' id='word_1_432' title='bbox 1698 4540 1919 4593; x_wconf 85' lang='lat' dir='ltr'><strong>Joannis</strong></span> <span class='ocrx_word' id='word_1_433' title='bbox 1953 4538 2120 4591; x_wconf 79' lang='lat' dir='ltr'><strong>Evan-</strong></span> 
     </span>
    </p>
   </div>
   <div class='ocr_carea' id='block_1_63' title="bbox 552 4628 2121 4712">
    <p class='ocr_par' dir='ltr' id='par_1_63' title="bbox 552 4628 2121 4712">
     <span class='ocr_line' id='line_1_63' title="bbox 552 4628 2121 4712; baseline -0.008 -17"><span class='ocrx_word' id='word_1_434' title='bbox 552 4642 740 4712; x_wconf 80' lang='lat' dir='ltr'><strong>gelium</strong></span> <span class='ocrx_word' id='word_1_435' title='bbox 764 4650 811 4693; x_wconf 88' lang='lat' dir='ltr'><strong>et</strong></span> <span class='ocrx_word' id='word_1_436' title='bbox 837 4636 1211 4706; x_wconf 78' lang='lat' dir='ltr'><strong>Apocalypsin,</strong></span> <span class='ocrx_word' id='word_1_437' title='bbox 1242 4650 1345 4688; x_wconf 88' lang='lat' dir='ltr'><strong>una</strong></span> <span class='ocrx_word' id='word_1_438' title='bbox 1373 4648 1495 4687; x_wconf 93' lang='lat' dir='ltr'><strong>cum</strong></span> <span class='ocrx_word' id='word_1_439' title='bbox 1520 4630 1686 4685; x_wconf 90' lang='lat' dir='ltr'><strong>variis</strong></span> <span class='ocrx_word' id='word_1_440' title='bbox 1717 4629 1862 4685; x_wconf 89' lang='lat' dir='ltr'><strong>illius</strong></span> <span class='ocrx_word' id='word_1_441' title='bbox 1891 4628 2121 4683; x_wconf 87' lang='lat' dir='ltr'><strong>volumi-</strong></span> 
     </span>
    </p>
   </div>
   <div class='ocr_carea' id='block_1_64' title="bbox 551 4722 1609 4796">
    <p class='ocr_par' dir='ltr' id='par_1_64' title="bbox 551 4722 1609 4796">
     <span class='ocr_line' id='line_1_64' title="bbox 551 4722 1609 4796; baseline -0.009 -9"><span class='ocrx_word' id='word_1_442' title='bbox 551 4733 725 4796; x_wconf 87' lang='lat' dir='ltr'><strong>nibus,</strong></span> <span class='ocrx_word' id='word_1_443' title='bbox 756 4741 860 4787; x_wconf 89' lang='lat' dir='ltr'><strong>etc.</strong></span> <span class='ocrx_word' id='word_1_444' title='bbox 893 4730 1080 4783; x_wconf 79' lang='lat' dir='ltr'><strong>Tomus</strong></span> <span class='ocrx_word' id='word_1_445' title='bbox 1110 4743 1273 4780; x_wconf 86' lang='lat' dir='ltr'><strong>nonus</strong></span> <span class='ocrx_word' id='word_1_446' title='bbox 1301 4722 1609 4780; x_wconf 81' lang='lat' dir='ltr'><strong>M.D.LXI|.</strong></span> 
     </span>
    </p>
   </div>
   <div class='ocr_carea' id='block_1_65' title="bbox 625 4810 2120 4887">
    <p class='ocr_par' dir='ltr' id='par_1_65' title="bbox 625 4810 2120 4887">
     <span class='ocr_line' id='line_1_65' title="bbox 625 4810 2120 4887; baseline -0.009 -11"><span class='ocrx_word' id='word_1_447' title='bbox 625 4823 685 4876; x_wconf 91' lang='lat' dir='ltr'><strong>D.</strong></span> <span class='ocrx_word' id='word_1_448' title='bbox 728 4824 860 4876; x_wconf 85' lang='lat' dir='ltr'><strong>Aur.</strong></span> <span class='ocrx_word' id='word_1_449' title='bbox 903 4818 1182 4887; x_wconf 81' lang='lat' dir='ltr'><strong>Augustini</strong></span> <span class='ocrx_word' id='word_1_450' title='bbox 1227 4816 1519 4871; x_wconf 78' lang='lat' dir='ltr'><strong>Sermones.</strong></span> <span class='ocrx_word' id='word_1_451' title='bbox 1550 4812 1791 4878; x_wconf 85' lang='lat' dir='ltr'><strong>Quorum</strong></span> <span class='ocrx_word' id='word_1_452' title='bbox 1831 4810 2024 4865; x_wconf 90' lang='lat' dir='ltr'><strong>seriem</strong></span> <span class='ocrx_word' id='word_1_453' title='bbox 2066 4818 2120 4863; x_wconf 88' lang='lat' dir='ltr'><strong>et</strong></span> 
     </span>
    </p>
   </div>
   <div class='ocr_carea' id='block_1_66' title="bbox 508 4900 2118 4987">
    <p class='ocr_par' dir='ltr' id='par_1_66' title="bbox 508 4900 2118 4987">
     <span class='ocr_line' id='line_1_66' title="bbox 508 4900 2118 4987; baseline -0.009 -19"><span class='ocrx_word' id='word_1_454' title='bbox 508 4980 517 4987; x_wconf 28' lang='grc' dir='ltr'><strong>λ</strong></span> <span class='ocrx_word' id='word_1_455' title='bbox 553 4929 833 4967; x_wconf 89' lang='lat' dir='ltr'><strong>numerum</strong></span> <span class='ocrx_word' id='word_1_456' title='bbox 876 4913 953 4965; x_wconf 92' lang='lat' dir='ltr'><strong>sic</strong></span> <span class='ocrx_word' id='word_1_457' title='bbox 976 4910 1207 4963; x_wconf 87' lang='lat' dir='ltr'><strong>habeto:</strong></span> <span class='ocrx_word' id='word_1_458' title='bbox 1246 4908 1320 4960; x_wconf 91' lang='lat' dir='ltr'><strong>De</strong></span> <span class='ocrx_word' id='word_1_459' title='bbox 1348 4905 1527 4959; x_wconf 90' lang='lat' dir='ltr'><strong>verbis</strong></span> <span class='ocrx_word' id='word_1_460' title='bbox 1561 4903 1806 4967; x_wconf 89' lang='lat' dir='ltr'><strong>Domini;</strong></span> <span class='ocrx_word' id='word_1_461' title='bbox 1837 4902 1914 4957; x_wconf 92' lang='lat' dir='ltr'><strong>De</strong></span> <span class='ocrx_word' id='word_1_462' title='bbox 1942 4900 2118 4954; x_wconf 87' lang='lat' dir='ltr'><strong>verbis</strong></span> 
     </span>
    </p>
   </div>
   <div class='ocr_carea' id='block_1_67' title="bbox 550 4990 2124 5073">
    <p class='ocr_par' dir='ltr' id='par_1_67' title="bbox 550 4990 2124 5073">
     <span class='ocr_line' id='line_1_67' title="bbox 550 4990 2124 5073; baseline -0.011 -14"><span class='ocrx_word' id='word_1_463' title='bbox 550 5004 825 5073; x_wconf 79' lang='lat' dir='ltr'><strong>Apostoli;</strong></span> <span class='ocrx_word' id='word_1_464' title='bbox 857 5001 1101 5056; x_wconf 70' lang='lat' dir='ltr'><strong>llomiliaa</strong></span> <span class='ocrx_word' id='word_1_465' title='bbox 1130 4999 1205 5063; x_wconf 87' lang='lat' dir='ltr'><strong>L;</strong></span> <span class='ocrx_word' id='word_1_466' title='bbox 1254 4996 1501 5050; x_wconf 80' lang='lat' dir='ltr'><strong>llomilia:</strong></span> <span class='ocrx_word' id='word_1_467' title='bbox 1531 4994 1598 5049; x_wconf 91' lang='lat' dir='ltr'><strong>de</strong></span> <span class='ocrx_word' id='word_1_468' title='bbox 1636 5000 1907 5061; x_wconf 86' lang='lat' dir='ltr'><strong>tempore;</strong></span> <span class='ocrx_word' id='word_1_469' title='bbox 1939 4990 2124 5045; x_wconf 83' lang='lat' dir='ltr'><strong>llorni-</strong></span> 
     </span>
    </p>
   </div>
   <div class='ocr_carea' id='block_1_68' title="bbox 549 5086 2120 5149">
    <p class='ocr_par' dir='ltr' id='par_1_68' title="bbox 549 5086 2120 5149">
     <span class='ocr_line' id='line_1_68' title="bbox 549 5086 2120 5149; baseline -0.009 0"><span class='ocrx_word' id='word_1_470' title='bbox 549 5098 635 5149; x_wconf 79' lang='lat' dir='ltr'><strong>liae</strong></span> <span class='ocrx_word' id='word_1_471' title='bbox 659 5096 727 5149; x_wconf 88' lang='lat' dir='ltr'><strong>de</strong></span> <span class='ocrx_word' id='word_1_472' title='bbox 757 5095 967 5149; x_wconf 85' lang='lat' dir='ltr'><strong>Sanctis</strong></span> <span class='ocrx_word' id='word_1_473' title='bbox 1007 5091 1075 5147; x_wconf 88' lang='lat' dir='ltr'><strong>ad</strong></span> <span class='ocrx_word' id='word_1_474' title='bbox 1105 5092 1294 5146; x_wconf 78' lang='lat' dir='ltr'><strong>fratres</strong></span> <span class='ocrx_word' id='word_1_475' title='bbox 1342 5089 1395 5142; x_wconf 91' lang='lat' dir='ltr'><strong>in</strong></span> <span class='ocrx_word' id='word_1_476' title='bbox 1439 5101 1655 5144; x_wconf 82' lang='lat' dir='ltr'><strong>eremo:</strong></span> <span class='ocrx_word' id='word_1_477' title='bbox 1702 5086 1893 5139; x_wconf 90' lang='lat' dir='ltr'><strong>Decem</strong></span> <span class='ocrx_word' id='word_1_478' title='bbox 1935 5092 1987 5137; x_wconf 90' lang='lat' dir='ltr'><strong>et</strong></span> <span class='ocrx_word' id='word_1_479' title='bbox 2035 5096 2120 5136; x_wconf 85' lang='lat' dir='ltr'><strong>se-</strong></span> 
     </span>
    </p>
   </div>
   <div class='ocr_carea' id='block_1_69' title="bbox 552 5174 2118 5257">
    <p class='ocr_par' dir='ltr' id='par_1_69' title="bbox 552 5174 2118 5257">
     <span class='ocr_line' id='line_1_69' title="bbox 552 5174 2118 5257; baseline -0.01 -16"><span class='ocrx_word' id='word_1_480' title='bbox 552 5197 692 5257; x_wconf 89' lang='lat' dir='ltr'><strong>ptem</strong></span> <span class='ocrx_word' id='word_1_481' title='bbox 733 5188 1021 5241; x_wconf 88' lang='lat' dir='ltr'><strong>Sermones</strong></span> <span class='ocrx_word' id='word_1_482' title='bbox 1071 5182 1421 5251; x_wconf 89' lang='lat' dir='ltr'><strong>nonnullique</strong></span> <span class='ocrx_word' id='word_1_483' title='bbox 1471 5178 1582 5233; x_wconf 87' lang='lat' dir='ltr'><strong>alii.</strong></span> <span class='ocrx_word' id='word_1_484' title='bbox 1635 5175 1824 5229; x_wconf 87' lang='lat' dir='ltr'><strong>Tomus</strong></span> <span class='ocrx_word' id='word_1_485' title='bbox 1871 5174 2118 5227; x_wconf 79' lang='lat' dir='ltr'><strong>decimus.</strong></span> 
     </span>
    </p>
   </div>
   <div class='ocr_carea' id='block_1_70' title="bbox 550 5278 1045 5353">
    <p class='ocr_par' dir='ltr' id='par_1_70' title="bbox 550 5278 1045 5353">
     <span class='ocr_line' id='line_1_70' title="bbox 550 5278 1045 5353; baseline -0.01 -19"><span class='ocrx_word' id='word_1_486' title='bbox 550 5278 881 5334; x_wconf 66' lang='lat' dir='ltr'><strong>unum.</strong></span> <span class='ocrx_word' id='word_1_487' title='bbox 1038 5344 1045 5353; x_wconf 30' lang='grc' dir='ltr'><strong>ο</strong></span> 
     </span>
    </p>
   </div>
   <div class='ocr_carea' id='block_1_71' title="bbox 622 5355 2118 5430">
    <p class='ocr_par' dir='ltr' id='par_1_71' title="bbox 622 5355 2118 5430">
     <span class='ocr_line' id='line_1_71' title="bbox 622 5355 2118 5430; baseline -0.009 -7"><span class='ocrx_word' id='word_1_488' title='bbox 622 5369 798 5424; x_wconf 81' lang='lat' dir='ltr'><strong>Editio</strong></span> <span class='ocrx_word' id='word_1_489' title='bbox 854 5367 1124 5422; x_wconf 78' lang='lat' dir='ltr'><strong>rarissime</strong></span> <span class='ocrx_word' id='word_1_490' title='bbox 1170 5365 1351 5429; x_wconf 88' lang='lat' dir='ltr'><strong>obvia,</strong></span> <span class='ocrx_word' id='word_1_491' title='bbox 1404 5362 1497 5417; x_wconf 88' lang='lat' dir='ltr'><strong>sed</strong></span> <span class='ocrx_word' id='word_1_492' title='bbox 1538 5374 1791 5430; x_wconf 85' lang='lat' dir='ltr'><strong>perquam</strong></span> <span class='ocrx_word' id='word_1_493' title='bbox 1839 5355 2118 5412; x_wconf 89' lang='lat' dir='ltr'><strong>commode</strong></span> 
     </span>
    </p>
   </div>
   <div class='ocr_carea' id='block_1_72' title="bbox 555 5447 2116 5525">
    <p class='ocr_par' dir='ltr' id='par_1_72' title="bbox 555 5447 2116 5525">
     <span class='ocr_line' id='line_1_72' title="bbox 555 5447 2116 5525; baseline -0.01 -11"><span class='ocrx_word' id='word_1_494' title='bbox 555 5462 817 5525; x_wconf 89' lang='lat' dir='ltr'><strong>instituta,</strong></span> <span class='ocrx_word' id='word_1_495' title='bbox 867 5468 925 5513; x_wconf 91' lang='lat' dir='ltr'><strong>ut</strong></span> <span class='ocrx_word' id='word_1_496' title='bbox 952 5459 1032 5512; x_wconf 85' lang='lat' dir='ltr'><strong>vel</strong></span> <span class='ocrx_word' id='word_1_497' title='bbox 1072 5474 1135 5510; x_wconf 82' lang='lat' dir='ltr'><strong>ex</strong></span> <span class='ocrx_word' id='word_1_498' title='bbox 1178 5454 1415 5524; x_wconf 87' lang='lat' dir='ltr'><strong>e0piosis</strong></span> <span class='ocrx_word' id='word_1_499' title='bbox 1464 5467 1642 5506; x_wconf 88' lang='lat' dir='ltr'><strong>rerum</strong></span> <span class='ocrx_word' id='word_1_500' title='bbox 1692 5447 2116 5502; x_wconf 85' lang='lat' dir='ltr'><strong>memorabilium</strong></span> 
     </span>
    </p>
   </div>
   <div class='ocr_carea' id='block_1_73' title="bbox 2214 1833 3793 1900">
    <p class='ocr_par' dir='ltr' id='par_1_73' title="bbox 2214 1833 3793 1900">
     <span class='ocr_line' id='line_1_73' title="bbox 2214 1833 3793 1900; baseline -0.001 -11"><span class='ocrx_word' id='word_1_501' title='bbox 2214 1835 2604 1900; x_wconf 88' lang='lat' dir='ltr'><strong>emendatiora,</strong></span> <span class='ocrx_word' id='word_1_502' title='bbox 2642 1834 2708 1889; x_wconf 90' lang='lat' dir='ltr'><strong>ab</strong></span> <span class='ocrx_word' id='word_1_503' title='bbox 2747 1836 3045 1889; x_wconf 88' lang='lat' dir='ltr'><strong>innumeris</strong></span> <span class='ocrx_word' id='word_1_504' title='bbox 3066 1835 3335 1889; x_wconf 85' lang='lat' dir='ltr'><strong>vindieata</strong></span> <span class='ocrx_word' id='word_1_505' title='bbox 3386 1833 3683 1900; x_wconf 88' lang='lat' dir='ltr'><strong>erroribus,</strong></span> <span class='ocrx_word' id='word_1_506' title='bbox 3726 1849 3793 1888; x_wconf 89' lang='lat' dir='ltr'><strong>ac</strong></span> 
     </span>
    </p>
   </div>
   <div class='ocr_carea' id='block_1_74' title="bbox 2214 1924 3792 1993">
    <p class='ocr_par' dir='ltr' id='par_1_74' title="bbox 2214 1924 3792 1993">
     <span class='ocr_line' id='line_1_74' title="bbox 2214 1924 3792 1993; baseline -0.001 -15"><span class='ocrx_word' id='word_1_507' title='bbox 2214 1924 2433 1979; x_wconf 89' lang='lat' dir='ltr'><strong>demum</strong></span> <span class='ocrx_word' id='word_1_508' title='bbox 2476 1926 2627 1979; x_wconf 90' lang='lat' dir='ltr'><strong>novis</strong></span> <span class='ocrx_word' id='word_1_509' title='bbox 2670 1924 2985 1993; x_wconf 90' lang='lat' dir='ltr'><strong>quibusdam</strong></span> <span class='ocrx_word' id='word_1_510' title='bbox 3019 1926 3262 1980; x_wconf 90' lang='lat' dir='ltr'><strong>censuris</strong></span> <span class='ocrx_word' id='word_1_511' title='bbox 3290 1924 3643 1993; x_wconf 85' lang='lat' dir='ltr'><strong>plurimisque</strong></span> <span class='ocrx_word' id='word_1_512' title='bbox 3682 1925 3792 1976; x_wconf 90' lang='lat' dir='ltr'><strong>mi-</strong></span> 
     </span>
    </p>
   </div>
   <div class='ocr_carea' id='block_1_75' title="bbox 2215 2010 3790 2082">
    <p class='ocr_par' dir='ltr' id='par_1_75' title="bbox 2215 2010 3790 2082">
     <span class='ocr_line' id='line_1_75' title="bbox 2215 2010 3790 2082; baseline -0.001 -15"><span class='ocrx_word' id='word_1_513' title='bbox 2215 2013 2360 2068; x_wconf 89' lang='lat' dir='ltr'><strong>nime</strong></span> <span class='ocrx_word' id='word_1_514' title='bbox 2405 2013 2758 2082; x_wconf 88' lang='lat' dir='ltr'><strong>aspernandis</strong></span> <span class='ocrx_word' id='word_1_515' title='bbox 2803 2013 3210 2068; x_wconf 86' lang='lat' dir='ltr'><strong>accessionibus</strong></span> <span class='ocrx_word' id='word_1_516' title='bbox 3250 2012 3598 2081; x_wconf 87' lang='lat' dir='ltr'><strong>locupletata.</strong></span> <span class='ocrx_word' id='word_1_517' title='bbox 3646 2010 3790 2066; x_wconf 89' lang='lat' dir='ltr'><strong>Cum</strong></span> 
     </span>
    </p>
   </div>
   <div class='ocr_carea' id='block_1_76' title="bbox 2217 2103 3792 2174">
    <p class='ocr_par' dir='ltr' id='par_1_76' title="bbox 2217 2103 3792 2174">
     <span class='ocr_line' id='line_1_76' title="bbox 2217 2103 3792 2174; baseline 0 -16"><span class='ocrx_word' id='word_1_518' title='bbox 2217 2104 2391 2159; x_wconf 91' lang='lat' dir='ltr'><strong>indice</strong></span> <span class='ocrx_word' id='word_1_519' title='bbox 2437 2104 2725 2174; x_wconf 86' lang='lat' dir='ltr'><strong>tripartito,</strong></span> <span class='ocrx_word' id='word_1_520' title='bbox 2768 2104 2833 2157; x_wconf 91' lang='lat' dir='ltr'><strong>ad</strong></span> <span class='ocrx_word' id='word_1_521' title='bbox 2871 2103 3072 2159; x_wconf 87' lang='lat' dir='ltr'><strong>calcem</strong></span> <span class='ocrx_word' id='word_1_522' title='bbox 3114 2104 3348 2170; x_wconf 82' lang='lat' dir='ltr'><strong>adjecto,</strong></span> <span class='ocrx_word' id='word_1_523' title='bbox 3380 2103 3657 2169; x_wconf 87' lang='lat' dir='ltr'><strong>omnibus,</strong></span> <span class='ocrx_word' id='word_1_524' title='bbox 3691 2104 3792 2171; x_wconf 89' lang='lat' dir='ltr'><strong>qui</strong></span> 
     </span>
    </p>
   </div>
   <div class='ocr_carea' id='block_1_77' title="bbox 2215 2195 3791 2264">
    <p class='ocr_par' dir='ltr' id='par_1_77' title="bbox 2215 2195 3791 2264">
     <span class='ocr_line' id='line_1_77' title="bbox 2215 2195 3791 2264; baseline 0 -15"><span class='ocrx_word' id='word_1_525' title='bbox 2215 2203 2448 2261; x_wconf 82' lang='lat' dir='ltr'><strong>exstant,</strong></span> <span class='ocrx_word' id='word_1_526' title='bbox 2491 2195 2763 2261; x_wconf 85' lang='lat' dir='ltr'><strong>uberiore,</strong></span> <span class='ocrx_word' id='word_1_527' title='bbox 2815 2203 2871 2249; x_wconf 89' lang='lat' dir='ltr'><strong>ct</strong></span> <span class='ocrx_word' id='word_1_528' title='bbox 2916 2195 3195 2264; x_wconf 63' lang='lat' dir='ltr'><strong>theologia:</strong></span> <span class='ocrx_word' id='word_1_529' title='bbox 3236 2195 3495 2249; x_wconf 91' lang='lat' dir='ltr'><strong>studiosis</strong></span> <span class='ocrx_word' id='word_1_530' title='bbox 3538 2209 3791 2249; x_wconf 87' lang='lat' dir='ltr'><strong>commo-</strong></span> 
     </span>
    </p>
   </div>
   <div class='ocr_carea' id='block_1_78' title="bbox 2216 2282 3793 2352">
    <p class='ocr_par' dir='ltr' id='par_1_78' title="bbox 2216 2282 3793 2352">
     <span class='ocr_line' id='line_1_78' title="bbox 2216 2282 3793 2352; baseline -0.001 -15"><span class='ocrx_word' id='word_1_531' title='bbox 2216 2283 2390 2339; x_wconf 91' lang='lat' dir='ltr'><strong>diore.</strong></span> <span class='ocrx_word' id='word_1_532' title='bbox 2420 2284 2610 2339; x_wconf 88' lang='lat' dir='ltr'><strong>Totum</strong></span> <span class='ocrx_word' id='word_1_533' title='bbox 2640 2298 2794 2338; x_wconf 72' lang='lat' dir='ltr'><strong>nova:</strong></span> <span class='ocrx_word' id='word_1_534' title='bbox 2823 2283 2981 2352; x_wconf 88' lang='lat' dir='ltr'><strong>hujus</strong></span> <span class='ocrx_word' id='word_1_535' title='bbox 3010 2283 3261 2338; x_wconf 88' lang='lat' dir='ltr'><strong>editionis</strong></span> <span class='ocrx_word' id='word_1_536' title='bbox 3287 2282 3593 2337; x_wconf 87' lang='lat' dir='ltr'><strong>institutum</strong></span> <span class='ocrx_word' id='word_1_537' title='bbox 3625 2292 3679 2337; x_wconf 91' lang='lat' dir='ltr'><strong>et</strong></span> <span class='ocrx_word' id='word_1_538' title='bbox 3706 2298 3793 2337; x_wconf 82' lang='lat' dir='ltr'><strong>ra-</strong></span> 
     </span>
    </p>
   </div>
   <div class='ocr_carea' id='block_1_79' title="bbox 2218 2374 3531 2445">
    <p class='ocr_par' dir='ltr' id='par_1_79' title="bbox 2218 2374 3531 2445">
     <span class='ocr_line' id='line_1_79' title="bbox 2218 2374 3531 2445; baseline -0.003 -14"><span class='ocrx_word' id='word_1_539' title='bbox 2218 2378 2292 2431; x_wconf 94' lang='lat' dir='ltr'><strong>tio</strong></span> <span class='ocrx_word' id='word_1_540' title='bbox 2320 2392 2384 2430; x_wconf 90' lang='lat' dir='ltr'><strong>ex</strong></span> <span class='ocrx_word' id='word_1_541' title='bbox 2412 2376 2659 2431; x_wconf 87' lang='lat' dir='ltr'><strong>Carmine</strong></span> <span class='ocrx_word' id='word_1_542' title='bbox 2698 2376 2943 2445; x_wconf 86' lang='lat' dir='ltr'><strong>sequenti</strong></span> <span class='ocrx_word' id='word_1_543' title='bbox 2974 2374 3226 2444; x_wconf 88' lang='lat' dir='ltr'><strong>liquidius</strong></span> <span class='ocrx_word' id='word_1_544' title='bbox 3252 2374 3531 2444; x_wconf 89' lang='lat' dir='ltr'><strong>patebunt.</strong></span> 
     </span>
    </p>
   </div>
   <div class='ocr_carea' id='block_1_80' title="bbox 2285 2462 3794 2535">
    <p class='ocr_par' dir='ltr' id='par_1_80' title="bbox 2285 2462 3794 2535">
     <span class='ocr_line' id='line_1_80' title="bbox 2285 2462 3794 2535; baseline 0.001 -16"><span class='ocrx_word' id='word_1_545' title='bbox 2285 2465 2495 2535; x_wconf 85' lang='lat' dir='ltr'><strong>Reliqui</strong></span> <span class='ocrx_word' id='word_1_546' title='bbox 2534 2466 2659 2519; x_wconf 92' lang='lat' dir='ltr'><strong>tomi</strong></span> <span class='ocrx_word' id='word_1_547' title='bbox 2703 2473 2761 2519; x_wconf 91' lang='lat' dir='ltr'><strong>ut</strong></span> <span class='ocrx_word' id='word_1_548' title='bbox 2790 2466 2841 2519; x_wconf 92' lang='lat' dir='ltr'><strong>in</strong></span> <span class='ocrx_word' id='word_1_549' title='bbox 2872 2464 2960 2519; x_wconf 89' lang='lat' dir='ltr'><strong>ed.</strong></span> <span class='ocrx_word' id='word_1_550' title='bbox 3006 2479 3057 2518; x_wconf 92' lang='lat' dir='ltr'><strong>a.</strong></span> <span class='ocrx_word' id='word_1_551' title='bbox 3091 2463 3229 2518; x_wconf 71' lang='grc'><strong>1545</strong></span> <span class='ocrx_word' id='word_1_552' title='bbox 3262 2462 3650 2529; x_wconf 89' lang='lat' dir='ltr'><strong>inscribuntur,</strong></span> <span class='ocrx_word' id='word_1_553' title='bbox 3680 2464 3794 2520; x_wconf 89' lang='lat' dir='ltr'><strong>nisi</strong></span> 
     </span>
    </p>
   </div>
   <div class='ocr_carea' id='block_1_81' title="bbox 2216 2552 3794 2625">
    <p class='ocr_par' dir='ltr' id='par_1_81' title="bbox 2216 2552 3794 2625">
     <span class='ocr_line' id='line_1_81' title="bbox 2216 2552 3794 2625; baseline -0.003 -16"><span class='ocrx_word' id='word_1_554' title='bbox 2216 2556 2359 2625; x_wconf 90' lang='lat' dir='ltr'><strong>quod</strong></span> <span class='ocrx_word' id='word_1_555' title='bbox 2392 2557 2444 2608; x_wconf 92' lang='lat' dir='ltr'><strong>in</strong></span> <span class='ocrx_word' id='word_1_556' title='bbox 2483 2564 2631 2609; x_wconf 92' lang='lat' dir='ltr'><strong>tomo</strong></span> <span class='ocrx_word' id='word_1_557' title='bbox 2662 2553 2750 2619; x_wconf 87' lang='lat' dir='ltr'><strong>Ill,</strong></span> <span class='ocrx_word' id='word_1_558' title='bbox 2783 2553 2871 2622; x_wconf 91' lang='lat' dir='ltr'><strong>qui</strong></span> <span class='ocrx_word' id='word_1_559' title='bbox 2917 2553 2985 2610; x_wconf 84' lang='grc' dir='ltr'>τά</span> <span class='ocrx_word' id='word_1_560' title='bbox 3028 2552 3286 2609; x_wconf 81' lang='grc' dir='ltr'><strong>διδακτικά</strong></span> <span class='ocrx_word' id='word_1_561' title='bbox 3314 2553 3576 2619; x_wconf 91' lang='lat' dir='ltr'><strong>continet,</strong></span> <span class='ocrx_word' id='word_1_562' title='bbox 3631 2552 3794 2606; x_wconf 85' lang='lat' dir='ltr'><strong>addi-</strong></span> 
     </span>
    </p>
   </div>
   <div class='ocr_carea' id='block_1_82' title="bbox 2219 2641 3795 2711">
    <p class='ocr_par' dir='ltr' id='par_1_82' title="bbox 2219 2641 3795 2711">
     <span class='ocr_line' id='line_1_82' title="bbox 2219 2641 3795 2711; baseline -0.003 -11"><span class='ocrx_word' id='word_1_563' title='bbox 2219 2657 2328 2701; x_wconf 90' lang='lat' dir='ltr'><strong>tum</strong></span> <span class='ocrx_word' id='word_1_564' title='bbox 2356 2646 2447 2709; x_wconf 88' lang='lat' dir='ltr'><strong>sit,</strong></span> <span class='ocrx_word' id='word_1_565' title='bbox 2476 2646 2544 2698; x_wconf 83' lang='lat' dir='ltr'><strong>ad</strong></span> <span class='ocrx_word' id='word_1_566' title='bbox 2572 2655 2793 2698; x_wconf 76' lang='lat' dir='ltr'><strong>veterum</strong></span> <span class='ocrx_word' id='word_1_567' title='bbox 2822 2644 3051 2697; x_wconf 85' lang='lat' dir='ltr'><strong>codicum</strong></span> <span class='ocrx_word' id='word_1_568' title='bbox 3082 2644 3405 2697; x_wconf 79' lang='lat' dir='ltr'><strong>collationem</strong></span> <span class='ocrx_word' id='word_1_569' title='bbox 3436 2650 3564 2711; x_wconf 90' lang='lat' dir='ltr'><strong>post</strong></span> <span class='ocrx_word' id='word_1_570' title='bbox 3600 2641 3795 2696; x_wconf 82' lang='lat' dir='ltr'><strong>Marti-</strong></span> 
     </span>
    </p>
   </div>
   <div class='ocr_carea' id='block_1_83' title="bbox 2219 2732 3796 2805">
    <p class='ocr_par' dir='ltr' id='par_1_83' title="bbox 2219 2732 3796 2805">
     <span class='ocr_line' id='line_1_83' title="bbox 2219 2732 3796 2805; baseline -0.004 -14"><span class='ocrx_word' id='word_1_571' title='bbox 2219 2753 2344 2791; x_wconf 90' lang='lat' dir='ltr'><strong>num</strong></span> <span class='ocrx_word' id='word_1_572' title='bbox 2384 2736 2647 2805; x_wconf 89' lang='lat' dir='ltr'><strong>Lipsium,</strong></span> <span class='ocrx_word' id='word_1_573' title='bbox 2694 2751 2828 2789; x_wconf 87' lang='lat' dir='ltr'><strong>nunc</strong></span> <span class='ocrx_word' id='word_1_574' title='bbox 2874 2735 3048 2787; x_wconf 86' lang='lat' dir='ltr'><strong>multis</strong></span> <span class='ocrx_word' id='word_1_575' title='bbox 3082 2734 3139 2786; x_wconf 87' lang='lat' dir='ltr'><strong>in</strong></span> <span class='ocrx_word' id='word_1_576' title='bbox 3187 2732 3312 2787; x_wconf 88' lang='lat' dir='ltr'><strong>locis</strong></span> <span class='ocrx_word' id='word_1_577' title='bbox 3366 2746 3569 2786; x_wconf 85' lang='lat' dir='ltr'><strong>summo</strong></span> <span class='ocrx_word' id='word_1_578' title='bbox 3612 2733 3796 2786; x_wconf 87' lang='lat' dir='ltr'><strong>studio</strong></span> 
     </span>
    </p>
   </div>
   <div class='ocr_carea' id='block_1_84' title="bbox 2219 2821 3796 2890">
    <p class='ocr_par' dir='ltr' id='par_1_84' title="bbox 2219 2821 3796 2890">
     <span class='ocr_line' id='line_1_84' title="bbox 2219 2821 3796 2890; baseline -0.004 -9"><span class='ocrx_word' id='word_1_579' title='bbox 2219 2826 2532 2882; x_wconf 86' lang='lat' dir='ltr'><strong>emendatus.</strong></span> <span class='ocrx_word' id='word_1_580' title='bbox 2569 2825 2614 2879; x_wconf 78' lang='grc' dir='ltr'>Χ</span> <span class='ocrx_word' id='word_1_581' title='bbox 2646 2835 2821 2879; x_wconf 91' lang='lat' dir='ltr'><strong>tomus</strong></span> <span class='ocrx_word' id='word_1_582' title='bbox 2850 2839 2975 2879; x_wconf 88' lang='lat' dir='ltr'><strong>vero</strong></span> <span class='ocrx_word' id='word_1_583' title='bbox 3002 2824 3079 2878; x_wconf 89' lang='lat' dir='ltr'><strong>sic</strong></span> <span class='ocrx_word' id='word_1_584' title='bbox 3108 2823 3304 2879; x_wconf 85' lang='lat' dir='ltr'><strong>habet:</strong></span> <span class='ocrx_word' id='word_1_585' title='bbox 3331 2823 3533 2876; x_wconf 89' lang='lat' dir='ltr'><strong>Tomus</strong></span> <span class='ocrx_word' id='word_1_586' title='bbox 3557 2821 3605 2875; x_wconf 82' lang='lat' dir='ltr'><strong>X</strong></span> <span class='ocrx_word' id='word_1_587' title='bbox 3644 2822 3796 2890; x_wconf 88' lang='lat' dir='ltr'><strong>Ope-</strong></span> 
     </span>
    </p>
   </div>
   <div class='ocr_carea' id='block_1_85' title="bbox 2218 2914 3797 2987">
    <p class='ocr_par' dir='ltr' id='par_1_85' title="bbox 2218 2914 3797 2987">
     <span class='ocr_line' id='line_1_85' title="bbox 2218 2914 3797 2987; baseline -0.004 -14"><span class='ocrx_word' id='word_1_588' title='bbox 2218 2934 2337 2973; x_wconf 92' lang='lat' dir='ltr'><strong>rum</strong></span> <span class='ocrx_word' id='word_1_589' title='bbox 2366 2918 2430 2972; x_wconf 93' lang='lat' dir='ltr'><strong>D.</strong></span> <span class='ocrx_word' id='word_1_590' title='bbox 2460 2919 2590 2971; x_wconf 84' lang='lat' dir='ltr'><strong>Aur.</strong></span> <span class='ocrx_word' id='word_1_591' title='bbox 2622 2915 2925 2987; x_wconf 89' lang='lat' dir='ltr'><strong>Augustini,</strong></span> <span class='ocrx_word' id='word_1_592' title='bbox 2955 2915 3239 2970; x_wconf 91' lang='lat' dir='ltr'><strong>continens</strong></span> <span class='ocrx_word' id='word_1_593' title='bbox 3275 2915 3570 2969; x_wconf 88' lang='lat' dir='ltr'><strong>Sermones</strong></span> <span class='ocrx_word' id='word_1_594' title='bbox 3599 2914 3666 2967; x_wconf 88' lang='lat' dir='ltr'><strong>ad</strong></span> <span class='ocrx_word' id='word_1_595' title='bbox 3691 2928 3797 2982; x_wconf 87' lang='lat' dir='ltr'><strong>po-</strong></span> 
     </span>
    </p>
   </div>
   <div class='ocr_carea' id='block_1_86' title="bbox 2222 3002 3796 3075">
    <p class='ocr_par' dir='ltr' id='par_1_86' title="bbox 2222 3002 3796 3075">
     <span class='ocr_line' id='line_1_86' title="bbox 2222 3002 3796 3075; baseline -0.002 -16"><span class='ocrx_word' id='word_1_596' title='bbox 2222 3007 2403 3075; x_wconf 92' lang='lat' dir='ltr'><strong>pulum</strong></span> <span class='ocrx_word' id='word_1_597' title='bbox 2449 3014 2506 3061; x_wconf 90' lang='lat' dir='ltr'><strong>et</strong></span> <span class='ocrx_word' id='word_1_598' title='bbox 2547 3006 2808 3071; x_wconf 88' lang='lat' dir='ltr'><strong>clericos,</strong></span> <span class='ocrx_word' id='word_1_599' title='bbox 2855 3005 3339 3060; x_wconf 90' lang='lat' dir='ltr'><strong>vetustissimorum</strong></span> <span class='ocrx_word' id='word_1_600' title='bbox 3394 3002 3796 3073; x_wconf 85' lang='lat' dir='ltr'><strong>exemplarium</strong></span> 
     </span>
    </p>
   </div>
   <div class='ocr_carea' id='block_1_87' title="bbox 2219 3093 3795 3166">
    <p class='ocr_par' dir='ltr' id='par_1_87' title="bbox 2219 3093 3795 3166">
     <span class='ocr_line' id='line_1_87' title="bbox 2219 3093 3795 3166; baseline -0.002 -15"><span class='ocrx_word' id='word_1_601' title='bbox 2219 3098 2504 3152; x_wconf 90' lang='lat' dir='ltr'><strong>collatione</strong></span> <span class='ocrx_word' id='word_1_602' title='bbox 2534 3111 2676 3151; x_wconf 92' lang='lat' dir='ltr'><strong>nunc</strong></span> <span class='ocrx_word' id='word_1_603' title='bbox 2702 3097 2877 3150; x_wconf 90' lang='lat' dir='ltr'><strong>denuo</strong></span> <span class='ocrx_word' id='word_1_604' title='bbox 2906 3095 3153 3166; x_wconf 89' lang='lat' dir='ltr'><strong>plurimis</strong></span> <span class='ocrx_word' id='word_1_605' title='bbox 3178 3096 3231 3149; x_wconf 92' lang='lat' dir='ltr'><strong>in</strong></span> <span class='ocrx_word' id='word_1_606' title='bbox 3262 3094 3394 3149; x_wconf 91' lang='lat' dir='ltr'><strong>locis</strong></span> <span class='ocrx_word' id='word_1_607' title='bbox 3421 3093 3754 3148; x_wconf 88' lang='lat' dir='ltr'><strong>emendatus</strong></span> <span class='ocrx_word' id='word_1_608' title='bbox 3779 3110 3795 3148; x_wconf 90' lang='lat'><strong><em>:</em></strong></span> 
     </span>
    </p>
   </div>
   <div class='ocr_carea' id='block_1_88' title="bbox 2221 3184 3798 3255">
    <p class='ocr_par' dir='ltr' id='par_1_88' title="bbox 2221 3184 3798 3255">
     <span class='ocr_line' id='line_1_88' title="bbox 2221 3184 3798 3255; baseline -0.004 -12"><span class='ocrx_word' id='word_1_609' title='bbox 2221 3189 2306 3243; x_wconf 91' lang='lat' dir='ltr'><strong>cui</strong></span> <span class='ocrx_word' id='word_1_610' title='bbox 2332 3189 2616 3244; x_wconf 88' lang='lat' dir='ltr'><strong>Sermones</strong></span> <span class='ocrx_word' id='word_1_611' title='bbox 2642 3188 2709 3242; x_wconf 89' lang='lat' dir='ltr'><strong>de</strong></span> <span class='ocrx_word' id='word_1_612' title='bbox 2738 3187 2973 3241; x_wconf 88' lang='lat' dir='ltr'><strong>Diversis</strong></span> <span class='ocrx_word' id='word_1_613' title='bbox 2999 3194 3053 3240; x_wconf 90' lang='lat' dir='ltr'><strong>et</strong></span> <span class='ocrx_word' id='word_1_614' title='bbox 3079 3184 3378 3255; x_wconf 82' lang='lat' dir='ltr'><strong>fragmenta</strong></span> <span class='ocrx_word' id='word_1_615' title='bbox 3406 3184 3657 3254; x_wconf 71' lang='lat' dir='ltr'><strong>qumdam</strong></span> <span class='ocrx_word' id='word_1_616' title='bbox 3690 3198 3798 3237; x_wconf 83' lang='lat' dir='ltr'><strong>an-</strong></span> 
     </span>
    </p>
   </div>
   <div class='ocr_carea' id='block_1_89' title="bbox 2221 3276 3798 3350">
    <p class='ocr_par' dir='ltr' id='par_1_89' title="bbox 2221 3276 3798 3350">
     <span class='ocr_line' id='line_1_89' title="bbox 2221 3276 3798 3350; baseline -0.004 -14"><span class='ocrx_word' id='word_1_617' title='bbox 2221 3281 2374 3337; x_wconf 89' lang='lat' dir='ltr'><strong>tehac</strong></span> <span class='ocrx_word' id='word_1_618' title='bbox 2404 3296 2693 3350; x_wconf 89' lang='lat' dir='ltr'><strong>numquam</strong></span> <span class='ocrx_word' id='word_1_619' title='bbox 2716 3294 2932 3343; x_wconf 82' lang='lat' dir='ltr'><strong>excusa,</strong></span> <span class='ocrx_word' id='word_1_620' title='bbox 2957 3293 3122 3347; x_wconf 88' lang='lat' dir='ltr'><strong>opera</strong></span> <span class='ocrx_word' id='word_1_621' title='bbox 3154 3288 3209 3332; x_wconf 90' lang='lat' dir='ltr'><strong>et</strong></span> <span class='ocrx_word' id='word_1_622' title='bbox 3239 3277 3417 3332; x_wconf 91' lang='lat' dir='ltr'><strong>studio</strong></span> <span class='ocrx_word' id='word_1_623' title='bbox 3442 3276 3798 3331; x_wconf 75' lang='lat' dir='ltr'><strong>doctissimo~</strong></span> 
     </span>
    </p>
   </div>
   <div class='ocr_carea' id='block_1_90' title="bbox 2220 3367 3800 3441">
    <p class='ocr_par' dir='ltr' id='par_1_90' title="bbox 2220 3367 3800 3441">
     <span class='ocr_line' id='line_1_90' title="bbox 2220 3367 3800 3441; baseline -0.003 -12"><span class='ocrx_word' id='word_1_624' title='bbox 2220 3390 2335 3429; x_wconf 89' lang='lat' dir='ltr'><strong>rum</strong></span> <span class='ocrx_word' id='word_1_625' title='bbox 2370 3374 2626 3441; x_wconf 90' lang='lat' dir='ltr'><strong>virorum,</strong></span> <span class='ocrx_word' id='word_1_626' title='bbox 2662 3371 2879 3424; x_wconf 87' lang='lat' dir='ltr'><strong>Martini</strong></span> <span class='ocrx_word' id='word_1_627' title='bbox 2907 3369 3093 3441; x_wconf 84' lang='lat' dir='ltr'><strong>Lipsii,</strong></span> <span class='ocrx_word' id='word_1_628' title='bbox 3120 3368 3340 3423; x_wconf 86' lang='lat' dir='ltr'><strong>Joannis</strong></span> <span class='ocrx_word' id='word_1_629' title='bbox 3395 3367 3711 3435; x_wconf 87' lang='lat' dir='ltr'><strong>Vlimmerii,</strong></span> <span class='ocrx_word' id='word_1_630' title='bbox 3742 3381 3800 3424; x_wconf 88' lang='lat' dir='ltr'><strong>et</strong></span> 
     </span>
    </p>
   </div>
   <div class='ocr_carea' id='block_1_91' title="bbox 2218 3459 3800 3534">
    <p class='ocr_par' dir='ltr' id='par_1_91' title="bbox 2218 3459 3800 3534">
     <span class='ocr_line' id='line_1_91' title="bbox 2218 3459 3800 3534; baseline -0.006 -12"><span class='ocrx_word' id='word_1_631' title='bbox 2218 3468 2442 3522; x_wconf 89' lang='lat' dir='ltr'><strong>aliorum</strong></span> <span class='ocrx_word' id='word_1_632' title='bbox 2466 3480 2495 3519; x_wconf 92' lang='lat' dir='ltr'><strong>e</strong></span> <span class='ocrx_word' id='word_1_633' title='bbox 2518 3464 2753 3519; x_wconf 88' lang='lat' dir='ltr'><strong>tenebris</strong></span> <span class='ocrx_word' id='word_1_634' title='bbox 2783 3472 2933 3517; x_wconf 87' lang='lat' dir='ltr'><strong>eruta</strong></span> <span class='ocrx_word' id='word_1_635' title='bbox 2961 3462 3025 3515; x_wconf 86' lang='lat' dir='ltr'><strong>ad</strong></span> <span class='ocrx_word' id='word_1_636' title='bbox 3056 3461 3257 3515; x_wconf 81' lang='lat' dir='ltr'><strong>calcem</strong></span> <span class='ocrx_word' id='word_1_637' title='bbox 3290 3459 3628 3534; x_wconf 73' lang='lat' dir='ltr'><strong>adiecimus:</strong></span> <span class='ocrx_word' id='word_1_638' title='bbox 3653 3475 3800 3530; x_wconf 81' lang='lat' dir='ltr'><strong>quu-</strong></span> 
     </span>
    </p>
   </div>
   <div class='ocr_carea' id='block_1_92' title="bbox 2220 3550 3462 3624">
    <p class='ocr_par' dir='ltr' id='par_1_92' title="bbox 2220 3550 3462 3624">
     <span class='ocr_line' id='line_1_92' title="bbox 2220 3550 3462 3624; baseline -0.008 -12"><span class='ocrx_word' id='word_1_639' title='bbox 2220 3573 2338 3612; x_wconf 90' lang='lat' dir='ltr'><strong>rum</strong></span> <span class='ocrx_word' id='word_1_640' title='bbox 2368 3556 2666 3624; x_wconf 86' lang='lat' dir='ltr'><strong>catalogum</strong></span> <span class='ocrx_word' id='word_1_641' title='bbox 2708 3568 2937 3622; x_wconf 89' lang='lat' dir='ltr'><strong>sequens</strong></span> <span class='ocrx_word' id='word_1_642' title='bbox 2967 3551 3156 3621; x_wconf 86' lang='lat' dir='ltr'><strong>pagina</strong></span> <span class='ocrx_word' id='word_1_643' title='bbox 3185 3550 3462 3604; x_wconf 88' lang='lat' dir='ltr'><strong>indicabit.</strong></span> 
     </span>
    </p>
   </div>
   <div class='ocr_carea' id='block_1_93' title="bbox 2288 3641 3798 3716">
    <p class='ocr_par' dir='ltr' id='par_1_93' title="bbox 2288 3641 3798 3716">
     <span class='ocr_line' id='line_1_93' title="bbox 2288 3641 3798 3716; baseline -0.006 -13"><span class='ocrx_word' id='word_1_644' title='bbox 2288 3648 2451 3703; x_wconf 87' lang='lat' dir='ltr'><strong>Iudex</strong></span> <span class='ocrx_word' id='word_1_645' title='bbox 2478 3647 2629 3716; x_wconf 74' lang='lat' dir='ltr'><strong>juxta</strong></span> <span class='ocrx_word' id='word_1_646' title='bbox 2659 3646 2991 3713; x_wconf 87' lang='lat' dir='ltr'><strong>superiorem</strong></span> <span class='ocrx_word' id='word_1_647' title='bbox 3034 3643 3323 3698; x_wconf 89' lang='lat' dir='ltr'><strong>editionem</strong></span> <span class='ocrx_word' id='word_1_648' title='bbox 3352 3641 3659 3709; x_wconf 86' lang='lat' dir='ltr'><strong>descriptus</strong></span> <span class='ocrx_word' id='word_1_649' title='bbox 3687 3652 3798 3695; x_wconf 88' lang='lat' dir='ltr'><strong>est.</strong></span> 
     </span>
    </p>
   </div>
   <div class='ocr_carea' id='block_1_94' title="bbox 2289 3733 3801 3808">
    <p class='ocr_par' dir='ltr' id='par_1_94' title="bbox 2289 3733 3801 3808">
     <span class='ocr_line' id='line_1_94' title="bbox 2289 3733 3801 3808; baseline -0.004 -15"><span class='ocrx_word' id='word_1_650' title='bbox 2289 3740 2459 3808; x_wconf 89' lang='lat' dir='ltr'><strong>llujus</strong></span> <span class='ocrx_word' id='word_1_651' title='bbox 2500 3737 2754 3792; x_wconf 89' lang='lat' dir='ltr'><strong>editionis</strong></span> <span class='ocrx_word' id='word_1_652' title='bbox 2801 3742 3104 3790; x_wconf 90' lang='lat' dir='ltr'><strong>accuratam</strong></span> <span class='ocrx_word' id='word_1_653' title='bbox 3160 3735 3409 3789; x_wconf 89' lang='lat' dir='ltr'><strong>notitiam</strong></span> <span class='ocrx_word' id='word_1_654' title='bbox 3457 3733 3607 3788; x_wconf 88' lang='lat' dir='ltr'><strong>dedit</strong></span> <span class='ocrx_word' id='word_1_655' title='bbox 3660 3734 3801 3787; x_wconf 88' lang='lat' dir='ltr'><strong>olim</strong></span> 
     </span>
    </p>
   </div>
   <div class='ocr_carea' id='block_1_95' title="bbox 2219 3825 3802 3902">
    <p class='ocr_par' dir='ltr' id='par_1_95' title="bbox 2219 3825 3802 3902">
     <span class='ocr_line' id='line_1_95' title="bbox 2219 3825 3802 3902; baseline -0.003 -16"><span class='ocrx_word' id='word_1_656' title='bbox 2219 3832 2432 3902; x_wconf 84' lang='lat' dir='ltr'><strong>Sigism.</strong></span> <span class='ocrx_word' id='word_1_657' title='bbox 2472 3828 2590 3883; x_wconf 86' lang='lat' dir='ltr'><strong>Jac.</strong></span> <span class='ocrx_word' id='word_1_658' title='bbox 2623 3827 3051 3898; x_wconf 86' lang='lat' dir='ltr'><strong>Baumgartenius</strong></span> <span class='ocrx_word' id='word_1_659' title='bbox 3079 3826 3177 3897; x_wconf 89' lang='lat' dir='ltr'><strong>(a).</strong></span> <span class='ocrx_word' id='word_1_660' title='bbox 3224 3825 3491 3896; x_wconf 84' lang='lat' dir='ltr'><strong>Quidquid</strong></span> <span class='ocrx_word' id='word_1_661' title='bbox 3528 3826 3580 3878; x_wconf 90' lang='lat' dir='ltr'><strong>in</strong></span> <span class='ocrx_word' id='word_1_662' title='bbox 3614 3826 3802 3894; x_wconf 88' lang='lat' dir='ltr'><strong>ipsam</strong></span> 
     </span>
    </p>
   </div>
   <div class='ocr_carea' id='block_1_96' title="bbox 2218 3914 3803 3983">
    <p class='ocr_par' dir='ltr' id='par_1_96' title="bbox 2218 3914 3803 3983">
     <span class='ocr_line' id='line_1_96' title="bbox 2218 3914 3803 3983; baseline -0.003 -9"><span class='ocrx_word' id='word_1_663' title='bbox 2218 3922 2467 3975; x_wconf 87' lang='lat' dir='ltr'><strong>collatum</strong></span> <span class='ocrx_word' id='word_1_664' title='bbox 2498 3928 2580 3973; x_wconf 89' lang='lat' dir='ltr'><strong>est</strong></span> <span class='ocrx_word' id='word_1_665' title='bbox 2606 3918 2901 3983; x_wconf 77' lang='lat' dir='ltr'><strong>industriae,</strong></span> <span class='ocrx_word' id='word_1_666' title='bbox 2932 3915 2999 3970; x_wconf 91' lang='lat' dir='ltr'><strong>ad</strong></span> <span class='ocrx_word' id='word_1_667' title='bbox 3031 3926 3231 3969; x_wconf 84' lang='lat' dir='ltr'><strong>tonium</strong></span> <span class='ocrx_word' id='word_1_668' title='bbox 3261 3914 3334 3969; x_wconf 82' lang='lat' dir='ltr'><strong>IX</strong></span> <span class='ocrx_word' id='word_1_669' title='bbox 3358 3924 3414 3969; x_wconf 91' lang='lat' dir='ltr'><strong>et</strong></span> <span class='ocrx_word' id='word_1_670' title='bbox 3439 3914 3489 3968; x_wconf 79' lang='grc' dir='ltr'>Χ</span> <span class='ocrx_word' id='word_1_671' title='bbox 3515 3914 3679 3968; x_wconf 91' lang='lat' dir='ltr'><strong>unice</strong></span> <span class='ocrx_word' id='word_1_672' title='bbox 3702 3931 3803 3969; x_wconf 82' lang='lat' dir='ltr'><strong>re—</strong></span> 
     </span>
    </p>
   </div>
   <div class='ocr_carea' id='block_1_97' title="bbox 2220 4005 3805 4079">
    <p class='ocr_par' dir='ltr' id='par_1_97' title="bbox 2220 4005 3805 4079">
     <span class='ocr_line' id='line_1_97' title="bbox 2220 4005 3805 4079; baseline -0.003 -14"><span class='ocrx_word' id='word_1_673' title='bbox 2220 4012 2320 4077; x_wconf 90' lang='lat' dir='ltr'><strong>dit,</strong></span> <span class='ocrx_word' id='word_1_674' title='bbox 2362 4024 2592 4079; x_wconf 90' lang='lat' dir='ltr'><strong>quorum</strong></span> <span class='ocrx_word' id='word_1_675' title='bbox 2623 4008 2772 4061; x_wconf 92' lang='lat' dir='ltr'><strong>illum</strong></span> <span class='ocrx_word' id='word_1_676' title='bbox 2800 4022 2934 4061; x_wconf 90' lang='lat' dir='ltr'><strong>nova</strong></span> <span class='ocrx_word' id='word_1_677' title='bbox 2960 4007 3203 4061; x_wconf 90' lang='lat' dir='ltr'><strong>codicum</strong></span> <span class='ocrx_word' id='word_1_678' title='bbox 3233 4005 3522 4061; x_wconf 90' lang='lat' dir='ltr'><strong>collatione</strong></span> <span class='ocrx_word' id='word_1_679' title='bbox 3552 4005 3805 4061; x_wconf 82' lang='lat' dir='ltr'><strong>donave-</strong></span> 
     </span>
    </p>
   </div>
   <div class='ocr_carea' id='block_1_98' title="bbox 2220 4096 3802 4167">
    <p class='ocr_par' dir='ltr' id='par_1_98' title="bbox 2220 4096 3802 4167">
     <span class='ocr_line' id='line_1_98' title="bbox 2220 4096 3802 4167; baseline -0.006 -10"><span class='ocrx_word' id='word_1_680' title='bbox 2220 4112 2363 4167; x_wconf 92' lang='lat' dir='ltr'><strong>runt,</strong></span> <span class='ocrx_word' id='word_1_681' title='bbox 2392 4102 2659 4156; x_wconf 89' lang='lat' dir='ltr'><strong>decimum</strong></span> <span class='ocrx_word' id='word_1_682' title='bbox 2700 4112 2829 4153; x_wconf 88' lang='lat' dir='ltr'><strong>vero</strong></span> <span class='ocrx_word' id='word_1_683' title='bbox 2856 4106 3025 4151; x_wconf 90' lang='lat' dir='ltr'><strong>totum</strong></span> <span class='ocrx_word' id='word_1_684' title='bbox 3065 4096 3380 4151; x_wconf 89' lang='lat' dir='ltr'><strong>immutasse</strong></span> <span class='ocrx_word' id='word_1_685' title='bbox 3409 4106 3571 4165; x_wconf 90' lang='lat' dir='ltr'><strong>atque</strong></span> <span class='ocrx_word' id='word_1_686' title='bbox 3620 4097 3802 4151; x_wconf 82' lang='lat' dir='ltr'><strong>relin-</strong></span> 
     </span>
    </p>
   </div>
   <div class='ocr_carea' id='block_1_99' title="bbox 2219 4185 3803 4260">
    <p class='ocr_par' dir='ltr' id='par_1_99' title="bbox 2219 4185 3803 4260">
     <span class='ocr_line' id='line_1_99' title="bbox 2219 4185 3803 4260; baseline -0.006 -11"><span class='ocrx_word' id='word_1_687' title='bbox 2219 4196 2363 4249; x_wconf 86' lang='lat' dir='ltr'><strong>xisse</strong></span> <span class='ocrx_word' id='word_1_688' title='bbox 2400 4207 2458 4247; x_wconf 91' lang='lat' dir='ltr'><strong>se</strong></span> <span class='ocrx_word' id='word_1_689' title='bbox 2495 4190 2832 4260; x_wconf 75' lang='lat' dir='ltr'><strong>profitentur.</strong></span> <span class='ocrx_word' id='word_1_690' title='bbox 2866 4188 2942 4242; x_wconf 87' lang='lat' dir='ltr'><strong>En</strong></span> <span class='ocrx_word' id='word_1_691' title='bbox 2991 4188 3176 4253; x_wconf 90' lang='lat' dir='ltr'><strong>verba,</strong></span> <span class='ocrx_word' id='word_1_692' title='bbox 3220 4201 3341 4255; x_wconf 70' lang='lat' dir='ltr'><strong>qua:</strong></span> <span class='ocrx_word' id='word_1_693' title='bbox 3372 4201 3437 4241; x_wconf 87' lang='lat' dir='ltr'><strong>ex</strong></span> <span class='ocrx_word' id='word_1_694' title='bbox 3466 4185 3803 4255; x_wconf 72' lang='lat' dir='ltr'><strong>prtefatione</strong></span> 
     </span>
    </p>
   </div>
   <div class='ocr_carea' id='block_1_100' title="bbox 2220 4274 3684 4348">
    <p class='ocr_par' dir='ltr' id='par_1_100' title="bbox 2220 4274 3684 4348">
     <span class='ocr_line' id='line_1_100' title="bbox 2220 4274 3684 4348; baseline -0.007 -8"><span class='ocrx_word' id='word_1_695' title='bbox 2220 4301 2342 4340; x_wconf 86' lang='lat' dir='ltr'><strong>raro</strong></span> <span class='ocrx_word' id='word_1_696' title='bbox 2370 4274 2613 4339; x_wconf 79' lang='lat' dir='ltr'><strong>instituto</strong></span> <span class='ocrx_word' id='word_1_697' title='bbox 2650 4281 2894 4336; x_wconf 87' lang='lat' dir='ltr'><strong>versibus</strong></span> <span class='ocrx_word' id='word_1_698' title='bbox 2920 4279 3226 4348; x_wconf 87' lang='lat' dir='ltr'><strong>conscripta</strong></span> <span class='ocrx_word' id='word_1_699' title='bbox 3258 4277 3365 4333; x_wconf 91' lang='lat' dir='ltr'><strong>huc</strong></span> <span class='ocrx_word' id='word_1_700' title='bbox 3390 4286 3643 4348; x_wconf 89' lang='lat' dir='ltr'><strong>spectant</strong></span> <span class='ocrx_word' id='word_1_701' title='bbox 3668 4295 3684 4330; x_wconf 88' lang='lat'><strong>:</strong></span> 
     </span>
    </p>
   </div>
   <div class='ocr_carea' id='block_1_101' title="bbox 2311 4410 3405 4475">
    <p class='ocr_par' dir='ltr' id='par_1_101' title="bbox 2311 4410 3405 4475">
     <span class='ocr_line' id='line_1_101' title="bbox 2311 4410 3405 4475; baseline -0.009 -8"><span class='ocrx_word' id='word_1_702' title='bbox 2311 4417 2460 4467; x_wconf 75' lang='lat' dir='ltr'><strong>Multa</strong></span> <span class='ocrx_word' id='word_1_703' title='bbox 2478 4414 2589 4466; x_wconf 81' lang='lat' dir='ltr'><strong>torni</strong></span> <span class='ocrx_word' id='word_1_704' title='bbox 2613 4417 2744 4475; x_wconf 86' lang='lat' dir='ltr'><strong>noni,</strong></span> <span class='ocrx_word' id='word_1_705' title='bbox 2770 4413 2940 4475; x_wconf 83' lang='lat' dir='ltr'><strong>priscis</strong></span> <span class='ocrx_word' id='word_1_706' title='bbox 2957 4418 3012 4462; x_wconf 90' lang='lat' dir='ltr'><strong>ut</strong></span> <span class='ocrx_word' id='word_1_707' title='bbox 3036 4424 3243 4475; x_wconf 81' lang='lat' dir='ltr'><strong>consona</strong></span> <span class='ocrx_word' id='word_1_708' title='bbox 3266 4410 3405 4460; x_wconf 88' lang='lat' dir='ltr'><strong>libris</strong></span> 
     </span>
    </p>
   </div>
   <div class='ocr_carea' id='block_1_102' title="bbox 2315 4469 3632 4535">
    <p class='ocr_par' dir='ltr' id='par_1_102' title="bbox 2315 4469 3632 4535">
     <span class='ocr_line' id='line_1_102' title="bbox 2315 4469 3632 4535; baseline -0.006 -7"><span class='ocrx_word' id='word_1_709' title='bbox 2315 4480 2507 4535; x_wconf 78' lang='lat' dir='ltr'><strong>Essent,</strong></span> <span class='ocrx_word' id='word_1_710' title='bbox 2532 4469 3021 4526; x_wconf 78' lang='lat' dir='ltr'><strong>contulimuszcollata</strong></span> <span class='ocrx_word' id='word_1_711' title='bbox 3041 4475 3144 4521; x_wconf 60' lang='lat' dir='ltr'><strong>haec</strong></span> <span class='ocrx_word' id='word_1_712' title='bbox 3165 4474 3371 4531; x_wconf 86' lang='lat' dir='ltr'><strong>quisquc</strong></span> <span class='ocrx_word' id='word_1_713' title='bbox 3394 4469 3632 4535; x_wconf 84' lang='lat' dir='ltr'><strong>probabit.</strong></span> 
     </span>
    </p>
   </div>
   <div class='ocr_carea' id='block_1_103' title="bbox 2312 4533 3566 4594">
    <p class='ocr_par' dir='ltr' id='par_1_103' title="bbox 2312 4533 3566 4594">
     <span class='ocr_line' id='line_1_103' title="bbox 2312 4533 3566 4594; baseline -0.006 -6"><span class='ocrx_word' id='word_1_714' title='bbox 2312 4541 2459 4589; x_wconf 88' lang='lat' dir='ltr'><strong>Parte</strong></span> <span class='ocrx_word' id='word_1_715' title='bbox 2483 4533 2568 4587; x_wconf 82' lang='lat' dir='ltr'><strong>sed</strong></span> <span class='ocrx_word' id='word_1_716' title='bbox 2594 4538 2641 4585; x_wconf 86' lang='lat' dir='ltr'><strong>in</strong></span> <span class='ocrx_word' id='word_1_717' title='bbox 2661 4538 2845 4585; x_wconf 89' lang='lat' dir='ltr'><strong>decima</strong></span> <span class='ocrx_word' id='word_1_718' title='bbox 2871 4536 3062 4583; x_wconf 85' lang='lat' dir='ltr'><strong>mendis</strong></span> <span class='ocrx_word' id='word_1_719' title='bbox 3086 4548 3195 4594; x_wconf 64' lang='lat' dir='ltr'><strong>quae</strong></span> <span class='ocrx_word' id='word_1_720' title='bbox 3221 4539 3320 4581; x_wconf 85' lang='lat' dir='ltr'><strong>tota</strong></span> <span class='ocrx_word' id='word_1_721' title='bbox 3344 4533 3566 4581; x_wconf 84' lang='lat' dir='ltr'><strong>scatebat</strong></span> 
     </span>
    </p>
   </div>
   <div class='ocr_carea' id='block_1_104' title="bbox 2315 4594 3542 4657">
    <p class='ocr_par' dir='ltr' id='par_1_104' title="bbox 2315 4594 3542 4657">
     <span class='ocr_line' id='line_1_104' title="bbox 2315 4594 3542 4657; baseline -0.007 -7"><span class='ocrx_word' id='word_1_722' title='bbox 2315 4600 2586 4650; x_wconf 84' lang='lat' dir='ltr'><strong>lnnumeris</strong></span> <span class='ocrx_word' id='word_1_723' title='bbox 2608 4610 2823 4657; x_wconf 74' lang='lat' dir='ltr'><strong>semper,</strong></span> <span class='ocrx_word' id='word_1_724' title='bbox 2852 4597 2928 4644; x_wconf 87' lang='lat' dir='ltr'><strong>vel</strong></span> <span class='ocrx_word' id='word_1_725' title='bbox 2965 4596 3128 4653; x_wconf 84' lang='lat' dir='ltr'><strong>iniquo</strong></span> <span class='ocrx_word' id='word_1_726' title='bbox 3149 4594 3308 4657; x_wconf 81' lang='lat' dir='ltr'><strong>judice</strong></span> <span class='ocrx_word' id='word_1_727' title='bbox 3333 4601 3542 4651; x_wconf 88' lang='lat' dir='ltr'><strong>constat,</strong></span> 
     </span>
    </p>
   </div>
   <div class='ocr_carea' id='block_1_105' title="bbox 2312 4655 3556 4720">
    <p class='ocr_par' dir='ltr' id='par_1_105' title="bbox 2312 4655 3556 4720">
     <span class='ocr_line' id='line_1_105' title="bbox 2312 4655 3556 4720; baseline -0.008 -10"><span class='ocrx_word' id='word_1_728' title='bbox 2312 4664 2551 4720; x_wconf 85' lang='lat' dir='ltr'><strong>Quantum</strong></span> <span class='ocrx_word' id='word_1_729' title='bbox 2571 4655 2767 4707; x_wconf 82' lang='lat' dir='ltr'><strong>mutarit</strong></span> <span class='ocrx_word' id='word_1_730' title='bbox 2784 4655 2945 4720; x_wconf 69' lang='lat' dir='ltr'><strong>nostra</strong></span> <span class='ocrx_word' id='word_1_731' title='bbox 2962 4658 3083 4703; x_wconf 86' lang='lat' dir='ltr'><strong>hanc</strong></span> <span class='ocrx_word' id='word_1_732' title='bbox 3102 4655 3331 4702; x_wconf 83' lang='lat' dir='ltr'><strong>industria</strong></span> <span class='ocrx_word' id='word_1_733' title='bbox 3355 4662 3556 4720; x_wconf 71' lang='lat' dir='ltr'><strong>partem.</strong></span> 
     </span>
    </p>
   </div>
   <div class='ocr_carea' id='block_1_106' title="bbox 2312 4715 3572 4782">
    <p class='ocr_par' dir='ltr' id='par_1_106' title="bbox 2312 4715 3572 4782">
     <span class='ocr_line' id='line_1_106' title="bbox 2312 4715 3572 4782; baseline -0.007 -11"><span class='ocrx_word' id='word_1_734' title='bbox 2312 4715 2415 4772; x_wconf 72' lang='lat' dir='ltr'><strong>Hac</strong></span> <span class='ocrx_word' id='word_1_735' title='bbox 2437 4724 2483 4782; x_wconf 83' lang='lat' dir='ltr'><strong>in</strong></span> <span class='ocrx_word' id='word_1_736' title='bbox 2510 4721 2751 4782; x_wconf 81' lang='lat' dir='ltr'><strong>purganda</strong></span> <span class='ocrx_word' id='word_1_737' title='bbox 2774 4718 2974 4782; x_wconf 80' lang='lat' dir='ltr'><strong>multum</strong></span> <span class='ocrx_word' id='word_1_738' title='bbox 3001 4730 3194 4782; x_wconf 71' lang='lat' dir='ltr'><strong>quoque</strong></span> <span class='ocrx_word' id='word_1_739' title='bbox 3214 4715 3437 4774; x_wconf 75' lang='lat' dir='ltr'><strong>praestitit</strong></span> <span class='ocrx_word' id='word_1_740' title='bbox 3458 4715 3572 4762; x_wconf 84' lang='lat' dir='ltr'><strong>oliui</strong></span> 
     </span>
    </p>
   </div>
   <div class='ocr_carea' id='block_1_107' title="bbox 2317 4778 3499 4844">
    <p class='ocr_par' dir='ltr' id='par_1_107' title="bbox 2317 4778 3499 4844">
     <span class='ocr_line' id='line_1_107' title="bbox 2317 4778 3499 4844; baseline -0.008 -12"><span class='ocrx_word' id='word_1_741' title='bbox 2317 4778 2524 4844; x_wconf 75' lang='lat' dir='ltr'><strong>Lipsius,</strong></span> <span class='ocrx_word' id='word_1_742' title='bbox 2548 4778 2771 4838; x_wconf 79' lang='lat' dir='ltr'><strong>huncque</strong></span> <span class='ocrx_word' id='word_1_743' title='bbox 2797 4780 2897 4839; x_wconf 85' lang='lat' dir='ltr'><strong>pari</strong></span> <span class='ocrx_word' id='word_1_744' title='bbox 2916 4780 2990 4844; x_wconf 57' lang='grc' dir='ltr'><strong>γῆν</strong></span> <span class='ocrx_word' id='word_1_745' title='bbox 3012 4778 3499 4844; x_wconf 82' lang='lat' dir='ltr'><strong>sedulitate_se_cutus</strong></span> 
     </span>
    </p>
   </div>
   <div class='ocr_carea' id='block_1_108' title="bbox 2318 4835 3583 4901">
    <p class='ocr_par' dir='ltr' id='par_1_108' title="bbox 2318 4835 3583 4901">
     <span class='ocr_line' id='line_1_108' title="bbox 2318 4835 3583 4901; baseline -0.009 -7"><span class='ocrx_word' id='word_1_746' title='bbox 2318 4835 2554 4893; x_wconf 72' lang='lat' dir='ltr'><strong>costei&#39;ius</strong></span> <span class='ocrx_word' id='word_1_747' title='bbox 2584 4852 2599 4888; x_wconf 92' lang='lat'><em>:</em></span> <span class='ocrx_word' id='word_1_748' title='bbox 2628 4835 2893 4901; x_wconf 73' lang='lat' dir='ltr'><strong>magna&#39;est</strong></span> <span class='ocrx_word' id='word_1_749' title='bbox 2916 4839 3102 4901; x_wconf 83' lang='lat' dir='ltr'><strong>borum,</strong></span> <span class='ocrx_word' id='word_1_750' title='bbox 3129 4849 3222 4901; x_wconf 86' lang='lat' dir='ltr'><strong>non</strong></span> <span class='ocrx_word' id='word_1_751' title='bbox 3246 4835 3396 4897; x_wconf 83' lang='lat' dir='ltr'><strong>gloria</strong></span> <span class='ocrx_word' id='word_1_752' title='bbox 3420 4847 3583 4901; x_wconf 70' lang='lat' dir='ltr'><strong>parva.</strong></span> 
     </span>
    </p>
   </div>
   <div class='ocr_carea' id='block_1_109' title="bbox 2316 4898 3602 4959">
    <p class='ocr_par' dir='ltr' id='par_1_109' title="bbox 2316 4898 3602 4959">
     <span class='ocr_line' id='line_1_109' title="bbox 2316 4898 3602 4959; baseline -0.009 -6"><span class='ocrx_word' id='word_1_753' title='bbox 2316 4906 2413 4953; x_wconf 83' lang='lat' dir='ltr'><strong>Nos</strong></span> <span class='ocrx_word' id='word_1_754' title='bbox 2438 4912 2599 4951; x_wconf 86' lang='lat' dir='ltr'><strong>tamen</strong></span> <span class='ocrx_word' id='word_1_755' title='bbox 2615 4898 2838 4959; x_wconf 73' lang='lat' dir='ltr'><strong>optantes</strong></span> <span class='ocrx_word' id='word_1_756' title='bbox 2860 4899 3108 4947; x_wconf 89' lang='lat' dir='ltr'><strong>meliorem</strong></span> <span class='ocrx_word' id='word_1_757' title='bbox 3140 4898 3392 4955; x_wconf 78' lang='lat' dir='ltr'><strong>imponere</strong></span> <span class='ocrx_word' id='word_1_758' title='bbox 3420 4898 3602 4955; x_wconf 85' lang='lat' dir='ltr'><strong>limam,</strong></span> 
     </span>
    </p>
   </div>
   <div class='ocr_carea' id='block_1_110' title="bbox 2318 4958 3579 5024">
    <p class='ocr_par' dir='ltr' id='par_1_110' title="bbox 2318 4958 3579 5024">
     <span class='ocr_line' id='line_1_110' title="bbox 2318 4958 3579 5024; baseline -0.007 -12"><span class='ocrx_word' id='word_1_759' title='bbox 2318 4964 2470 5024; x_wconf 85' lang='lat' dir='ltr'><strong>lllajus</strong></span> <span class='ocrx_word' id='word_1_760' title='bbox 2489 4975 2611 5010; x_wconf 90' lang='lat' dir='ltr'><strong>onus</strong></span> <span class='ocrx_word' id='word_1_761' title='bbox 2630 4958 2793 5024; x_wconf 84' lang='lat' dir='ltr'><strong>sumus</strong></span> <span class='ocrx_word' id='word_1_762' title='bbox 2811 4958 3353 5024; x_wconf 55' lang='lat' dir='ltr'><strong>aggressi,_rnai3raque</strong></span> <span class='ocrx_word' id='word_1_763' title='bbox 3378 4964 3536 5024; x_wconf 73' lang='lat' dir='ltr'><strong>empta</strong></span> <span class='ocrx_word' id='word_1_764' title='bbox 3566 4970 3579 5024; x_wconf 68' lang='grc' dir='ltr'>ξ</span> 
     </span>
    </p>
   </div>
   <div class='ocr_carea' id='block_1_111' title="bbox 2316 5016 3581 5084">
    <p class='ocr_par' dir='ltr' id='par_1_111' title="bbox 2316 5016 3581 5084">
     <span class='ocr_line' id='line_1_111' title="bbox 2316 5016 3581 5084; baseline -0.009 -10"><span class='ocrx_word' id='word_1_765' title='bbox 2316 5016 2513 5084; x_wconf 68' lang='lat' dir='ltr'><strong>Nosque</strong></span> <span class='ocrx_word' id='word_1_766' title='bbox 2538 5034 2624 5084; x_wconf 81' lang='lat' dir='ltr'><strong>suo</strong></span> <span class='ocrx_word' id='word_1_767' title='bbox 2647 5016 2947 5084; x_wconf 55' lang='lat' dir='ltr'><strong>memmium</strong></span> <span class='ocrx_word' id='word_1_768' title='bbox 2964 5016 3122 5084; x_wconf 77' lang='lat' dir='ltr'><strong>studio</strong></span> <span class='ocrx_word' id='word_1_769' title='bbox 3153 5016 3463 5084; x_wconf 57' lang='lat' dir='ltr'><strong>iflinimerius</strong></span> <span class='ocrx_word' id='word_1_770' title='bbox 3483 5018 3581 5064; x_wconf 88' lang='lat' dir='ltr'><strong>acri</strong></span> 
     </span>
    </p>
   </div>
   <div class='ocr_carea' id='block_1_112' title="bbox 2315 5078 3330 5143">
    <p class='ocr_par' dir='ltr' id='par_1_112' title="bbox 2315 5078 3330 5143">
     <span class='ocr_line' id='line_1_112' title="bbox 2315 5078 3330 5143; baseline -0.009 -10"><span class='ocrx_word' id='word_1_771' title='bbox 2315 5078 2447 5133; x_wconf 77' lang='lat' dir='ltr'><strong>Juvit</strong></span> <span class='ocrx_word' id='word_1_772' title='bbox 2473 5098 2482 5129; x_wconf 93' lang='lat'>:</span> <span class='ocrx_word' id='word_1_773' title='bbox 2508 5080 2587 5143; x_wconf 87' lang='lat' dir='ltr'><strong>qni</strong></span> <span class='ocrx_word' id='word_1_774' title='bbox 2618 5080 2752 5143; x_wconf 77' lang='lat' dir='ltr'><strong>vigili</strong></span> <span class='ocrx_word' id='word_1_775' title='bbox 2771 5093 2884 5128; x_wconf 84' lang='lat' dir='ltr'><strong>cura</strong></span> <span class='ocrx_word' id='word_1_776' title='bbox 2906 5080 3138 5139; x_wconf 84' lang='lat' dir='ltr'><strong>vigilique</strong></span> <span class='ocrx_word' id='word_1_777' title='bbox 3164 5078 3330 5143; x_wconf 85' lang='lat' dir='ltr'><strong>labore</strong></span> 
     </span>
    </p>
   </div>
   <div class='ocr_carea' id='block_1_113' title="bbox 2318 5141 3517 5200">
    <p class='ocr_par' dir='ltr' id='par_1_113' title="bbox 2318 5141 3517 5200">
     <span class='ocr_line' id='line_1_113' title="bbox 2318 5141 3517 5200; baseline -0.006 -6"><span class='ocrx_word' id='word_1_778' title='bbox 2318 5148 2442 5195; x_wconf 84' lang='lat' dir='ltr'><strong>Ante</strong></span> <span class='ocrx_word' id='word_1_779' title='bbox 2464 5141 2581 5192; x_wconf 84' lang='lat' dir='ltr'><strong>alios</strong></span> <span class='ocrx_word' id='word_1_780' title='bbox 2602 5154 2726 5189; x_wconf 86' lang='lat' dir='ltr'><strong>unus</strong></span> <span class='ocrx_word' id='word_1_781' title='bbox 2742 5141 2887 5198; x_wconf 83' lang='lat' dir='ltr'><strong>longe</strong></span> <span class='ocrx_word' id='word_1_782' title='bbox 2913 5150 2985 5189; x_wconf 87' lang='lat' dir='ltr'><strong>est</strong></span> <span class='ocrx_word' id='word_1_783' title='bbox 3004 5141 3304 5200; x_wconf 65' lang='lat' dir='ltr'><strong>praestantior</strong></span> <span class='ocrx_word' id='word_1_784' title='bbox 3329 5150 3517 5200; x_wconf 80' lang='lat' dir='ltr'><strong>omnes.</strong></span> 
     </span>
    </p>
   </div>
   <div class='ocr_carea' id='block_1_114' title="bbox 2316 5198 3459 5266">
    <p class='ocr_par' dir='ltr' id='par_1_114' title="bbox 2316 5198 3459 5266">
     <span class='ocr_line' id='line_1_114' title="bbox 2316 5198 3459 5266; baseline -0.009 -11"><span class='ocrx_word' id='word_1_785' title='bbox 2316 5208 2405 5255; x_wconf 79' lang='lat' dir='ltr'><strong>ille</strong></span> <span class='ocrx_word' id='word_1_786' title='bbox 2425 5203 2756 5266; x_wconf 81' lang='lat' dir='ltr'><strong>imperfectum</strong></span> <span class='ocrx_word' id='word_1_787' title='bbox 2777 5198 3100 5266; x_wconf 75' lang='lat' dir='ltr'><strong>nilliuquens,</strong></span> <span class='ocrx_word' id='word_1_788' title='bbox 3124 5200 3299 5266; x_wconf 71' lang='lat' dir='ltr'><strong>mutila</strong></span> <span class='ocrx_word' id='word_1_789' title='bbox 3311 5198 3459 5266; x_wconf 76' lang='lat' dir='ltr'><strong>multa</strong></span> 
     </span>
    </p>
   </div>
   <div class='ocr_carea' id='block_1_115' title="bbox 2320 5260 3479 5327">
    <p class='ocr_par' dir='ltr' id='par_1_115' title="bbox 2320 5260 3479 5327">
     <span class='ocr_line' id='line_1_115' title="bbox 2320 5260 3479 5327; baseline -0.008 -12"><span class='ocrx_word' id='word_1_790' title='bbox 2320 5260 2513 5327; x_wconf 71' lang='lat' dir='ltr'><strong>Integra</strong></span> <span class='ocrx_word' id='word_1_791' title='bbox 2533 5264 2762 5327; x_wconf 80' lang='lat' dir='ltr'><strong>restituit,</strong></span> <span class='ocrx_word' id='word_1_792' title='bbox 2792 5264 3043 5327; x_wconf 77' lang='lat' dir='ltr'><strong>priscaque</strong></span> <span class='ocrx_word' id='word_1_793' title='bbox 3073 5266 3118 5307; x_wconf 88' lang='lat' dir='ltr'><strong>in</strong></span> <span class='ocrx_word' id='word_1_794' title='bbox 3141 5261 3262 5307; x_wconf 84' lang='lat' dir='ltr'><strong>sede</strong></span> <span class='ocrx_word' id='word_1_795' title='bbox 3288 5260 3479 5327; x_wconf 62' lang='lat' dir='ltr'><strong>locavit.</strong></span> 
     </span>
    </p>
   </div>
   <div class='ocr_carea' id='block_1_116' title="bbox 2317 5323 3523 5388">
    <p class='ocr_par' dir='ltr' id='par_1_116' title="bbox 2317 5323 3523 5388">
     <span class='ocr_line' id='line_1_116' title="bbox 2317 5323 3523 5388; baseline -0.009 -12"><span class='ocrx_word' id='word_1_796' title='bbox 2317 5323 2474 5387; x_wconf 69' lang='lat' dir='ltr'><strong>Adde,</strong></span> <span class='ocrx_word' id='word_1_797' title='bbox 2501 5326 2624 5388; x_wconf 87' lang='lat' dir='ltr'><strong>quod</strong></span> <span class='ocrx_word' id='word_1_798' title='bbox 2648 5338 2675 5371; x_wconf 84' lang='lat' dir='ltr'><strong>e</strong></span> <span class='ocrx_word' id='word_1_799' title='bbox 2702 5325 2839 5372; x_wconf 86' lang='lat' dir='ltr'><strong>libris</strong></span> <span class='ocrx_word' id='word_1_800' title='bbox 2860 5323 3043 5388; x_wconf 81' lang='lat' dir='ltr'><strong>aliquot</strong></span> <span class='ocrx_word' id='word_1_801' title='bbox 3066 5323 3523 5388; x_wconf 48' lang='lat' dir='ltr'><strong>tractatayctustis,</strong></span> 
     </span>
    </p>
   </div>
   <div class='ocr_carea' id='block_1_117' title="bbox 2317 5382 3476 5444">
    <p class='ocr_par' dir='ltr' id='par_1_117' title="bbox 2317 5382 3476 5444">
     <span class='ocr_line' id='line_1_117' title="bbox 2317 5382 3476 5444; baseline -0.009 -7"><span class='ocrx_word' id='word_1_802' title='bbox 2317 5382 2679 5444; x_wconf 68' lang='lat' dir='ltr'><strong>Sermonesque</strong></span> <span class='ocrx_word' id='word_1_803' title='bbox 2698 5397 2857 5431; x_wconf 84' lang='lat' dir='ltr'><strong>sacros</strong></span> <span class='ocrx_word' id='word_1_804' title='bbox 2883 5384 2964 5432; x_wconf 90' lang='lat' dir='ltr'><strong>toti</strong></span> <span class='ocrx_word' id='word_1_805' title='bbox 2990 5395 3113 5429; x_wconf 90' lang='lat' dir='ltr'><strong>nunc</strong></span> <span class='ocrx_word' id='word_1_806' title='bbox 3136 5382 3333 5442; x_wconf 86' lang='lat' dir='ltr'><strong>protulit</strong></span> <span class='ocrx_word' id='word_1_807' title='bbox 3351 5382 3476 5433; x_wconf 83' lang='lat' dir='ltr'><strong>orbi.</strong></span> 
     </span>
    </p>
   </div>
   <div class='ocr_carea' id='block_1_118' title="bbox 2317 5445 3540 5506">
    <p class='ocr_par' dir='ltr' id='par_1_118' title="bbox 2317 5445 3540 5506">
     <span class='ocr_line' id='line_1_118' title="bbox 2317 5445 3540 5506; baseline -0.01 -7"><span class='ocrx_word' id='word_1_808' title='bbox 2317 5452 2358 5498; x_wconf 87' lang='lat' dir='ltr'><strong>A</strong></span> <span class='ocrx_word' id='word_1_809' title='bbox 2384 5449 2513 5497; x_wconf 91' lang='lat' dir='ltr'><strong>nullo</strong></span> <span class='ocrx_word' id='word_1_810' title='bbox 2533 5458 2738 5495; x_wconf 74' lang='lat' dir='ltr'><strong>cxcusos</strong></span> <span class='ocrx_word' id='word_1_811' title='bbox 2758 5447 2906 5506; x_wconf 87' lang='lat' dir='ltr'><strong>prius,</strong></span> <span class='ocrx_word' id='word_1_812' title='bbox 2930 5452 3077 5503; x_wconf 87' lang='lat' dir='ltr'><strong>atque</strong></span> <span class='ocrx_word' id='word_1_813' title='bbox 3102 5456 3129 5491; x_wconf 86' lang='lat' dir='ltr'><strong>a</strong></span> <span class='ocrx_word' id='word_1_814' title='bbox 3148 5445 3343 5491; x_wconf 83' lang='lat' dir='ltr'><strong>nemine</strong></span> <span class='ocrx_word' id='word_1_815' title='bbox 3373 5446 3500 5489; x_wconf 72' lang='lat' dir='ltr'><strong>visos</strong></span> <span class='ocrx_word' id='word_1_816' title='bbox 3528 5455 3540 5487; x_wconf 89' lang='lat'>:</span> 
     </span>
    </p>
   </div>
   <div class='ocr_carea' id='block_1_119' title="bbox 632 5610 3147 5705">
    <p class='ocr_par' dir='ltr' id='par_1_119' title="bbox 632 5610 3147 5705">
     <span class='ocr_line' id='line_1_119' title="bbox 632 5610 3147 5705; baseline -0.012 -14"><span class='ocrx_word' id='word_1_817' title='bbox 632 5640 791 5705; x_wconf 70' lang='lat'><strong>(0)111</strong></span> <span class='ocrx_word' id='word_1_818' title='bbox 824 5638 1168 5694; x_wconf 77' lang='lat' dir='ltr'><strong>Narlrriclilcn</strong></span> <span class='ocrx_word' id='word_1_819' title='bbox 1189 5650 1282 5686; x_wconf 79' lang='lat' dir='ltr'><strong>ron</strong></span> <span class='ocrx_word' id='word_1_820' title='bbox 1309 5625 1610 5683; x_wconf 78' lang='lat' dir='ltr'><strong>mrikwitrd.</strong></span> <span class='ocrx_word' id='word_1_821' title='bbox 1641 5623 1872 5677; x_wconf 77' lang='lat' dir='ltr'><strong>Bt’icliern</strong></span> <span class='ocrx_word' id='word_1_822' title='bbox 1893 5622 1969 5679; x_wconf 90' lang='lat' dir='ltr'><strong>St.</strong></span> <span class='ocrx_word' id='word_1_823' title='bbox 1991 5620 2120 5676; x_wconf 87' lang='lat' dir='ltr'><strong>Llll.</strong></span> <span class='ocrx_word' id='word_1_824' title='bbox 2155 5619 2240 5677; x_wconf 79' lang='grc' dir='ltr'><strong>(Τ.</strong></span> <span class='ocrx_word' id='word_1_825' title='bbox 2271 5617 2340 5671; x_wconf 69' lang='lat'><strong>“&#39;-</strong></span> <span class='ocrx_word' id='word_1_826' title='bbox 2368 5616 2390 5667; x_wconf 66' lang='grc' dir='ltr'>ὶ</span> <span class='ocrx_word' id='word_1_827' title='bbox 2423 5616 2573 5671; x_wconf 81' lang='lat' dir='ltr'><strong>llallc</strong></span> <span class='ocrx_word' id='word_1_828' title='bbox 2604 5613 2761 5671; x_wconf 77' lang='grc'><strong>1756,</strong></span> <span class='ocrx_word' id='word_1_829' title='bbox 2792 5628 2843 5680; x_wconf 84' lang='lat' dir='ltr'><strong>p.</strong></span> <span class='ocrx_word' id='word_1_830' title='bbox 2875 5610 2977 5665; x_wconf 72' lang='grc'><strong>400</strong></span> <span class='ocrx_word' id='word_1_831' title='bbox 3006 5624 3147 5677; x_wconf 62' lang='lat' dir='ltr'><strong>seqq.</strong></span> 
     </span>
    </p>
   </div>
  </div>
