4010 6350
240 287 303 344 75
1110 271 1388 331 ΝΟΤΠῚΑ
1425 269 1845 327 LITTERARIA

1941 266 1948 319 l
1986 267 2043 323 S.
2086 261 2551 321 AUGUSTINUM.
3396 257 3464 310 74

317 392 412 443 Hos
432 393 481 440 tn
500 402 638 440 came
655 401 799 449 auius
817 387 971 448 portis
996 387 1104 448 tlbl,
1127 383 1333 435 candide
1355 381 1528 449 lector,
1819 378 1868 435 A
1894 375 2019 430 bros
2045 375 2108 427 de
2128 373 2343 428 Civitate
2369 372 2465 426 Dei
2489 370 2716 440 epistola
2746 369 2814 422 ad
2842 367 3060 421 nobilem
3082 383 3142 419 ac
3170 381 3467 440 generosum

317 445 1416 531 kEP‘iﬂiTﬁL‘fiffgifﬁzili‘12‘1'15‘3‘.’°Ff3539
1437 445 1663 531 τεὶαέξλκε.
1879 465 2116 531 iuvenem
2169 461 2240 516 υ.
2296 461 2617 517 διαηεειαιιηι
2668 458 3122 522 Starzechom‘um.
3166 457 3463 522 Potonum.

315 514 399 562 llis
420 501 554 573 prius
579 501 786 558 e'xcusos
804 501 994 569 iunctos
1016 501 1230 573 quoque,
1256 506 1432 573 lect_or,
1464 501 1664 573 habebis

318 546 1550 634 iiii."iiiéos‘iiéii.iiiﬁigiii‘ait‘iiiigiésigna;
1565 546 1637 550 Μ
1886 553 2108 606 Joannis
2160 551 2510 606 Starzechovii
2561 549 2796 603 Palatini
2820 588 2835 613 ,
2891 546 3218 600 Podoliensis
3232 585 3248 610 ,
3301 547 3468 613 ﬁlium

317 626 559 741 {fil-1|)“,
589 641 641 680 θί
673 632 802 701 Villis
822 626 1111 714 θίῗῧξιῖθτυσι
1137 627 1357 700 “mih”
1377 626 1482 675 im:
1893 641 2255 711 (d.Basilea9a.
2277 639 2583 694 M.D.LXX.
2599 640 2942 692 decimosexto
2958 635 3274 706 Februarii),
3289 637 3341 691 in
3363 651 3468 705 qua

405 707 445 741 st
469 692 726 741 supplendi
751 704 920 741 uuatts
943 704 1003 739 ex
1030 697 1167 741 parte
1193 687 1418 741 fuissent,
1910 733 1922 741 _
2087 739 2091 741 λ
2415 733 2424 741 _
2663 727 2710 741 Α*
2756 735 2767 741 _
2973 726 2988 741 ι
3067 727 3078 741 ,
3195 726 3207 736 _
3327 737 3336 741 _
3369 727 3384 741 Δ

320 703 380 741 ιιι
405 703 445 741 st
469 703 726 753 supplendi
751 704 920 751 quavis
943 704 1003 739 ex
1030 703 1167 749 parte
1193 703 1418 747 tunssent,

314 755 500 818 Pagina
522 759 762 818 mutasset
777 753 961 812 pariter
983 747 1632 818 numerumquelocumque
1647 815 1687 818 ῃ
1706 806 1737 818 Α

1941 739 2276 800 sseetopera
2297 744 2391 783 sua
2414 733 2528 782 habe
2557 727 2869 798 profitetur:
2906 745 2925 778 ‹
2960 703 3276 781 Ambrosius
3290 703 3468 780 etAu-

315 806 546 924 ξ’τίξῑίβξθν
563 820 626 884 ,ει
650 806 837 860 “imas
859 811 1157 884 9.3"“.hincv
1182 806 1321 856 “50"
1346 806 1592 889 ίωννοὶῖυθ
1610 806 1759 852 esse"
1890 811 2060 874 reiius
2085 818 2338 874 Frobenii
2365 833 2486 872 cum
2505 817 2576 872 ob
2595 817 2863 872 defectum
2880 816 3266 884 exemplarium
3282 824 3467 885 quarto

343 875 501 923 adicis
526 875 606 921 hic
623 872 788 921 fuerat
801 881 947 924 ratio.
973 884 1055 924 pte
1071 869 1244 924 lector,
1269 866 1488 916 habenda
1514 901 1526 913 .
1905 913 1921 924 _
2083 909 2118 924 _.
2305 923 2312 924 ί
2405 909 2416 924 ,
2553 908 2566 924 .
2593 907 2624 920 ..
2641 922 2652 924 _
2676 923 2682 924 ί
2737 922 2746 924 ,
2818 923 2827 924 κ
2851 923 2857 924 γ
3049 907 3062 918 .
3099 921 3116 924 Α
3135 921 3147 924 Α
3196 915 3214 924 ,
3354 921 3367 924 ,

319 885 501 924 indicis
527 885 606 921 mc
623 885 788 921 tuerat.
801 885 947 930 ratio,
973 885 1055 932 pte
1071 885 1244 925 lentor,
1270 885 1488 916 naoenua
1514 885 1526 913 :

315 937 512 984 Ilutatis
534 937 751 982 numeris
771 945 882 980 cum
907 938 1177 979 mutaretur
1195 938 1246 979 et
1267 929 1371 976 ille.

1942 909 2251 979 ugustinum
2301 909 2456 978 prelo
2485 907 2756 977 subjicere
2806 907 3238 970 constituissent,
3288 921 3374 960 me
3413 917 3475 961 ut

314 997 391 1044 Ne
417 1004 581 1044 tamen
601 995 714 1042 inde
738 993 898 1054 aliqua
918 992 1178 1041 frustratus
1200 1002 1289 1050 spe
1308 987 1545 1036 videaris:

314 1056 488 1104 Omnia
514 1057 560 1102 in
583 1056 820 1104 adiunctis
837 1054 1030 1102 fuerant
1052 1065 1162 1104 quae
1187 1051 1333 1104 digna
1358 1055 1546 1104 uotatu,

1941 1015 2111 1068 peram
2142 1001 2192 1053 in
2223 1014 2290 1054 eo
2328 999 2510 1054 denuo
2536 997 2888 1062 conferendo,
2917 999 3255 1066 repurgando
3303 1010 3366 1050 ac
3394 996 3464 1050 il-

315 1063 488 1104 Umnia
514 1063 560 1102 in
583 1063 820 1114 atIJUIICllS
837 1063 1030 1102 fuerant
1052 1065 1162 1113 quae
1187 1063 1333 1111 mgna
1358 1063 1546 1105 uctatu,
1932 1063 1946 1069 ’
2983 1063 2995 1066 -
3085 1063 3105 1066 -

315 1117 436 1164 nec
457 1118 646 1164 iugem
669 1121 814 1163 ιεηρι
837 1122 1000 1166 vetus.
1021 1121 1070 1161 ,ι
1097 1110 1251 1159 ιηυιιο
1273 1111 1478 1166 aucti",
1502 1105 1669 1156 ξηαπ,
1896 1088 2172 1142 lustrando
2196 1100 2534 1156 praestarem,
2557 1089 2936 1151 obsecrarunt,
2968 1089 3294 1157 tandemque
3315 1103 3465 1142 com-

316 1151 814 1238 ’⁸’ῐῖρὶζῖιῖϊῖηῑῆὶῖέιζ
833 1151 1070 1223 εἰῖέὖῖᾱὲ
1089 1151 1478 1230 armas"

313 1237 488 1286 Indice
510 1233 742 1286 Possidis'.
770 1235 874 1283 Divi
898 1237 980 1286 qui
1007 1233 1228 1282 Auctoris
1250 1231 1471 1278 alumnus

1941 1180 2074 1234 tuuis
2104 1180 2348 1234 utilitatis
2377 1188 2626 1247 respectu
2653 1187 2709 1233 et
2737 1194 3012 1234 sacrorum
3033 1179 3317 1234 doctorum
3347 1193 3469 1247 pre-

318 1249 488 1286 lnatce
510 1249 742 1289 Bassum.
770 1249 874 1283 UIVI
898 1249 980 1296 qm
1007 1249 1228 1282 Aucwrls
1250 1249 1471 1278 atumqu
1930 1270 1941 1281 .
2107 1268 2121 1281 .
3029 1268 3041 1280 .
3142 1271 3150 1280 ,
3202 1269 3213 1280 ,
3447 1269 3454 1274 ,

316 1297 696 1358 Diximusun
718 1296 826 1352 fuit,
853 1308 941 1343 nos
964 1295 1275 1344 γιίωιηετίυε
1298 1292 1427 1358 id?!“
1473 1357 1476 1358 ν
1896 1270 2048 1324 orbus
2070 1276 2272 1323 Victum
2301 1269 2368 1322 ad
2394 1270 2537 1323 hunc
2569 1270 2808 1324 laborem
2833 1283 2966 1323 sane
2993 1268 3391 1334 dImCllllllllllll,
3412 1283 3477 1323 ac

315 1353 592 1418 Partieipes
615 1353 746 1414 facit,
771 1363 824 1405 et
847 1357 1093 1418 praestanti
1118 1366 1319 1401 munere
1339 1353 1505 1399 donat.

380 1419 544 1479 Atque
571 1420 611 1465 is
627 1419 928 1466 conveniens
952 1421 1203 1479 nostrast
1225 1412 1353 1461 foret
1376 1411 1600 1479 editioni,

1941 1360 2151 1413 tolestia
2202 1359 2421 1428 plenum
2466 1367 2881 1428 pertraxerunt,
2927 1367 3134 1413 motum
3178 1361 3476 1428 praesertim

1941 1459 1974 1479 ιι
1999 1463 2312 1479 manna-Iam
2336 1448 2572 1479 ":nn-Ilrn
2588 1450 2839 1479 ωιιηιηιη
2880 1463 2940 1479 ΛΔ
2955 1448 3476 1479 -ΔνιιιιιΩδιΔΛῘΔ-ιηῖησι-

315 1448 931 1540 uﬁi‘ﬁie'i’a‘ﬁi'é'ﬁ'gﬁfi
954 1448 1684 1537 iiééiitidta'iiiaiéiisaéem,
1901 1459 1977 1503 tot
1999 1463 2312 1516 magnorum
2336 1448 2573 1502 virorum
2587 1450 2861 1518 exemplo,
2879 1463 2942 1503 ac
2955 1463 3138 1502 rerum
3151 1448 3482 1516 theologica-

315 1535 678 1608 Nequidquam
702 1541 752 1588 ίῐι
776 1535 1363 1608 ιῖοῠίδγιεςςοτῧεεξάβτθέ
1384 1546 1572 1608 aequus.
1902 1554 2020 1592 rum
2051 1553 2115 1593 ac
2143 1538 2302 1607 hujus
2327 1540 2568 1593 auctoris
2597 1540 2928 1608 praestantia.
2966 1540 3118 1593 Hanc
3152 1537 3481 1607 provinciam

1905 1633 2035 1685 inter
2068 1633 2174 1685 alia
2203 1633 2411 1702 negotia
2437 1633 2827 1702 typographica,
2850 1631 3035 1702 quibus
3065 1631 3332 1693 obruebar,
3362 1638 3484 1681 tan-

1833 1726 1879 1783 B
1907 1726 2020 1777 dem
2039 1727 2157 1794 jam
2185 1725 2332 1776 tertio
2368 1735 2547 1777 exacto
2574 1740 2730 1786 anno,
2762 1732 2882 1792 post
2929 1729 3010 1776 tot
3035 1721 3439 1775 lucubrationes
3463 1761 3478 1783 ,

1908 1814 2168 1880 sudores,
2194 1815 2625 1869 intricatissimas
2653 1814 3027 1869 revolutiones
3047 1856 3062 1879 ,
3107 1812 3487 1866 distinctiones

1909 1914 1964 1960 et
1991 1904 2245 1974 abruptas
2271 1906 2554 1974 variasque
2599 1904 2951 1974 cogitationes
2983 1903 3258 1958 indefesso
3288 1903 3475 1957 labore

305 1993 515 2062 Nempe
535 1992 762 2047 Joannes
795 1990 1125 2046 Vtintmerius
1153 1986 1505 2051 Lovaniensis,
1535 1985 1680 2052 prior
1718 1997 1810 2038 ca-

1944 1994 2072 2048 tiam
2094 2009 2216 2048 cum
2241 1994 2566 2048 valetudinis
2589 1995 2797 2063 jactura
2826 1994 3140 2056 exhaustas,
3170 1992 3240 2045 ita
3256 2007 3483 2061 meges-

243 2086 488 2140 nonicor.
524 2086 759 2154 regular.
782 2083 848 2138 ad
877 2084 936 2140 S.
961 2084 1269 2146 Martinam,
1301 2080 1356 2134 in
1382 2077 1551 2145 patria
1577 2077 1811 2145 plurium
1912 2085 2050 2139 sisse
2071 2100 2255 2154 spero,
2287 2094 2345 2139 ut,
2363 2085 2544 2140 oleum
2570 2095 2626 2140 et
2651 2099 2874 2154 operam
2923 2096 3031 2139 non
3073 2084 3376 2152 perdidisse
3405 2084 3486 2137 vi-

239 2179 459 2233 Patrum
491 2179 707 2246 scriptis
734 2177 894 2231 editis
917 2176 1095 2229 clarus
1133 2175 1232 2245 (a),
1266 2186 1408 2226 anno
1437 2169 1570 2226 l56-i
1593 2169 1814 2223 Lovanii
1913 2176 2030 2232 deri
2059 2176 2287 2245 possim,
2311 2185 2366 2230 et
2390 2175 2532 2246 apud
2563 2175 2852 2245 theologia:
2873 2176 3146 2229 studiosos
3193 2182 3250 2229 et
3296 2188 3481 2242 mquos

239 2270 487 2324 ediderat
539 2267 814 2338 Augustini
867 2266 1139 2321 Sermones
1188 2264 1251 2316 de
1299 2261 1524 2314 Diversis
1558 2259 1712 2313 Mal"
1763 2267 1818 2312 (δι
1914 2281 2169 2322 censores
2186 2267 2413 2335 gratiam
2448 2280 2534 2320 me
2564 2280 2669 2320 non
2700 2266 3147 2320 contemnendam
3177 2265 3363 2318 iniisse
3393 2280 3490 2332 pu-

241 2361 536 2429 fragmenta
573 2358 881 2412 Sermonum
910 2353 1123 2418 XXVII,
1157 2367 1223 2405 ex
1255 2352 1532 2405 Thesauro
1564 2347 1816 2418 Eugippii
1917 2367 2048 2414 tem,
2081 2357 2186 2412 Sed
2217 2357 2430 2411 omissis
2462 2358 2564 2421 his,
2592 2356 2660 2410 ad
2711 2357 2882 2425 ipsam
2905 2370 3042 2419 rem,
3090 2369 3207 2423 qua:
3233 2355 3285 2408 in
3339 2368 3493 2407 nova)

239 2449 452 2502 abbatis
472 2456 532 2502 et
552 2445 969 2501 Commentariis
999 2443 1157 2498 Beda:
1179 2457 1276 2497 seu
1297 2442 1466 2504 Flori,
1496 2440 1820 2509 Lugdunen-
1917 2449 2170 2506 editionis
2199 2448 2518 2517 prmfalione
2543 2447 2810 2516 praecipua
2830 2460 2954 2501 esse
2981 2446 3160 2513 debet,
3210 2445 3489 2507 accedam,

244 2541 317 2594 sis
341 2539 612 2594 Ecclesize
632 2538 841 2592 diaconi
872 2537 1147 2605 decerpta,
1184 2549 1288 2588 una
1326 2549 1451 2588 cum
1484 2532 1712 2586 Possidii
1741 2533 1821 2585 in-
1921 2542 2106 2612 “quid
2142 2542 2486 2612 pagum-im,
2518 2540 2805 2594 τεεεηεεοο,
2848 2538 3030 2592 primo
3059 2538 3080 2607 (
3111 2545 3308 2606 praue,-
3333 2549 3500 2590 orna-

242 2629 417 2683 diculo
444 2631 758 2697 scriptorum
792 2627 1064 2697 Augustini
1092 2639 1282 2680 recens
1304 2640 1334 2678 a
1367 2639 1427 2680 se
1453 2625 1504 2679 in
1534 2624 1819 2682 bibliOthe-
1922 2643 2100 2689 menta
2130 2633 2510 2703 Iypographica
2565 2640 2621 2686 et
2661 2630 2916 2694 indicem,
2950 2629 3136 2683 multis
3183 2627 3360 2683 modis
3407 2643 3502 2681 att-.

244 2738 304 2776 (³
336 2722 578 2776 abitalia
602 2720 942 2775 νίυπῖεηείε
969 2726 1185 2787 reperto
1217 2727 1272 2772 ει
1299 2732 1394 2786 Per
1420 2717 1593 2783 ipsum
1626 2715 1824 2786 marsi'
1922 2735 2091 2790 ctum,
2121 2726 2362 2793 aliasque
2382 2724 2542 2778 utiles
2568 2722 2942 2791 accessiones)
2968 2721 3248 2789 Augustini
3282 2733 3445 2786 opera
3473 2758 3490 2781 ,

247 2813 461 2866 nalibus
495 2811 717 2866 scholiis
747 2811 1034 2865 illustrato.
1065 2811 1420 2880 lnscripserat
1447 2809 1588 2864 edita
1621 2808 1711 2862 illa
1731 2806 1825 2860 Ja-
1925 2815 2136 2870 collatis
2163 2812 2624 2868 emendatissimis
2659 2811 3097 2880 exemplaribus,
3143 2811 3213 2862 ita
3243 2809 3496 2871 distinxi,

246 2904 364 2956 cobo
389 2902 663 2968 Pometia,
690 2917 964 2957 sacrarum
993 2903 1295 2957 litterarum
1319 2913 1444 2956 tunc
1469 2900 1744 2955 licentiato
1765 2911 1828 2952 ac

1941 2919 1988 2964 at
2017 2910 2239 2977 posthac
2272 2909 2321 2962 in
2355 2907 2700 2976 intelligendo
2729 2905 2898 2960 lector
2932 2905 3104 2958 multo
3129 2917 3290 2972 quam
3337 2910 3497 2956 antea

249 2993 437 3062 Brugis
455 2993 741 3056 canonico,
786 2992 1033 3062 epistola,
1064 2993 1188 3047 data
1218 2992 1440 3046 Lovanii
1468 3007 1494 3046 θ
1520 3007 1617 3046 suo
1643 2991 1830 3046 Marti-

1941 3002 2233 3073 sxpeditior
2263 3002 2332 3055 sit
2371 3001 2600 3054 futurus.
2637 2998 2875 3054 Secundo
2903 3011 2972 3051 ex
3000 2995 3190 3050 cadent
3215 2993 3509 3066 collatione

251 3084 672 3139 nianocmnobio
690 3099 743 3138 tx
759 3083 1195 3153 kalend.'Aprilis
1208 3099 1348 3136 anno
1369 3082 1832 3138 M.D.LXIV.Jam
1862 3083 1908 3145 C
1938 3095 2196 3150 hactenus
2226 3093 2424 3147 omissa
2453 3090 2678 3153 inserui,
2705 3089 2995 3157 depravata
3025 3085 3267 3151 correxi,
3324 3084 3509 3138 luxata

254 3186 308 3230 ιη
331 3192 600 3230 arma?!”
645 3175 734 3231 ῖείί
765 3191 956 3231 recens
995 3176 1064 3230 ab
1093 3176 1186 3230 “'0
1214 3177 1346 3231 θάίιί
1378 3177 1442 3229 ad
1470 3175 1674 3229 calcem
1703 3176 1832 3229 ῑοῐηί
1934 3185 2170 3242 restitui.
2207 3184 2378 3237 Tertio
2402 3181 2708 3237 testimonia
2738 3194 2907 3234 sacrae
2957 3177 3268 3244 Scripturze
3299 3183 3353 3230 et
3380 3175 3513 3228 alio-

379 1595 605 1650 Diversis
626 1600 666 1646 si
690 1612 798 1658 qua:
820 1599 1066 1647 sententia
1086 1596 1296 1658 pendula
1318 1595 1462 1642 dictis

323 1661 478 1711 Nobis
501 1663 603 1709 visa
621 1660 732 1720 fuit,
750 1660 875 1708 hanc
896 1661 1048 1720 signis
1069 1658 1276 1720 quisque
1300 1663 1513 1703 notatam

382 1722 590 1779 Cernet,
622 1729 674 1769 et
699 1717 764 1770 ex
784 1720 867 1770 illa
889 1717 982 1768 sibi
1004 1717 1180 1767 sensus
1198 1717 1351 1778 eliget
1373 1723 1510 1779 aptos

322 1784 454 1841 Quin
480 1775 630 1831 etiam
654 1781 761 1829 aliis
781 1789 895 1829 sunt
917 1786 1054 1828 aucta
1077 1775 1319 1841 volumina
1342 1775 1526 1835 multis,

322 1840 446 1902 Qua:
469 1856 568 1892 non
591 1843 735 1890 laude
759 1855 865 1897 sua,
891 1842 1044 1890 lector
1061 1840 1298 1899 studiose,
1319 1841 1576 1886 carebunt.

254 3270 299 3324 Χ
323 3268 604 3338 subiuncti
623 3278 771 3336 sunt,
821 3270 893 3322 ita
930 3268 1160 3322 Possidii
1195 3268 1409 3322 libellus
1439 3283 1540 3321 una
1569 3282 1691 3321 cum
1715 3271 1830 3331 epi-

258 3361 392 3414 stola
418 3360 722 3415 Vlimmerii
750 3360 980 3430 primum
1010 3368 1213 3414 tomum
1236 3361 1429 3425 aperit.
1458 3359 1589 3424 Quae
1607 3356 1831 3425 epistola

261 3449 473 3504 induxit
494 3450 993 3518 Baumgartenium,
1008 3460 1065 3503 ut
1081 3465 1225 3504 anno
1246 3448 1385 3503 1564
1403 3449 1690 3514 ineteptam
1713 3461 1835 3500 esse

264 3542 400 3595 hanc
443 3539 738 3596 editionem
776 3541 1111 3608 opinaretur,
1151 3539 1293 3608 quod
1335 3538 1646 3606 ignoraret,
1691 3535 1836 3589 haud

261 3631 441 3697 dubie,
474 3630 732 3698 peculiari
762 3630 906 3684 illam
928 3630 1150 3684 editioni
1173 3637 1330 3683 antea
1354 3627 1667 3683 inseruisse.
1691 3626 1838 3681 Prte-

263 3730 404 3774 terea
430 3733 566 3774 vero
596 3719 762 3774 totius
789 3720 984 3774 decimi
1026 3721 1154 3774 tomi
1203 3719 1634 3786 recognitionem
1667 3716 1837 3770 Vlim-

265 3809 467 3865 merius
486 3809 779 3878 sustinuit,
819 3820 878 3864 ut
914 3825 982 3864 ex
1029 3809 1131 3864 hac
1158 3808 1387 3877 epistola
1417 3817 1582 3877 patet.

329 3897 605 3954 Caeterum
631 3899 923 3968 impressio
954 3898 1092 3952 facta
1122 3907 1229 3964 est,
1266 3907 1321 3951 ut
1352 3897 1405 3951 in
1429 3897 1728 3965 superiore,
1761 3897 1840 3950 bi—

266 3989 345 4043 nis
370 3989 672 4054 columnis,
703 3989 800 4045 sed
826 3991 1016 4044 charta
1063 3989 1366 4057 litterisque
1421 3988 1696 4056 aliquanto
1724 3987 1838 4040 ele-

268 4081 628 4149 gantioribus.
677 4082 892 4136 Titulus
938 4082 1145 4152 primus
1176 4081 1360 4151 figuris
1407 4081 1602 4152 ligneis
1651 4080 1840 4135 formis

271 4174 550 4244 impressis
570 4185 863 4230 exornatus
883 4184 987 4229 est.

975 4264 1131 4320 1570.

335 4353 561 4409 Basilina
595 4371 686 4426 per
715 4355 1038 4410 Ambrosium
1059 4364 1108 4408 et
1136 4355 1403 4408 Aurelium
1426 4352 1712 4407 Frobenios
1733 4357 1844 4423 {ra-

1933 3294 2051 3333 rum
2078 3287 2380 3336 auctorum,
2407 3290 2527 3344 qum
2557 3274 2608 3327 in
2632 3273 2714 3326 his
2743 3272 2894 3325 libris
2921 3272 3182 3331 citantur,
3214 3270 3267 3323 in
3307 3269 3515 3336 margi-

1942 3384 2008 3422 ne
2033 3367 2321 3422 annotavi:
2348 3379 2600 3434 magnum
2627 3377 2757 3416 sane
2786 3361 3154 3430 adiumentum
3184 3359 3272 3413 his
3298 3359 3520 3427 quimec

1942 3461 2111 3512 moria
2143 3473 2248 3512 non
2278 3457 2414 3510 adeo
2439 3457 2639 3508 valent.
2666 3453 2866 3518 Quarta
2890 3451 3216 3520 marginales
3246 3464 3510 3510 summas,

1943 3559 2003 3605 ut
2030 3550 2235 3603 facilius
2260 3546 2629 3617 quaerentibus
2653 3544 2892 3598 materiae
2918 3549 3239 3605 occurrant,
3271 3555 3378 3595 non
3409 3539 3517 3594 levi

1935 3655 2056 3696 cum
2087 3640 2253 3694 totius
2283 3639 2465 3707 operis
2490 3634 2966 3704 lumineadjunxi:
2999 3632 3302 3702 posteriora
3333 3640 3515 3686 tamen

1938 3733 2048 3787 duo
2078 3733 2308 3786 maxime
2333 3730 2384 3784 in
2412 3731 2589 3798 quinto
2619 3739 2666 3781 et
2693 3729 2889 3781 decimo
2912 3736 3070 3790 tome,
3101 3727 3155 3779 in
3186 3726 3368 3796 quibus
3410 3728 3518 3794 fere

1939 3826 2307 3894 sesquiunnum
2350 3821 2672 3886 consumpsi,
2729 3827 2855 3873 sunt
2908 3818 3164 3885 adjecta:
3196 3817 3252 3869 in
3308 3816 3522 3870 decimo

1940 3913 2237 3983 praesertim
2253 3927 2357 3966 non
2377 3909 2831 3966 contemnendum
2847 3906 3192 3961 Tractatuum
3207 3913 3370 3974 atque
3396 3903 3521 3960 Ser-

1942 4017 2162 4056 mouum
2184 4015 2468 4055 numerum
2499 4014 2571 4054 ex
2601 3997 2912 4060 Vlimmerii,
2942 3996 3048 4050 viri
3075 3995 3402 4050 veneranda
3427 4008 3522 4048 ana

1945 4091 2208 4160 tiquitatis
2243 4089 2647 4153 studiosissimi,
2679 4088 2916 4143 editione
2944 4086 3146 4140 addidi.
3181 4085 3374 4151 Quinto
3409 4085 3523 4138 haec

1943 4183 2122 4238 omnia
2148 4197 2252 4237 non
2284 4182 2464 4236 solum
2505 4182 2578 4235 ita
2604 4179 2880 4248 disposui,
2909 4187 2968 4232 ut
3009 4178 3164 4231 multi
3204 4177 3294 4231 alii
3321 4177 3520 4238 solent,

1943 4273 2038 4326 sed
2059 4272 2219 4326 etiam
2249 4280 2308 4324 ut
2333 4271 2385 4324 in
2417 4279 2595 4323 actum
2621 4267 3034 4337 diligentissime
3063 4265 3520 4334 producerentur.

1945 4362 2010 4415 ad
2040 4363 2186 4430 prela
2218 4363 2524 4429 frequenter
2567 4369 2749 4413 astans
2776 4372 2997 4426 operam
3033 4355 3180 4410 dedi.
3204 4355 3302 4410 Hic
3327 4364 3526 4414 autem,

273 4452 391 4506 tm;
419 4443 606 4514 its-fol.
627 4443 696 4498 XI
721 4447 891 4498 tomis.
907 4445 973 4497 D.
995 4444 1198 4500 Aurelii
1221 4443 1525 4513 Augustini,
1545 4443 1847 4512 Hipponen-

1959 4452 2150 4520 pergit,
2174 4450 2400 4504 fortasse
2423 4449 2555 4502 mihi
2584 4455 2870 4502 occurrent
2896 4447 3032 4500 Zoili
3054 4445 3219 4499 invidi
3243 4454 3296 4498 et
3315 4445 3522 4498 calum-

273 4532 342 4587 sis
366 4533 611 4602 episcopi
629 4534 824 4602 Opera.

343 4628 542 4682 Mirum
573 4627 708 4685 forte
735 4630 892 4685 alicui
937 4631 1108 4684 videri
1139 4630 1342 4698 possit,
1376 4629 1537 4699 idque
1582 4630 1712 4683 mihi
1747 4631 1845 4698 ipsi

277 4717 543 4773 accidisse
573 4717 762 4786 fateor,
787 4720 931 4790 quod
961 4735 1084 4774 cum
1113 4721 1326 4789 plenam
1348 4729 1510 4789 atque
1545 4720 1848 4774 absolutam

280 4806 578 4862 editionem
603 4801 836 4877 operum
873 4809 1158 4879 Augustini
1198 4811 1445 4879 proximo
1493 4826 1636 4864 anno
1687 4810 1849 4864 iidem

281 4897 536 4954 Frobenii
580 4899 773 4956 fratres
807 4901 1117 4965 dedissent,
1146 4902 1388 4958 eamdem
1414 4903 1590 4956 denuo
1612 4904 1721 4970 jam
1752 4902 1855 4954 sub

283 4989 536 5042 incudem
565 4990 964 5046 revocaverint.
988 4993 1161 5060 Atque
1190 4991 1378 5059 paucis
1415 5000 1472 5045 et
1500 4990 1730 5045 fortasse
1761 5003 1856 5044 ne-

287 5077 413 5131 mini
453 5079 725 5147 cognitam
756 5093 878 5134 esse
899 5079 1159 5148 integram
1187 5089 1338 5135 certo
1367 5080 1625 5146 intellexi,
1670 5079 1858 5148 utjus—

285 5175 392 5221 tam
429 5167 718 5224 dubitandi
747 5184 965 5224 causam
999 5171 1201 5225 habere
1221 5171 1492 5234 duxerim,
1531 5172 1576 5225 si
1615 5186 1643 5223 a
1667 5171 1858 5240 quovis

285 5255 391 5308 alio
426 5257 622 5326 magis,
667 5273 825 5328 quam
851 5259 920 5312 ab
959 5259 1077 5327 ipso
1101 5259 1310 5314 editore
1358 5260 1727 5315 testimonium
1770 5274 1861 5314 ac-

288 5348 580 5416 cepissem.
602 5348 654 5402 Is
685 5365 814 5404 vero
841 5350 940 5405 fuit
966 5350 1263 5405 “manus
1293 5351 1491 5406 Μηιυε
1523 5351 1859 5421 Picropedia-

290 5451 409 5504 nus,
436 5447 737 5503 corrector,
768 5449 825 5494 ut
850 5456 1040 5510 arguo,
1065 5452 1156 5495 aut
1181 5442 1582 5496 administrator
1613 5453 1862 5513 typogra-

291 5527 429 5592 pbia:
457 5527 690 5583 fratrum
731 5529 1149 5598 Frobeniorum,
1194 5533 1284 5598 qui
1318 5533 1571 5587 praefatus
1594 5543 1676 5587 est
1705 5535 1772 5586 ad
1803 5535 1865 5589 li-

364 5655 439 5727 (a)
466 5655 550 5712 Cf.
590 5657 825 5728 Foppens
861 5661 1000 5713 Bibl.
1033 5662 1145 5718 Bel.
1177 5662 1239 5715 T.
1289 5662 1355 5728 ll,
1383 5677 1435 5732 p.
1465 5664 1590 5717 747.

532 5750 810 5809 ΡΑτιιοι..
859 5751 1111 5812 XLVII.

1949 4544 2184 4597 uiatores
2213 4542 2232 4611 (
2255 4542 2472 4611 quibus,
2503 4554 2626 4594 cum
2651 4540 2749 4608 ipsi
2765 4537 2981 4607 quidem
3009 4536 3145 4590 nihil
3167 4544 3259 4589 aut
3286 4549 3390 4588 non
3415 4549 3529 4588 me-

1949 4635 2086 4688 liora
2114 4633 2334 4699 faciant,
2383 4633 2609 4685 aliornm
2639 4630 2850 4684 honesti
2892 4637 3114 4682 conatus
3159 4640 3375 4695 semper
3415 4625 3530 4679 dis-

1951 4725 2149 4793 plicent
2177 4724 2306 4794 )me
2344 4723 2552 4777 irrisuri
2593 4723 2686 4792 qui
2716 4731 2840 4790 post
2882 4730 3058 4774 tantos
3092 4720 3238 4774 viros
3279 4720 3331 4772 in
3375 4725 3527 4771 tanto

1957 4831 2120 4885 opere
2137 4826 2314 4871 actum
2336 4815 2490 4884 quasi
2512 4829 2686 4884 agam,
2713 4823 2769 4868 et
2793 4812 3121 4882 arrogantiae
3139 4825 3224 4864 me
3253 4810 3535 4864 insimula-

1959 4905 2520 4971 turi.llisbreviterita
2536 4917 2857 4973 respousom
2882 4903 3027 4967 volo,
3046 4901 3294 4968 Erasmo,
3320 4899 3536 4954 Germa-

1960 4999 2062 5052 niae
2076 4997 2334 5066 phmnici,
2349 5005 2406 5051 et
2423 4995 2696 5050 Ludovico
2715 4995 2856 5058 Vivi,
2878 4996 2996 5049 viro
3013 4993 3385 5048 eruditissimo
3400 5033 3416 5055 .
3449 5007 3538 5045 me

1960 5087 2181 5156 quidem
2203 5101 2308 5140 non
2323 5087 2766 5154 comparandum,
2787 5085 2880 5139 sed
2904 5094 3080 5139 tamen
3129 5100 3243 5136 cum
3259 5099 3349 5153 per
3367 5099 3535 5136 exem-

1963 5177 2130 5245 pluria
2145 5177 2226 5230 illi
2247 5178 2416 5247 potius
2445 5193 2599 5247 quam
2612 5179 2880 5247 praprium
2887 5174 3170 5245 judicium,
3204 5173 3532 5244 rapui-getia-

1961 5283 2077 5320 nem
2096 5283 2242 5320 suam
2283 5267 2612 5336 perfecerint,
2641 5276 2695 5321 et
2723 5282 2827 5320 non
2859 5267 3036 5320 omnia
3078 5267 3236 5320 simul
3267 5266 3382 5319 fieri
3417 5270 3538 5330 pos:

1965 5357 2096 5420 sint,
2128 5373 2213 5410 me
2240 5357 2326 5411 die
2352 5358 2496 5412 diem
2515 5357 2765 5422 docente,
2796 5357 3038 5425 pluribus
3061 5357 3185 5410 illos
3210 5354 3540 5409 imitantibus

1967 5456 2023 5500 et
2051 5448 2440 5517 exemplarium
2457 5449 2666 5516 copiam
2687 5449 3030 5517 augentibus,
3056 5463 3157 5502 nec
3186 5447 3409 5508 leviora,
3438 5459 3537 5498 ne-

1970 5538 2096 5593 dum
2125 5541 2381 5595 notabilia
2415 5549 2592 5595 errata
2619 5541 2807 5595 tollere
2839 5540 3098 5610 potuisse.
3147 5538 3369 5594 Accedit
3398 5534 3538 5606 quod

3105 5751 3144 5811 3
