4010 6350
498 287 569 340 75
1381 286 1931 346 SUPPLEMENTUM
1974 287 2062 341 AD
2100 287 2323 342 Ol’ERA
2362 290 2420 344 S.
2461 292 2845 348 AUGUSTINI.
3665 305 3734 361 τσ

498 412 781 470 operarum
810 398 1153 469 negligentia,
1177 411 1299 453 cum
1337 397 1435 463 tpsi
1466 395 1634 462 prelis
1654 408 1758 447 non
1790 393 2059 458 al'fuerint,
2089 396 2141 452 A
2235 394 2434 449 Tomus
2464 396 2630 451 ΙΙΙ-Χ
2660 398 3023 452 inscribuntur
3054 410 3107 452 ut
3134 400 3456 458 Basileensis
3489 421 3541 461 a.
3570 411 3729 480 1545,

496 490 663 545 multa
680 489 843 544 etiam
867 498 1011 544 recte
1037 489 1324 543 constituta
1350 495 1762 555 corrumpantur
1790 493 1882 538 aut
1904 485 2064 537 omit-

478 586 675 634 ‘tantur
705 594 718 631 :
750 577 894 647 quod
922 584 978 633 et
1004 576 1253 647 praesenti
1290 574 1421 628 mihi
1450 575 1535 628 vel
1565 574 1695 628 satis
1724 574 1930 627 intento
1960 587 2061 626 sae-

474 670 716 740 'pissime
745 669 985 738 contigit.
1033 667 1140 722 Sed
1188 665 1313 735 quid
1347 665 1571 720 multis?
1620 666 1731 734 ipsa
1783 664 2060 716 editionum

491 758 723 827 collatio,
745 759 869 828 quid
887 759 1167 828 prastitum
1190 757 1285 823 sit,
1324 756 1537 808 abunde
1584 754 1829 823 diligenti
1869 751 2059 806 lectori

491 850 793 906 testabitur.
822 849 976 914 Quod
1006 861 1142 902 vero
1170 849 1250 899 hic
1273 853 1440 899 tomus
1471 843 1695 910 reliquis
1733 844 1802 896 sit
1826 838 2055 894 vendim-

484 943 590 996 tior
618 952 674 997 et
702 943 753 995 in
781 937 1404 995 eruditorumltominum
1429 934 1673 989 manibus
1705 932 2052 1001 frequentior,

488 1030 572 1082 hic
599 1029 915 1097 potissimum
945 1026 1173 1083 de’meis
1201 1027 1252 1079 in
1298 1027 1399 1078 hoc
1439 1025 1643 1078 eximio
1667 1034 1817 1091 patre
1843 1020 2056 1074 labori-

489 1121 589 1174 bus
610 1118 821 1188 prtefari
844 1117 1022 1171 libuit.
1072 1135 1091 1168 ι
1122 1116 1349 1170 Tantum
1393 1129 1457 1168 ex
1499 1114 1727 1167 verbosa
1764 1111 1910 1180 Mylii
1942 1109 2056 1178 epi-

482 1209 627 1262 stola
652 1222 944 1275 excerpere
980 1207 1151 1261 visum
1207 1205 1329 1269 fuit,
1380 1212 1437 1258 ut
1464 1204 1565 1273 ipsi
1601 1203 1830 1257 lectores
1881 1201 2052 1255 oculis

480 1298 597 1352 suis
619 1297 940 1364 haurirent,
979 1296 1119 1366 quod
1149 1312 1214 1350 ex
1264 1296 1455 1349 intuitu
1487 1292 1699 1364 quidem
1755 1290 1890 1345 tituli
1932 1290 2050 1359 ejus

481 1390 792 1455 voluminis,
808 1390 894 1443 cui
914 1389 1001 1445 illa
1021 1387 1265 1450 adhaesit,
1288 1387 1505 1441 minime
1521 1390 1771 1453 arguent,
1788 1383 2048 1451 integram

482 1494 706 1548 operum
732 1479 1013 1549 Augustini
1043 1477 1332 1533 editionem
1383 1475 1557 1529 denuo
1587 1474 1689 1527 hoc
1732 1485 1872 1525 anno
1927 1486 2048 1539 per-

480 1577 659 1623 actam
707 1568 833 1623 dici.
864 1568 1016 1633 Nam,
1044 1577 1097 1621 ut
1141 1576 1295 1621 antea
1325 1565 1578 1629 diximus,
1612 1563 1858 1616 volumen
1906 1560 2047 1627 apud

480 1674 582 1713 nos
607 1669 713 1727 est,
760 1658 926 1714 libros
970 1658 1037 1713 de
1068 1657 1293 1712 Civitate
1316 1655 1413 1709 Dei
1451 1654 1817 1723 complectens
1849 1692 1863 1720 ,
1893 1653 2048 1719 cujus

2162 483 2358 538 additis
2388 486 2583 554 ubique
2604 488 2806 553 verbis,
2835 504 2953 557 qua:
2986 490 3143 543 modo
3174 492 3547 560 produximus.
3578 503 3729 554 Atta-

2161 590 2281 628 men
2306 576 2356 629 in
2382 577 2551 644 qttinti
2580 580 2709 633 tomi
2742 580 2895 634 titulo
2916 584 3287 637 commentarii
3309 584 3391 638 lo.
3419 585 3556 639 Lud.
3577 586 3728 642 Vivis

2159 668 2361 720 mentio
2387 677 2469 721 est
2495 670 2719 723 omissa.

2227 756 2393 812 Index
2423 761 2684 826 omnium,
2711 776 2828 831 qua:
2858 762 3138 832 insigniter
3163 779 3192 817 a
3218 765 3279 819 D.
3305 766 3525 818 Aurelio
3548 765 3727 834 Augu-

2156 849 2301 901 stino
2326 848 2467 902 dicta
2500 859 2657 915 sunt,
2691 852 2845 921 longe
2874 869 3030 921 quam
3063 866 3216 909 antea
3245 858 3452 910 auctior
3481 871 3545 910 ac
3576 858 3726 910 locu-

2157 939 2355 1007 pletior
2394 940 2655 995 redditus.
2702 943 2922 1011 Insuper
2949 946 3113 998 multa
3136 987 3150 1011 ,
3182 962 3300 1014 qua:
3326 957 3480 1001 erant
3509 963 3724 1006 manca.

2155 1027 2335 1079 mutila
2364 1033 2415 1081 et
2446 1030 2618 1083 solum
2644 1031 2909 1092 inchoata.
2939 1044 3043 1086 tam
3070 1036 3122 1087 in
3148 1036 3323 1089 indice
3345 1038 3724 1091 auctoritatoni

2152 1130 2325 1169 sacrae
2345 1117 2660 1187 Scripturaz,
2687 1122 2736 1174 id
2760 1132 2859 1187 est,
2889 1127 3088 1178 veteris
3114 1140 3175 1177 ac
3204 1126 3324 1179 novi
3353 1127 3721 1193 lnstrumenti,

2151 1220 2307 1273 quam
2334 1209 2385 1261 in
2404 1209 2532 1262 locis
2552 1212 2753 1280 aliquot
2773 1227 3044 1268 sacrarum
3063 1216 3462 1284 Scripturarum
3483 1234 3725 1288 pugnau-

2153 1298 2295 1351 tibus
2339 1301 2639 1355 conciliatis
2678 1303 2729 1356 in
2770 1307 3087 1373 Augustino,
3130 1308 3451 1374 reformata,
3481 1320 3637 1363 aucta
3668 1321 3725 1364 et

2151 1400 2431 1456 repurgata
2464 1401 2604 1451 sunt.
2631 1392 2871 1447 Venetiis
2898 1396 3211 1452 M.D.LXX.

2222 1477 2487 1534 Recenset
2531 1481 2669 1537 hanc
2711 1485 3001 1538 editionem
3026 1531 3039 1554 ,
3083 1488 3175 1541 sed
3220 1489 3372 1543 titulo
3411 1498 3714 1552 contracto,

2147 1566 2479 1635 Audi/fndus
2513 1573 2563 1625 in
2595 1572 2760 1628 Calal.
2796 1574 2932 1631 Bibl.
2966 1575 3208 1631 Casanat.
3238 1579 3301 1633 Τ.
3327 1580 3367 1644 1,
3392 1595 3446 1649 p.
3470 1580 3594 1644 3M,
3622 1582 3721 1634 do-

2148 1672 2296 1724 cens,
2332 1661 2560 1728 priutum
2592 1675 2793 1718 tomum
2822 1667 2962 1734 apud
2995 1667 3350 1737 Valgrisiutn,
3381 1672 3619 1739 reliquos
3651 1673 3719 1723 ad

482 1751 700 1805 titulttnt
721 1750 787 1805 ab
820 1749 913 1803 illo
935 1749 1021 1803 ed.
1046 1764 1097 1802 a.
1128 1747 1265 1802 1569
1286 1747 1449 1816 plane
1475 1747 1747 1799 diversum
1774 1742 1931 1809 infla,
1951 1742 2043 1796 ubi
2074 1749 2119 1807 B
2146 1749 2400 1806 Octavum
2442 1770 2611 1823 usque
2645 1772 2768 1809 cum
2810 1758 2987 1811 indice
3019 1760 3213 1813 ibidem
3245 1762 3541 1829 eodemque
3570 1778 3717 1814 3mm

476 1843 544 1896 ad
580 1843 794 1897 illorum
826 1842 1083 1895 librorum
1114 1841 1416 1908 singulares
1443 1836 1710 1893 editiones
1748 1832 2041 1890 accesseri-

477 1950 618 2002 mus,
658 1934 927 1989 dabimus.
974 1934 1126 2000 Quod
1157 1933 1223 1987 ad
1272 1933 1438 2001 ipsam
1465 1946 1593 1985 vero
1614 1929 1893 1999 epistolam
1922 1928 2044 1981 atti-

474 2036 588 2092 net,
609 2042 767 2097 quam
795 2040 930 2081 vane
978 2034 1033 2080 et
1069 2024 1349 2079 temerarie
1400 2023 1561 2077 multa
1607 2021 1849 2090 jactitata
1889 2020 1996 2071 sint
2026 2057 2041 2084 ,

472 2133 635 2173 nemo
664 2132 771 2171 non
795 2117 976 2181 videt;
1028 2123 1264 2169 attamen
1293 2127 1545 2182 quorsum
1577 2111 1693 2165 hzec
1718 2110 1898 2163 omnia
1930 2108 2040 2163 dis-

472 2216 659 2277 putata
696 2207 841 2271 sint,
873 2220 976 2259 non
1020 2203 1173 2259 facile
1202 2202 1486 2271 intelliges.
1534 2199 1745 2254 Etenim
1778 2208 1835 2252 ut
1878 2214 2040 2251 unum

462 2305 678 2351 tantum
701 2294 989 2365 proferam.
1027 2309 1123 2364 per
1152 2305 1265 2348 tres
1292 2308 1459 2346 annos
1488 2291 1663 2345 editor
1714 2290 1855 2343 hunc
1908 2290 2041 2358 lapi-

471 2386 596 2440 dem
621 2385 855 2439 voluisse
881 2385 1054 2439 videri
1074 2383 1208 2448 vult,
1234 2392 1291 2436 ut
1318 2382 1611 2437 correctior
1634 2390 1688 2434 et
1712 2380 1902 2434 melior
1924 2379 2038 2433 Au-

470 2476 719 2546 gustinus
746 2476 984 2548 prodiret
1014 2492 1029 2532 :
1064 2477 1374 2545 intereaque
1403 2475 1471 2527 ab
1494 2474 1714 2543 iisdem,
1754 2473 1845 2541 qui
1882 2472 1931 2526 ei
1963 2473 2038 2525 is-

470 2581 577 2625 tam
626 2568 973 2638 injunxerant
1024 2567 1398 2635 provinciam,
1457 2573 1625 2619 totum
1679 2560 2036 2631 Augustinum

466 2658 667 2729 absque
696 2659 799 2713 ulla
828 2658 971 2713 illius
997 2657 1098 2711 viri
1128 2658 1369 2725 impensa
1393 2670 1554 2725 opera
1581 2653 1771 2710 excudi
1802 2652 2038 2719 potuisse

467 2750 774 2820 putabimus
802 2751 825 2804 ?
854 2750 937 2804 An
989 2763 1116 2803 vero
1147 2756 1229 2802 tot
1277 2762 1341 2802 ac
1372 2756 1476 2801 tam
1521 2744 1745 2814 cupidos
1774 2742 2037 2798 editiones

462 2840 587 2895 illas
616 2848 672 2893 et
704 2850 1029 2909 postremam
1067 2839 1300 2892 maxime
1323 2844 1600 2906 emptores
1628 2835 1896 2893 invenisse
1926 2849 2036 2888 cre-

464 2929 631 2985 dibile
659 2938 763 2993 est,
790 2937 850 2984 ut
875 2928 1121 2998 pluribus
1163 2928 1355 2983 eodem
1395 2937 1638 2996 tempore
1687 2925 1823 2980 viris
1860 2924 2034 2979 doctis

460 3020 901 3089 expurgationem
942 3034 1165 3089 operum
1191 3018 1531 3071 committere
1569 3032 1676 3070 non
1728 3016 2035 3069 dubitarent

2144 1843 2280 1911 apud
2320 1845 2531 1913 Juntas,
2575 1862 2776 1901 nonum
2821 1859 2874 1902 et
2920 1849 3186 1903 decimum
3225 1852 3363 1919 apud
3408 1851 3718 1905 Nicolinuui

2144 1935 2427 2001 prodiissc.
2456 1936 2547 1989 llis
2574 1948 2676 1989 tam
2700 1938 2904 1993 diserto
2931 1942 3241 1995 testimonio
3264 1944 3589 1995 contradicit
3617 1944 3719 1994 lla-

2143 2024 2280 2077 vides
2311 2024 2557 2079 Ciement.
2580 2028 2629 2080 iu
2650 2027 2785 2082 Bibl.
2808 2029 2952 2088 Hist.
2978 2031 3134 2095 Crit.,
3161 2033 3247 2085 tibi
3272 2044 3573 2086 accuratam
3598 2036 3719 2100 ejus

2144 2114 2471 2169 mentionem
2506 2116 2696 2170 fecisse
2718 2133 2874 2186 supra
2901 2120 3010 2187 jam
3044 2122 3465 2189 significavimus
3500 2121 3597 2191 (a).
3636 2124 3721 2175 Ab

2140 2219 2206 2258 eo
2226 2219 2355 2259 sitne
2382 2208 2590 2259 titulum
2614 2208 2910 2276 pleniorem
2936 2214 3159 2265 tnutuati
3184 2228 3390 2275 sumus,
3416 2229 3572 2278 quem
3600 2215 3719 2282 ipse
3753 2253 3759 2257 -

2143 2295 2369 2363 primum
2402 2312 2468 2350 ex
2498 2299 2754 2369 Catalogo
2791 2301 2929 2357 Bibl.
2963 2303 3285 2371 Mageriante
3314 2303 3391 2371 (b)
3424 2321 3717 2373 excerpse-

2141 2394 2243 2451 rat,
2280 2402 2401 2440 mox
2429 2403 2577 2452 vero,
2605 2404 2723 2443 cum
2773 2391 2943 2460 ipsam
2985 2395 3273 2448 editionem
3314 2405 3503 2449 nactus
3545 2409 3713 2460 esset,

2140 2491 2207 2531 ex
2237 2480 2449 2546 propria
2486 2482 2824 2548 inspectione
2852 2485 3188 2552 approbavit.
3228 2486 3593 2553 Reprehendit
3618 2503 3715 2539 au-

2140 2575 2244 2620 tem
2258 2568 2585 2623 Clementius
2600 2571 2921 2635 Fabricium,
2936 2575 3073 2643 quod
3094 2575 3182 2627 Val
3191 2576 3410 2643 grisium
3425 2578 3713 2630 excudisse

2140 2672 2257 2710 eam
2301 2657 2520 2714 dixerit.
2572 2662 2645 2714 En
2676 2663 2836 2731 igitur
2868 2680 2962 2732 par
2993 2668 3227 2718 virorum
3260 2674 3316 2720 ct
3346 2668 3628 2721 doctorum
3657 2679 3714 2722 et

2144 2747 2455 2802 curiositate
2475 2765 2535 2802 ac
2560 2751 2840 2807 sedulitate
2860 2755 2911 2805 in
2935 2769 3031 2807 suo
3055 2770 3253 2822 genere
3279 2758 3479 2810 nemini
3514 2757 3715 2812 ceden-

2140 2834 2294 2901 tium,
2327 2838 2378 2889 in
2408 2854 2465 2891 re
2499 2838 2601 2892 levi
2629 2851 2681 2894 et
2705 2856 2820 2909 quae
2843 2857 3083 2897 errorem
3111 2846 3251 2897 inter
3272 2852 3438 2899 testes
3465 2848 3715 2900 oculares

2135 2925 2223 2980 vix
2251 2926 2394 2982 ferre
2424 2932 2618 2997 possit,
2662 2932 2760 2984 sibi
2801 2948 3131 3001 repugnans.
3176 2935 3448 3002 Optimum
3492 2938 3713 3006 quidem

2136 3017 2334 3087 aliquis
2355 3018 2590 3087 duxerit,
2616 3022 2811 3074 missos
2832 3037 2924 3075 eos
2951 3024 3144 3088 facere,
3172 3036 3223 3078 et
3246 3019 3401 3080 iidem
3438 3030 3578 3080 tertii
3611 3028 3713 3080 ali-

464 3108 740 3177 Frobenii,
772 3124 985 3178 semper
1013 3108 1327 3178 imprimere
1356 3106 1525 3176 parati
1554 3146 1571 3171 ,
1601 3115 1656 3159 ut
1676 3104 1888 3175 plagula
1914 3119 2022 3173 pre
2067 3099 2106 3161 Β
2137 3109 2410 3177 cujus,cui
2435 3111 2619 3166 videre
2639 3115 2881 3167 eamdem
2904 3116 3207 3184 contigerit.
3230 3133 3567 3185 exspeCtare.
3591 3118 3711 3171 Non

461 3200 522 3255 lo
549 3209 760 3255 matura
789 3207 955 3255 esset.
988 3198 1305 3267 Expeditior
1332 3197 1549 3267 quidem
1583 3211 1669 3251 res
1702 3196 1933 3261 videtur,
1986 3195 2031 3249 si

460 3294 558 3350 tibi
576 3295 927 3364 persuadeas,
952 3293 1272 3362 bibliOpolas
1292 3290 1625 3359 emptoribus
1657 3287 1833 3343 fucum
1853 3285 2032 3341 facere

458 3388 719 3453 voluisse,
748 3396 809 3442 ut
837 3400 935 3456 pro
974 3400 1110 3441 nova
1140 3384 1378 3441 editione
1432 3382 1765 3444 venderent,
1821 3379 1909 3433 cui
1956 3378 2029 3432 nil

460 3480 563 3537 nisi
604 3480 793 3535 titulus
834 3493 1006 3534 novus
1057 3486 1114 3533 et
1160 3474 1491 3545 praefaminis
1544 3472 1745 3539 aliquid
1788 3469 2029 3524 additum

456 3571 630 3628 fuerat
656 3588 671 3629 :
702 3568 919 3625 tametsi
956 3584 1021 3623 ue
1050 3568 1129 3623 sic
1182 3566 1398 3636 quidem
1453 3562 1737 3618 artificium
1786 3560 2029 3630 epistolae

456 3662 601 3719 illius
638 3663 769 3718 satis
796 3660 1059 3731 intelligo.

1170 3750 1326 3805 1570.

535 3847 765 3903 Venetiis
791 3845 930 3919 apud
957 3844 1282 3900 Vincentium
1313 3840 1645 3913 Valgrisium,
1680 3840 1806 3894 item
1837 3838 2025 3892 Juutas

457 3947 515 3995 et
543 3938 806 3993 Dominic.
839 3936 1178 4000 Nicolinum;
1207 3931 1384 3987 iit-4°.
1416 3929 1500 3985 XI
1530 3931 1700 3984 tomis.
1735 3930 1796 3983 D.
1820 3929 2026 3984 Aurelii

458 4030 762 4100 Augustini,
787 4028 1142 4099 Hipponensis
1172 4023 1433 4093 episcopi,
1456 4024 1687 4091 Operum
1718 4029 1885 4074 tomus
1915 4020 2024 4091 pri-

455 4119 694 4174 mus.Cui
709 4127 1053 4173 accesserunt
1068 4116 1214 4179 libri,
1232 4113 1497 4181 epistolae,
1518 4127 1798 4166 sermones
1814 4118 1869 4165 et
1885 4111 2024 4177 frag-

456 4217 637 4264 menta
655 4207 883 4277 aliquot,
900 4206 1158 4261 hactenus
1183 4217 1472 4270 numquam
1504 4204 1783 4270 impressa.
1815 4200 1879 4253 In
1899 4216 2020 4269 quo,

454 4309 640 4368 praeter
663 4299 889 4353 locorum
912 4296 1189 4351 multorum
1210 4295 1601 4360 restitutionem,
1622 4292 1897 4345 secundum
1921 4293 2024 4343 col-

454 4392 698 4446 lationem
724 4388 1062 4443 vetustiorum
1088 4384 1455 4456 exemplarium
1476 4423 1491 4446 ,
1530 4382 1820 4435 curavimus
1859 4397 2023 4434 remo-

2134 3198 2333 3264 abnuo,
2367 3215 2466 3254 nec
2508 3210 2683 3255 tamen
2726 3203 2854 3257 milii
2886 3212 3149 3275 tempero,
3181 3223 3290 3276 quo
3322 3210 3500 3264 minus
3526 3212 3711 3277 suspi-

2135 3288 2315 3342 ciones
2338 3305 2484 3344 meas
2505 3292 2717 3347 addam.
2743 3294 3109 3349 Audill‘redum
3134 3297 3309 3351 virum
3335 3316 3518 3368 supra,
3543 3318 3709 3371 quam

2132 3378 2236 3432 dici
2263 3390 2457 3447 potest,
2485 3380 2536 3433 in
2571 3383 2635 3436 iis
2665 3386 2933 3452 omnibus,
2962 3403 3079 3455 quae
3102 3388 3166 3441 ad
3190 3390 3608 3458 descriptionem
3636 3393 3709 3446 li-

2132 3467 2212 3521 bri
2240 3469 2468 3536 alicujus
2491 3472 2557 3524 ab
2582 3487 2650 3526 eo
2680 3474 2908 3541 inSpecti
2940 3479 3230 3543 pertinent,
3255 3481 3519 3546 sedulum,
3548 3484 3597 3534 in
3622 3481 3707 3535 lii:

2132 3567 2236 3610 tam
2269 3559 2533 3614 distinctis
2563 3563 2741 3617 verbis
2779 3564 2845 3617 ab
2884 3581 2949 3618 eo
2979 3569 3253 3633 conceptis
3294 3584 3527 3633 errasse,
3562 3586 3708 3638 agre

2129 3648 2257 3701 mihi
2287 3651 2605 3717 persuadeo.
2650 3652 2767 3706 Jam
2808 3655 2860 3707 in
2901 3656 3068 3709 titulis
3106 3666 3253 3711 certe
3297 3660 3496 3711 nullum
3528 3670 3707 3713 exstat

2129 3743 2446 3811 typograplti
2487 3743 2765 3798 indicium.
2812 3746 2975 3813 Igitur
3003 3746 3056 3799 in
3085 3748 3229 3801 calce
3272 3749 3396 3801 torni
3437 3750 3705 3817 cujusque

2128 3833 2345 3885 nomina
2385 3833 2831 3902 subscripserint,
2880 3850 3103 3890 necesse
3152 3846 3254 3891 est.
3302 3838 3462 3906 Atqui
3512 3839 3700 3891 titulos

2127 3920 2348 3976 aliunde
2391 3922 2500 3989 jam
2553 3925 2606 3977 in
2644 3938 2793 3977 suam
2838 3924 3228 3979 Bibliothecam
3282 3931 3706 3991 transcripserat

2125 4012 2475 4077 Clementius,
2518 4030 2639 4069 cum
2685 4018 2841 4085 hujus
2882 4019 3133 4073 editionis
3172 4022 3455 4087 exemplar
3496 4022 3601 4088 ipsi
3646 4024 3698 4073 in
3742 4014 3747 4023 ’

2126 4120 2319 4160 manus
2351 4106 2631 4162 incideret.
2664 4107 2814 4161 Tunc
2844 4123 2970 4162 vero
2999 4110 3124 4176 quid
3155 4110 3301 4162 illum
3332 4112 3507 4178 egisse
3542 4124 3703 4177 pultis

2124 4197 2191 4251 ad
2224 4196 2457 4251 Fabricii
2491 4199 2645 4252 fidem
2679 4200 3096 4268 explorandam?
3128 4200 3337 4253 Evolvit
3358 4202 3566 4254 scilicet
3588 4202 3704 4254 sin-

2123 4290 2246 4358 gula
2275 4290 2546 4344 volumina
2575 4299 2629 4345 et
2656 4292 3041 4362 circumspexit
3068 4294 3450 4362 typograpltos.
3482 4296 3703 4347 Minime

2127 4403 2255 4443 vero
2286 4390 2600 4444 unice’tunc
2625 4391 2869 4454 curabat,
2903 4401 2959 4444 ut
2985 4391 3053 4446 de
3082 4393 3386 4461 integritate
3416 4394 3696 4452 editionis,

452 4482 557 4535 veri
584 4497 644 4535 ea
674 4479 866 4541 omnia,
892 4493 1008 4547 qua:
1033 4476 1266 4546 ﬁdelium
1292 4483 1482 4527 utentes
1510 4472 1746 4525 haeretica
1775 4473 2024 4539 pravitate

2137 4490 2355 4558 quatnin
2378 4490 2595 4544 dubium
2617 4490 2709 4543 alii
2734 4501 3091 4556 vocaverant,
3119 4500 3174 4546 et
3198 4491 3557 4547 defenderant
3583 4492 3699 4553 alii,

451 4581 656 4643 possent
690 4571 928 4640 inﬁcere,
957 4577 1046 4622 aut
1075 4584 1105 4619 α
1133 4567 1386 4620 catholica
1421 4576 1469 4620 et
1498 4564 1786 4617 orthodoxa
1825 4566 1905 4616 via
1936 4566 2023 4617 de-

449 4667 613 4719 viare.
640 4662 870 4719 Additus
896 4669 980 4716 est
1009 4659 1175 4713 index
1203 4657 1416 4712 caneris
1443 4656 1693 4709 omnibus
1712 4663 1767 4709 et
1789 4655 2023 4722 locuple-

449 4755 556 4809 tior
583 4762 638 4809 et
664 4750 952 4821 cepiosior.
983 4748 1132 4803 Nunc
1160 4761 1352 4802 recens
1375 4747 1692 4811 impressus,
1717 4745 2020 4813 recognitus

449 4855 505 4901 et
530 4843 867 4900 emendatus.
895 4839 1138 4895 Venetiis
1165 4836 1476 4892 M.D.LXX.
1511 4836 1719 4906 (1570).

523 4937 711 4989 Tantus
747 4933 1031 4999 secundus,
1070 4930 1435 4998 complectens
1474 4926 1617 4981 illius
1654 4925 1912 4995 epistolas
1950 4925 2016 4979 ad

446 5028 650 5084 amicos
670 5023 1013 5081 transmissas
1036 5039 1050 5077 :
1074 5036 1197 5077 cum
1226 5020 1499 5074 nonnullis
1526 5018 1804 5086 reSpousis
1832 5031 2018 5072 eorum

448 5119 514 5173 ad
544 5120 741 5187 ipsum.
786 5114 855 5168 In
878 5130 1001 5183 quo,
1033 5119 1141 5167 etc.
1161 5154 1176 5179 ,
1208 5110 1351 5180 quod
1385 5116 1569 5178 postea
1600 5108 1653 5161 in
1683 5106 2017 5176 singulorum

447 5206 618 5262 titulis
636 5205 922 5275 reperitur.
948 5202 1417 5258 Nomenclaturam
1440 5214 1649 5265 eorum,
1670 5197 1736 5251 ad
1757 5211 1895 5266 quos
1910 5199 2018 5250 Au-

447 5298 692 5368 gustinus
721 5297 929 5350 litteras
954 5295 1138 5361 dedit,
1177 5293 1243 5348 ad
1273 5292 1473 5349 calcem
1504 5290 1664 5360 hujus
1700 5290 1833 5344 tomi
1863 5289 2018 5344 facile

449 5390 713 5459 reperies.
745 5388 917 5455 Nunc,
950 5398 1056 5442 etc.

448 5525 761 5652 ﬂagtg‘g‘i‘illi.
792 5525 1060 5593 curieuse,
1090 5524 1390 5590 bistorique
1423 5534 1478 5580 et
1503 5527 1731 5597 critique
1756 5526 1819 5582 T.
1856 5526 1925 5593 ll,
1955 5542 2007 5596 p.

520 5611 777 5733 ifilli.
801 5666 970 5722 Berol.
1008 5667 1165 5732 ms,
1196 5665 1351 5733 in—8,
1384 5681 1433 5736 p.
1469 5667 1594 5721 785.

1320 5843 1346 5861 κ

2127 4591 2327 4645 certior
2358 4590 2531 4647 ﬁeret.
2568 4590 2759 4644 Incidit
2797 4600 2971 4643 tamen
3011 4591 3061 4643 itt
3109 4592 3318 4656 oculos,
3351 4592 3474 4643 dum
3510 4593 3561 4643 in
3597 4592 3701 4643 hoc.

2127 4690 2343 4758 negotio
2388 4697 2681 4757 occupatus
2718 4698 2870 4755 erat,
2916 4688 3177 4742 Dominici
3208 4689 3438 4743 Nicolioi
3467 4689 3700 4756 epistola

2125 4789 2475 4857 dedicatoria,
2511 4790 2736 4843 fortasse
2763 4790 2923 4843 etiam
2955 4792 3083 4844 tomi
3115 4792 3241 4844 noni
3272 4801 3325 4844 et
3351 4791 3547 4844 decimi
3571 4792 3701 4844 sub-

2125 4889 2366 4957 scriptio,
2394 4897 2448 4942 et
2486 4902 2607 4941 cum
2634 4897 2889 4957 praeterea
2921 4888 3054 4942 duos
3094 4904 3123 4942 a
3160 4888 3411 4943 Fabricio
3455 4892 3509 4943 in
3553 4892 3700 4944 illius

2129 4990 2640 5046 commemoratione
2662 5004 2877 5043 errores
2904 4989 3170 5043 admissos
3198 4990 3698 5052 animadvertisset,

2122 5092 2192 5147 de
2219 5092 2401 5155 tertio,
2426 5098 2574 5159 puto,
2598 5105 2704 5144 non
2734 5092 2962 5159 amplius
2986 5092 3338 5147 dubitandum
3369 5096 3473 5149 sibi
3500 5096 3694 5149 existi-

2125 5190 2310 5246 mavit.
2353 5188 2518 5242 Forte
2544 5187 2648 5254 his,
2675 5205 2701 5241 a
2733 5204 2817 5244 me
2839 5190 3141 5258 disputatis,
3175 5191 3388 5247 facilius
3418 5194 3699 5259 credetur,

2122 5292 2168 5345 si
2199 5290 2315 5359 ipsa
2339 5329 2355 5352 ,
2388 5288 2581 5357 quibus
2620 5288 2927 5343 Fabricium
2970 5298 3158 5355 taxat,
3189 5292 3353 5345 verba
3395 5292 3699 5356 adduxere,

2120 5402 2279 5458 quam
2311 5386 2381 5441 ob
2410 5400 2522 5440 rem
2553 5386 2641 5440 hic
2667 5386 2999 5455 subjicienda
3027 5390 3336 5443 curavimus
3370 5389 3467 5459 (ι’).

2192 5525 2262 5594 (c)
2294 5524 2362 5578 Μ.
2397 5523 2679 5594 Fabricius
2712 5526 2837 5578 s‘est
2869 5525 3074 5594 trontpé
3097 5566 3110 5587 ,
3149 5527 3327 5593 quand
3354 5528 3436 5580 ila
3463 5529 3540 5581 tlit
3564 5530 3701 5583 dans

2120 5609 2179 5668 sa
2203 5591 2525 5668 Bibliotheca
2556 5592 2741 5656 latina,
2769 5594 2829 5648 Τ.
2858 5591 2944 5656 lii,
2980 5591 3035 5668 pi.
3063 5591 3512 5668 δίζεᾼιιαιιειὶηί
3541 5617 3699 5668 opera

2121 5666 2289 5720 decem
2317 5665 2485 5733 tomis,
2516 5668 2785 5731 iit-quarto
2814 5663 3195 5733 comprehensa,
3221 5665 3509 5730 Valgrisius
3539 5663 3696 5722 eira-
