  <div class='ocr_page' id='page_1' title='image "/cluster/home/n/w/nwhite01/storage/ocr_20150623/47/hvd.32044015471527/044.png"; bbox 0 0 4010 6350; ppageno 0'>
   <div class='ocr_carea' id='block_1_1' title="bbox 269 322 3507 399">
    <p class='ocr_par' dir='ltr' id='par_1_1' title="bbox 269 322 3507 399">
     <span class='ocr_line' id='line_1_1' title="bbox 269 322 3507 399; baseline -0.003 -11"><span class='ocrx_word' id='word_1_1' title='bbox 269 342 330 399; x_wconf 84' lang='grc' dir='ltr'>Π</span> <span class='ocrx_word' id='word_1_2' title='bbox 1156 328 1433 385; x_wconf 83' lang='lat' dir='ltr'><strong>NOTITIA</strong></span> <span class='ocrx_word' id='word_1_3' title='bbox 1475 324 1893 383; x_wconf 76' lang='lat' dir='ltr'><strong>LITTERARIA</strong></span> <span class='ocrx_word' id='word_1_4' title='bbox 1933 322 1999 379; x_wconf 73' lang='lat' dir='ltr'>IN</span> <span class='ocrx_word' id='word_1_5' title='bbox 2039 324 2096 377; x_wconf 90' lang='lat' dir='ltr'><strong>S.</strong></span> <span class='ocrx_word' id='word_1_6' title='bbox 2138 322 2601 379; x_wconf 74' lang='lat' dir='ltr'><strong>AUGUSTINUM.</strong></span> <span class='ocrx_word' id='word_1_7' title='bbox 3437 322 3507 379; x_wconf 81' lang='lat'><strong>78</strong></span> 
     </span>
    </p>
   </div>
   <div class='ocr_carea' id='block_1_2' title="bbox 325 434 3506 519">
    <p class='ocr_par' dir='ltr' id='par_1_2' title="bbox 325 434 3506 519">
     <span class='ocr_line' id='line_1_2' title="bbox 325 434 3506 519; baseline -0.005 -11"><span class='ocrx_word' id='word_1_8' title='bbox 325 457 435 512; x_wconf 74' lang='lat' dir='ltr'><strong>lam</strong></span> <span class='ocrx_word' id='word_1_9' title='bbox 460 452 541 506; x_wconf 90' lang='lat' dir='ltr'><strong>his</strong></span> <span class='ocrx_word' id='word_1_10' title='bbox 566 459 789 506; x_wconf 81' lang='lat' dir='ltr'><strong>remotis</strong></span> <span class='ocrx_word' id='word_1_11' title='bbox 821 446 1201 519; x_wconf 82' lang='lat' dir='ltr'><strong>progredimur</strong></span> <span class='ocrx_word' id='word_1_12' title='bbox 1238 445 1303 499; x_wconf 91' lang='lat' dir='ltr'><strong>ad</strong></span> <span class='ocrx_word' id='word_1_13' title='bbox 1338 444 1420 512; x_wconf 89' lang='lat' dir='ltr'><strong>id,</strong></span> <span class='ocrx_word' id='word_1_14' title='bbox 1453 442 1594 513; x_wconf 86' lang='lat' dir='ltr'><strong>quod</strong></span> <span class='ocrx_word' id='word_1_15' title='bbox 1634 440 1823 496; x_wconf 88' lang='lat' dir='ltr'><strong>melio-</strong></span> <span class='ocrx_word' id='word_1_16' title='bbox 1852 444 1899 499; x_wconf 83' lang='grc' dir='ltr'>Λ</span> <span class='ocrx_word' id='word_1_17' title='bbox 1928 437 2223 493; x_wconf 86' lang='lat' dir='ltr'><strong>fendendas</strong></span> <span class='ocrx_word' id='word_1_18' title='bbox 2249 438 2466 493; x_wconf 85' lang='lat' dir='ltr'><strong>allatam</strong></span> <span class='ocrx_word' id='word_1_19' title='bbox 2497 452 2619 494; x_wconf 90' lang='lat' dir='ltr'><strong>esse</strong></span> <span class='ocrx_word' id='word_1_20' title='bbox 2651 436 2923 503; x_wconf 82' lang='lat' dir='ltr'><strong>novimus,</strong></span> <span class='ocrx_word' id='word_1_21' title='bbox 2953 435 3081 506; x_wconf 91' lang='lat' dir='ltr'><strong>quin</strong></span> <span class='ocrx_word' id='word_1_22' title='bbox 3118 434 3298 506; x_wconf 78' lang='lat' dir='ltr'><strong>potius</strong></span> <span class='ocrx_word' id='word_1_23' title='bbox 3322 437 3506 491; x_wconf 91' lang='lat' dir='ltr'><strong>omnia</strong></span> 
     </span>
    </p>
   </div>
   <div class='ocr_carea' id='block_1_3' title="bbox 264 533 1817 612">
    <p class='ocr_par' dir='ltr' id='par_1_3' title="bbox 264 533 1817 612">
     <span class='ocr_line' id='line_1_3' title="bbox 264 533 1817 612; baseline -0.012 -9"><span class='ocrx_word' id='word_1_24' title='bbox 264 564 364 603; x_wconf 80' lang='lat' dir='ltr'><strong>rctn</strong></span> <span class='ocrx_word' id='word_1_25' title='bbox 406 554 491 597; x_wconf 86' lang='lat' dir='ltr'><strong>aut</strong></span> <span class='ocrx_word' id='word_1_26' title='bbox 526 546 705 612; x_wconf 90' lang='lat' dir='ltr'><strong>potius</strong></span> <span class='ocrx_word' id='word_1_27' title='bbox 752 542 1011 595; x_wconf 80' lang='lat' dir='ltr'><strong>famosam</strong></span> <span class='ocrx_word' id='word_1_28' title='bbox 1054 537 1193 593; x_wconf 89' lang='lat' dir='ltr'><strong>hanc</strong></span> <span class='ocrx_word' id='word_1_29' title='bbox 1232 536 1524 591; x_wconf 89' lang='lat' dir='ltr'><strong>editionem</strong></span> <span class='ocrx_word' id='word_1_30' title='bbox 1566 533 1817 589; x_wconf 87' lang='lat' dir='ltr'><strong>reddidit.</strong></span> 
     </span>
    </p>
   </div>
   <div class='ocr_carea' id='block_1_4' title="bbox 266 627 1821 701">
    <p class='ocr_par' dir='ltr' id='par_1_4' title="bbox 266 627 1821 701">
     <span class='ocr_line' id='line_1_4' title="bbox 266 627 1821 701; baseline -0.013 -7"><span class='ocrx_word' id='word_1_31' title='bbox 266 640 507 695; x_wconf 75' lang='lat' dir='ltr'><strong>Nimirum</strong></span> <span class='ocrx_word' id='word_1_32' title='bbox 539 650 724 689; x_wconf 90' lang='lat' dir='ltr'><strong>curam</strong></span> <span class='ocrx_word' id='word_1_33' title='bbox 759 633 902 687; x_wconf 91' lang='lat' dir='ltr'><strong>illius</strong></span> <span class='ocrx_word' id='word_1_34' title='bbox 933 632 1096 701; x_wconf 88' lang='lat' dir='ltr'><strong>gessit</strong></span> <span class='ocrx_word' id='word_1_35' title='bbox 1120 672 1135 691; x_wconf 88' lang='lat'><strong>,</strong></span> <span class='ocrx_word' id='word_1_36' title='bbox 1167 646 1261 684; x_wconf 90' lang='lat' dir='ltr'><strong>seu</strong></span> <span class='ocrx_word' id='word_1_37' title='bbox 1291 628 1431 697; x_wconf 91' lang='lat' dir='ltr'><strong>quod</strong></span> <span class='ocrx_word' id='word_1_38' title='bbox 1460 627 1683 681; x_wconf 87' lang='lat' dir='ltr'><strong>credere</strong></span> <span class='ocrx_word' id='word_1_39' title='bbox 1711 640 1821 678; x_wconf 84' lang='lat' dir='ltr'><strong>ma-</strong></span> 
     </span>
    </p>
   </div>
   <div class='ocr_carea' id='block_1_5' title="bbox 263 716 1823 795">
    <p class='ocr_par' dir='ltr' id='par_1_5' title="bbox 263 716 1823 795">
     <span class='ocr_line' id='line_1_5' title="bbox 263 716 1823 795; baseline -0.01 -12"><span class='ocrx_word' id='word_1_40' title='bbox 263 735 366 795; x_wconf 89' lang='lat' dir='ltr'><strong>lim,</strong></span> <span class='ocrx_word' id='word_1_41' title='bbox 398 727 479 782; x_wconf 80' lang='lat' dir='ltr'><strong>vel</strong></span> <span class='ocrx_word' id='word_1_42' title='bbox 518 726 637 779; x_wconf 90' lang='lat' dir='ltr'><strong>aliis</strong></span> <span class='ocrx_word' id='word_1_43' title='bbox 663 724 970 792; x_wconf 89' lang='lat' dir='ltr'><strong>bibliopolis</strong></span> <span class='ocrx_word' id='word_1_44' title='bbox 999 721 1051 775; x_wconf 91' lang='lat' dir='ltr'><strong>in</strong></span> <span class='ocrx_word' id='word_1_45' title='bbox 1077 722 1390 775; x_wconf 89' lang='lat' dir='ltr'><strong>societatem</strong></span> <span class='ocrx_word' id='word_1_46' title='bbox 1414 716 1704 785; x_wconf 79' lang='lat' dir='ltr'><strong>assumptis</strong></span> <span class='ocrx_word' id='word_1_47' title='bbox 1730 730 1823 783; x_wconf 92' lang='lat' dir='ltr'><strong>pa-</strong></span> 
     </span>
    </p>
   </div>
   <div class='ocr_carea' id='block_1_6' title="bbox 260 807 1823 881">
    <p class='ocr_par' dir='ltr' id='par_1_6' title="bbox 260 807 1823 881">
     <span class='ocr_line' id='line_1_6' title="bbox 260 807 1823 881; baseline -0.008 -8"><span class='ocrx_word' id='word_1_48' title='bbox 260 836 367 873; x_wconf 85' lang='lat' dir='ltr'><strong>rare</strong></span> <span class='ocrx_word' id='word_1_49' title='bbox 388 832 503 873; x_wconf 90' lang='lat' dir='ltr'><strong>eam</strong></span> <span class='ocrx_word' id='word_1_50' title='bbox 535 816 788 881; x_wconf 75' lang='lat' dir='ltr'><strong>insumit,</strong></span> <span class='ocrx_word' id='word_1_51' title='bbox 816 814 901 868; x_wconf 82' lang='lat' dir='ltr'><strong>vel</strong></span> <span class='ocrx_word' id='word_1_52' title='bbox 927 814 993 866; x_wconf 91' lang='lat' dir='ltr'><strong>ab</strong></span> <span class='ocrx_word' id='word_1_53' title='bbox 1015 812 1138 866; x_wconf 88' lang='lat' dir='ltr'><strong>aliis</strong></span> <span class='ocrx_word' id='word_1_54' title='bbox 1162 812 1447 881; x_wconf 74' lang='lat' dir='ltr'><strong>inemptam</strong></span> <span class='ocrx_word' id='word_1_55' title='bbox 1465 809 1695 865; x_wconf 82' lang='lat' dir='ltr'><strong>redemit</strong></span> <span class='ocrx_word' id='word_1_56' title='bbox 1720 807 1823 861; x_wconf 90' lang='lat' dir='ltr'><strong>Do-</strong></span> 
     </span>
    </p>
   </div>
   <div class='ocr_carea' id='block_1_7' title="bbox 261 896 1821 972">
    <p class='ocr_par' dir='ltr' id='par_1_7' title="bbox 261 896 1821 972">
     <span class='ocr_line' id='line_1_7' title="bbox 261 896 1821 972; baseline -0.009 -8"><span class='ocrx_word' id='word_1_57' title='bbox 261 910 485 965; x_wconf 89' lang='lat' dir='ltr'><strong>minicus</strong></span> <span class='ocrx_word' id='word_1_58' title='bbox 514 906 792 961; x_wconf 88' lang='lat' dir='ltr'><strong>Nicoliuus</strong></span> <span class='ocrx_word' id='word_1_59' title='bbox 824 903 1142 972; x_wconf 83' lang='lat' dir='ltr'><strong>bibliopola,</strong></span> <span class='ocrx_word' id='word_1_60' title='bbox 1171 912 1226 956; x_wconf 91' lang='lat' dir='ltr'><strong>et</strong></span> <span class='ocrx_word' id='word_1_61' title='bbox 1253 898 1617 971; x_wconf 86' lang='lat' dir='ltr'><strong>typographus</strong></span> <span class='ocrx_word' id='word_1_62' title='bbox 1643 896 1821 952; x_wconf 79' lang='lat' dir='ltr'><strong>Vene-</strong></span> 
     </span>
    </p>
   </div>
   <div class='ocr_carea' id='block_1_8' title="bbox 259 988 1821 1069">
    <p class='ocr_par' dir='ltr' id='par_1_8' title="bbox 259 988 1821 1069">
     <span class='ocr_line' id='line_1_8' title="bbox 259 988 1821 1069; baseline -0.01 -14"><span class='ocrx_word' id='word_1_63' title='bbox 259 1013 351 1065; x_wconf 89' lang='lat' dir='ltr'><strong>tus,</strong></span> <span class='ocrx_word' id='word_1_64' title='bbox 393 1000 551 1069; x_wconf 83' lang='lat' dir='ltr'><strong>cujus</strong></span> <span class='ocrx_word' id='word_1_65' title='bbox 599 1010 783 1066; x_wconf 89' lang='lat' dir='ltr'><strong>aperta</strong></span> <span class='ocrx_word' id='word_1_66' title='bbox 829 998 883 1049; x_wconf 90' lang='lat' dir='ltr'><strong>in</strong></span> <span class='ocrx_word' id='word_1_67' title='bbox 928 996 1041 1063; x_wconf 89' lang='lat' dir='ltr'><strong>ipsa</strong></span> <span class='ocrx_word' id='word_1_68' title='bbox 1092 992 1271 1047; x_wconf 87' lang='lat' dir='ltr'><strong>fronte</strong></span> <span class='ocrx_word' id='word_1_69' title='bbox 1311 991 1489 1061; x_wconf 87' lang='lat' dir='ltr'><strong>operis</strong></span> <span class='ocrx_word' id='word_1_70' title='bbox 1527 988 1821 1055; x_wconf 77' lang='lat' dir='ltr'><strong>confessio,</strong></span> 
     </span>
    </p>
   </div>
   <div class='ocr_carea' id='block_1_9' title="bbox 257 1079 1824 1161">
    <p class='ocr_par' dir='ltr' id='par_1_9' title="bbox 257 1079 1824 1161">
     <span class='ocr_line' id='line_1_9' title="bbox 257 1079 1824 1161; baseline -0.01 -17"><span class='ocrx_word' id='word_1_71' title='bbox 257 1093 379 1161; x_wconf 69' lang='lat' dir='ltr'><strong>quod</strong></span> <span class='ocrx_word' id='word_1_72' title='bbox 404 1107 468 1143; x_wconf 86' lang='lat' dir='ltr'><strong>ea</strong></span> <span class='ocrx_word' id='word_1_73' title='bbox 497 1090 669 1143; x_wconf 82' lang='lat' dir='ltr'><strong>omnia</strong></span> <span class='ocrx_word' id='word_1_74' title='bbox 696 1086 942 1140; x_wconf 79' lang='lat' dir='ltr'><strong>removeri</strong></span> <span class='ocrx_word' id='word_1_75' title='bbox 967 1092 1256 1141; x_wconf 81' lang='lat' dir='ltr'><strong>curaverat.</strong></span> <span class='ocrx_word' id='word_1_76' title='bbox 1288 1097 1402 1151; x_wconf 79' lang='lat' dir='ltr'><strong>qua:</strong></span> <span class='ocrx_word' id='word_1_77' title='bbox 1427 1079 1657 1150; x_wconf 90' lang='lat' dir='ltr'><strong>ﬁdelium</strong></span> <span class='ocrx_word' id='word_1_78' title='bbox 1682 1094 1824 1130; x_wconf 87' lang='lat' dir='ltr'><strong>men-</strong></span> 
     </span>
    </p>
   </div>
   <div class='ocr_carea' id='block_1_10' title="bbox 258 1169 1826 1249">
    <p class='ocr_par' dir='ltr' id='par_1_10' title="bbox 258 1169 1826 1249">
     <span class='ocr_line' id='line_1_10' title="bbox 258 1169 1826 1249; baseline -0.01 -14"><span class='ocrx_word' id='word_1_79' title='bbox 258 1195 321 1235; x_wconf 82' lang='lat' dir='ltr'><strong>tes</strong></span> <span class='ocrx_word' id='word_1_80' title='bbox 343 1182 579 1234; x_wconf 76' lang='lat' dir='ltr'><strong>hieretica</strong></span> <span class='ocrx_word' id='word_1_81' title='bbox 607 1179 863 1249; x_wconf 85' lang='lat' dir='ltr'><strong>pravitate</strong></span> <span class='ocrx_word' id='word_1_82' title='bbox 885 1183 1090 1247; x_wconf 78' lang='lat' dir='ltr'><strong>possent</strong></span> <span class='ocrx_word' id='word_1_83' title='bbox 1118 1174 1345 1241; x_wconf 83' lang='lat' dir='ltr'><strong>inﬁcere,</strong></span> <span class='ocrx_word' id='word_1_84' title='bbox 1373 1182 1462 1225; x_wconf 88' lang='lat' dir='ltr'><strong>aut</strong></span> <span class='ocrx_word' id='word_1_85' title='bbox 1501 1188 1531 1222; x_wconf 90' lang='lat' dir='ltr'><strong>a</strong></span> <span class='ocrx_word' id='word_1_86' title='bbox 1570 1169 1826 1223; x_wconf 83' lang='lat' dir='ltr'><strong>catholica</strong></span> 
     </span>
    </p>
   </div>
   <div class='ocr_carea' id='block_1_11' title="bbox 255 1260 1827 1339">
    <p class='ocr_par' dir='ltr' id='par_1_11' title="bbox 255 1260 1827 1339">
     <span class='ocr_line' id='line_1_11' title="bbox 255 1260 1827 1339; baseline -0.009 -13"><span class='ocrx_word' id='word_1_87' title='bbox 255 1285 297 1326; x_wconf 81' lang='lat' dir='ltr'><strong>et</strong></span> <span class='ocrx_word' id='word_1_88' title='bbox 310 1273 593 1326; x_wconf 74' lang='lat' dir='ltr'><strong>orthodoxa</strong></span> <span class='ocrx_word' id='word_1_89' title='bbox 608 1272 711 1339; x_wconf 89' lang='lat' dir='ltr'><strong>ﬁde</strong></span> <span class='ocrx_word' id='word_1_90' title='bbox 729 1270 955 1332; x_wconf 74' lang='lat' dir='ltr'><strong>deviare,</strong></span> <span class='ocrx_word' id='word_1_91' title='bbox 975 1265 1114 1319; x_wconf 84' lang='lat' dir='ltr'><strong>haud</strong></span> <span class='ocrx_word' id='word_1_92' title='bbox 1138 1265 1365 1332; x_wconf 86' lang='lat' dir='ltr'><strong>benigna</strong></span> <span class='ocrx_word' id='word_1_93' title='bbox 1387 1265 1525 1316; x_wconf 89' lang='lat' dir='ltr'><strong>inter</strong></span> <span class='ocrx_word' id='word_1_94' title='bbox 1544 1260 1827 1315; x_wconf 83' lang='lat' dir='ltr'><strong>lteterodo—</strong></span> 
     </span>
    </p>
   </div>
   <div class='ocr_carea' id='block_1_12' title="bbox 258 1354 1824 1432">
    <p class='ocr_par' dir='ltr' id='par_1_12' title="bbox 258 1354 1824 1432">
     <span class='ocr_line' id='line_1_12' title="bbox 258 1354 1824 1432; baseline -0.011 -12"><span class='ocrx_word' id='word_1_95' title='bbox 258 1381 350 1420; x_wconf 69' lang='lat' dir='ltr'><strong>sos</strong></span> <span class='ocrx_word' id='word_1_96' title='bbox 370 1374 455 1419; x_wconf 87' lang='lat' dir='ltr'><strong>est</strong></span> <span class='ocrx_word' id='word_1_97' title='bbox 484 1372 711 1432; x_wconf 77' lang='lat' dir='ltr'><strong>experta</strong></span> <span class='ocrx_word' id='word_1_98' title='bbox 745 1360 973 1431; x_wconf 87' lang='lat' dir='ltr'><strong>judicia.</strong></span> <span class='ocrx_word' id='word_1_99' title='bbox 1020 1357 1418 1412; x_wconf 71' lang='lat' dir='ltr'><strong>Perstrixcrunt</strong></span> <span class='ocrx_word' id='word_1_100' title='bbox 1446 1369 1563 1408; x_wconf 89' lang='lat' dir='ltr'><strong>eam</strong></span> <span class='ocrx_word' id='word_1_101' title='bbox 1596 1354 1697 1406; x_wconf 91' lang='lat' dir='ltr'><strong>hoc</strong></span> <span class='ocrx_word' id='word_1_102' title='bbox 1724 1366 1824 1405; x_wconf 88' lang='lat' dir='ltr'><strong>no-</strong></span> 
     </span>
    </p>
   </div>
   <div class='ocr_carea' id='block_1_13' title="bbox 257 1442 1825 1521">
    <p class='ocr_par' dir='ltr' id='par_1_13' title="bbox 257 1442 1825 1521">
     <span class='ocr_line' id='line_1_13' title="bbox 257 1442 1825 1521; baseline -0.012 -10"><span class='ocrx_word' id='word_1_103' title='bbox 257 1459 391 1511; x_wconf 88' lang='lat' dir='ltr'><strong>mine</strong></span> <span class='ocrx_word' id='word_1_104' title='bbox 424 1456 623 1509; x_wconf 68' lang='lat' dir='ltr'><strong>Caseus</strong></span> <span class='ocrx_word' id='word_1_105' title='bbox 665 1457 717 1507; x_wconf 91' lang='lat' dir='ltr'><strong>in</strong></span> <span class='ocrx_word' id='word_1_106' title='bbox 756 1451 1054 1521; x_wconf 84' lang='lat' dir='ltr'><strong>Prolegom.</strong></span> <span class='ocrx_word' id='word_1_107' title='bbox 1094 1448 1159 1501; x_wconf 90' lang='lat' dir='ltr'><strong>ad</strong></span> <span class='ocrx_word' id='word_1_108' title='bbox 1194 1446 1333 1501; x_wconf 78' lang='lat' dir='ltr'><strong>&quot;ist.</strong></span> <span class='ocrx_word' id='word_1_109' title='bbox 1362 1447 1463 1499; x_wconf 83' lang='lat' dir='ltr'><strong>litt.</strong></span> <span class='ocrx_word' id='word_1_110' title='bbox 1494 1444 1687 1513; x_wconf 88' lang='lat' dir='ltr'><strong>Script.</strong></span> <span class='ocrx_word' id='word_1_111' title='bbox 1721 1442 1825 1495; x_wconf 82' lang='lat' dir='ltr'><strong>Ec-</strong></span> 
     </span>
    </p>
   </div>
   <div class='ocr_carea' id='block_1_14' title="bbox 254 1540 1829 1617">
    <p class='ocr_par' dir='ltr' id='par_1_14' title="bbox 254 1540 1829 1617">
     <span class='ocr_line' id='line_1_14' title="bbox 254 1540 1829 1617; baseline -0.009 -11"><span class='ocrx_word' id='word_1_112' title='bbox 254 1556 363 1606; x_wconf 82' lang='lat' dir='ltr'><strong>cles.</strong></span> <span class='ocrx_word' id='word_1_113' title='bbox 389 1563 518 1606; x_wconf 88' lang='lat' dir='ltr'><strong>sect.</strong></span> <span class='ocrx_word' id='word_1_114' title='bbox 543 1567 641 1617; x_wconf 86' lang='lat' dir='ltr'><strong>vn,</strong></span> <span class='ocrx_word' id='word_1_115' title='bbox 671 1559 725 1617; x_wconf 87' lang='lat' dir='ltr'><strong>et</strong></span> <span class='ocrx_word' id='word_1_116' title='bbox 749 1548 840 1604; x_wconf 83' lang='lat' dir='ltr'><strong>Jo.</strong></span> <span class='ocrx_word' id='word_1_117' title='bbox 863 1548 1091 1601; x_wconf 80' lang='lat' dir='ltr'><strong>Clericus</strong></span> <span class='ocrx_word' id='word_1_118' title='bbox 1121 1547 1171 1597; x_wconf 91' lang='lat' dir='ltr'><strong>iu</strong></span> <span class='ocrx_word' id='word_1_119' title='bbox 1204 1543 1526 1613; x_wconf 73' lang='lat' dir='ltr'><strong>Prwfatione</strong></span> <span class='ocrx_word' id='word_1_120' title='bbox 1552 1542 1690 1594; x_wconf 82' lang='lat' dir='ltr'><strong>Artis</strong></span> <span class='ocrx_word' id='word_1_121' title='bbox 1716 1540 1829 1593; x_wconf 82' lang='lat' dir='ltr'><strong>Cri-</strong></span> 
     </span>
    </p>
   </div>
   <div class='ocr_carea' id='block_1_15' title="bbox 256 1631 1825 1711">
    <p class='ocr_par' dir='ltr' id='par_1_15' title="bbox 256 1631 1825 1711">
     <span class='ocr_line' id='line_1_15' title="bbox 256 1631 1825 1711; baseline -0.008 -15"><span class='ocrx_word' id='word_1_122' title='bbox 256 1646 355 1697; x_wconf 77' lang='lat' dir='ltr'><strong>tiae</strong></span> <span class='ocrx_word' id='word_1_123' title='bbox 379 1650 519 1699; x_wconf 85' lang='lat' dir='ltr'><strong>sect.</strong></span> <span class='ocrx_word' id='word_1_124' title='bbox 555 1658 613 1695; x_wconf 85' lang='lat' dir='ltr'><strong>Ill</strong></span> <span class='ocrx_word' id='word_1_125' title='bbox 638 1682 653 1705; x_wconf 90' lang='lat'><strong>,</strong></span> <span class='ocrx_word' id='word_1_126' title='bbox 687 1640 715 1711; x_wconf 83' lang='lat'><strong>§</strong></span> <span class='ocrx_word' id='word_1_127' title='bbox 746 1642 778 1696; x_wconf 90' lang='lat'><strong>9</strong></span> <span class='ocrx_word' id='word_1_128' title='bbox 808 1639 916 1709; x_wconf 88' lang='lat' dir='ltr'><strong>(a);</strong></span> <span class='ocrx_word' id='word_1_129' title='bbox 946 1649 1108 1707; x_wconf 88' lang='lat' dir='ltr'><strong>atque</strong></span> <span class='ocrx_word' id='word_1_130' title='bbox 1137 1645 1261 1689; x_wconf 89' lang='lat' dir='ltr'><strong>ante</strong></span> <span class='ocrx_word' id='word_1_131' title='bbox 1286 1649 1382 1688; x_wconf 92' lang='lat' dir='ltr'><strong>eos</strong></span> <span class='ocrx_word' id='word_1_132' title='bbox 1413 1631 1825 1686; x_wconf 70' lang='lat' dir='ltr'><strong>vehementissi-</strong></span> 
     </span>
    </p>
   </div>
   <div class='ocr_carea' id='block_1_16' title="bbox 253 1722 1826 1789">
    <p class='ocr_par' dir='ltr' id='par_1_16' title="bbox 253 1722 1826 1789">
     <span class='ocr_line' id='line_1_16' title="bbox 253 1722 1826 1789; baseline -0.009 0"><span class='ocrx_word' id='word_1_133' title='bbox 253 1750 329 1789; x_wconf 88' lang='lat' dir='ltr'><strong>me</strong></span> <span class='ocrx_word' id='word_1_134' title='bbox 356 1735 403 1788; x_wconf 94' lang='lat' dir='ltr'><strong>in</strong></span> <span class='ocrx_word' id='word_1_135' title='bbox 430 1733 542 1787; x_wconf 86' lang='lat' dir='ltr'><strong>hoc</strong></span> <span class='ocrx_word' id='word_1_136' title='bbox 570 1747 765 1786; x_wconf 91' lang='lat' dir='ltr'><strong>ausum</strong></span> <span class='ocrx_word' id='word_1_137' title='bbox 809 1732 1052 1784; x_wconf 89' lang='lat' dir='ltr'><strong>invectus</strong></span> <span class='ocrx_word' id='word_1_138' title='bbox 1096 1736 1182 1782; x_wconf 88' lang='lat' dir='ltr'><strong>est</strong></span> <span class='ocrx_word' id='word_1_139' title='bbox 1215 1724 1407 1781; x_wconf 80' lang='lat' dir='ltr'><strong>Franc.</strong></span> <span class='ocrx_word' id='word_1_140' title='bbox 1440 1722 1741 1775; x_wconf 85' lang='lat' dir='ltr'><strong>Turretinus</strong></span> <span class='ocrx_word' id='word_1_141' title='bbox 1773 1722 1826 1775; x_wconf 92' lang='lat' dir='ltr'><strong>in</strong></span> 
     </span>
    </p>
   </div>
   <div class='ocr_carea' id='block_1_17' title="bbox 1929 525 3505 597">
    <p class='ocr_par' dir='ltr' id='par_1_17' title="bbox 1929 525 3505 597">
     <span class='ocr_line' id='line_1_17' title="bbox 1929 525 3505 597; baseline 0.001 -16"><span class='ocrx_word' id='word_1_142' title='bbox 1929 528 2032 582; x_wconf 82' lang='lat' dir='ltr'><strong>sibi</strong></span> <span class='ocrx_word' id='word_1_143' title='bbox 2064 528 2403 597; x_wconf 83' lang='lat' dir='ltr'><strong>permisisse,</strong></span> <span class='ocrx_word' id='word_1_144' title='bbox 2429 542 2528 583; x_wconf 90' lang='lat' dir='ltr'><strong>nec</strong></span> <span class='ocrx_word' id='word_1_145' title='bbox 2558 526 2725 582; x_wconf 76' lang='lat' dir='ltr'><strong>textui</strong></span> <span class='ocrx_word' id='word_1_146' title='bbox 2756 527 2868 581; x_wconf 91' lang='lat' dir='ltr'><strong>ullo</strong></span> <span class='ocrx_word' id='word_1_147' title='bbox 2893 526 3056 581; x_wconf 92' lang='lat' dir='ltr'><strong>modo</strong></span> <span class='ocrx_word' id='word_1_148' title='bbox 3079 525 3416 596; x_wconf 86' lang='lat' dir='ltr'><strong>pepercisse,</strong></span> <span class='ocrx_word' id='word_1_149' title='bbox 3450 529 3505 582; x_wconf 91' lang='lat' dir='ltr'><strong>in</strong></span> 
     </span>
    </p>
   </div>
   <div class='ocr_carea' id='block_1_18' title="bbox 1925 619 3509 689">
    <p class='ocr_par' dir='ltr' id='par_1_18' title="bbox 1925 619 3509 689">
     <span class='ocr_line' id='line_1_18' title="bbox 1925 619 3509 689; baseline 0.001 -17"><span class='ocrx_word' id='word_1_150' title='bbox 1925 619 2150 688; x_wconf 87' lang='lat' dir='ltr'><strong>epistola</strong></span> <span class='ocrx_word' id='word_1_151' title='bbox 2182 634 2313 687; x_wconf 92' lang='lat' dir='ltr'><strong>sua,</strong></span> <span class='ocrx_word' id='word_1_152' title='bbox 2362 619 2516 688; x_wconf 86' lang='lat' dir='ltr'><strong>cujus</strong></span> <span class='ocrx_word' id='word_1_153' title='bbox 2557 620 2769 673; x_wconf 91' lang='lat' dir='ltr'><strong>initium</strong></span> <span class='ocrx_word' id='word_1_154' title='bbox 2800 634 2866 673; x_wconf 81' lang='lat' dir='ltr'><strong>ex</strong></span> <span class='ocrx_word' id='word_1_155' title='bbox 2893 619 3195 674; x_wconf 83' lang='lat' dir='ltr'><strong>Clementio</strong></span> <span class='ocrx_word' id='word_1_156' title='bbox 3223 619 3312 675; x_wconf 88' lang='lat' dir='ltr'><strong>hic</strong></span> <span class='ocrx_word' id='word_1_157' title='bbox 3342 635 3509 689; x_wconf 80' lang='lat' dir='ltr'><strong>appo-</strong></span> 
     </span>
    </p>
   </div>
   <div class='ocr_carea' id='block_1_19' title="bbox 1925 712 3506 785">
    <p class='ocr_par' dir='ltr' id='par_1_19' title="bbox 1925 712 3506 785">
     <span class='ocr_line' id='line_1_19' title="bbox 1925 712 3506 785; baseline 0.001 -20"><span class='ocrx_word' id='word_1_158' title='bbox 1925 713 2123 776; x_wconf 92' lang='lat' dir='ltr'><strong>nimus,</strong></span> <span class='ocrx_word' id='word_1_159' title='bbox 2151 722 2338 779; x_wconf 89' lang='lat' dir='ltr'><strong>aperte</strong></span> <span class='ocrx_word' id='word_1_160' title='bbox 2362 712 2536 767; x_wconf 88' lang='lat' dir='ltr'><strong>fassus</strong></span> <span class='ocrx_word' id='word_1_161' title='bbox 2562 722 2676 767; x_wconf 88' lang='lat' dir='ltr'><strong>est:</strong></span> <span class='ocrx_word' id='word_1_162' title='bbox 2713 731 2731 763; x_wconf 68' lang='grc' dir='ltr'><strong>ί</strong></span> <span class='ocrx_word' id='word_1_163' title='bbox 2758 712 2892 767; x_wconf 87' lang='lat' dir='ltr'><strong>Cum</strong></span> <span class='ocrx_word' id='word_1_164' title='bbox 2922 713 3030 767; x_wconf 89' lang='lat' dir='ltr'><strong>divi</strong></span> <span class='ocrx_word' id='word_1_165' title='bbox 3062 713 3348 785; x_wconf 90' lang='lat' dir='ltr'><strong>Augustini</strong></span> <span class='ocrx_word' id='word_1_166' title='bbox 3370 714 3506 783; x_wconf 86' lang='lat' dir='ltr'><strong>Ope-</strong></span> 
     </span>
    </p>
   </div>
   <div class='ocr_carea' id='block_1_20' title="bbox 1924 801 3500 873">
    <p class='ocr_par' dir='ltr' id='par_1_20' title="bbox 1924 801 3500 873">
     <span class='ocr_line' id='line_1_20' title="bbox 1924 801 3500 873; baseline 0.001 -17"><span class='ocrx_word' id='word_1_167' title='bbox 1924 817 1983 857; x_wconf 87' lang='lat' dir='ltr'><strong>ra</strong></span> <span class='ocrx_word' id='word_1_168' title='bbox 2008 844 2022 868; x_wconf 93' lang='lat'><strong>,</strong></span> <span class='ocrx_word' id='word_1_169' title='bbox 2073 801 2285 871; x_wconf 89' lang='lat' dir='ltr'><strong>inquit,</strong></span> <span class='ocrx_word' id='word_1_170' title='bbox 2338 818 2444 857; x_wconf 93' lang='lat' dir='ltr'><strong>non</strong></span> <span class='ocrx_word' id='word_1_171' title='bbox 2477 804 2595 857; x_wconf 85' lang='lat' dir='ltr'><strong>sine</strong></span> <span class='ocrx_word' id='word_1_172' title='bbox 2640 818 2835 873; x_wconf 88' lang='lat' dir='ltr'><strong>magno</strong></span> <span class='ocrx_word' id='word_1_173' title='bbox 2868 804 3152 859; x_wconf 68' lang='lat' dir='ltr'><strong>catholica:</strong></span> <span class='ocrx_word' id='word_1_174' title='bbox 3180 804 3301 860; x_wconf 81' lang='lat' dir='ltr'><strong>fidei</strong></span> <span class='ocrx_word' id='word_1_175' title='bbox 3332 804 3500 860; x_wconf 86' lang='lat' dir='ltr'><strong>detri-</strong></span> 
     </span>
    </p>
   </div>
   <div class='ocr_carea' id='block_1_21' title="bbox 1926 893 3503 961">
    <p class='ocr_par' dir='ltr' id='par_1_21' title="bbox 1926 893 3503 961">
     <span class='ocr_line' id='line_1_21' title="bbox 1926 893 3503 961; baseline 0.003 -14"><span class='ocrx_word' id='word_1_176' title='bbox 1926 902 2109 947; x_wconf 88' lang='lat' dir='ltr'><strong>mento</strong></span> <span class='ocrx_word' id='word_1_177' title='bbox 2133 893 2477 948; x_wconf 84' lang='lat' dir='ltr'><strong>circumferri</strong></span> <span class='ocrx_word' id='word_1_178' title='bbox 2518 893 2800 961; x_wconf 89' lang='lat' dir='ltr'><strong>viderem,</strong></span> <span class='ocrx_word' id='word_1_179' title='bbox 2851 894 3232 951; x_wconf 69' lang='lat' dir='ltr'><strong>hteretieorum</strong></span> <span class='ocrx_word' id='word_1_180' title='bbox 3261 899 3503 951; x_wconf 87' lang='lat' dir='ltr'><strong>versutia</strong></span> 
     </span>
    </p>
   </div>
   <div class='ocr_carea' id='block_1_22' title="bbox 1926 985 3501 1057">
    <p class='ocr_par' dir='ltr' id='par_1_22' title="bbox 1926 985 3501 1057">
     <span class='ocr_line' id='line_1_22' title="bbox 1926 985 3501 1057; baseline 0 -17"><span class='ocrx_word' id='word_1_181' title='bbox 1926 985 2111 1040; x_wconf 88' lang='lat' dir='ltr'><strong>multis</strong></span> <span class='ocrx_word' id='word_1_182' title='bbox 2151 986 2203 1039; x_wconf 92' lang='lat' dir='ltr'><strong>in</strong></span> <span class='ocrx_word' id='word_1_183' title='bbox 2240 985 2377 1040; x_wconf 90' lang='lat' dir='ltr'><strong>locis</strong></span> <span class='ocrx_word' id='word_1_184' title='bbox 2420 986 2709 1054; x_wconf 82' lang='lat' dir='ltr'><strong>depravata</strong></span> <span class='ocrx_word' id='word_1_185' title='bbox 2734 1026 2750 1052; x_wconf 95' lang='lat'><strong>,</strong></span> <span class='ocrx_word' id='word_1_186' title='bbox 2797 1002 2975 1055; x_wconf 84' lang='lat' dir='ltr'><strong>operae</strong></span> <span class='ocrx_word' id='word_1_187' title='bbox 3014 988 3247 1057; x_wconf 90' lang='lat' dir='ltr'><strong>pretium</strong></span> <span class='ocrx_word' id='word_1_188' title='bbox 3283 1004 3371 1043; x_wconf 88' lang='lat' dir='ltr'><strong>me</strong></span> <span class='ocrx_word' id='word_1_189' title='bbox 3414 987 3501 1041; x_wconf 88' lang='lat' dir='ltr'><strong>fa-</strong></span> 
     </span>
    </p>
   </div>
   <div class='ocr_carea' id='block_1_23' title="bbox 1925 1077 3507 1151">
    <p class='ocr_par' dir='ltr' id='par_1_23' title="bbox 1925 1077 3507 1151">
     <span class='ocr_line' id='line_1_23' title="bbox 1925 1077 3507 1151; baseline 0.001 -19"><span class='ocrx_word' id='word_1_190' title='bbox 1925 1090 2140 1151; x_wconf 86' lang='lat' dir='ltr'><strong>cturum</strong></span> <span class='ocrx_word' id='word_1_191' title='bbox 2169 1077 2506 1141; x_wconf 75' lang='lat' dir='ltr'><strong>existimavi,</strong></span> <span class='ocrx_word' id='word_1_192' title='bbox 2534 1078 2580 1132; x_wconf 89' lang='lat' dir='ltr'><strong>si</strong></span> <span class='ocrx_word' id='word_1_193' title='bbox 2621 1092 2717 1145; x_wconf 90' lang='lat' dir='ltr'><strong>ea,</strong></span> <span class='ocrx_word' id='word_1_194' title='bbox 2750 1078 3049 1149; x_wconf 88' lang='lat' dir='ltr'><strong>integritati</strong></span> <span class='ocrx_word' id='word_1_195' title='bbox 3083 1095 3195 1135; x_wconf 67' lang='lat' dir='ltr'><strong>suae</strong></span> <span class='ocrx_word' id='word_1_196' title='bbox 3231 1081 3507 1147; x_wconf 82' lang='lat' dir='ltr'><strong>restituta,</strong></span> 
     </span>
    </p>
   </div>
   <div class='ocr_carea' id='block_1_24' title="bbox 1928 1169 3509 1241">
    <p class='ocr_par' dir='ltr' id='par_1_24' title="bbox 1928 1169 3509 1241">
     <span class='ocr_line' id='line_1_24' title="bbox 1928 1169 3509 1241; baseline 0.001 -17"><span class='ocrx_word' id='word_1_197' title='bbox 1928 1172 2032 1225; x_wconf 91' lang='lat' dir='ltr'><strong>hoc</strong></span> <span class='ocrx_word' id='word_1_198' title='bbox 2061 1179 2307 1241; x_wconf 91' lang='lat' dir='ltr'><strong>tempore</strong></span> <span class='ocrx_word' id='word_1_199' title='bbox 2351 1172 2740 1240; x_wconf 91' lang='lat' dir='ltr'><strong>imprimerem.</strong></span> <span class='ocrx_word' id='word_1_200' title='bbox 2782 1169 2841 1226; x_wconf 90' lang='lat' dir='ltr'><strong>Id</strong></span> <span class='ocrx_word' id='word_1_201' title='bbox 2864 1171 3039 1241; x_wconf 91' lang='lat' dir='ltr'><strong>quod,</strong></span> <span class='ocrx_word' id='word_1_202' title='bbox 3082 1180 3141 1225; x_wconf 89' lang='lat' dir='ltr'><strong>ut</strong></span> <span class='ocrx_word' id='word_1_203' title='bbox 3188 1171 3400 1227; x_wconf 90' lang='lat' dir='ltr'><strong>facilius</strong></span> <span class='ocrx_word' id='word_1_204' title='bbox 3428 1186 3509 1225; x_wconf 89' lang='lat' dir='ltr'><strong>as-</strong></span> 
     </span>
    </p>
   </div>
   <div class='ocr_carea' id='block_1_25' title="bbox 1927 1261 3509 1333">
    <p class='ocr_par' dir='ltr' id='par_1_25' title="bbox 1927 1261 3509 1333">
     <span class='ocr_line' id='line_1_25' title="bbox 1927 1261 3509 1333; baseline -0.001 -14"><span class='ocrx_word' id='word_1_205' title='bbox 1927 1278 2207 1332; x_wconf 88' lang='lat' dir='ltr'><strong>sequerer,</strong></span> <span class='ocrx_word' id='word_1_206' title='bbox 2261 1264 2445 1318; x_wconf 83' lang='lat' dir='ltr'><strong>curavi</strong></span> <span class='ocrx_word' id='word_1_207' title='bbox 2478 1261 2743 1332; x_wconf 89' lang='lat' dir='ltr'><strong>imprimis</strong></span> <span class='ocrx_word' id='word_1_208' title='bbox 2769 1301 2786 1328; x_wconf 89' lang='lat'><strong>,</strong></span> <span class='ocrx_word' id='word_1_209' title='bbox 2845 1272 2902 1316; x_wconf 94' lang='lat' dir='ltr'><strong>ut</strong></span> <span class='ocrx_word' id='word_1_210' title='bbox 2943 1277 2976 1316; x_wconf 88' lang='lat' dir='ltr'><strong>a</strong></span> <span class='ocrx_word' id='word_1_211' title='bbox 3019 1278 3191 1317; x_wconf 68' lang='lat' dir='ltr'><strong>sacrae</strong></span> <span class='ocrx_word' id='word_1_212' title='bbox 3220 1261 3509 1333; x_wconf 70' lang='lat' dir='ltr'><strong>theologia:</strong></span> 
     </span>
    </p>
   </div>
   <div class='ocr_carea' id='block_1_26' title="bbox 1924 1354 3587 1425">
    <p class='ocr_par' dir='ltr' id='par_1_26' title="bbox 1924 1354 3587 1425">
     <span class='ocr_line' id='line_1_26' title="bbox 1924 1354 3587 1425; baseline -0.001 -15"><span class='ocrx_word' id='word_1_213' title='bbox 1924 1356 2329 1425; x_wconf 88' lang='lat' dir='ltr'><strong>professoribus</strong></span> <span class='ocrx_word' id='word_1_214' title='bbox 2377 1363 2934 1425; x_wconf 89' lang='lat' dir='ltr'><strong>recognoscerentur,</strong></span> <span class='ocrx_word' id='word_1_215' title='bbox 2978 1362 3146 1424; x_wconf 91' lang='lat' dir='ltr'><strong>utque</strong></span> <span class='ocrx_word' id='word_1_216' title='bbox 3183 1370 3307 1409; x_wconf 85' lang='lat' dir='ltr'><strong>eum</strong></span> <span class='ocrx_word' id='word_1_217' title='bbox 3354 1365 3510 1410; x_wconf 81' lang='lat' dir='ltr'><strong>vetu-</strong></span> <span class='ocrx_word' id='word_1_218' title='bbox 3586 1354 3587 1359; x_wconf 65' lang='grc'><em>“</em></span> 
     </span>
    </p>
   </div>
   <div class='ocr_carea' id='block_1_27' title="bbox 1929 1443 3508 1515">
    <p class='ocr_par' dir='ltr' id='par_1_27' title="bbox 1929 1443 3508 1515">
     <span class='ocr_line' id='line_1_27' title="bbox 1929 1443 3508 1515; baseline -0.003 -13"><span class='ocrx_word' id='word_1_219' title='bbox 1929 1447 2187 1502; x_wconf 85' lang='lat' dir='ltr'><strong>stioribus</strong></span> <span class='ocrx_word' id='word_1_220' title='bbox 2213 1446 2489 1501; x_wconf 88' lang='lat' dir='ltr'><strong>codicibus</strong></span> <span class='ocrx_word' id='word_1_221' title='bbox 2516 1446 2712 1500; x_wconf 88' lang='lat' dir='ltr'><strong>collata</strong></span> <span class='ocrx_word' id='word_1_222' title='bbox 2738 1486 2753 1510; x_wconf 95' lang='lat'><strong>,</strong></span> <span class='ocrx_word' id='word_1_223' title='bbox 2787 1443 2855 1499; x_wconf 91' lang='lat' dir='ltr'><strong>ad</strong></span> <span class='ocrx_word' id='word_1_224' title='bbox 2884 1446 3175 1515; x_wconf 86' lang='lat' dir='ltr'><strong>genuinam</strong></span> <span class='ocrx_word' id='word_1_225' title='bbox 3208 1458 3398 1499; x_wconf 90' lang='lat' dir='ltr'><strong>eorum</strong></span> <span class='ocrx_word' id='word_1_226' title='bbox 3431 1445 3508 1498; x_wconf 91' lang='lat' dir='ltr'><strong>lc-</strong></span> 
     </span>
    </p>
   </div>
   <div class='ocr_carea' id='block_1_28' title="bbox 1927 1534 3510 1606">
    <p class='ocr_par' dir='ltr' id='par_1_28' title="bbox 1927 1534 3510 1606">
     <span class='ocr_line' id='line_1_28' title="bbox 1927 1534 3510 1606; baseline -0.003 -14"><span class='ocrx_word' id='word_1_227' title='bbox 1927 1538 2165 1592; x_wconf 90' lang='lat' dir='ltr'><strong>ctionem</strong></span> <span class='ocrx_word' id='word_1_228' title='bbox 2216 1536 2619 1606; x_wconf 88' lang='lat' dir='ltr'><strong>redigerentur.</strong></span> <span class='ocrx_word' id='word_1_229' title='bbox 2678 1535 2879 1591; x_wconf 82' lang='lat' dir='ltr'><strong>Curavi</strong></span> <span class='ocrx_word' id='word_1_230' title='bbox 2933 1545 3228 1605; x_wconf 70' lang='lat' dir='ltr'><strong>praeterea,</strong></span> <span class='ocrx_word' id='word_1_231' title='bbox 3270 1545 3327 1589; x_wconf 93' lang='lat' dir='ltr'><strong>ut</strong></span> <span class='ocrx_word' id='word_1_232' title='bbox 3369 1534 3510 1589; x_wconf 88' lang='lat' dir='ltr'><strong>inter</strong></span> 
     </span>
    </p>
   </div>
   <div class='ocr_carea' id='block_1_29' title="bbox 1930 1627 3514 1699">
    <p class='ocr_par' dir='ltr' id='par_1_29' title="bbox 1930 1627 3514 1699">
     <span class='ocr_line' id='line_1_29' title="bbox 1930 1627 3514 1699; baseline -0.003 -15"><span class='ocrx_word' id='word_1_233' title='bbox 1930 1629 2353 1699; x_wconf 90' lang='lat' dir='ltr'><strong>imprimendum</strong></span> <span class='ocrx_word' id='word_1_234' title='bbox 2395 1628 2683 1685; x_wconf 87' lang='lat' dir='ltr'><strong>accederet</strong></span> <span class='ocrx_word' id='word_1_235' title='bbox 2720 1643 2850 1683; x_wconf 81' lang='lat' dir='ltr'><strong>cura</strong></span> <span class='ocrx_word' id='word_1_236' title='bbox 2890 1643 2954 1682; x_wconf 91' lang='lat' dir='ltr'><strong>ac</strong></span> <span class='ocrx_word' id='word_1_237' title='bbox 2983 1628 3138 1683; x_wconf 85' lang='lat' dir='ltr'><strong>labor</strong></span> <span class='ocrx_word' id='word_1_238' title='bbox 3164 1627 3514 1682; x_wconf 81' lang='lat' dir='ltr'><strong>excellentis-</strong></span> 
     </span>
    </p>
   </div>
   <div class='ocr_carea' id='block_1_30' title="bbox 1930 1719 3513 1793">
    <p class='ocr_par' dir='ltr' id='par_1_30' title="bbox 1930 1719 3513 1793">
     <span class='ocr_line' id='line_1_30' title="bbox 1930 1719 3513 1793; baseline -0.003 -18"><span class='ocrx_word' id='word_1_239' title='bbox 1930 1722 2053 1776; x_wconf 92' lang='lat' dir='ltr'><strong>simi</strong></span> <span class='ocrx_word' id='word_1_240' title='bbox 2083 1722 2181 1776; x_wconf 91' lang='lat' dir='ltr'><strong>viri</strong></span> <span class='ocrx_word' id='word_1_241' title='bbox 2210 1720 2516 1793; x_wconf 88' lang='lat' dir='ltr'><strong>Borgarutii</strong></span> <span class='ocrx_word' id='word_1_242' title='bbox 2540 1737 2573 1773; x_wconf 92' lang='lat' dir='ltr'><strong>a</strong></span> <span class='ocrx_word' id='word_1_243' title='bbox 2600 1719 2930 1791; x_wconf 86' lang='lat' dir='ltr'><strong>Borgarutiis</strong></span> <span class='ocrx_word' id='word_1_244' title='bbox 2956 1761 2972 1786; x_wconf 96' lang='lat'><strong>,</strong></span> <span class='ocrx_word' id='word_1_245' title='bbox 3010 1727 3262 1789; x_wconf 84' lang='lat' dir='ltr'><strong>typorum</strong></span> <span class='ocrx_word' id='word_1_246' title='bbox 3290 1731 3513 1772; x_wconf 86' lang='lat' dir='ltr'><strong>accura-</strong></span> 
     </span>
    </p>
   </div>
   <div class='ocr_carea' id='block_1_31' title="bbox 255 1808 3511 1893">
    <p class='ocr_par' dir='ltr' id='par_1_31' title="bbox 255 1808 3511 1893">
     <span class='ocr_line' id='line_1_31' title="bbox 255 1808 3511 1893; baseline -0.005 -14"><span class='ocrx_word' id='word_1_247' title='bbox 255 1824 707 1893; x_wconf 83' lang='lat' dir='ltr'><strong>disputationibus</strong></span> <span class='ocrx_word' id='word_1_248' title='bbox 733 1822 796 1875; x_wconf 85' lang='lat' dir='ltr'><strong>de</strong></span> <span class='ocrx_word' id='word_1_249' title='bbox 821 1820 1109 1875; x_wconf 80' lang='lat' dir='ltr'><strong>necessaria</strong></span> <span class='ocrx_word' id='word_1_250' title='bbox 1140 1818 1423 1871; x_wconf 76' lang='lat' dir='ltr'><strong>secessione</strong></span> <span class='ocrx_word' id='word_1_251' title='bbox 1444 1823 1620 1867; x_wconf 67' lang='lat' dir='ltr'><strong>nostra</strong></span> <span class='ocrx_word' id='word_1_252' title='bbox 1644 1812 1704 1865; x_wconf 82' lang='lat' dir='ltr'><strong>ab</strong></span> <span class='ocrx_word' id='word_1_253' title='bbox 1730 1812 1827 1864; x_wconf 83' lang='lat' dir='ltr'><strong>Ec-</strong></span> <span class='ocrx_word' id='word_1_254' title='bbox 1860 1810 1904 1868; x_wconf 90' lang='lat' dir='ltr'><strong>B</strong></span> <span class='ocrx_word' id='word_1_255' title='bbox 1932 1811 2123 1866; x_wconf 87' lang='lat' dir='ltr'><strong>tissimi</strong></span> <span class='ocrx_word' id='word_1_256' title='bbox 2171 1826 2235 1865; x_wconf 90' lang='lat' dir='ltr'><strong>ac</strong></span> <span class='ocrx_word' id='word_1_257' title='bbox 2278 1810 2685 1881; x_wconf 87' lang='lat' dir='ltr'><strong>diligentissimi</strong></span> <span class='ocrx_word' id='word_1_258' title='bbox 2723 1808 3083 1879; x_wconf 89' lang='lat' dir='ltr'><strong>castigatoris.</strong></span> <span class='ocrx_word' id='word_1_259' title='bbox 3125 1809 3224 1875; x_wconf 87' lang='lat' dir='ltr'><strong>Qui</strong></span> <span class='ocrx_word' id='word_1_260' title='bbox 3252 1817 3511 1877; x_wconf 87' lang='lat' dir='ltr'><strong>quantum</strong></span> 
     </span>
    </p>
   </div>
   <div class='ocr_carea' id='block_1_32' title="bbox 250 1902 1821 1981">
    <p class='ocr_par' dir='ltr' id='par_1_32' title="bbox 250 1902 1821 1981">
     <span class='ocr_line' id='line_1_32' title="bbox 250 1902 1821 1981; baseline -0.008 -13"><span class='ocrx_word' id='word_1_261' title='bbox 250 1916 392 1969; x_wconf 78' lang='lat' dir='ltr'><strong>etesia</strong></span> <span class='ocrx_word' id='word_1_262' title='bbox 414 1915 681 1977; x_wconf 84' lang='lat' dir='ltr'><strong>Romana,</strong></span> <span class='ocrx_word' id='word_1_263' title='bbox 702 1924 753 1966; x_wconf 89' lang='lat' dir='ltr'><strong>et</strong></span> <span class='ocrx_word' id='word_1_264' title='bbox 778 1909 1081 1981; x_wconf 86' lang='lat' dir='ltr'><strong>impossibili</strong></span> <span class='ocrx_word' id='word_1_265' title='bbox 1112 1924 1228 1962; x_wconf 85' lang='lat' dir='ltr'><strong>cum</strong></span> <span class='ocrx_word' id='word_1_266' title='bbox 1256 1923 1316 1960; x_wconf 90' lang='lat' dir='ltr'><strong>ea</strong></span> <span class='ocrx_word' id='word_1_267' title='bbox 1346 1906 1695 1975; x_wconf 85' lang='lat' dir='ltr'><strong>Syncrctismo</strong></span> <span class='ocrx_word' id='word_1_268' title='bbox 1726 1902 1821 1974; x_wconf 75' lang='lat' dir='ltr'><strong>(lt).</strong></span> 
     </span>
    </p>
   </div>
   <div class='ocr_carea' id='block_1_33' title="bbox 253 1997 1828 2068">
    <p class='ocr_par' dir='ltr' id='par_1_33' title="bbox 253 1997 1828 2068">
     <span class='ocr_line' id='line_1_33' title="bbox 253 1997 1828 2068; baseline -0.008 -8"><span class='ocrx_word' id='word_1_269' title='bbox 253 2007 437 2060; x_wconf 75' lang='lat' dir='ltr'><strong>Neuter</strong></span> <span class='ocrx_word' id='word_1_270' title='bbox 473 2016 657 2059; x_wconf 88' lang='lat' dir='ltr'><strong>tamen</strong></span> <span class='ocrx_word' id='word_1_271' title='bbox 686 2020 804 2059; x_wconf 88' lang='lat' dir='ltr'><strong>eam</strong></span> <span class='ocrx_word' id='word_1_272' title='bbox 834 2004 1002 2065; x_wconf 88' lang='lat' dir='ltr'><strong>vidit,</strong></span> <span class='ocrx_word' id='word_1_273' title='bbox 1031 2002 1126 2055; x_wconf 88' lang='lat' dir='ltr'><strong>sed</strong></span> <span class='ocrx_word' id='word_1_274' title='bbox 1159 2016 1257 2055; x_wconf 87' lang='lat' dir='ltr'><strong>sua</strong></span> <span class='ocrx_word' id='word_1_275' title='bbox 1288 1999 1459 2068; x_wconf 89' lang='lat' dir='ltr'><strong>ipsius</strong></span> <span class='ocrx_word' id='word_1_276' title='bbox 1488 1997 1828 2051; x_wconf 66' lang='lat' dir='ltr'><strong>confessione</strong></span> 
     </span>
    </p>
   </div>
   <div class='ocr_carea' id='block_1_34' title="bbox 248 2086 1829 2166">
    <p class='ocr_par' dir='ltr' id='par_1_34' title="bbox 248 2086 1829 2166">
     <span class='ocr_line' id='line_1_34' title="bbox 248 2086 1829 2166; baseline -0.006 -14"><span class='ocrx_word' id='word_1_277' title='bbox 248 2099 368 2152; x_wconf 84' lang='lat' dir='ltr'><strong>satis</strong></span> <span class='ocrx_word' id='word_1_278' title='bbox 388 2097 748 2166; x_wconf 86' lang='lat' dir='ltr'><strong>malignitatis</strong></span> <span class='ocrx_word' id='word_1_279' title='bbox 768 2096 1074 2150; x_wconf 89' lang='lat' dir='ltr'><strong>convictam</strong></span> <span class='ocrx_word' id='word_1_280' title='bbox 1098 2108 1219 2146; x_wconf 89' lang='lat' dir='ltr'><strong>esse</strong></span> <span class='ocrx_word' id='word_1_281' title='bbox 1239 2099 1567 2146; x_wconf 91' lang='lat' dir='ltr'><strong>statuerunt.</strong></span> <span class='ocrx_word' id='word_1_282' title='bbox 1595 2088 1698 2141; x_wconf 83' lang='lat' dir='ltr'><strong>Sed</strong></span> <span class='ocrx_word' id='word_1_283' title='bbox 1726 2086 1829 2142; x_wconf 86' lang='lat' dir='ltr'><strong>hoc</strong></span> 
     </span>
    </p>
   </div>
   <div class='ocr_carea' id='block_1_35' title="bbox 250 2179 1827 2257">
    <p class='ocr_par' dir='ltr' id='par_1_35' title="bbox 250 2179 1827 2257">
     <span class='ocr_line' id='line_1_35' title="bbox 250 2179 1827 2257; baseline -0.008 -17"><span class='ocrx_word' id='word_1_284' title='bbox 250 2188 479 2257; x_wconf 89' lang='lat' dir='ltr'><strong>iniquius</strong></span> <span class='ocrx_word' id='word_1_285' title='bbox 514 2202 608 2240; x_wconf 83' lang='lat' dir='ltr'><strong>aut</strong></span> <span class='ocrx_word' id='word_1_286' title='bbox 634 2188 825 2240; x_wconf 88' lang='lat' dir='ltr'><strong>saltem</strong></span> <span class='ocrx_word' id='word_1_287' title='bbox 851 2184 1234 2254; x_wconf 71' lang='lat' dir='ltr'><strong>prtecipitatius</strong></span> <span class='ocrx_word' id='word_1_288' title='bbox 1259 2182 1531 2250; x_wconf 91' lang='lat' dir='ltr'><strong>judicasse</strong></span> <span class='ocrx_word' id='word_1_289' title='bbox 1553 2179 1653 2233; x_wconf 86' lang='lat' dir='ltr'><strong>visi</strong></span> <span class='ocrx_word' id='word_1_290' title='bbox 1680 2188 1827 2243; x_wconf 91' lang='lat' dir='ltr'><strong>sunt,</strong></span> 
     </span>
    </p>
   </div>
   <div class='ocr_carea' id='block_1_36' title="bbox 248 2271 1830 2347">
    <p class='ocr_par' dir='ltr' id='par_1_36' title="bbox 248 2271 1830 2347">
     <span class='ocr_line' id='line_1_36' title="bbox 248 2271 1830 2347; baseline -0.008 -14"><span class='ocrx_word' id='word_1_291' title='bbox 248 2280 441 2333; x_wconf 82' lang='lat' dir='ltr'><strong>Caveus</strong></span> <span class='ocrx_word' id='word_1_292' title='bbox 465 2278 691 2347; x_wconf 88' lang='lat' dir='ltr'><strong>quidem</strong></span> <span class='ocrx_word' id='word_1_293' title='bbox 718 2287 771 2330; x_wconf 89' lang='lat' dir='ltr'><strong>et</strong></span> <span class='ocrx_word' id='word_1_294' title='bbox 793 2274 1058 2340; x_wconf 80' lang='lat' dir='ltr'><strong>Clericus,</strong></span> <span class='ocrx_word' id='word_1_295' title='bbox 1087 2274 1235 2325; x_wconf 79' lang='lat' dir='ltr'><strong>lliclt.</strong></span> <span class='ocrx_word' id='word_1_296' title='bbox 1264 2272 1518 2335; x_wconf 87' lang='lat' dir='ltr'><strong>Simonio,</strong></span> <span class='ocrx_word' id='word_1_297' title='bbox 1545 2271 1631 2339; x_wconf 90' lang='lat' dir='ltr'><strong>qui</strong></span> <span class='ocrx_word' id='word_1_298' title='bbox 1658 2279 1830 2322; x_wconf 91' lang='lat' dir='ltr'><strong>muta-</strong></span> 
     </span>
    </p>
   </div>
   <div class='ocr_carea' id='block_1_37' title="bbox 249 2363 1829 2435">
    <p class='ocr_par' dir='ltr' id='par_1_37' title="bbox 249 2363 1829 2435">
     <span class='ocr_line' id='line_1_37' title="bbox 249 2363 1829 2435; baseline -0.008 -10"><span class='ocrx_word' id='word_1_299' title='bbox 249 2373 414 2425; x_wconf 89' lang='lat' dir='ltr'><strong>tiones</strong></span> <span class='ocrx_word' id='word_1_300' title='bbox 443 2370 583 2423; x_wconf 86' lang='lat' dir='ltr'><strong>istas</strong></span> <span class='ocrx_word' id='word_1_301' title='bbox 606 2384 712 2423; x_wconf 91' lang='lat' dir='ltr'><strong>non</strong></span> <span class='ocrx_word' id='word_1_302' title='bbox 737 2369 791 2421; x_wconf 93' lang='lat' dir='ltr'><strong>in</strong></span> <span class='ocrx_word' id='word_1_303' title='bbox 816 2367 933 2435; x_wconf 91' lang='lat' dir='ltr'><strong>ipso</strong></span> <span class='ocrx_word' id='word_1_304' title='bbox 960 2376 1133 2430; x_wconf 78' lang='lat' dir='ltr'><strong>textu,</strong></span> <span class='ocrx_word' id='word_1_305' title='bbox 1161 2365 1254 2417; x_wconf 87' lang='lat' dir='ltr'><strong>sed</strong></span> <span class='ocrx_word' id='word_1_306' title='bbox 1280 2364 1332 2417; x_wconf 92' lang='lat' dir='ltr'><strong>in</strong></span> <span class='ocrx_word' id='word_1_307' title='bbox 1356 2363 1602 2417; x_wconf 71' lang='lat' dir='ltr'><strong>censuris</strong></span> <span class='ocrx_word' id='word_1_308' title='bbox 1628 2370 1829 2413; x_wconf 86' lang='lat' dir='ltr'><strong>tantum</strong></span> 
     </span>
    </p>
   </div>
   <div class='ocr_carea' id='block_1_38' title="bbox 251 2454 1831 2527">
    <p class='ocr_par' dir='ltr' id='par_1_38' title="bbox 251 2454 1831 2527">
     <span class='ocr_line' id='line_1_38' title="bbox 251 2454 1831 2527; baseline -0.005 -10"><span class='ocrx_word' id='word_1_309' title='bbox 251 2471 302 2517; x_wconf 91' lang='lat' dir='ltr'><strong>et</strong></span> <span class='ocrx_word' id='word_1_310' title='bbox 328 2462 555 2517; x_wconf 87' lang='lat' dir='ltr'><strong>scholiis</strong></span> <span class='ocrx_word' id='word_1_311' title='bbox 586 2462 753 2514; x_wconf 82' lang='lat' dir='ltr'><strong>factas</strong></span> <span class='ocrx_word' id='word_1_312' title='bbox 788 2473 911 2515; x_wconf 89' lang='lat' dir='ltr'><strong>esse</strong></span> <span class='ocrx_word' id='word_1_313' title='bbox 950 2456 1231 2513; x_wconf 89' lang='lat' dir='ltr'><strong>contendit</strong></span> <span class='ocrx_word' id='word_1_314' title='bbox 1263 2455 1358 2527; x_wconf 88' lang='lat' dir='ltr'><strong>(c).</strong></span> <span class='ocrx_word' id='word_1_315' title='bbox 1400 2456 1641 2522; x_wconf 83' lang='lat' dir='ltr'><strong>Quocum</strong></span> <span class='ocrx_word' id='word_1_316' title='bbox 1668 2454 1831 2523; x_wconf 88' lang='lat' dir='ltr'><strong>plane</strong></span> 
     </span>
    </p>
   </div>
   <div class='ocr_carea' id='block_1_39' title="bbox 246 2546 1831 2625">
    <p class='ocr_par' dir='ltr' id='par_1_39' title="bbox 246 2546 1831 2625">
     <span class='ocr_line' id='line_1_39' title="bbox 246 2546 1831 2625; baseline -0.006 -14"><span class='ocrx_word' id='word_1_317' title='bbox 246 2558 603 2621; x_wconf 88' lang='lat' dir='ltr'><strong>conveniunt,</strong></span> <span class='ocrx_word' id='word_1_318' title='bbox 617 2569 740 2625; x_wconf 66' lang='lat' dir='ltr'><strong>qua:</strong></span> <span class='ocrx_word' id='word_1_319' title='bbox 757 2569 823 2608; x_wconf 79' lang='lat' dir='ltr'><strong>ex</strong></span> <span class='ocrx_word' id='word_1_320' title='bbox 845 2552 1048 2607; x_wconf 89' lang='lat' dir='ltr'><strong>inedita</strong></span> <span class='ocrx_word' id='word_1_321' title='bbox 1068 2551 1450 2605; x_wconf 89' lang='lat' dir='ltr'><strong>dissertatione</strong></span> <span class='ocrx_word' id='word_1_322' title='bbox 1464 2549 1523 2603; x_wconf 88' lang='lat' dir='ltr'><strong>P.</strong></span> <span class='ocrx_word' id='word_1_323' title='bbox 1539 2548 1601 2601; x_wconf 90' lang='lat' dir='ltr'><strong>de</strong></span> <span class='ocrx_word' id='word_1_324' title='bbox 1613 2546 1759 2617; x_wconf 78' lang='lat' dir='ltr'><strong>Vitry</strong></span> <span class='ocrx_word' id='word_1_325' title='bbox 1777 2547 1831 2602; x_wconf 93' lang='lat' dir='ltr'><strong>in</strong></span> 
     </span>
    </p>
   </div>
   <div class='ocr_carea' id='block_1_40' title="bbox 247 2640 1833 2717">
    <p class='ocr_par' dir='ltr' id='par_1_40' title="bbox 247 2640 1833 2717">
     <span class='ocr_line' id='line_1_40' title="bbox 247 2640 1833 2717; baseline -0.006 -12"><span class='ocrx_word' id='word_1_326' title='bbox 247 2652 511 2705; x_wconf 77' lang='lat' dir='ltr'><strong>Mentoriis</strong></span> <span class='ocrx_word' id='word_1_327' title='bbox 523 2650 833 2704; x_wconf 84' lang='lat' dir='ltr'><strong>Trevoltinis</strong></span> <span class='ocrx_word' id='word_1_328' title='bbox 850 2648 1153 2702; x_wconf 85' lang='lat' dir='ltr'><strong>excitantur</strong></span> <span class='ocrx_word' id='word_1_329' title='bbox 1167 2643 1267 2717; x_wconf 88' lang='lat' dir='ltr'><strong>(d).</strong></span> <span class='ocrx_word' id='word_1_330' title='bbox 1281 2645 1386 2700; x_wconf 88' lang='lat' dir='ltr'><strong>Sed</strong></span> <span class='ocrx_word' id='word_1_331' title='bbox 1406 2644 1646 2711; x_wconf 88' lang='lat' dir='ltr'><strong>reposuit</strong></span> <span class='ocrx_word' id='word_1_332' title='bbox 1662 2640 1833 2697; x_wconf 85' lang='lat' dir='ltr'><strong>Cleri-</strong></span> 
     </span>
    </p>
   </div>
   <div class='ocr_carea' id='block_1_41' title="bbox 244 2736 1831 2808">
    <p class='ocr_par' dir='ltr' id='par_1_41' title="bbox 244 2736 1831 2808">
     <span class='ocr_line' id='line_1_41' title="bbox 244 2736 1831 2808; baseline -0.005 -11"><span class='ocrx_word' id='word_1_333' title='bbox 244 2758 354 2807; x_wconf 86' lang='lat' dir='ltr'><strong>cus,</strong></span> <span class='ocrx_word' id='word_1_334' title='bbox 379 2757 493 2797; x_wconf 92' lang='lat' dir='ltr'><strong>non</strong></span> <span class='ocrx_word' id='word_1_335' title='bbox 525 2756 669 2805; x_wconf 90' lang='lat' dir='ltr'><strong>esse,</strong></span> <span class='ocrx_word' id='word_1_336' title='bbox 696 2756 791 2794; x_wconf 92' lang='lat' dir='ltr'><strong>cur</strong></span> <span class='ocrx_word' id='word_1_337' title='bbox 816 2740 902 2794; x_wconf 90' lang='lat' dir='ltr'><strong>sui</strong></span> <span class='ocrx_word' id='word_1_338' title='bbox 922 2755 982 2793; x_wconf 91' lang='lat' dir='ltr'><strong>se</strong></span> <span class='ocrx_word' id='word_1_339' title='bbox 1004 2738 1191 2808; x_wconf 88' lang='lat' dir='ltr'><strong>judicii</strong></span> <span class='ocrx_word' id='word_1_340' title='bbox 1218 2736 1498 2807; x_wconf 76' lang='lat' dir='ltr'><strong>poeniteat.</strong></span> <span class='ocrx_word' id='word_1_341' title='bbox 1528 2736 1831 2791; x_wconf 88' lang='lat' dir='ltr'><strong>Simonium</strong></span> 
     </span>
    </p>
   </div>
   <div class='ocr_carea' id='block_1_42' title="bbox 247 2824 1836 2901">
    <p class='ocr_par' dir='ltr' id='par_1_42' title="bbox 247 2824 1836 2901">
     <span class='ocr_line' id='line_1_42' title="bbox 247 2824 1836 2901; baseline -0.006 -16"><span class='ocrx_word' id='word_1_342' title='bbox 247 2844 437 2886; x_wconf 79' lang='lat' dir='ltr'><strong>textum</strong></span> <span class='ocrx_word' id='word_1_343' title='bbox 462 2833 696 2901; x_wconf 83' lang='lat' dir='ltr'><strong>hujusce</strong></span> <span class='ocrx_word' id='word_1_344' title='bbox 712 2829 968 2885; x_wconf 89' lang='lat' dir='ltr'><strong>editionis</strong></span> <span class='ocrx_word' id='word_1_345' title='bbox 988 2844 1107 2883; x_wconf 91' lang='lat' dir='ltr'><strong>cum</strong></span> <span class='ocrx_word' id='word_1_346' title='bbox 1128 2828 1228 2882; x_wconf 90' lang='lat' dir='ltr'><strong>alia</strong></span> <span class='ocrx_word' id='word_1_347' title='bbox 1248 2827 1333 2881; x_wconf 81' lang='lat' dir='ltr'><strong>vix</strong></span> <span class='ocrx_word' id='word_1_348' title='bbox 1348 2824 1715 2893; x_wconf 88' lang='lat' dir='ltr'><strong>contendisse,</strong></span> <span class='ocrx_word' id='word_1_349' title='bbox 1731 2824 1836 2877; x_wconf 87' lang='lat' dir='ltr'><strong>[ta-</strong></span> 
     </span>
    </p>
   </div>
   <div class='ocr_carea' id='block_1_43' title="bbox 247 2920 1836 2990">
    <p class='ocr_par' dir='ltr' id='par_1_43' title="bbox 247 2920 1836 2990">
     <span class='ocr_line' id='line_1_43' title="bbox 247 2920 1836 2990; baseline -0.004 -13"><span class='ocrx_word' id='word_1_350' title='bbox 247 2924 408 2978; x_wconf 84' lang='lat' dir='ltr'><strong>lorum</strong></span> <span class='ocrx_word' id='word_1_351' title='bbox 426 2933 620 2979; x_wconf 89' lang='lat' dir='ltr'><strong>autetn</strong></span> <span class='ocrx_word' id='word_1_352' title='bbox 639 2932 1032 2986; x_wconf 89' lang='lat' dir='ltr'><strong>correctorum,</strong></span> <span class='ocrx_word' id='word_1_353' title='bbox 1050 2921 1139 2990; x_wconf 91' lang='lat' dir='ltr'><strong>qui</strong></span> <span class='ocrx_word' id='word_1_354' title='bbox 1163 2930 1269 2973; x_wconf 89' lang='lat' dir='ltr'><strong>tam</strong></span> <span class='ocrx_word' id='word_1_355' title='bbox 1284 2934 1417 2989; x_wconf 90' lang='lat' dir='ltr'><strong>vaga</strong></span> <span class='ocrx_word' id='word_1_356' title='bbox 1439 2920 1685 2973; x_wconf 89' lang='lat' dir='ltr'><strong>oratione</strong></span> <span class='ocrx_word' id='word_1_357' title='bbox 1707 2932 1836 2988; x_wconf 87' lang='lat' dir='ltr'><strong>ope-</strong></span> 
     </span>
    </p>
   </div>
   <div class='ocr_carea' id='block_1_44' title="bbox 246 3007 1835 3080">
    <p class='ocr_par' dir='ltr' id='par_1_44' title="bbox 246 3007 1835 3080">
     <span class='ocr_line' id='line_1_44' title="bbox 246 3007 1835 3080; baseline -0.004 -13"><span class='ocrx_word' id='word_1_358' title='bbox 246 3029 350 3067; x_wconf 86' lang='lat' dir='ltr'><strong>ram</strong></span> <span class='ocrx_word' id='word_1_359' title='bbox 367 3030 530 3067; x_wconf 86' lang='lat' dir='ltr'><strong>suam</strong></span> <span class='ocrx_word' id='word_1_360' title='bbox 549 3012 935 3078; x_wconf 80' lang='lat' dir='ltr'><strong>declaraSsent,</strong></span> <span class='ocrx_word' id='word_1_361' title='bbox 954 3010 1206 3080; x_wconf 86' lang='lat' dir='ltr'><strong>religioni</strong></span> <span class='ocrx_word' id='word_1_362' title='bbox 1222 3024 1329 3063; x_wconf 90' lang='lat' dir='ltr'><strong>non</strong></span> <span class='ocrx_word' id='word_1_363' title='bbox 1348 3009 1576 3063; x_wconf 87' lang='lat' dir='ltr'><strong>multum</strong></span> <span class='ocrx_word' id='word_1_364' title='bbox 1600 3022 1721 3062; x_wconf 88' lang='lat' dir='ltr'><strong>esse</strong></span> <span class='ocrx_word' id='word_1_365' title='bbox 1739 3007 1835 3061; x_wconf 84' lang='lat' dir='ltr'><strong>tri-</strong></span> 
     </span>
    </p>
   </div>
   <div class='ocr_carea' id='block_1_45' title="bbox 246 3101 1831 3177">
    <p class='ocr_par' dir='ltr' id='par_1_45' title="bbox 246 3101 1831 3177">
     <span class='ocr_line' id='line_1_45' title="bbox 246 3101 1831 3177; baseline -0.001 -20"><span class='ocrx_word' id='word_1_366' title='bbox 246 3104 519 3160; x_wconf 87' lang='lat' dir='ltr'><strong>buendum</strong></span> <span class='ocrx_word' id='word_1_367' title='bbox 548 3103 644 3177; x_wconf 83' lang='grc' dir='ltr'>(ε).</span> <span class='ocrx_word' id='word_1_368' title='bbox 694 3106 771 3159; x_wconf 86' lang='lat' dir='ltr'><strong>Ac</strong></span> <span class='ocrx_word' id='word_1_369' title='bbox 812 3104 884 3157; x_wconf 84' lang='lat' dir='ltr'><strong>ita</strong></span> <span class='ocrx_word' id='word_1_370' title='bbox 934 3102 1152 3173; x_wconf 88' lang='lat' dir='ltr'><strong>quidem</strong></span> <span class='ocrx_word' id='word_1_371' title='bbox 1184 3101 1279 3155; x_wconf 92' lang='lat' dir='ltr'><strong>diu</strong></span> <span class='ocrx_word' id='word_1_372' title='bbox 1309 3102 1377 3156; x_wconf 87' lang='lat' dir='ltr'><strong>lis</strong></span> <span class='ocrx_word' id='word_1_373' title='bbox 1399 3101 1500 3156; x_wconf 86' lang='lat' dir='ltr'><strong>sub</strong></span> <span class='ocrx_word' id='word_1_374' title='bbox 1524 3101 1707 3170; x_wconf 89' lang='lat' dir='ltr'><strong>judice</strong></span> <span class='ocrx_word' id='word_1_375' title='bbox 1739 3114 1831 3169; x_wconf 91' lang='lat' dir='ltr'><strong>pe-</strong></span> 
     </span>
    </p>
   </div>
   <div class='ocr_carea' id='block_1_46' title="bbox 1928 1900 3513 1970">
    <p class='ocr_par' dir='ltr' id='par_1_46' title="bbox 1928 1900 3513 1970">
     <span class='ocr_line' id='line_1_46' title="bbox 1928 1900 3513 1970; baseline -0.003 -13"><span class='ocrx_word' id='word_1_376' title='bbox 1928 1902 1983 1957; x_wconf 87' lang='lat' dir='ltr'><strong>iu</strong></span> <span class='ocrx_word' id='word_1_377' title='bbox 2033 1902 2341 1970; x_wconf 88' lang='lat' dir='ltr'><strong>hujusmodi</strong></span> <span class='ocrx_word' id='word_1_378' title='bbox 2382 1916 2609 1969; x_wconf 83' lang='lat' dir='ltr'><strong>Operum</strong></span> <span class='ocrx_word' id='word_1_379' title='bbox 2654 1901 3011 1970; x_wconf 88' lang='lat' dir='ltr'><strong>castigatione</strong></span> <span class='ocrx_word' id='word_1_380' title='bbox 3062 1900 3411 1969; x_wconf 74' lang='lat' dir='ltr'><strong>praestiterit,</strong></span> <span class='ocrx_word' id='word_1_381' title='bbox 3443 1913 3513 1953; x_wconf 74' lang='lat' dir='ltr'><strong>ex</strong></span> 
     </span>
    </p>
   </div>
   <div class='ocr_carea' id='block_1_47' title="bbox 1928 1992 3513 2063">
    <p class='ocr_par' dir='ltr' id='par_1_47' title="bbox 1928 1992 3513 2063">
     <span class='ocr_line' id='line_1_47' title="bbox 1928 1992 3513 2063; baseline -0.001 -14"><span class='ocrx_word' id='word_1_382' title='bbox 1928 1994 2221 2049; x_wconf 88' lang='lat' dir='ltr'><strong>collatione</strong></span> <span class='ocrx_word' id='word_1_383' title='bbox 2250 2008 2371 2050; x_wconf 87' lang='lat' dir='ltr'><strong>cum</strong></span> <span class='ocrx_word' id='word_1_384' title='bbox 2404 1993 2512 2059; x_wconf 87' lang='lat' dir='ltr'><strong>his,</strong></span> <span class='ocrx_word' id='word_1_385' title='bbox 2542 2003 2867 2049; x_wconf 71' lang='lat' dir='ltr'><strong>cancrorum</strong></span> <span class='ocrx_word' id='word_1_386' title='bbox 2900 1993 3297 2063; x_wconf 80' lang='lat' dir='ltr'><strong>exemplarium</strong></span> <span class='ocrx_word' id='word_1_387' title='bbox 3316 2030 3330 2059; x_wconf 91' lang='lat'><strong>,</strong></span> <span class='ocrx_word' id='word_1_388' title='bbox 3354 1992 3513 2047; x_wconf 81' lang='lat' dir='ltr'><strong>facile</strong></span> 
     </span>
    </p>
   </div>
   <div class='ocr_carea' id='block_1_48' title="bbox 1930 2089 2189 2159">
    <p class='ocr_par' dir='ltr' id='par_1_48' title="bbox 1930 2089 2189 2159">
     <span class='ocr_line' id='line_1_48' title="bbox 1930 2089 2189 2159; baseline -0.008 -17"><span class='ocrx_word' id='word_1_389' title='bbox 1930 2089 2155 2159; x_wconf 78' lang='lat' dir='ltr'><strong>patebit.</strong></span> <span class='ocrx_word' id='word_1_390' title='bbox 2169 2107 2189 2140; x_wconf 71' lang='grc' dir='ltr'><strong><em>ι</em></strong></span> 
     </span>
    </p>
   </div>
   <div class='ocr_carea' id='block_1_49' title="bbox 2642 2181 2799 2235">
    <p class='ocr_par' dir='ltr' id='par_1_49' title="bbox 2642 2181 2799 2235">
     <span class='ocr_line' id='line_1_49' title="bbox 2642 2181 2799 2235; baseline -0.006 -1"><span class='ocrx_word' id='word_1_391' title='bbox 2642 2181 2799 2235; x_wconf 78' lang='grc'>1571.</span> 
     </span>
    </p>
   </div>
   <div class='ocr_carea' id='block_1_50' title="bbox 2002 2268 3516 2344">
    <p class='ocr_par' dir='ltr' id='par_1_50' title="bbox 2002 2268 3516 2344">
     <span class='ocr_line' id='line_1_50' title="bbox 2002 2268 3516 2344; baseline -0.001 -19"><span class='ocrx_word' id='word_1_392' title='bbox 2002 2271 2243 2342; x_wconf 81' lang='lat' dir='ltr'><strong>Lugduni</strong></span> <span class='ocrx_word' id='word_1_393' title='bbox 2286 2274 2427 2344; x_wconf 86' lang='lat' dir='ltr'><strong>apud</strong></span> <span class='ocrx_word' id='word_1_394' title='bbox 2456 2274 2757 2327; x_wconf 74' lang='lat' dir='ltr'><strong>Morellium</strong></span> <span class='ocrx_word' id='word_1_395' title='bbox 2778 2313 2794 2337; x_wconf 94' lang='lat'><strong>,</strong></span> <span class='ocrx_word' id='word_1_396' title='bbox 2825 2282 2873 2326; x_wconf 90' lang='lat' dir='ltr'><strong>et</strong></span> <span class='ocrx_word' id='word_1_397' title='bbox 2914 2271 3134 2327; x_wconf 86' lang='lat' dir='ltr'><strong>Parisiis</strong></span> <span class='ocrx_word' id='word_1_398' title='bbox 3166 2271 3308 2339; x_wconf 83' lang='lat' dir='ltr'><strong>apud</strong></span> <span class='ocrx_word' id='word_1_399' title='bbox 3338 2268 3516 2324; x_wconf 75' lang='lat' dir='ltr'><strong>Nivei-</strong></span> 
     </span>
    </p>
   </div>
   <div class='ocr_carea' id='block_1_51' title="bbox 1931 2360 3515 2418">
    <p class='ocr_par' dir='ltr' id='par_1_51' title="bbox 1931 2360 3515 2418">
     <span class='ocr_line' id='line_1_51' title="bbox 1931 2360 3515 2418; baseline -0.001 -2"><span class='ocrx_word' id='word_1_400' title='bbox 1931 2363 2077 2416; x_wconf 83' lang='lat' dir='ltr'><strong>lium.</strong></span> <span class='ocrx_word' id='word_1_401' title='bbox 2122 2363 2452 2418; x_wconf 83' lang='lat' dir='ltr'><strong>Basileeusis</strong></span> <span class='ocrx_word' id='word_1_402' title='bbox 2492 2364 2753 2418; x_wconf 88' lang='lat' dir='ltr'><strong>editionis</strong></span> <span class='ocrx_word' id='word_1_403' title='bbox 2792 2363 2961 2417; x_wconf 89' lang='lat' dir='ltr'><strong>factas</strong></span> <span class='ocrx_word' id='word_1_404' title='bbox 2988 2377 3109 2418; x_wconf 88' lang='lat' dir='ltr'><strong>esse</strong></span> <span class='ocrx_word' id='word_1_405' title='bbox 3136 2360 3454 2417; x_wconf 89' lang='lat' dir='ltr'><strong>iterationes</strong></span> <span class='ocrx_word' id='word_1_406' title='bbox 3481 2375 3515 2415; x_wconf 89' lang='lat' dir='ltr'><strong>a</strong></span> 
     </span>
    </p>
   </div>
   <div class='ocr_carea' id='block_1_52' title="bbox 1932 2452 3517 2527">
    <p class='ocr_par' dir='ltr' id='par_1_52' title="bbox 1932 2452 3517 2527">
     <span class='ocr_line' id='line_1_52' title="bbox 1932 2452 3517 2527; baseline -0.003 -17"><span class='ocrx_word' id='word_1_407' title='bbox 1932 2456 2184 2511; x_wconf 82' lang='lat' dir='ltr'><strong>Fabricio</strong></span> <span class='ocrx_word' id='word_1_408' title='bbox 2214 2458 2500 2525; x_wconf 84' lang='lat' dir='ltr'><strong>proditur;</strong></span> <span class='ocrx_word' id='word_1_409' title='bbox 2554 2472 2714 2527; x_wconf 88' lang='lat' dir='ltr'><strong>quam</strong></span> <span class='ocrx_word' id='word_1_410' title='bbox 2761 2471 2921 2521; x_wconf 88' lang='lat' dir='ltr'><strong>vere,</strong></span> <span class='ocrx_word' id='word_1_411' title='bbox 2956 2458 3202 2524; x_wconf 89' lang='lat' dir='ltr'><strong>pr0tinus</strong></span> <span class='ocrx_word' id='word_1_412' title='bbox 3230 2469 3339 2509; x_wconf 90' lang='lat' dir='ltr'><strong>non</strong></span> <span class='ocrx_word' id='word_1_413' title='bbox 3364 2452 3517 2506; x_wconf 82' lang='lat' dir='ltr'><strong>afﬁr-</strong></span> 
     </span>
    </p>
   </div>
   <div class='ocr_carea' id='block_1_53' title="bbox 1932 2546 3519 2619">
    <p class='ocr_par' dir='ltr' id='par_1_53' title="bbox 1932 2546 3519 2619">
     <span class='ocr_line' id='line_1_53' title="bbox 1932 2546 3519 2619; baseline -0.002 -16"><span class='ocrx_word' id='word_1_414' title='bbox 1932 2564 2086 2604; x_wconf 89' lang='lat' dir='ltr'><strong>mare</strong></span> <span class='ocrx_word' id='word_1_415' title='bbox 2134 2550 2335 2604; x_wconf 85' lang='lat' dir='ltr'><strong>ausim.</strong></span> <span class='ocrx_word' id='word_1_416' title='bbox 2399 2550 2505 2606; x_wconf 90' lang='lat' dir='ltr'><strong>Sed</strong></span> <span class='ocrx_word' id='word_1_417' title='bbox 2559 2551 2781 2604; x_wconf 88' lang='lat' dir='ltr'><strong>memini</strong></span> <span class='ocrx_word' id='word_1_418' title='bbox 2820 2564 2907 2604; x_wconf 87' lang='lat' dir='ltr'><strong>me</strong></span> <span class='ocrx_word' id='word_1_419' title='bbox 2932 2547 3329 2619; x_wconf 80' lang='lat' dir='ltr'><strong>Lugdunensem</strong></span> <span class='ocrx_word' id='word_1_420' title='bbox 3360 2546 3519 2615; x_wconf 85' lang='lat' dir='ltr'><strong>hujus</strong></span> 
     </span>
    </p>
   </div>
   <div class='ocr_carea' id='block_1_54' title="bbox 1931 2640 3520 2712">
    <p class='ocr_par' dir='ltr' id='par_1_54' title="bbox 1931 2640 3520 2712">
     <span class='ocr_line' id='line_1_54' title="bbox 1931 2640 3520 2712; baseline -0.003 -16"><span class='ocrx_word' id='word_1_421' title='bbox 1931 2644 2058 2697; x_wconf 86' lang='lat' dir='ltr'><strong>anni</strong></span> <span class='ocrx_word' id='word_1_422' title='bbox 2088 2643 2386 2698; x_wconf 90' lang='lat' dir='ltr'><strong>editionem</strong></span> <span class='ocrx_word' id='word_1_423' title='bbox 2422 2645 2619 2697; x_wconf 83' lang='lat' dir='ltr'><strong>octonis</strong></span> <span class='ocrx_word' id='word_1_424' title='bbox 2646 2643 2842 2697; x_wconf 88' lang='lat' dir='ltr'><strong>factam</strong></span> <span class='ocrx_word' id='word_1_425' title='bbox 2872 2642 3016 2712; x_wconf 88' lang='lat' dir='ltr'><strong>apud</strong></span> <span class='ocrx_word' id='word_1_426' title='bbox 3040 2643 3162 2697; x_wconf 84' lang='lat' dir='ltr'><strong>Seb.</strong></span> <span class='ocrx_word' id='word_1_427' title='bbox 3195 2640 3520 2695; x_wconf 83' lang='lat' dir='ltr'><strong>Honoratum</strong></span> 
     </span>
    </p>
   </div>
   <div class='ocr_carea' id='block_1_55' title="bbox 1932 2733 3520 2805">
    <p class='ocr_par' dir='ltr' id='par_1_55' title="bbox 1932 2733 3520 2805">
     <span class='ocr_line' id='line_1_55' title="bbox 1932 2733 3520 2805; baseline -0.004 -14"><span class='ocrx_word' id='word_1_428' title='bbox 1932 2735 2339 2805; x_wconf 83' lang='lat' dir='ltr'><strong>deprehendere</strong></span> <span class='ocrx_word' id='word_1_429' title='bbox 2352 2735 2406 2789; x_wconf 92' lang='lat' dir='ltr'><strong>in</strong></span> <span class='ocrx_word' id='word_1_430' title='bbox 2425 2735 2738 2790; x_wconf 84' lang='lat' dir='ltr'><strong>Ilendriehii</strong></span> <span class='ocrx_word' id='word_1_431' title='bbox 2752 2734 2896 2788; x_wconf 89' lang='lat' dir='ltr'><strong>Pand</strong></span> <span class='ocrx_word' id='word_1_432' title='bbox 2907 2775 2919 2787; x_wconf 92' lang='lat'><strong>.</strong></span> <span class='ocrx_word' id='word_1_433' title='bbox 2935 2734 3204 2790; x_wconf 88' lang='lat' dir='ltr'><strong>Brandeb.</strong></span> <span class='ocrx_word' id='word_1_434' title='bbox 3215 2774 3230 2799; x_wconf 91' lang='lat'><strong>,</strong></span> <span class='ocrx_word' id='word_1_435' title='bbox 3244 2733 3335 2787; x_wconf 90' lang='lat' dir='ltr'><strong>ubi</strong></span> <span class='ocrx_word' id='word_1_436' title='bbox 3351 2734 3520 2786; x_wconf 84' lang='lat' dir='ltr'><strong>Enar-</strong></span> 
     </span>
    </p>
   </div>
   <div class='ocr_carea' id='block_1_56' title="bbox 1934 2822 3519 2889">
    <p class='ocr_par' dir='ltr' id='par_1_56' title="bbox 1934 2822 3519 2889">
     <span class='ocr_line' id='line_1_56' title="bbox 1934 2822 3519 2889; baseline -0.005 -7"><span class='ocrx_word' id='word_1_437' title='bbox 1934 2828 2177 2882; x_wconf 87' lang='lat' dir='ltr'><strong>rationes</strong></span> <span class='ocrx_word' id='word_1_438' title='bbox 2223 2827 2277 2881; x_wconf 93' lang='lat' dir='ltr'><strong>in</strong></span> <span class='ocrx_word' id='word_1_439' title='bbox 2329 2827 2571 2881; x_wconf 80' lang='lat' dir='ltr'><strong>Psalmos</strong></span> <span class='ocrx_word' id='word_1_440' title='bbox 2602 2826 2970 2880; x_wconf 85' lang='lat' dir='ltr'><strong>voluminibus</strong></span> <span class='ocrx_word' id='word_1_441' title='bbox 3014 2824 3059 2878; x_wconf 93' lang='lat' dir='ltr'><strong>ll</strong></span> <span class='ocrx_word' id='word_1_442' title='bbox 3108 2824 3265 2878; x_wconf 76' lang='lat' dir='ltr'><strong>in-8“</strong></span> <span class='ocrx_word' id='word_1_443' title='bbox 3314 2822 3519 2889; x_wconf 89' lang='lat' dir='ltr'><strong>laudat,</strong></span> 
     </span>
    </p>
   </div>
   <div class='ocr_carea' id='block_1_57' title="bbox 1932 2914 3520 2988">
    <p class='ocr_par' dir='ltr' id='par_1_57' title="bbox 1932 2914 3520 2988">
     <span class='ocr_line' id='line_1_57' title="bbox 1932 2914 3520 2988; baseline -0.002 -16"><span class='ocrx_word' id='word_1_444' title='bbox 1932 2933 2055 2988; x_wconf 68' lang='lat' dir='ltr'><strong>qua:</strong></span> <span class='ocrx_word' id='word_1_445' title='bbox 2086 2918 2203 2972; x_wconf 86' lang='lat' dir='ltr'><strong>sine</strong></span> <span class='ocrx_word' id='word_1_446' title='bbox 2225 2916 2387 2972; x_wconf 90' lang='lat' dir='ltr'><strong>dubio</strong></span> <span class='ocrx_word' id='word_1_447' title='bbox 2414 2917 2481 2972; x_wconf 89' lang='lat' dir='ltr'><strong>ad</strong></span> <span class='ocrx_word' id='word_1_448' title='bbox 2511 2917 2775 2986; x_wconf 88' lang='lat' dir='ltr'><strong>integram</strong></span> <span class='ocrx_word' id='word_1_449' title='bbox 2805 2930 3028 2986; x_wconf 91' lang='lat' dir='ltr'><strong>operum</strong></span> <span class='ocrx_word' id='word_1_450' title='bbox 3066 2914 3363 2970; x_wconf 89' lang='lat' dir='ltr'><strong>editionem</strong></span> <span class='ocrx_word' id='word_1_451' title='bbox 3397 2930 3520 2983; x_wconf 90' lang='lat' dir='ltr'><strong>per-</strong></span> 
     </span>
    </p>
   </div>
   <div class='ocr_carea' id='block_1_58' title="bbox 1936 3010 2128 3065">
    <p class='ocr_par' dir='ltr' id='par_1_58' title="bbox 1936 3010 2128 3065">
     <span class='ocr_line' id='line_1_58' title="bbox 1936 3010 2128 3065; baseline -0.021 0"><span class='ocrx_word' id='word_1_452' title='bbox 1936 3010 2128 3065; x_wconf 84' lang='lat' dir='ltr'><strong>tinent.</strong></span> 
     </span>
    </p>
   </div>
   <div class='ocr_carea' id='block_1_59' title="bbox 2648 3100 2806 3155">
    <p class='ocr_par' dir='ltr' id='par_1_59' title="bbox 2648 3100 2806 3155">
     <span class='ocr_line' id='line_1_59' title="bbox 2648 3100 2806 3155; baseline -0.013 0"><span class='ocrx_word' id='word_1_453' title='bbox 2648 3100 2806 3155; x_wconf 78' lang='lat'><strong>1577.</strong></span> 
     </span>
    </p>
   </div>
   <div class='ocr_carea' id='block_1_60' title="bbox 246 3181 3557 3266">
    <p class='ocr_par' dir='ltr' id='par_1_60' title="bbox 246 3181 3557 3266">
     <span class='ocr_line' id='line_1_60' title="bbox 246 3181 3557 3266; baseline -0.002 -14"><span class='ocrx_word' id='word_1_454' title='bbox 246 3199 443 3266; x_wconf 86' lang='lat' dir='ltr'><strong>pendit,</strong></span> <span class='ocrx_word' id='word_1_455' title='bbox 500 3199 678 3252; x_wconf 90' lang='lat' dir='ltr'><strong>donec</strong></span> <span class='ocrx_word' id='word_1_456' title='bbox 722 3196 1058 3251; x_wconf 88' lang='lat' dir='ltr'><strong>Clementius</strong></span> <span class='ocrx_word' id='word_1_457' title='bbox 1109 3194 1327 3249; x_wconf 88' lang='lat' dir='ltr'><strong>tandem</strong></span> <span class='ocrx_word' id='word_1_458' title='bbox 1376 3193 1655 3249; x_wconf 87' lang='lat' dir='ltr'><strong>arbitrium</strong></span> <span class='ocrx_word' id='word_1_459' title='bbox 1688 3193 1830 3247; x_wconf 87' lang='lat' dir='ltr'><strong>illius</strong></span> <span class='ocrx_word' id='word_1_460' title='bbox 1860 3181 1905 3243; x_wconf 90' lang='lat' dir='ltr'><strong>C</strong></span> <span class='ocrx_word' id='word_1_461' title='bbox 2006 3192 2305 3263; x_wconf 75' lang='lat' dir='ltr'><strong>Antuerpiw</strong></span> <span class='ocrx_word' id='word_1_462' title='bbox 2332 3209 2394 3246; x_wconf 76' lang='lat' dir='ltr'><strong>ex</strong></span> <span class='ocrx_word' id='word_1_463' title='bbox 2417 3191 2616 3262; x_wconf 73' lang='lat' dir='ltr'><strong>ofﬁcina</strong></span> <span class='ocrx_word' id='word_1_464' title='bbox 2644 3190 3008 3260; x_wconf 84' lang='lat' dir='ltr'><strong>Cltristophori</strong></span> <span class='ocrx_word' id='word_1_465' title='bbox 3033 3190 3305 3256; x_wconf 81' lang='lat' dir='ltr'><strong>Plautini;</strong></span> <span class='ocrx_word' id='word_1_466' title='bbox 3334 3192 3388 3244; x_wconf 88' lang='lat' dir='ltr'><strong>in</strong></span> <span class='ocrx_word' id='word_1_467' title='bbox 3404 3190 3521 3258; x_wconf 77' lang='lat' dir='ltr'><strong>-{ol.</strong></span> <span class='ocrx_word' id='word_1_468' title='bbox 3554 3198 3557 3201; x_wconf 83' lang='lat'>&#39;</span> 
     </span>
    </p>
   </div>
   <div class='ocr_carea' id='block_1_61' title="bbox 244 3284 1832 3357">
    <p class='ocr_par' dir='ltr' id='par_1_61' title="bbox 244 3284 1832 3357">
     <span class='ocr_line' id='line_1_61' title="bbox 244 3284 1832 3357; baseline -0.002 -15"><span class='ocrx_word' id='word_1_469' title='bbox 244 3288 568 3357; x_wconf 83' lang='lat' dir='ltr'><strong>susciperet.</strong></span> <span class='ocrx_word' id='word_1_470' title='bbox 626 3287 757 3342; x_wconf 83' lang='lat' dir='ltr'><strong>Nam</strong></span> <span class='ocrx_word' id='word_1_471' title='bbox 805 3301 929 3341; x_wconf 91' lang='lat' dir='ltr'><strong>cum</strong></span> <span class='ocrx_word' id='word_1_472' title='bbox 981 3301 1103 3340; x_wconf 92' lang='lat' dir='ltr'><strong>rara</strong></span> <span class='ocrx_word' id='word_1_473' title='bbox 1152 3284 1209 3338; x_wconf 91' lang='lat' dir='ltr'><strong>in</strong></span> <span class='ocrx_word' id='word_1_474' title='bbox 1242 3285 1323 3337; x_wconf 92' lang='lat' dir='ltr'><strong>his</strong></span> <span class='ocrx_word' id='word_1_475' title='bbox 1347 3284 1543 3338; x_wconf 89' lang='lat' dir='ltr'><strong>litteris</strong></span> <span class='ocrx_word' id='word_1_476' title='bbox 1572 3284 1832 3339; x_wconf 81' lang='lat' dir='ltr'><strong>felicitate</strong></span> 
     </span>
    </p>
   </div>
   <div class='ocr_carea' id='block_1_62' title="bbox 246 3375 1834 3449">
    <p class='ocr_par' dir='ltr' id='par_1_62' title="bbox 246 3375 1834 3449">
     <span class='ocr_line' id='line_1_62' title="bbox 246 3375 1834 3449; baseline -0.001 -17"><span class='ocrx_word' id='word_1_477' title='bbox 246 3380 338 3448; x_wconf 87' lang='lat' dir='ltr'><strong>ipsi</strong></span> <span class='ocrx_word' id='word_1_478' title='bbox 367 3381 720 3449; x_wconf 82' lang='lat' dir='ltr'><strong>contigisset,</strong></span> <span class='ocrx_word' id='word_1_479' title='bbox 748 3378 1017 3433; x_wconf 89' lang='lat' dir='ltr'><strong>editiones</strong></span> <span class='ocrx_word' id='word_1_480' title='bbox 1048 3376 1285 3431; x_wconf 84' lang='lat' dir='ltr'><strong>Venetas</strong></span> <span class='ocrx_word' id='word_1_481' title='bbox 1304 3375 1436 3429; x_wconf 88' lang='lat' dir='ltr'><strong>anni</strong></span> <span class='ocrx_word' id='word_1_482' title='bbox 1460 3375 1598 3430; x_wconf 75' lang='lat'><strong>1552</strong></span> <span class='ocrx_word' id='word_1_483' title='bbox 1617 3386 1671 3430; x_wconf 92' lang='lat' dir='ltr'><strong>et</strong></span> <span class='ocrx_word' id='word_1_484' title='bbox 1696 3375 1834 3431; x_wconf 80' lang='lat'><strong>1570</strong></span> 
     </span>
    </p>
   </div>
   <div class='ocr_carea' id='block_1_63' title="bbox 246 3466 1834 3537">
    <p class='ocr_par' dir='ltr' id='par_1_63' title="bbox 246 3466 1834 3537">
     <span class='ocr_line' id='line_1_63' title="bbox 246 3466 1834 3537; baseline -0.002 -13"><span class='ocrx_word' id='word_1_485' title='bbox 246 3472 377 3525; x_wconf 89' lang='lat' dir='ltr'><strong>inter</strong></span> <span class='ocrx_word' id='word_1_486' title='bbox 407 3488 467 3526; x_wconf 90' lang='lat' dir='ltr'><strong>se</strong></span> <span class='ocrx_word' id='word_1_487' title='bbox 505 3471 755 3525; x_wconf 81' lang='lat' dir='ltr'><strong>conferre</strong></span> <span class='ocrx_word' id='word_1_488' title='bbox 778 3511 794 3534; x_wconf 95' lang='lat'><strong>,</strong></span> <span class='ocrx_word' id='word_1_489' title='bbox 824 3469 960 3523; x_wconf 86' lang='lat' dir='ltr'><strong>vidit</strong></span> <span class='ocrx_word' id='word_1_490' title='bbox 990 3470 1223 3537; x_wconf 89' lang='lat' dir='ltr'><strong>primum</strong></span> <span class='ocrx_word' id='word_1_491' title='bbox 1246 3510 1260 3533; x_wconf 94' lang='lat'><strong>,</strong></span> <span class='ocrx_word' id='word_1_492' title='bbox 1294 3466 1439 3537; x_wconf 92' lang='lat' dir='ltr'><strong>quod</strong></span> <span class='ocrx_word' id='word_1_493' title='bbox 1472 3466 1631 3535; x_wconf 90' lang='lat' dir='ltr'><strong>plane</strong></span> <span class='ocrx_word' id='word_1_494' title='bbox 1660 3481 1834 3536; x_wconf 91' lang='lat' dir='ltr'><strong>usque</strong></span> 
     </span>
    </p>
   </div>
   <div class='ocr_carea' id='block_1_64' title="bbox 244 3556 1834 3632">
    <p class='ocr_par' dir='ltr' id='par_1_64' title="bbox 244 3556 1834 3632">
     <span class='ocr_line' id='line_1_64' title="bbox 244 3556 1834 3632; baseline -0.003 -18"><span class='ocrx_word' id='word_1_495' title='bbox 244 3564 362 3615; x_wconf 90' lang='lat' dir='ltr'><strong>dum</strong></span> <span class='ocrx_word' id='word_1_496' title='bbox 389 3563 708 3632; x_wconf 84' lang='lat' dir='ltr'><strong>ignoratum</strong></span> <span class='ocrx_word' id='word_1_497' title='bbox 740 3562 859 3626; x_wconf 86' lang='lat' dir='ltr'><strong>fuit,</strong></span> <span class='ocrx_word' id='word_1_498' title='bbox 892 3559 1126 3629; x_wconf 90' lang='lat' dir='ltr'><strong>priorem</strong></span> <span class='ocrx_word' id='word_1_499' title='bbox 1158 3557 1284 3611; x_wconf 82' lang='lat' dir='ltr'><strong>huic</strong></span> <span class='ocrx_word' id='word_1_500' title='bbox 1305 3556 1707 3627; x_wconf 87' lang='lat' dir='ltr'><strong>quodammodo</strong></span> <span class='ocrx_word' id='word_1_501' title='bbox 1737 3572 1834 3626; x_wconf 92' lang='lat' dir='ltr'><strong>pro</strong></span> 
     </span>
    </p>
   </div>
   <div class='ocr_carea' id='block_1_65' title="bbox 246 3648 1831 3719">
    <p class='ocr_par' dir='ltr' id='par_1_65' title="bbox 246 3648 1831 3719">
     <span class='ocr_line' id='line_1_65' title="bbox 246 3648 1831 3719; baseline -0.002 -15"><span class='ocrx_word' id='word_1_502' title='bbox 246 3652 603 3706; x_wconf 83' lang='lat' dir='ltr'><strong>futidamento</strong></span> <span class='ocrx_word' id='word_1_503' title='bbox 652 3652 814 3705; x_wconf 90' lang='lat' dir='ltr'><strong>fuisse</strong></span> <span class='ocrx_word' id='word_1_504' title='bbox 838 3693 854 3719; x_wconf 98' lang='lat'><strong>,</strong></span> <span class='ocrx_word' id='word_1_505' title='bbox 898 3666 1000 3704; x_wconf 92' lang='lat' dir='ltr'><strong>nec</strong></span> <span class='ocrx_word' id='word_1_506' title='bbox 1033 3660 1217 3703; x_wconf 88' lang='lat' dir='ltr'><strong>tamen</strong></span> <span class='ocrx_word' id='word_1_507' title='bbox 1251 3663 1347 3717; x_wconf 92' lang='lat' dir='ltr'><strong>per</strong></span> <span class='ocrx_word' id='word_1_508' title='bbox 1379 3648 1561 3702; x_wconf 86' lang='lat' dir='ltr'><strong>omnia</strong></span> <span class='ocrx_word' id='word_1_509' title='bbox 1589 3662 1710 3702; x_wconf 86' lang='lat' dir='ltr'><strong>esse</strong></span> <span class='ocrx_word' id='word_1_510' title='bbox 1736 3648 1831 3701; x_wconf 85' lang='lat' dir='ltr'><strong>de—</strong></span> 
     </span>
    </p>
   </div>
   <div class='ocr_carea' id='block_1_66' title="bbox 246 3738 1834 3810">
    <p class='ocr_par' dir='ltr' id='par_1_66' title="bbox 246 3738 1834 3810">
     <span class='ocr_line' id='line_1_66' title="bbox 246 3738 1834 3810; baseline -0.001 -15"><span class='ocrx_word' id='word_1_511' title='bbox 246 3742 502 3809; x_wconf 86' lang='lat' dir='ltr'><strong>scriptam</strong></span> <span class='ocrx_word' id='word_1_512' title='bbox 528 3782 541 3807; x_wconf 95' lang='lat'><strong>,</strong></span> <span class='ocrx_word' id='word_1_513' title='bbox 582 3741 679 3795; x_wconf 90' lang='lat' dir='ltr'><strong>sed</strong></span> <span class='ocrx_word' id='word_1_514' title='bbox 704 3752 760 3793; x_wconf 92' lang='lat' dir='ltr'><strong>ut</strong></span> <span class='ocrx_word' id='word_1_515' title='bbox 789 3740 1017 3810; x_wconf 60' lang='lat' dir='ltr'><strong>quaestui</strong></span> <span class='ocrx_word' id='word_1_516' title='bbox 1049 3738 1628 3794; x_wconf 82' lang='lat' dir='ltr'><strong>convenientiSsimum</strong></span> <span class='ocrx_word' id='word_1_517' title='bbox 1660 3740 1834 3793; x_wconf 90' lang='lat' dir='ltr'><strong>visum</strong></span> 
     </span>
    </p>
   </div>
   <div class='ocr_carea' id='block_1_67' title="bbox 246 3832 1832 3902">
    <p class='ocr_par' dir='ltr' id='par_1_67' title="bbox 246 3832 1832 3902">
     <span class='ocr_line' id='line_1_67' title="bbox 246 3832 1832 3902; baseline 0 -17"><span class='ocrx_word' id='word_1_518' title='bbox 246 3845 419 3898; x_wconf 88' lang='lat' dir='ltr'><strong>esset,</strong></span> <span class='ocrx_word' id='word_1_519' title='bbox 469 3843 535 3889; x_wconf 83' lang='lat' dir='ltr'><strong>et</strong></span> <span class='ocrx_word' id='word_1_520' title='bbox 586 3834 854 3898; x_wconf 88' lang='lat' dir='ltr'><strong>consilio,</strong></span> <span class='ocrx_word' id='word_1_521' title='bbox 897 3833 1041 3902; x_wconf 89' lang='lat' dir='ltr'><strong>quod</strong></span> <span class='ocrx_word' id='word_1_522' title='bbox 1077 3832 1354 3901; x_wconf 89' lang='lat' dir='ltr'><strong>professus</strong></span> <span class='ocrx_word' id='word_1_523' title='bbox 1402 3842 1485 3886; x_wconf 91' lang='lat' dir='ltr'><strong>est</strong></span> <span class='ocrx_word' id='word_1_524' title='bbox 1513 3832 1832 3901; x_wconf 90' lang='lat' dir='ltr'><strong>bibliopola,</strong></span> 
     </span>
    </p>
   </div>
   <div class='ocr_carea' id='block_1_68' title="bbox 246 3925 1837 3993">
    <p class='ocr_par' dir='ltr' id='par_1_68' title="bbox 246 3925 1837 3993">
     <span class='ocr_line' id='line_1_68' title="bbox 246 3925 1837 3993; baseline 0.003 -18"><span class='ocrx_word' id='word_1_525' title='bbox 246 3936 445 3993; x_wconf 85' lang='lat' dir='ltr'><strong>aptum,</strong></span> <span class='ocrx_word' id='word_1_526' title='bbox 478 3925 609 3980; x_wconf 85' lang='lat' dir='ltr'><strong>aliis</strong></span> <span class='ocrx_word' id='word_1_527' title='bbox 637 3927 902 3993; x_wconf 88' lang='lat' dir='ltr'><strong>demptis,</strong></span> <span class='ocrx_word' id='word_1_528' title='bbox 936 3937 990 3979; x_wconf 92' lang='lat' dir='ltr'><strong>et</strong></span> <span class='ocrx_word' id='word_1_529' title='bbox 1015 3926 1238 3979; x_wconf 92' lang='lat' dir='ltr'><strong>mutatis</strong></span> <span class='ocrx_word' id='word_1_530' title='bbox 1264 3925 1403 3978; x_wconf 90' lang='lat' dir='ltr'><strong>aliis.</strong></span> <span class='ocrx_word' id='word_1_531' title='bbox 1452 3926 1543 3981; x_wconf 92' lang='lat' dir='ltr'><strong>Sic</strong></span> <span class='ocrx_word' id='word_1_532' title='bbox 1566 3928 1837 3979; x_wconf 89' lang='lat' dir='ltr'><strong>accessio-</strong></span> 
     </span>
    </p>
   </div>
   <div class='ocr_carea' id='block_1_69' title="bbox 247 4015 1835 4088">
    <p class='ocr_par' dir='ltr' id='par_1_69' title="bbox 247 4015 1835 4088">
     <span class='ocr_line' id='line_1_69' title="bbox 247 4015 1835 4088; baseline 0.001 -19"><span class='ocrx_word' id='word_1_533' title='bbox 247 4032 334 4071; x_wconf 89' lang='lat' dir='ltr'><strong>nes</strong></span> <span class='ocrx_word' id='word_1_534' title='bbox 359 4059 374 4081; x_wconf 88' lang='lat'><strong>,</strong></span> <span class='ocrx_word' id='word_1_535' title='bbox 427 4034 563 4088; x_wconf 71' lang='lat' dir='ltr'><strong>qua:</strong></span> <span class='ocrx_word' id='word_1_536' title='bbox 590 4019 644 4072; x_wconf 91' lang='lat' dir='ltr'><strong>in</strong></span> <span class='ocrx_word' id='word_1_537' title='bbox 676 4019 831 4071; x_wconf 88' lang='lat' dir='ltr'><strong>titulo</strong></span> <span class='ocrx_word' id='word_1_538' title='bbox 854 4018 1152 4086; x_wconf 86' lang='lat' dir='ltr'><strong>jactantur,</strong></span> <span class='ocrx_word' id='word_1_539' title='bbox 1197 4020 1306 4085; x_wconf 88' lang='lat' dir='ltr'><strong>jatn</strong></span> <span class='ocrx_word' id='word_1_540' title='bbox 1347 4015 1538 4070; x_wconf 66' lang='lat' dir='ltr'><strong>iisdem</strong></span> <span class='ocrx_word' id='word_1_541' title='bbox 1567 4019 1750 4072; x_wconf 83' lang='lat' dir='ltr'><strong>verbis</strong></span> <span class='ocrx_word' id='word_1_542' title='bbox 1779 4018 1835 4071; x_wconf 89' lang='lat' dir='ltr'><strong>in</strong></span> 
     </span>
    </p>
   </div>
   <div class='ocr_carea' id='block_1_70' title="bbox 245 4107 1838 4177">
    <p class='ocr_par' dir='ltr' id='par_1_70' title="bbox 245 4107 1838 4177">
     <span class='ocr_line' id='line_1_70' title="bbox 245 4107 1838 4177; baseline 0.002 -19"><span class='ocrx_word' id='word_1_543' title='bbox 245 4111 529 4175; x_wconf 83' lang='lat' dir='ltr'><strong>soperiore</strong></span> <span class='ocrx_word' id='word_1_544' title='bbox 560 4109 821 4177; x_wconf 90' lang='lat' dir='ltr'><strong>promitti,</strong></span> <span class='ocrx_word' id='word_1_545' title='bbox 844 4118 1005 4177; x_wconf 89' lang='lat' dir='ltr'><strong>atque</strong></span> <span class='ocrx_word' id='word_1_546' title='bbox 1037 4108 1293 4171; x_wconf 90' lang='lat' dir='ltr'><strong>iudicem,</strong></span> <span class='ocrx_word' id='word_1_547' title='bbox 1321 4107 1477 4161; x_wconf 91' lang='lat' dir='ltr'><strong>titulo</strong></span> <span class='ocrx_word' id='word_1_548' title='bbox 1500 4117 1705 4162; x_wconf 87' lang='lat' dir='ltr'><strong>tantum</strong></span> <span class='ocrx_word' id='word_1_549' title='bbox 1737 4109 1838 4161; x_wconf 88' lang='lat' dir='ltr'><strong>im-</strong></span> 
     </span>
    </p>
   </div>
   <div class='ocr_carea' id='block_1_71' title="bbox 246 4199 1836 4270">
    <p class='ocr_par' dir='ltr' id='par_1_71' title="bbox 246 4199 1836 4270">
     <span class='ocr_line' id='line_1_71' title="bbox 246 4199 1836 4270; baseline 0.004 -21"><span class='ocrx_word' id='word_1_550' title='bbox 246 4208 447 4254; x_wconf 83' lang='lat' dir='ltr'><strong>molato</strong></span> <span class='ocrx_word' id='word_1_551' title='bbox 491 4209 552 4255; x_wconf 88' lang='lat' dir='ltr'><strong>et</strong></span> <span class='ocrx_word' id='word_1_552' title='bbox 588 4200 764 4255; x_wconf 87' lang='lat' dir='ltr'><strong>deleto</strong></span> <span class='ocrx_word' id='word_1_553' title='bbox 798 4199 1067 4269; x_wconf 88' lang='lat' dir='ltr'><strong>imprimis</strong></span> <span class='ocrx_word' id='word_1_554' title='bbox 1109 4201 1347 4253; x_wconf 88' lang='lat' dir='ltr'><strong>auctoris</strong></span> <span class='ocrx_word' id='word_1_555' title='bbox 1388 4199 1641 4262; x_wconf 90' lang='lat' dir='ltr'><strong>nomine,</strong></span> <span class='ocrx_word' id='word_1_556' title='bbox 1675 4201 1836 4270; x_wconf 86' lang='lat' dir='ltr'><strong>plane</strong></span> 
     </span>
    </p>
   </div>
   <div class='ocr_carea' id='block_1_72' title="bbox 245 4287 1837 4361">
    <p class='ocr_par' dir='ltr' id='par_1_72' title="bbox 245 4287 1837 4361">
     <span class='ocr_line' id='line_1_72' title="bbox 245 4287 1837 4361; baseline 0.003 -21"><span class='ocrx_word' id='word_1_557' title='bbox 245 4292 306 4341; x_wconf 88' lang='lat' dir='ltr'><strong>ab</strong></span> <span class='ocrx_word' id='word_1_558' title='bbox 342 4291 546 4345; x_wconf 88' lang='lat' dir='ltr'><strong>eadem</strong></span> <span class='ocrx_word' id='word_1_559' title='bbox 590 4291 933 4361; x_wconf 90' lang='lat' dir='ltr'><strong>desumptum</strong></span> <span class='ocrx_word' id='word_1_560' title='bbox 976 4306 1131 4355; x_wconf 89' lang='lat' dir='ltr'><strong>esse,</strong></span> <span class='ocrx_word' id='word_1_561' title='bbox 1171 4287 1671 4345; x_wconf 83' lang='lat' dir='ltr'><strong>ostendit.’Contra</strong></span> <span class='ocrx_word' id='word_1_562' title='bbox 1702 4305 1837 4345; x_wconf 84' lang='lat' dir='ltr'><strong>vero</strong></span> 
     </span>
    </p>
   </div>
   <div class='ocr_carea' id='block_1_73' title="bbox 247 4378 1838 4444">
    <p class='ocr_par' dir='ltr' id='par_1_73' title="bbox 247 4378 1838 4444">
     <span class='ocr_line' id='line_1_73' title="bbox 247 4378 1838 4444; baseline 0.001 -13"><span class='ocrx_word' id='word_1_563' title='bbox 247 4380 294 4431; x_wconf 90' lang='lat' dir='ltr'><strong>in</strong></span> <span class='ocrx_word' id='word_1_564' title='bbox 325 4383 518 4436; x_wconf 87' lang='lat' dir='ltr'><strong>multis</strong></span> <span class='ocrx_word' id='word_1_565' title='bbox 547 4385 708 4435; x_wconf 88' lang='lat' dir='ltr'><strong>etiam</strong></span> <span class='ocrx_word' id='word_1_566' title='bbox 742 4381 999 4436; x_wconf 88' lang='lat' dir='ltr'><strong>recedere</strong></span> <span class='ocrx_word' id='word_1_567' title='bbox 1024 4381 1091 4435; x_wconf 90' lang='lat' dir='ltr'><strong>ab</strong></span> <span class='ocrx_word' id='word_1_568' title='bbox 1121 4380 1207 4433; x_wconf 88' lang='lat' dir='ltr'><strong>illa</strong></span> <span class='ocrx_word' id='word_1_569' title='bbox 1241 4378 1645 4444; x_wconf 78' lang='lat' dir='ltr'><strong>animadvertit,</strong></span> <span class='ocrx_word' id='word_1_570' title='bbox 1672 4380 1838 4434; x_wconf 90' lang='lat' dir='ltr'><strong>omis-</strong></span> 
     </span>
    </p>
   </div>
   <div class='ocr_carea' id='block_1_74' title="bbox 245 4469 1834 4541">
    <p class='ocr_par' dir='ltr' id='par_1_74' title="bbox 245 4469 1834 4541">
     <span class='ocr_line' id='line_1_74' title="bbox 245 4469 1834 4541; baseline 0 -16"><span class='ocrx_word' id='word_1_571' title='bbox 245 4474 315 4525; x_wconf 82' lang='lat' dir='ltr'><strong>sis</strong></span> <span class='ocrx_word' id='word_1_572' title='bbox 336 4485 390 4528; x_wconf 90' lang='lat' dir='ltr'><strong>et</strong></span> <span class='ocrx_word' id='word_1_573' title='bbox 418 4474 597 4527; x_wconf 85' lang='lat' dir='ltr'><strong>illatis</strong></span> <span class='ocrx_word' id='word_1_574' title='bbox 625 4481 731 4526; x_wconf 90' lang='lat' dir='ltr'><strong>tam</strong></span> <span class='ocrx_word' id='word_1_575' title='bbox 764 4473 992 4541; x_wconf 86' lang='lat' dir='ltr'><strong>singulis</strong></span> <span class='ocrx_word' id='word_1_576' title='bbox 1014 4471 1238 4526; x_wconf 85' lang='lat' dir='ltr'><strong>vocibus</strong></span> <span class='ocrx_word' id='word_1_577' title='bbox 1262 4512 1275 4535; x_wconf 92' lang='lat'><strong>,</strong></span> <span class='ocrx_word' id='word_1_578' title='bbox 1331 4486 1490 4536; x_wconf 85' lang='lat' dir='ltr'><strong>quam</strong></span> <span class='ocrx_word' id='word_1_579' title='bbox 1522 4469 1722 4525; x_wconf 89' lang='lat' dir='ltr'><strong>libellis</strong></span> <span class='ocrx_word' id='word_1_580' title='bbox 1750 4472 1834 4525; x_wconf 89' lang='lat' dir='ltr'><strong>in-</strong></span> 
     </span>
    </p>
   </div>
   <div class='ocr_carea' id='block_1_75' title="bbox 1938 3282 3523 3353">
    <p class='ocr_par' dir='ltr' id='par_1_75' title="bbox 1938 3282 3523 3353">
     <span class='ocr_line' id='line_1_75' title="bbox 1938 3282 3523 3353; baseline 0.001 -16"><span class='ocrx_word' id='word_1_581' title='bbox 1938 3282 2023 3336; x_wconf 79' lang='grc' dir='ltr'><em>ΧΙ</em></span> <span class='ocrx_word' id='word_1_582' title='bbox 2047 3284 2213 3337; x_wconf 82' lang='lat' dir='ltr'><strong>tomis.</strong></span> <span class='ocrx_word' id='word_1_583' title='bbox 2244 3282 2421 3352; x_wconf 89' lang='lat' dir='ltr'><strong>Opera</strong></span> <span class='ocrx_word' id='word_1_584' title='bbox 2450 3283 2558 3336; x_wconf 88' lang='lat' dir='ltr'><strong>divi</strong></span> <span class='ocrx_word' id='word_1_585' title='bbox 2589 3282 2794 3336; x_wconf 87' lang='lat' dir='ltr'><strong>Aurelii</strong></span> <span class='ocrx_word' id='word_1_586' title='bbox 2825 3283 3130 3351; x_wconf 81' lang='lat' dir='ltr'><strong>Augustini,</strong></span> <span class='ocrx_word' id='word_1_587' title='bbox 3162 3283 3523 3353; x_wconf 84' lang='lat' dir='ltr'><strong>Hipponensis</strong></span> 
     </span>
    </p>
   </div>
   <div class='ocr_carea' id='block_1_76' title="bbox 1938 3374 3524 3447">
    <p class='ocr_par' dir='ltr' id='par_1_76' title="bbox 1938 3374 3524 3447">
     <span class='ocr_line' id='line_1_76' title="bbox 1938 3374 3524 3447; baseline -0.001 -16"><span class='ocrx_word' id='word_1_588' title='bbox 1938 3377 2175 3447; x_wconf 87' lang='lat' dir='ltr'><strong>episcopi</strong></span> <span class='ocrx_word' id='word_1_589' title='bbox 2205 3385 2262 3431; x_wconf 90' lang='lat' dir='ltr'><strong>et</strong></span> <span class='ocrx_word' id='word_1_590' title='bbox 2290 3376 2532 3432; x_wconf 71' lang='lat' dir='ltr'><strong>doctoris</strong></span> <span class='ocrx_word' id='word_1_591' title='bbox 2564 3374 2844 3444; x_wconf 66' lang='lat' dir='ltr'><strong>prmeipui,</strong></span> <span class='ocrx_word' id='word_1_592' title='bbox 2872 3379 3031 3429; x_wconf 88' lang='lat' dir='ltr'><strong>tomis</strong></span> <span class='ocrx_word' id='word_1_593' title='bbox 3058 3378 3244 3431; x_wconf 90' lang='lat' dir='ltr'><strong>deeetn</strong></span> <span class='ocrx_word' id='word_1_594' title='bbox 3277 3390 3524 3445; x_wconf 91' lang='lat' dir='ltr'><strong>compre-</strong></span> 
     </span>
    </p>
   </div>
   <div class='ocr_carea' id='block_1_77' title="bbox 1941 3467 3518 3538">
    <p class='ocr_par' dir='ltr' id='par_1_77' title="bbox 1941 3467 3518 3538">
     <span class='ocr_line' id='line_1_77' title="bbox 1941 3467 3518 3538; baseline 0.001 -17"><span class='ocrx_word' id='word_1_595' title='bbox 1941 3468 2131 3531; x_wconf 88' lang='lat' dir='ltr'><strong>hensa,</strong></span> <span class='ocrx_word' id='word_1_596' title='bbox 2182 3483 2277 3534; x_wconf 83' lang='lat' dir='ltr'><strong>per</strong></span> <span class='ocrx_word' id='word_1_597' title='bbox 2308 3468 2591 3537; x_wconf 90' lang='lat' dir='ltr'><strong>theologos</strong></span> <span class='ocrx_word' id='word_1_598' title='bbox 2633 3467 3003 3522; x_wconf 90' lang='lat' dir='ltr'><strong>Lovauienses</strong></span> <span class='ocrx_word' id='word_1_599' title='bbox 3033 3484 3100 3521; x_wconf 81' lang='lat' dir='ltr'><strong>ex</strong></span> <span class='ocrx_word' id='word_1_600' title='bbox 3131 3468 3518 3538; x_wconf 90' lang='lat' dir='ltr'><strong>manuscriptis</strong></span> 
     </span>
    </p>
   </div>
   <div class='ocr_carea' id='block_1_78' title="bbox 1938 3558 3527 3626">
    <p class='ocr_par' dir='ltr' id='par_1_78' title="bbox 1938 3558 3527 3626">
     <span class='ocr_line' id='line_1_78' title="bbox 1938 3558 3527 3626; baseline 0.002 -14"><span class='ocrx_word' id='word_1_601' title='bbox 1938 3559 2216 3614; x_wconf 90' lang='lat' dir='ltr'><strong>codicibus</strong></span> <span class='ocrx_word' id='word_1_602' title='bbox 2247 3560 2417 3613; x_wconf 90' lang='lat' dir='ltr'><strong>multo</strong></span> <span class='ocrx_word' id='word_1_603' title='bbox 2447 3558 2633 3614; x_wconf 89' lang='lat' dir='ltr'><strong>labore</strong></span> <span class='ocrx_word' id='word_1_604' title='bbox 2662 3558 2952 3613; x_wconf 89' lang='lat' dir='ltr'><strong>emendata</strong></span> <span class='ocrx_word' id='word_1_605' title='bbox 2978 3601 2993 3626; x_wconf 94' lang='lat'><strong>,</strong></span> <span class='ocrx_word' id='word_1_606' title='bbox 3047 3567 3103 3614; x_wconf 89' lang='lat' dir='ltr'><strong>et</strong></span> <span class='ocrx_word' id='word_1_607' title='bbox 3130 3560 3198 3615; x_wconf 87' lang='lat' dir='ltr'><strong>ab</strong></span> <span class='ocrx_word' id='word_1_608' title='bbox 3224 3561 3527 3615; x_wconf 87' lang='lat' dir='ltr'><strong>innumeris</strong></span> 
     </span>
    </p>
   </div>
   <div class='ocr_carea' id='block_1_79' title="bbox 1939 3649 3527 3723">
    <p class='ocr_par' dir='ltr' id='par_1_79' title="bbox 1939 3649 3527 3723">
     <span class='ocr_line' id='line_1_79' title="bbox 1939 3649 3527 3723; baseline 0.002 -15"><span class='ocrx_word' id='word_1_609' title='bbox 1939 3649 2218 3709; x_wconf 82' lang='lat' dir='ltr'><strong>erroribus</strong></span> <span class='ocrx_word' id='word_1_610' title='bbox 2240 3656 2530 3721; x_wconf 87' lang='lat' dir='ltr'><strong>vindicata;</strong></span> <span class='ocrx_word' id='word_1_611' title='bbox 2557 3655 2824 3709; x_wconf 78' lang='lat' dir='ltr'><strong>illuStrata</strong></span> <span class='ocrx_word' id='word_1_612' title='bbox 2855 3665 3117 3723; x_wconf 71' lang='lat' dir='ltr'><strong>prmterea</strong></span> <span class='ocrx_word' id='word_1_613' title='bbox 3144 3656 3374 3712; x_wconf 87' lang='lat' dir='ltr'><strong>eruditis</strong></span> <span class='ocrx_word' id='word_1_614' title='bbox 3396 3670 3527 3711; x_wconf 91' lang='lat' dir='ltr'><strong>cen-</strong></span> 
     </span>
    </p>
   </div>
   <div class='ocr_carea' id='block_1_80' title="bbox 1939 3745 3523 3816">
    <p class='ocr_par' dir='ltr' id='par_1_80' title="bbox 1939 3745 3523 3816">
     <span class='ocr_line' id='line_1_80' title="bbox 1939 3745 3523 3816; baseline 0.001 -17"><span class='ocrx_word' id='word_1_615' title='bbox 1939 3745 2080 3799; x_wconf 89' lang='lat' dir='ltr'><strong>suris</strong></span> <span class='ocrx_word' id='word_1_616' title='bbox 2108 3755 2161 3800; x_wconf 90' lang='lat' dir='ltr'><strong>et</strong></span> <span class='ocrx_word' id='word_1_617' title='bbox 2209 3748 2536 3816; x_wconf 87' lang='lat' dir='ltr'><strong>locupletata</strong></span> <span class='ocrx_word' id='word_1_618' title='bbox 2583 3746 2768 3799; x_wconf 90' lang='lat' dir='ltr'><strong>multis</strong></span> <span class='ocrx_word' id='word_1_619' title='bbox 2802 3745 3039 3799; x_wconf 91' lang='lat' dir='ltr'><strong>homiliis</strong></span> <span class='ocrx_word' id='word_1_620' title='bbox 3079 3754 3135 3800; x_wconf 92' lang='lat' dir='ltr'><strong>et</strong></span> <span class='ocrx_word' id='word_1_621' title='bbox 3165 3746 3374 3815; x_wconf 87' lang='lat' dir='ltr'><strong>aliquot</strong></span> <span class='ocrx_word' id='word_1_622' title='bbox 3404 3749 3523 3815; x_wconf 86' lang='lat' dir='ltr'><strong>epi-</strong></span> 
     </span>
    </p>
   </div>
   <div class='ocr_carea' id='block_1_81' title="bbox 1940 3836 3523 3906">
    <p class='ocr_par' dir='ltr' id='par_1_81' title="bbox 1940 3836 3523 3906">
     <span class='ocr_line' id='line_1_81' title="bbox 1940 3836 3523 3906; baseline 0.001 -15"><span class='ocrx_word' id='word_1_623' title='bbox 1940 3837 2095 3891; x_wconf 90' lang='lat' dir='ltr'><strong>stolis</strong></span> <span class='ocrx_word' id='word_1_624' title='bbox 2145 3837 2387 3906; x_wconf 89' lang='lat' dir='ltr'><strong>ejusdem</strong></span> <span class='ocrx_word' id='word_1_625' title='bbox 2444 3838 2595 3892; x_wconf 88' lang='lat' dir='ltr'><strong>Beati</strong></span> <span class='ocrx_word' id='word_1_626' title='bbox 2642 3836 2966 3906; x_wconf 87' lang='lat' dir='ltr'><strong>Augustini,</strong></span> <span class='ocrx_word' id='word_1_627' title='bbox 3018 3848 3176 3892; x_wconf 85' lang='lat' dir='ltr'><strong>antea</strong></span> <span class='ocrx_word' id='word_1_628' title='bbox 3204 3852 3317 3892; x_wconf 89' lang='lat' dir='ltr'><strong>non</strong></span> <span class='ocrx_word' id='word_1_629' title='bbox 3342 3838 3523 3894; x_wconf 85' lang='lat' dir='ltr'><strong>editis.</strong></span> 
     </span>
    </p>
   </div>
   <div class='ocr_carea' id='block_1_82' title="bbox 1940 3927 2603 3997">
    <p class='ocr_par' dir='ltr' id='par_1_82' title="bbox 1940 3927 2603 3997">
     <span class='ocr_line' id='line_1_82' title="bbox 1940 3927 2603 3997; baseline 0 -15"><span class='ocrx_word' id='word_1_630' title='bbox 1940 3927 2073 3982; x_wconf 90' lang='lat' dir='ltr'><strong>Cum</strong></span> <span class='ocrx_word' id='word_1_631' title='bbox 2104 3928 2279 3983; x_wconf 90' lang='lat' dir='ltr'><strong>indice</strong></span> <span class='ocrx_word' id='word_1_632' title='bbox 2310 3930 2603 3997; x_wconf 55' lang='lat' dir='ltr'><strong>tripartito;</strong></span> 
     </span>
    </p>
   </div>
   <div class='ocr_carea' id='block_1_83' title="bbox 2010 4019 3524 4090">
    <p class='ocr_par' dir='ltr' id='par_1_83' title="bbox 2010 4019 3524 4090">
     <span class='ocr_line' id='line_1_83' title="bbox 2010 4019 3524 4090; baseline 0.001 -18"><span class='ocrx_word' id='word_1_633' title='bbox 2010 4020 2144 4073; x_wconf 90' lang='lat' dir='ltr'><strong>Cum</strong></span> <span class='ocrx_word' id='word_1_634' title='bbox 2192 4021 2420 4089; x_wconf 86' lang='lat' dir='ltr'><strong>singulis</strong></span> <span class='ocrx_word' id='word_1_635' title='bbox 2472 4022 2634 4075; x_wconf 90' lang='lat' dir='ltr'><strong>tomis</strong></span> <span class='ocrx_word' id='word_1_636' title='bbox 2680 4020 2983 4090; x_wconf 87' lang='lat' dir='ltr'><strong>peculiares</strong></span> <span class='ocrx_word' id='word_1_637' title='bbox 3034 4020 3239 4075; x_wconf 73' lang='lat' dir='ltr'><strong>addita:</strong></span> <span class='ocrx_word' id='word_1_638' title='bbox 3280 4019 3411 4085; x_wconf 89' lang='lat' dir='ltr'><strong>sint,</strong></span> <span class='ocrx_word' id='word_1_639' title='bbox 3454 4023 3524 4075; x_wconf 86' lang='lat' dir='ltr'><strong>ab</strong></span> 
     </span>
    </p>
   </div>
   <div class='ocr_carea' id='block_1_84' title="bbox 1944 4110 3527 4183">
    <p class='ocr_par' dir='ltr' id='par_1_84' title="bbox 1944 4110 3527 4183">
     <span class='ocr_line' id='line_1_84' title="bbox 1944 4110 3527 4183; baseline 0.003 -20"><span class='ocrx_word' id='word_1_640' title='bbox 1944 4111 2273 4165; x_wconf 86' lang='lat' dir='ltr'><strong>Erasmianis</strong></span> <span class='ocrx_word' id='word_1_641' title='bbox 2300 4110 2413 4165; x_wconf 90' lang='lat' dir='ltr'><strong>fere</strong></span> <span class='ocrx_word' id='word_1_642' title='bbox 2438 4111 2742 4183; x_wconf 70' lang='lat' dir='ltr'><strong>desumpta:</strong></span> <span class='ocrx_word' id='word_1_643' title='bbox 2770 4112 3156 4181; x_wconf 83' lang='lat' dir='ltr'><strong>inscriptiones</strong></span> <span class='ocrx_word' id='word_1_644' title='bbox 3182 4153 3197 4177; x_wconf 94' lang='lat'><strong>,</strong></span> <span class='ocrx_word' id='word_1_645' title='bbox 3223 4111 3313 4167; x_wconf 92' lang='lat' dir='ltr'><strong>hic</strong></span> <span class='ocrx_word' id='word_1_646' title='bbox 3343 4121 3527 4167; x_wconf 88' lang='lat' dir='ltr'><strong>tamen</strong></span> 
     </span>
    </p>
   </div>
   <div class='ocr_carea' id='block_1_85' title="bbox 1939 4203 3528 4276">
    <p class='ocr_par' dir='ltr' id='par_1_85' title="bbox 1939 4203 3528 4276">
     <span class='ocr_line' id='line_1_85' title="bbox 1939 4203 3528 4276; baseline 0.002 -20"><span class='ocrx_word' id='word_1_647' title='bbox 1939 4203 2214 4272; x_wconf 88' lang='lat' dir='ltr'><strong>generalis</strong></span> <span class='ocrx_word' id='word_1_648' title='bbox 2242 4204 2426 4259; x_wconf 89' lang='lat' dir='ltr'><strong>titulus</strong></span> <span class='ocrx_word' id='word_1_649' title='bbox 2450 4204 2744 4274; x_wconf 69' lang='lat' dir='ltr'><strong>prmligitur</strong></span> <span class='ocrx_word' id='word_1_650' title='bbox 2772 4206 3032 4261; x_wconf 89' lang='lat' dir='ltr'><strong>volumini</strong></span> <span class='ocrx_word' id='word_1_651' title='bbox 3056 4246 3072 4272; x_wconf 91' lang='lat'><strong>,</strong></span> <span class='ocrx_word' id='word_1_652' title='bbox 3102 4206 3247 4276; x_wconf 89' lang='lat' dir='ltr'><strong>quod</strong></span> <span class='ocrx_word' id='word_1_653' title='bbox 3278 4207 3528 4260; x_wconf 88' lang='lat' dir='ltr'><strong>ultimum</strong></span> 
     </span>
    </p>
   </div>
   <div class='ocr_carea' id='block_1_86' title="bbox 1942 4293 3531 4367">
    <p class='ocr_par' dir='ltr' id='par_1_86' title="bbox 1942 4293 3531 4367">
     <span class='ocr_line' id='line_1_86' title="bbox 1942 4293 3531 4367; baseline 0.003 -20"><span class='ocrx_word' id='word_1_654' title='bbox 1942 4304 2090 4348; x_wconf 91' lang='lat' dir='ltr'><strong>recte</strong></span> <span class='ocrx_word' id='word_1_655' title='bbox 2116 4293 2345 4361; x_wconf 90' lang='lat' dir='ltr'><strong>diceres,</strong></span> <span class='ocrx_word' id='word_1_656' title='bbox 2372 4296 2497 4363; x_wconf 92' lang='lat' dir='ltr'><strong>nisi,</strong></span> <span class='ocrx_word' id='word_1_657' title='bbox 2525 4305 2584 4351; x_wconf 93' lang='lat' dir='ltr'><strong>ut</strong></span> <span class='ocrx_word' id='word_1_658' title='bbox 2613 4300 2715 4351; x_wconf 90' lang='lat' dir='ltr'><strong>hoc</strong></span> <span class='ocrx_word' id='word_1_659' title='bbox 2746 4297 2862 4367; x_wconf 89' lang='lat' dir='ltr'><strong>ipso</strong></span> <span class='ocrx_word' id='word_1_660' title='bbox 2894 4308 3061 4367; x_wconf 89' lang='lat' dir='ltr'><strong>patet,</strong></span> <span class='ocrx_word' id='word_1_661' title='bbox 3098 4297 3323 4367; x_wconf 90' lang='lat' dir='ltr'><strong>reliquis</strong></span> <span class='ocrx_word' id='word_1_662' title='bbox 3349 4299 3531 4352; x_wconf 91' lang='lat' dir='ltr'><strong>omni-</strong></span> 
     </span>
    </p>
   </div>
   <div class='ocr_carea' id='block_1_87' title="bbox 1944 4384 3529 4456">
    <p class='ocr_par' dir='ltr' id='par_1_87' title="bbox 1944 4384 3529 4456">
     <span class='ocr_line' id='line_1_87' title="bbox 1944 4384 3529 4456; baseline 0.004 -19"><span class='ocrx_word' id='word_1_663' title='bbox 1944 4384 2043 4438; x_wconf 91' lang='lat' dir='ltr'><strong>bus</strong></span> <span class='ocrx_word' id='word_1_664' title='bbox 2094 4387 2335 4456; x_wconf 74' lang='lat' dir='ltr'><strong>prteponi</strong></span> <span class='ocrx_word' id='word_1_665' title='bbox 2375 4387 2639 4451; x_wconf 89' lang='lat' dir='ltr'><strong>deberet,</strong></span> <span class='ocrx_word' id='word_1_666' title='bbox 2670 4388 2876 4445; x_wconf 89' lang='lat' dir='ltr'><strong>indices</strong></span> <span class='ocrx_word' id='word_1_667' title='bbox 2903 4405 3023 4444; x_wconf 90' lang='lat' dir='ltr'><strong>cum</strong></span> <span class='ocrx_word' id='word_1_668' title='bbox 3055 4389 3289 4443; x_wconf 80' lang='lat' dir='ltr'><strong>Possidii</strong></span> <span class='ocrx_word' id='word_1_669' title='bbox 3320 4390 3439 4444; x_wconf 80' lang='lat' dir='ltr'><strong>Vita</strong></span> <span class='ocrx_word' id='word_1_670' title='bbox 3472 4401 3529 4443; x_wconf 89' lang='lat' dir='ltr'><strong>et</strong></span> 
     </span>
    </p>
   </div>
   <div class='ocr_carea' id='block_1_88' title="bbox 1943 4475 3531 4549">
    <p class='ocr_par' dir='ltr' id='par_1_88' title="bbox 1943 4475 3531 4549">
     <span class='ocr_line' id='line_1_88' title="bbox 1943 4475 3531 4549; baseline 0.003 -21"><span class='ocrx_word' id='word_1_671' title='bbox 1943 4475 2180 4529; x_wconf 90' lang='lat' dir='ltr'><strong>indieulo</strong></span> <span class='ocrx_word' id='word_1_672' title='bbox 2230 4478 2550 4546; x_wconf 88' lang='lat' dir='ltr'><strong>scriptorum</strong></span> <span class='ocrx_word' id='word_1_673' title='bbox 2606 4480 2917 4549; x_wconf 90' lang='lat' dir='ltr'><strong>Augustini,</strong></span> <span class='ocrx_word' id='word_1_674' title='bbox 2968 4495 3071 4535; x_wconf 91' lang='lat' dir='ltr'><strong>nec</strong></span> <span class='ocrx_word' id='word_1_675' title='bbox 3112 4495 3220 4535; x_wconf 93' lang='lat' dir='ltr'><strong>non</strong></span> <span class='ocrx_word' id='word_1_676' title='bbox 3251 4479 3531 4549; x_wconf 71' lang='lat' dir='ltr'><strong>prmfatio-</strong></span> 
     </span>
    </p>
   </div>
   <div class='ocr_carea' id='block_1_89' title="bbox 250 4556 3529 4645">
    <p class='ocr_par' dir='ltr' id='par_1_89' title="bbox 250 4556 3529 4645">
     <span class='ocr_line' id='line_1_89' title="bbox 250 4556 3529 4645; baseline 0.003 -25"><span class='ocrx_word' id='word_1_677' title='bbox 250 4568 407 4635; x_wconf 85' lang='lat' dir='ltr'><strong>tegris</strong></span> <span class='ocrx_word' id='word_1_678' title='bbox 429 4607 447 4632; x_wconf 95' lang='lat'><strong>,</strong></span> <span class='ocrx_word' id='word_1_679' title='bbox 519 4581 746 4635; x_wconf 90' lang='lat' dir='ltr'><strong>quorum</strong></span> <span class='ocrx_word' id='word_1_680' title='bbox 798 4565 1043 4634; x_wconf 84' lang='lat' dir='ltr'><strong>exempla</strong></span> <span class='ocrx_word' id='word_1_681' title='bbox 1088 4576 1173 4618; x_wconf 92' lang='lat' dir='ltr'><strong>sat</strong></span> <span class='ocrx_word' id='word_1_682' title='bbox 1211 4564 1376 4617; x_wconf 90' lang='lat' dir='ltr'><strong>multa</strong></span> <span class='ocrx_word' id='word_1_683' title='bbox 1407 4564 1475 4617; x_wconf 89' lang='lat' dir='ltr'><strong>ab</strong></span> <span class='ocrx_word' id='word_1_684' title='bbox 1507 4579 1571 4615; x_wconf 88' lang='lat' dir='ltr'><strong>eo</strong></span> <span class='ocrx_word' id='word_1_685' title='bbox 1600 4573 1726 4616; x_wconf 91' lang='lat' dir='ltr'><strong>sunt</strong></span> <span class='ocrx_word' id='word_1_686' title='bbox 1751 4579 1844 4619; x_wconf 77' lang='lat' dir='ltr'><strong>co-</strong></span> <span class='ocrx_word' id='word_1_687' title='bbox 1868 4556 1919 4615; x_wconf 88' lang='lat' dir='ltr'><strong>D</strong></span> <span class='ocrx_word' id='word_1_688' title='bbox 1948 4584 2070 4621; x_wconf 91' lang='lat' dir='ltr'><strong>nem</strong></span> <span class='ocrx_word' id='word_1_689' title='bbox 2090 4612 2104 4635; x_wconf 97' lang='lat'><strong>,</strong></span> <span class='ocrx_word' id='word_1_690' title='bbox 2136 4584 2256 4640; x_wconf 75' lang='lat' dir='ltr'><strong>qua:</strong></span> <span class='ocrx_word' id='word_1_691' title='bbox 2282 4569 2350 4624; x_wconf 91' lang='lat' dir='ltr'><strong>de</strong></span> <span class='ocrx_word' id='word_1_692' title='bbox 2383 4570 2597 4625; x_wconf 88' lang='lat' dir='ltr'><strong>ratione</strong></span> <span class='ocrx_word' id='word_1_693' title='bbox 2630 4572 2795 4626; x_wconf 91' lang='lat' dir='ltr'><strong>totius</strong></span> <span class='ocrx_word' id='word_1_694' title='bbox 2826 4572 3055 4628; x_wconf 90' lang='lat' dir='ltr'><strong>instituti</strong></span> <span class='ocrx_word' id='word_1_695' title='bbox 3086 4575 3344 4645; x_wconf 74' lang='lat' dir='ltr'><strong>exponit,</strong></span> <span class='ocrx_word' id='word_1_696' title='bbox 3377 4588 3529 4629; x_wconf 88' lang='lat' dir='ltr'><strong>com-</strong></span> 
     </span>
    </p>
   </div>
   <div class='ocr_carea' id='block_1_90' title="bbox 246 4661 1839 4733">
    <p class='ocr_par' dir='ltr' id='par_1_90' title="bbox 246 4661 1839 4733">
     <span class='ocr_line' id='line_1_90' title="bbox 246 4661 1839 4733; baseline 0.001 -21"><span class='ocrx_word' id='word_1_697' title='bbox 246 4673 358 4716; x_wconf 89' lang='lat' dir='ltr'><strong>acta</strong></span> <span class='ocrx_word' id='word_1_698' title='bbox 391 4664 705 4733; x_wconf 87' lang='lat' dir='ltr'><strong>quibusque</strong></span> <span class='ocrx_word' id='word_1_699' title='bbox 732 4663 983 4717; x_wconf 91' lang='lat' dir='ltr'><strong>omnibus</strong></span> <span class='ocrx_word' id='word_1_700' title='bbox 1023 4661 1160 4717; x_wconf 84' lang='lat' dir='ltr'><strong>effici</strong></span> <span class='ocrx_word' id='word_1_701' title='bbox 1188 4662 1435 4730; x_wconf 81' lang='lat' dir='ltr'><strong>colligit,</strong></span> <span class='ocrx_word' id='word_1_702' title='bbox 1468 4661 1839 4716; x_wconf 89' lang='lat' dir='ltr'><strong>defensionem</strong></span> 
     </span>
    </p>
   </div>
   <div class='ocr_carea' id='block_1_91' title="bbox 249 4752 1835 4825">
    <p class='ocr_par' dir='ltr' id='par_1_91' title="bbox 249 4752 1835 4825">
     <span class='ocr_line' id='line_1_91' title="bbox 249 4752 1835 4825; baseline 0.002 -21"><span class='ocrx_word' id='word_1_703' title='bbox 249 4752 403 4822; x_wconf 88' lang='lat' dir='ltr'><strong>hujus</strong></span> <span class='ocrx_word' id='word_1_704' title='bbox 434 4756 701 4809; x_wconf 87' lang='lat' dir='ltr'><strong>editionis</strong></span> <span class='ocrx_word' id='word_1_705' title='bbox 728 4772 756 4810; x_wconf 94' lang='lat' dir='ltr'><strong>a</strong></span> <span class='ocrx_word' id='word_1_706' title='bbox 782 4756 1027 4811; x_wconf 89' lang='lat' dir='ltr'><strong>Simonio</strong></span> <span class='ocrx_word' id='word_1_707' title='bbox 1047 4771 1333 4825; x_wconf 88' lang='lat' dir='ltr'><strong>perperam</strong></span> <span class='ocrx_word' id='word_1_708' title='bbox 1358 4770 1481 4810; x_wconf 91' lang='lat' dir='ltr'><strong>esse</strong></span> <span class='ocrx_word' id='word_1_709' title='bbox 1507 4764 1835 4824; x_wconf 88' lang='lat' dir='ltr'><strong>susceptam.</strong></span> 
     </span>
    </p>
   </div>
   <div class='ocr_carea' id='block_1_92' title="bbox 246 4844 1842 4917">
    <p class='ocr_par' dir='ltr' id='par_1_92' title="bbox 246 4844 1842 4917">
     <span class='ocr_line' id='line_1_92' title="bbox 246 4844 1842 4917; baseline 0.001 -19"><span class='ocrx_word' id='word_1_710' title='bbox 246 4844 346 4899; x_wconf 80' lang='lat' dir='ltr'><strong>Nec</strong></span> <span class='ocrx_word' id='word_1_711' title='bbox 378 4862 520 4901; x_wconf 85' lang='lat' dir='ltr'><strong>sane</strong></span> <span class='ocrx_word' id='word_1_712' title='bbox 547 4862 646 4901; x_wconf 91' lang='lat' dir='ltr'><strong>nos</strong></span> <span class='ocrx_word' id='word_1_713' title='bbox 679 4848 959 4913; x_wconf 88' lang='lat' dir='ltr'><strong>videmus,</strong></span> <span class='ocrx_word' id='word_1_714' title='bbox 990 4864 1099 4917; x_wconf 91' lang='lat' dir='ltr'><strong>quo</strong></span> <span class='ocrx_word' id='word_1_715' title='bbox 1127 4848 1394 4902; x_wconf 91' lang='lat' dir='ltr'><strong>meruerit</strong></span> <span class='ocrx_word' id='word_1_716' title='bbox 1421 4846 1733 4911; x_wconf 83' lang='lat' dir='ltr'><strong>Nicolinus,</strong></span> <span class='ocrx_word' id='word_1_717' title='bbox 1784 4858 1842 4899; x_wconf 93' lang='lat' dir='ltr'><strong>ut</strong></span> 
     </span>
    </p>
   </div>
   <div class='ocr_carea' id='block_1_93' title="bbox 257 4939 1841 5010">
    <p class='ocr_par' dir='ltr' id='par_1_93' title="bbox 257 4939 1841 5010">
     <span class='ocr_line' id='line_1_93' title="bbox 257 4939 1841 5010; baseline 0.001 -19"><span class='ocrx_word' id='word_1_718' title='bbox 257 4940 620 5004; x_wconf 87' lang='lat' dir='ltr'><strong>patrocinium</strong></span> <span class='ocrx_word' id='word_1_719' title='bbox 650 4942 769 5009; x_wconf 91' lang='lat' dir='ltr'><strong>ejus</strong></span> <span class='ocrx_word' id='word_1_720' title='bbox 789 4940 1064 4995; x_wconf 90' lang='lat' dir='ltr'><strong>Simonius</strong></span> <span class='ocrx_word' id='word_1_721' title='bbox 1095 4942 1419 5010; x_wconf 77' lang='lat' dir='ltr'><strong>susciperet,</strong></span> <span class='ocrx_word' id='word_1_722' title='bbox 1447 4955 1566 4993; x_wconf 90' lang='lat' dir='ltr'><strong>cum</strong></span> <span class='ocrx_word' id='word_1_723' title='bbox 1596 4939 1841 5007; x_wconf 89' lang='lat' dir='ltr'><strong>nuspiam</strong></span> 
     </span>
    </p>
   </div>
   <div class='ocr_carea' id='block_1_94' title="bbox 248 5028 1845 5102">
    <p class='ocr_par' dir='ltr' id='par_1_94' title="bbox 248 5028 1845 5102">
     <span class='ocr_line' id='line_1_94' title="bbox 248 5028 1845 5102; baseline 0.001 -20"><span class='ocrx_word' id='word_1_724' title='bbox 248 5030 313 5083; x_wconf 89' lang='lat' dir='ltr'><strong>ab</strong></span> <span class='ocrx_word' id='word_1_725' title='bbox 343 5032 465 5100; x_wconf 82' lang='lat' dir='ltr'><strong>ipso</strong></span> <span class='ocrx_word' id='word_1_726' title='bbox 498 5034 737 5102; x_wconf 87' lang='lat' dir='ltr'><strong>aliquam</strong></span> <span class='ocrx_word' id='word_1_727' title='bbox 770 5033 1074 5087; x_wconf 90' lang='lat' dir='ltr'><strong>cautionem</strong></span> <span class='ocrx_word' id='word_1_728' title='bbox 1114 5034 1181 5086; x_wconf 91' lang='lat' dir='ltr'><strong>ad</strong></span> <span class='ocrx_word' id='word_1_729' title='bbox 1220 5031 1552 5086; x_wconf 88' lang='lat' dir='ltr'><strong>mutationes</strong></span> <span class='ocrx_word' id='word_1_730' title='bbox 1598 5044 1723 5084; x_wconf 85' lang='lat' dir='ltr'><strong>suas</strong></span> <span class='ocrx_word' id='word_1_731' title='bbox 1749 5028 1845 5083; x_wconf 88' lang='lat' dir='ltr'><strong>de-</strong></span> 
     </span>
    </p>
   </div>
   <div class='ocr_carea' id='block_1_95' title="bbox 250 5208 1837 5280">
    <p class='ocr_par' dir='ltr' id='par_1_95' title="bbox 250 5208 1837 5280">
     <span class='ocr_line' id='line_1_95' title="bbox 250 5208 1837 5280; baseline 0.002 -21"><span class='ocrx_word' id='word_1_732' title='bbox 250 5208 341 5269; x_wconf 87' lang='lat' dir='ltr'><strong>dit,</strong></span> <span class='ocrx_word' id='word_1_733' title='bbox 368 5211 433 5263; x_wconf 84' lang='lat' dir='ltr'><strong>A.</strong></span> <span class='ocrx_word' id='word_1_734' title='bbox 460 5210 524 5265; x_wconf 86' lang='lat' dir='ltr'><strong>C.</strong></span> <span class='ocrx_word' id='word_1_735' title='bbox 554 5209 709 5264; x_wconf 82' lang='lat'><strong>1571.</strong></span> <span class='ocrx_word' id='word_1_736' title='bbox 740 5211 777 5263; x_wconf 91' lang='lat' dir='ltr'><strong>ll</strong></span> <span class='ocrx_word' id='word_1_737' title='bbox 802 5226 834 5280; x_wconf 89' lang='lat' dir='ltr'><strong>y</strong></span> <span class='ocrx_word' id='word_1_738' title='bbox 859 5225 887 5263; x_wconf 88' lang='lat' dir='ltr'><strong>a</strong></span> <span class='ocrx_word' id='word_1_739' title='bbox 915 5211 967 5265; x_wconf 75' lang='lat' dir='ltr'><strong>la</strong></span> <span class='ocrx_word' id='word_1_740' title='bbox 1001 5211 1132 5265; x_wconf 90' lang='lat' dir='ltr'><strong>trois</strong></span> <span class='ocrx_word' id='word_1_741' title='bbox 1158 5210 1354 5266; x_wconf 90' lang='lat' dir='ltr'><strong>fautes.</strong></span> <span class='ocrx_word' id='word_1_742' title='bbox 1385 5212 1437 5265; x_wconf 91' lang='lat'><strong>1°</strong></span> <span class='ocrx_word' id='word_1_743' title='bbox 1460 5211 1613 5267; x_wconf 87' lang='lat' dir='ltr'><strong>Cctte</strong></span> <span class='ocrx_word' id='word_1_744' title='bbox 1634 5210 1837 5265; x_wconf 80' lang='lat' dir='ltr'><strong>edition</strong></span> 
     </span>
    </p>
   </div>
   <div class='ocr_carea' id='block_1_96' title="bbox 252 5280 1837 5344">
    <p class='ocr_par' dir='ltr' id='par_1_96' title="bbox 252 5280 1837 5344">
     <span class='ocr_line' id='line_1_96' title="bbox 252 5280 1837 5344; baseline 0.004 -17"><span class='ocrx_word' id='word_1_745' title='bbox 252 5296 277 5327; x_wconf 84' lang='lat' dir='ltr'><strong>a</strong></span> <span class='ocrx_word' id='word_1_746' title='bbox 317 5296 454 5333; x_wconf 79' lang='lat' dir='ltr'><strong>onze</strong></span> <span class='ocrx_word' id='word_1_747' title='bbox 495 5281 762 5343; x_wconf 84' lang='lat' dir='ltr'><strong>volumes,</strong></span> <span class='ocrx_word' id='word_1_748' title='bbox 803 5291 856 5333; x_wconf 90' lang='lat' dir='ltr'><strong>et</strong></span> <span class='ocrx_word' id='word_1_749' title='bbox 896 5297 999 5333; x_wconf 89' lang='lat' dir='ltr'><strong>non</strong></span> <span class='ocrx_word' id='word_1_750' title='bbox 1040 5284 1167 5344; x_wconf 82' lang='lat' dir='ltr'><strong>dix;</strong></span> <span class='ocrx_word' id='word_1_751' title='bbox 1208 5282 1264 5334; x_wconf 68' lang='lat'><strong>2°</strong></span> <span class='ocrx_word' id='word_1_752' title='bbox 1296 5283 1400 5335; x_wconf 91' lang='lat' dir='ltr'><strong>elle</strong></span> <span class='ocrx_word' id='word_1_753' title='bbox 1423 5294 1502 5335; x_wconf 88' lang='lat' dir='ltr'><strong>est</strong></span> <span class='ocrx_word' id='word_1_754' title='bbox 1528 5282 1595 5333; x_wconf 75' lang='lat' dir='ltr'><strong>de</strong></span> <span class='ocrx_word' id='word_1_755' title='bbox 1626 5280 1837 5334; x_wconf 86' lang='lat' dir='ltr'><strong>I&#39;année</strong></span> 
     </span>
    </p>
   </div>
   <div class='ocr_carea' id='block_1_97' title="bbox 256 5347 1845 5419">
    <p class='ocr_par' dir='ltr' id='par_1_97' title="bbox 256 5347 1845 5419">
     <span class='ocr_line' id='line_1_97' title="bbox 256 5347 1845 5419; baseline 0.003 -19"><span class='ocrx_word' id='word_1_756' title='bbox 256 5347 409 5413; x_wconf 82' lang='lat'><strong>1570,</strong></span> <span class='ocrx_word' id='word_1_757' title='bbox 437 5360 498 5404; x_wconf 90' lang='lat' dir='ltr'><strong>et</strong></span> <span class='ocrx_word' id='word_1_758' title='bbox 524 5368 629 5419; x_wconf 88' lang='lat' dir='ltr'><strong>non</strong></span> <span class='ocrx_word' id='word_1_759' title='bbox 658 5349 784 5405; x_wconf 80' lang='lat' dir='ltr'><strong>157i</strong></span> <span class='ocrx_word' id='word_1_760' title='bbox 812 5366 825 5413; x_wconf 92' lang='lat'><strong>;</strong></span> <span class='ocrx_word' id='word_1_761' title='bbox 852 5352 907 5403; x_wconf 78' lang='lat'><strong>5°</strong></span> <span class='ocrx_word' id='word_1_762' title='bbox 933 5352 1039 5404; x_wconf 79' lang='lat' dir='ltr'><strong>olle</strong></span> <span class='ocrx_word' id='word_1_763' title='bbox 1068 5368 1136 5417; x_wconf 88' lang='lat' dir='ltr'><strong>ne</strong></span> <span class='ocrx_word' id='word_1_764' title='bbox 1159 5352 1305 5405; x_wconf 87' lang='lat' dir='ltr'><strong>vient</strong></span> <span class='ocrx_word' id='word_1_765' title='bbox 1329 5368 1422 5411; x_wconf 84' lang='lat' dir='ltr'><strong>nas</strong></span> <span class='ocrx_word' id='word_1_766' title='bbox 1451 5354 1517 5404; x_wconf 88' lang='lat' dir='ltr'><strong>de</strong></span> <span class='ocrx_word' id='word_1_767' title='bbox 1541 5352 1845 5419; x_wconf 85' lang='lat' dir='ltr'><strong>Valgrisins,</strong></span> 
     </span>
    </p>
   </div>
   <div class='ocr_carea' id='block_1_98' title="bbox 255 5418 1845 5490">
    <p class='ocr_par' dir='ltr' id='par_1_98' title="bbox 255 5418 1845 5490">
     <span class='ocr_line' id='line_1_98' title="bbox 255 5418 1845 5490; baseline 0.002 -19"><span class='ocrx_word' id='word_1_768' title='bbox 255 5421 387 5490; x_wconf 65' lang='lat' dir='ltr'><strong>mnis</strong></span> <span class='ocrx_word' id='word_1_769' title='bbox 417 5422 489 5472; x_wconf 83' lang='lat' dir='ltr'><strong>de</strong></span> <span class='ocrx_word' id='word_1_770' title='bbox 522 5418 820 5490; x_wconf 85' lang='lat' dir='ltr'><strong>Dominicus</strong></span> <span class='ocrx_word' id='word_1_771' title='bbox 851 5420 1127 5473; x_wconf 86' lang='lat' dir='ltr'><strong>Nicolinus</strong></span> <span class='ocrx_word' id='word_1_772' title='bbox 1146 5464 1158 5482; x_wconf 90' lang='lat'><strong>,</strong></span> <span class='ocrx_word' id='word_1_773' title='bbox 1183 5424 1272 5490; x_wconf 90' lang='lat' dir='ltr'><strong>qui</strong></span> <span class='ocrx_word' id='word_1_774' title='bbox 1308 5423 1372 5490; x_wconf 10' lang='lat' dir='ltr'><strong>I‘ra</strong></span> <span class='ocrx_word' id='word_1_775' title='bbox 1404 5418 1653 5475; x_wconf 27' lang='lat' dir='ltr'><strong>enrichie’</strong></span> <span class='ocrx_word' id='word_1_776' title='bbox 1683 5422 1845 5490; x_wconf 53' lang='lat' dir='ltr'><strong>diuite</strong></span> 
     </span>
    </p>
   </div>
   <div class='ocr_carea' id='block_1_99' title="bbox 255 5489 1844 5555">
    <p class='ocr_par' dir='ltr' id='par_1_99' title="bbox 255 5489 1844 5555">
     <span class='ocr_line' id='line_1_99' title="bbox 255 5489 1844 5555; baseline 0.003 -17"><span class='ocrx_word' id='word_1_777' title='bbox 255 5489 535 5552; x_wconf 80' lang='lat' dir='ltr'><strong>dedicace,</strong></span> <span class='ocrx_word' id='word_1_778' title='bbox 568 5489 819 5545; x_wconf 85' lang='lat' dir='ltr'><strong>adressée</strong></span> <span class='ocrx_word' id='word_1_779' title='bbox 840 5490 1033 5544; x_wconf 83' lang='lat' dir='ltr'><strong>Joanni</strong></span> <span class='ocrx_word' id='word_1_780' title='bbox 1050 5489 1274 5543; x_wconf 82' lang='lat' dir='ltr'><strong>Antonio</strong></span> <span class='ocrx_word' id='word_1_781' title='bbox 1306 5489 1593 5543; x_wconf 81' lang='lat' dir='ltr'><strong>Fac/tincto</strong></span> <span class='ocrx_word' id='word_1_782' title='bbox 1617 5508 1647 5541; x_wconf 89' lang='lat' dir='ltr'><strong>a</strong></span> <span class='ocrx_word' id='word_1_783' title='bbox 1674 5489 1844 5555; x_wconf 84' lang='lat' dir='ltr'><strong>Nuce,</strong></span> 
     </span>
    </p>
   </div>
   <div class='ocr_carea' id='block_1_100' title="bbox 258 5556 1847 5631">
    <p class='ocr_par' dir='ltr' id='par_1_100' title="bbox 258 5556 1847 5631">
     <span class='ocr_line' id='line_1_100' title="bbox 258 5556 1847 5631; baseline 0.002 -22"><span class='ocrx_word' id='word_1_784' title='bbox 258 5556 535 5631; x_wconf 81' lang='lat' dir='ltr'><strong>Neocastri</strong></span> <span class='ocrx_word' id='word_1_785' title='bbox 562 5563 818 5631; x_wconf 83' lang='lat' dir='ltr'><strong>episcopo,</strong></span> <span class='ocrx_word' id='word_1_786' title='bbox 851 5572 896 5614; x_wconf 94' lang='lat' dir='ltr'><strong>et</strong></span> <span class='ocrx_word' id='word_1_787' title='bbox 924 5564 1061 5624; x_wconf 81' lang='lat' dir='ltr'><strong>apud</strong></span> <span class='ocrx_word' id='word_1_788' title='bbox 1088 5563 1326 5615; x_wconf 84' lang='lat' dir='ltr'><strong>sereniss.</strong></span> <span class='ocrx_word' id='word_1_789' title='bbox 1372 5560 1679 5613; x_wconf 71' lang='lat' dir='ltr'><strong>Venetorum</strong></span> <span class='ocrx_word' id='word_1_790' title='bbox 1710 5577 1847 5614; x_wconf 85' lang='lat' dir='ltr'><strong>rem-</strong></span> 
     </span>
    </p>
   </div>
   <div class='ocr_carea' id='block_1_101' title="bbox 258 5630 1842 5701">
    <p class='ocr_par' dir='ltr' id='par_1_101' title="bbox 258 5630 1842 5701">
     <span class='ocr_line' id='line_1_101' title="bbox 258 5630 1842 5701; baseline 0.004 -24"><span class='ocrx_word' id='word_1_791' title='bbox 258 5630 518 5701; x_wconf 78' lang='lat' dir='ltr'><strong>publicam</strong></span> <span class='ocrx_word' id='word_1_792' title='bbox 543 5630 733 5684; x_wconf 84' lang='lat' dir='ltr'><strong>oratori</strong></span> <span class='ocrx_word' id='word_1_793' title='bbox 765 5631 1066 5701; x_wconf 86' lang='lat' dir='ltr'><strong>Pontiﬁcio.</strong></span> <span class='ocrx_word' id='word_1_794' title='bbox 1098 5632 1216 5687; x_wconf 86' lang='lat' dir='ltr'><strong>Elle</strong></span> <span class='ocrx_word' id='word_1_795' title='bbox 1233 5642 1315 5686; x_wconf 85' lang='lat' dir='ltr'><strong>est</strong></span> <span class='ocrx_word' id='word_1_796' title='bbox 1344 5631 1502 5686; x_wconf 69' lang='lat' dir='ltr'><strong>datée</strong></span> <span class='ocrx_word' id='word_1_797' title='bbox 1535 5631 1598 5685; x_wconf 90' lang='lat' dir='ltr'><strong>de</strong></span> <span class='ocrx_word' id='word_1_798' title='bbox 1627 5632 1842 5697; x_wconf 80' lang='lat' dir='ltr'><strong>Venisc,</strong></span> 
     </span>
    </p>
   </div>
   <div class='ocr_carea' id='block_1_102' title="bbox 256 5699 900 5755">
    <p class='ocr_par' dir='ltr' id='par_1_102' title="bbox 256 5699 900 5755">
     <span class='ocr_line' id='line_1_102' title="bbox 256 5699 900 5755; baseline 0.008 -6"><span class='ocrx_word' id='word_1_799' title='bbox 256 5699 304 5749; x_wconf 87' lang='lat' dir='ltr'><strong>le</strong></span> <span class='ocrx_word' id='word_1_800' title='bbox 332 5700 399 5752; x_wconf 83' lang='lat'><strong>15</strong></span> <span class='ocrx_word' id='word_1_801' title='bbox 430 5700 707 5754; x_wconf 82' lang='lat' dir='ltr'><strong>d’octobre</strong></span> <span class='ocrx_word' id='word_1_802' title='bbox 741 5703 900 5755; x_wconf 85' lang='lat'><strong>1570.</strong></span> 
     </span>
    </p>
   </div>
   <div class='ocr_carea' id='block_1_103' title="bbox 323 5766 1843 5843">
    <p class='ocr_par' dir='ltr' id='par_1_103' title="bbox 323 5766 1843 5843">
     <span class='ocr_line' id='line_1_103' title="bbox 323 5766 1843 5843; baseline -0.001 -16"><span class='ocrx_word' id='word_1_803' title='bbox 323 5769 401 5827; x_wconf 73' lang='grc' dir='ltr'><strong>(ιι.)</strong></span> <span class='ocrx_word' id='word_1_804' title='bbox 432 5769 581 5825; x_wconf 75' lang='lat' dir='ltr'><strong>Edtt.</strong></span> <span class='ocrx_word' id='word_1_805' title='bbox 613 5772 816 5827; x_wconf 79' lang='lat' dir='ltr'><strong>noviss.</strong></span> <span class='ocrx_word' id='word_1_806' title='bbox 848 5772 1091 5838; x_wconf 86' lang='lat' dir='ltr'><strong>Lugduni</strong></span> <span class='ocrx_word' id='word_1_807' title='bbox 1124 5772 1239 5827; x_wconf 87' lang='lat' dir='ltr'><strong>Bat.</strong></span> <span class='ocrx_word' id='word_1_808' title='bbox 1282 5766 1450 5840; x_wconf 84' lang='lat'><strong>1778,</strong></span> <span class='ocrx_word' id='word_1_809' title='bbox 1485 5772 1543 5827; x_wconf 88' lang='lat' dir='ltr'><strong>T.</strong></span> <span class='ocrx_word' id='word_1_810' title='bbox 1582 5772 1637 5840; x_wconf 93' lang='lat' dir='ltr'><strong>I,</strong></span> <span class='ocrx_word' id='word_1_811' title='bbox 1672 5788 1722 5843; x_wconf 87' lang='lat' dir='ltr'><strong>p.</strong></span> <span class='ocrx_word' id='word_1_812' title='bbox 1756 5770 1843 5827; x_wconf 82' lang='grc'><strong>16.</strong></span> 
     </span>
    </p>
   </div>
   <div class='ocr_carea' id='block_1_104' title="bbox 1945 4660 2182 4728">
    <p class='ocr_par' dir='ltr' id='par_1_104' title="bbox 1945 4660 2182 4728">
     <span class='ocr_line' id='line_1_104' title="bbox 1945 4660 2182 4728; baseline 0.004 -16"><span class='ocrx_word' id='word_1_813' title='bbox 1945 4660 2182 4728; x_wconf 79' lang='lat' dir='ltr'><strong>plexum.</strong></span> 
     </span>
    </p>
   </div>
   <div class='ocr_carea' id='block_1_105' title="bbox 2018 4753 3531 4821">
    <p class='ocr_par' dir='ltr' id='par_1_105' title="bbox 2018 4753 3531 4821">
     <span class='ocr_line' id='line_1_105' title="bbox 2018 4753 3531 4821; baseline 0.005 -14"><span class='ocrx_word' id='word_1_814' title='bbox 2018 4753 2347 4821; x_wconf 89' lang='lat' dir='ltr'><strong>Susceperat</strong></span> <span class='ocrx_word' id='word_1_815' title='bbox 2394 4754 2647 4807; x_wconf 89' lang='lat' dir='ltr'><strong>nimirum</strong></span> <span class='ocrx_word' id='word_1_816' title='bbox 2699 4754 2835 4809; x_wconf 90' lang='lat' dir='ltr'><strong>hanc</strong></span> <span class='ocrx_word' id='word_1_817' title='bbox 2869 4771 3023 4810; x_wconf 76' lang='lat' dir='ltr'><strong>nova:</strong></span> <span class='ocrx_word' id='word_1_818' title='bbox 3051 4764 3107 4810; x_wconf 88' lang='lat' dir='ltr'><strong>et</strong></span> <span class='ocrx_word' id='word_1_819' title='bbox 3133 4756 3531 4814; x_wconf 88' lang='lat' dir='ltr'><strong>etnendatioris</strong></span> 
     </span>
    </p>
   </div>
   <div class='ocr_carea' id='block_1_106' title="bbox 1946 4842 3532 4916">
    <p class='ocr_par' dir='ltr' id='par_1_106' title="bbox 1946 4842 3532 4916">
     <span class='ocr_line' id='line_1_106' title="bbox 1946 4842 3532 4916; baseline 0.004 -20"><span class='ocrx_word' id='word_1_820' title='bbox 1946 4842 2237 4911; x_wconf 82' lang='lat' dir='ltr'><strong>Augustini</strong></span> <span class='ocrx_word' id='word_1_821' title='bbox 2300 4857 2526 4910; x_wconf 90' lang='lat' dir='ltr'><strong>operum</strong></span> <span class='ocrx_word' id='word_1_822' title='bbox 2590 4844 2847 4898; x_wconf 89' lang='lat' dir='ltr'><strong>editionis</strong></span> <span class='ocrx_word' id='word_1_823' title='bbox 2897 4846 3232 4914; x_wconf 86' lang='lat' dir='ltr'><strong>provinciam</strong></span> <span class='ocrx_word' id='word_1_824' title='bbox 3292 4848 3532 4916; x_wconf 89' lang='lat' dir='ltr'><strong>primum</strong></span> 
     </span>
    </p>
   </div>
   <div class='ocr_carea' id='block_1_107' title="bbox 1944 4932 3533 5011">
    <p class='ocr_par' dir='ltr' id='par_1_107' title="bbox 1944 4932 3533 5011">
     <span class='ocr_line' id='line_1_107' title="bbox 1944 4932 3533 5011; baseline 0.004 -23"><span class='ocrx_word' id='word_1_825' title='bbox 1944 4936 2171 4988; x_wconf 87' lang='lat' dir='ltr'><strong>Thomas</strong></span> <span class='ocrx_word' id='word_1_826' title='bbox 2217 4932 2435 4987; x_wconf 79' lang='lat' dir='ltr'><strong>Cozteus</strong></span> <span class='ocrx_word' id='word_1_827' title='bbox 2482 4936 2928 4991; x_wconf 84' lang='lat' dir='ltr'><strong>Bellemontanus</strong></span> <span class='ocrx_word' id='word_1_828' title='bbox 2975 4937 3207 5002; x_wconf 83' lang='lat' dir='ltr'><strong>Hanno,</strong></span> <span class='ocrx_word' id='word_1_829' title='bbox 3242 4938 3533 5011; x_wconf 71' lang='lat' dir='ltr'><strong>theologia:</strong></span> 
     </span>
    </p>
   </div>
   <div class='ocr_carea' id='block_1_108' title="bbox 1950 5025 3533 5099">
    <p class='ocr_par' dir='ltr' id='par_1_108' title="bbox 1950 5025 3533 5099">
     <span class='ocr_line' id='line_1_108' title="bbox 1950 5025 3533 5099; baseline 0.003 -19"><span class='ocrx_word' id='word_1_830' title='bbox 1950 5028 2000 5080; x_wconf 92' lang='lat' dir='ltr'><strong>in</strong></span> <span class='ocrx_word' id='word_1_831' title='bbox 2033 5025 2365 5081; x_wconf 83' lang='lat' dir='ltr'><strong>Lovauieusi</strong></span> <span class='ocrx_word' id='word_1_832' title='bbox 2412 5027 2595 5081; x_wconf 88' lang='lat' dir='ltr'><strong>studio</strong></span> <span class='ocrx_word' id='word_1_833' title='bbox 2645 5028 2947 5096; x_wconf 87' lang='lat' dir='ltr'><strong>professor,</strong></span> <span class='ocrx_word' id='word_1_834' title='bbox 2987 5028 3320 5099; x_wconf 89' lang='lat' dir='ltr'><strong>apostolicus</strong></span> <span class='ocrx_word' id='word_1_835' title='bbox 3363 5038 3420 5085; x_wconf 91' lang='lat' dir='ltr'><strong>et</strong></span> <span class='ocrx_word' id='word_1_836' title='bbox 3444 5045 3533 5085; x_wconf 84' lang='lat' dir='ltr'><strong>re-</strong></span> 
     </span>
    </p>
   </div>
   <div class='ocr_carea' id='block_1_109' title="bbox 2024 5206 3532 5282">
    <p class='ocr_par' dir='ltr' id='par_1_109' title="bbox 2024 5206 3532 5282">
     <span class='ocr_line' id='line_1_109' title="bbox 2024 5206 3532 5282; baseline 0.009 -23"><span class='ocrx_word' id='word_1_837' title='bbox 2024 5206 2097 5276; x_wconf 90' lang='lat' dir='ltr'><strong>(b)</strong></span> <span class='ocrx_word' id='word_1_838' title='bbox 2127 5208 2271 5282; x_wconf 86' lang='lat' dir='ltr'><strong>Disp.</strong></span> <span class='ocrx_word' id='word_1_839' title='bbox 2295 5208 2367 5282; x_wconf 74' lang='lat' dir='ltr'><strong>v,</strong></span> <span class='ocrx_word' id='word_1_840' title='bbox 2404 5208 2633 5282; x_wconf 69' lang='lat' dir='ltr'><strong>§26,__p.</strong></span> <span class='ocrx_word' id='word_1_841' title='bbox 2661 5210 2763 5265; x_wconf 79' lang='lat'><strong>150</strong></span> <span class='ocrx_word' id='word_1_842' title='bbox 2815 5211 3137 5267; x_wconf 81' lang='lat' dir='ltr'><strong>Prodierunt</strong></span> <span class='ocrx_word' id='word_1_843' title='bbox 3173 5230 3407 5282; x_wconf 81' lang='lat' dir='ltr'><strong>primum</strong></span> <span class='ocrx_word' id='word_1_844' title='bbox 3429 5213 3532 5271; x_wconf 81' lang='lat' dir='ltr'><strong>Ge-</strong></span> 
     </span>
    </p>
   </div>
   <div class='ocr_carea' id='block_1_110' title="bbox 1945 5279 3223 5351">
    <p class='ocr_par' dir='ltr' id='par_1_110' title="bbox 1945 5279 3223 5351">
     <span class='ocr_line' id='line_1_110' title="bbox 1945 5279 3223 5351; baseline 0.005 -19"><span class='ocrx_word' id='word_1_845' title='bbox 1945 5294 2089 5351; x_wconf 72' lang='lat' dir='ltr'><strong>ner_a2_</strong></span> <span class='ocrx_word' id='word_1_846' title='bbox 2112 5280 2260 5351; x_wconf 8' lang='lat' dir='ltr'><strong>apud,</strong></span> <span class='ocrx_word' id='word_1_847' title='bbox 2284 5279 2426 5332; x_wconf 58' lang='lat' dir='ltr'><strong>Sam&#39;.</strong></span> <span class='ocrx_word' id='word_1_848' title='bbox 2462 5283 2524 5333; x_wconf 84' lang='lat' dir='ltr'><strong>de</strong></span> <span class='ocrx_word' id='word_1_849' title='bbox 2558 5280 2808 5345; x_wconf 84' lang='lat' dir='ltr'><strong>Tournes,</strong></span> <span class='ocrx_word' id='word_1_850' title='bbox 2845 5283 3003 5351; x_wconf 83' lang='grc'>1687,</span> <span class='ocrx_word' id='word_1_851' title='bbox 3039 5279 3223 5340; x_wconf 56' lang='lat' dir='ltr'><strong>iii-4&quot;.</strong></span> 
     </span>
    </p>
   </div>
   <div class='ocr_carea' id='block_1_111' title="bbox 2025 5348 3527 5418">
    <p class='ocr_par' dir='ltr' id='par_1_111' title="bbox 2025 5348 3527 5418">
     <span class='ocr_line' id='line_1_111' title="bbox 2025 5348 3527 5418; baseline 0.007 -17"><span class='ocrx_word' id='word_1_852' title='bbox 2025 5348 2099 5418; x_wconf 72' lang='grc' dir='ltr'><strong>(ς)</strong></span> <span class='ocrx_word' id='word_1_853' title='bbox 2133 5348 2419 5402; x_wconf 76' lang='lat' dir='ltr'><strong>Sculement</strong></span> <span class='ocrx_word' id='word_1_854' title='bbox 2450 5351 2583 5402; x_wconf 84' lang='lat' dir='ltr'><strong>dans</strong></span> <span class='ocrx_word' id='word_1_855' title='bbox 2611 5350 2684 5405; x_wconf 86' lang='lat' dir='ltr'><strong>les</strong></span> <span class='ocrx_word' id='word_1_856' title='bbox 2706 5348 3006 5407; x_wconf 81' lang='lat' dir='ltr'><strong>sommnires</strong></span> <span class='ocrx_word' id='word_1_857' title='bbox 3034 5364 3081 5407; x_wconf 92' lang='lat' dir='ltr'><strong>et</strong></span> <span class='ocrx_word' id='word_1_858' title='bbox 3107 5356 3179 5409; x_wconf 86' lang='lat' dir='ltr'><strong>les</strong></span> <span class='ocrx_word' id='word_1_859' title='bbox 3202 5357 3437 5410; x_wconf 86' lang='lat' dir='ltr'><strong>scltolies.</strong></span> <span class='ocrx_word' id='word_1_860' title='bbox 3464 5356 3527 5411; x_wconf 75' lang='grc' dir='ltr'>ν.</span> 
     </span>
    </p>
   </div>
   <div class='ocr_carea' id='block_1_112' title="bbox 1953 5417 3534 5497">
    <p class='ocr_par' dir='ltr' id='par_1_112' title="bbox 1953 5417 3534 5497">
     <span class='ocr_line' id='line_1_112' title="bbox 1953 5417 3534 5497; baseline 0.006 -27"><span class='ocrx_word' id='word_1_861' title='bbox 1953 5418 2007 5497; x_wconf 78' lang='lat' dir='ltr'><strong>in</strong></span> <span class='ocrx_word' id='word_1_862' title='bbox 2037 5417 2401 5497; x_wconf 64' lang='lat' dir='ltr'><strong>Bibliotheque</strong></span> <span class='ocrx_word' id='word_1_863' title='bbox 2416 5422 2629 5497; x_wconf 56' lang='lat' dir='ltr'><strong>critique</strong></span> <span class='ocrx_word' id='word_1_864' title='bbox 2655 5423 2725 5497; x_wconf 31' lang='lat' dir='ltr'><strong>de.</strong></span> <span class='ocrx_word' id='word_1_865' title='bbox 2744 5424 3006 5497; x_wconf 65' lang='lat' dir='ltr'><strong>Sainjorc.</strong></span> <span class='ocrx_word' id='word_1_866' title='bbox 3040 5425 3100 5477; x_wconf 86' lang='grc' dir='ltr'>Τ.</span> <span class='ocrx_word' id='word_1_867' title='bbox 3134 5426 3171 5497; x_wconf 88' lang='lat' dir='ltr'><strong>I.</strong></span> <span class='ocrx_word' id='word_1_868' title='bbox 3206 5444 3255 5492; x_wconf 94' lang='lat' dir='ltr'><strong>p.</strong></span> <span class='ocrx_word' id='word_1_869' title='bbox 3282 5426 3382 5481; x_wconf 72' lang='lat'><strong>261</strong></span> <span class='ocrx_word' id='word_1_870' title='bbox 3411 5427 3534 5497; x_wconf 44' lang='lat' dir='ltr'><strong>(lla;-</strong></span> 
     </span>
    </p>
   </div>
   <div class='ocr_carea' id='block_1_113' title="bbox 1953 5489 3531 5562">
    <p class='ocr_par' dir='ltr' id='par_1_113' title="bbox 1953 5489 3531 5562">
     <span class='ocr_line' id='line_1_113' title="bbox 1953 5489 3531 5562; baseline 0.007 -21"><span class='ocrx_word' id='word_1_871' title='bbox 1953 5489 2028 5562; x_wconf 76' lang='lat' dir='ltr'><strong>ris</strong></span> <span class='ocrx_word' id='word_1_872' title='bbox 2055 5498 2109 5542; x_wconf 91' lang='lat' dir='ltr'><strong>et</strong></span> <span class='ocrx_word' id='word_1_873' title='bbox 2136 5490 2307 5562; x_wconf 86' lang='lat' dir='ltr'><strong>Amst.</strong></span> <span class='ocrx_word' id='word_1_874' title='bbox 2342 5490 2584 5562; x_wconf 52' lang='lat' dir='ltr'><strong>1708.}tt</strong></span> <span class='ocrx_word' id='word_1_875' title='bbox 2609 5490 2751 5562; x_wconf 81' lang='lat'><strong>-8°),</strong></span> <span class='ocrx_word' id='word_1_876' title='bbox 2788 5504 2843 5546; x_wconf 91' lang='lat' dir='ltr'><strong>et</strong></span> <span class='ocrx_word' id='word_1_877' title='bbox 2868 5489 3064 5548; x_wconf 84' lang='lat' dir='ltr'><strong>Lettres</strong></span> <span class='ocrx_word' id='word_1_878' title='bbox 3102 5489 3318 5551; x_wconf 76' lang='lat' dir='ltr'><strong>cltoisies</strong></span> <span class='ocrx_word' id='word_1_879' title='bbox 3357 5489 3425 5550; x_wconf 77' lang='lat' dir='ltr'><strong>de</strong></span> <span class='ocrx_word' id='word_1_880' title='bbox 3450 5495 3531 5553; x_wconf 81' lang='grc' dir='ltr'>Μ.</span> 
     </span>
    </p>
   </div>
   <div class='ocr_carea' id='block_1_114' title="bbox 1955 5559 3234 5637">
    <p class='ocr_par' dir='ltr' id='par_1_114' title="bbox 1955 5559 3234 5637">
     <span class='ocr_line' id='line_1_114' title="bbox 1955 5559 3234 5637; baseline 0.005 -25"><span class='ocrx_word' id='word_1_881' title='bbox 1955 5559 2361 5637; x_wconf 45' lang='grc' dir='ltr'><strong>δίψῃ-(Λαὶς).</strong></span> <span class='ocrx_word' id='word_1_882' title='bbox 2397 5559 2669 5637; x_wconf 48' lang='lat' dir='ltr'><strong>17_50_Lin-</strong></span> <span class='ocrx_word' id='word_1_883' title='bbox 2694 5559 2776 5623; x_wconf 71' lang='lat'><strong>1&#39;2,</strong></span> <span class='ocrx_word' id='word_1_884' title='bbox 2810 5565 2873 5637; x_wconf 75' lang='grc' dir='ltr'>Τ.</span> <span class='ocrx_word' id='word_1_885' title='bbox 2909 5565 3078 5637; x_wconf 39' lang='grc' dir='ltr'><strong>Ιγην.</strong></span> <span class='ocrx_word' id='word_1_886' title='bbox 3116 5566 3234 5637; x_wconf 74' lang='lat'><strong>1‘2).</strong></span> 
     </span>
    </p>
   </div>
   <div class='ocr_carea' id='block_1_115' title="bbox 2027 5628 3430 5705">
    <p class='ocr_par' dir='ltr' id='par_1_115' title="bbox 2027 5628 3430 5705">
     <span class='ocr_line' id='line_1_115' title="bbox 2027 5628 3430 5705; baseline 0.009 -25"><span class='ocrx_word' id='word_1_887' title='bbox 2027 5628 2498 5705; x_wconf 27' lang='lat' dir='ltr'><strong>(d);1l!et_t_toir‘es_tl_e</strong></span> <span class='ocrx_word' id='word_1_888' title='bbox 2527 5628 2776 5705; x_wconf 60' lang='lat' dir='ltr'><strong>Trésoux.</strong></span> <span class='ocrx_word' id='word_1_889' title='bbox 2816 5628 3151 5705; x_wconf 46' lang='lat' dir='ltr'><strong>1729.&#39;Sept.</strong></span> <span class='ocrx_word' id='word_1_890' title='bbox 3190 5628 3238 5705; x_wconf 63' lang='grc' dir='ltr'><strong>ᾖ).</strong></span> <span class='ocrx_word' id='word_1_891' title='bbox 3274 5637 3430 5695; x_wconf 87' lang='grc'>1618.</span> 
     </span>
    </p>
   </div>
   <div class='ocr_carea' id='block_1_116' title="bbox 2024 5696 3357 5778">
    <p class='ocr_par' dir='ltr' id='par_1_116' title="bbox 2024 5696 3357 5778">
     <span class='ocr_line' id='line_1_116' title="bbox 2024 5696 3357 5778; baseline 0.008 -27"><span class='ocrx_word' id='word_1_892' title='bbox 2024 5696 2096 5773; x_wconf 68' lang='grc' dir='ltr'><strong>(ε)</strong></span> <span class='ocrx_word' id='word_1_893' title='bbox 2126 5699 2193 5754; x_wconf 79' lang='grc' dir='ltr'>ν.</span> <span class='ocrx_word' id='word_1_894' title='bbox 2224 5696 2579 5773; x_wconf 77' lang='lat' dir='ltr'><strong>Bibliotltéque</strong></span> <span class='ocrx_word' id='word_1_895' title='bbox 2604 5701 2798 5758; x_wconf 84' lang='lat' dir='ltr'><strong>cltoisie</strong></span> <span class='ocrx_word' id='word_1_896' title='bbox 2827 5704 2890 5760; x_wconf 90' lang='lat' dir='ltr'><strong>T.</strong></span> <span class='ocrx_word' id='word_1_897' title='bbox 2921 5696 3114 5774; x_wconf 71' lang='lat' dir='ltr'>XVIII,</span> <span class='ocrx_word' id='word_1_898' title='bbox 3148 5696 3201 5778; x_wconf 59' lang='lat' dir='ltr'><strong>p:</strong></span> <span class='ocrx_word' id='word_1_899' title='bbox 3237 5708 3357 5764; x_wconf 77' lang='lat'><strong>109.</strong></span> 
     </span>
    </p>
   </div>
  </div>
