4010 6350
444 250 517 304 ’19
1343 240 1899 300 SUPPLEMENTUM
1939 240 2035 296 AD
2070 239 2301 296 OPERA
2338 243 2395 297 S.
2433 240 2816 300 AUGUSTINI.
3617 247 3687 302 80

451 363 567 433 gius
598 358 857 415 librorum
898 374 993 427 per
1023 356 1265 427 Belgium
1308 369 1525 410 censor.
1564 352 1892 422 Susceperat
1921 366 2018 406 au-
2048 351 2093 409 A
2123 354 2348 421 singulis
2394 354 2677 424 Augustini
2728 356 2904 418 libris,
2954 365 3011 408 ut
3058 355 3110 409 in
3151 357 3539 427 manuscriptis
3571 356 3686 412 ﬁeri

453 462 560 508 tem
589 452 700 516 sic,
729 459 787 505 ut
814 464 1022 505 summa
1049 448 1266 519 quidem
1295 460 1358 501 ac
1384 444 1665 500 arbitrium
1693 442 1863 497 totius
1893 456 2021 511 Ope-

454 558 513 600 re
555 557 721 614 penes
768 557 830 599 se
858 551 1002 597 esset
1035 538 1137 610 (a),
1180 539 1420 593 laborem
1462 551 1592 591 vero
1628 550 1749 590 cum
1780 534 2023 604 pluribus

456 634 587 688 viris
624 632 798 688 doctis
823 642 879 688 et
914 630 1215 685 studiorum
1247 626 1604 681 similitudine
1632 625 1937 694 conjunctis
1968 631 2025 678 et

457 725 656 793 affectu
683 725 737 780 in
783 725 842 780 S.
877 721 1235 791 Augustinum
1275 719 1432 787 quasi
1464 717 1694 773 invicem
1723 714 2026 770 aemulanti-

459 817 559 871 bus
587 813 1031 871 communicaret.
1070 819 1125 865 et
1151 824 1317 880 pensa
1352 796 1523 880 quasi
1572 806 1802 878 singulis
1841 805 2026 860 distri-

460 909 650 961 bueret
674 946 690 971 ,
732 902 1055 973 conquisitis
1083 910 1142 956 et
1168 900 1360 955 divisis
1391 901 1535 955 inter
1561 913 1689 954 suos
1720 898 2024 976 plusquam

460 995 710 1049 ducentis
740 1006 875 1048 mss.
920 992 1349 1060 exemplaribus.
1400 990 1691 1059 Postquam
1741 1002 1873 1042 vero
1901 1002 2030 1056 apo-

464 1086 645 1153 plexia
688 1091 978 1151 correptus
1023 1081 1186 1135 vitam
1239 1096 1361 1136 cum
1407 1088 1583 1134 morte
1634 1078 1929 1147 improvisa
1974 1093 2026 1131 a.

464 1175 599 1230 £57!
636 1173 728 1229 die
757 1173 792 1229 8
823 1173 1003 1227 Martii
1035 1179 1483 1235 commutaverat,
1524 1184 1807 1224 successor
1834 1168 1951 1238 ejus
1978 1168 2029 1222 in

463 1281 688 1321 munere
717 1266 974 1321 censorio
1015 1265 1251 1320 Joannes
1278 1266 1528 1319 Molanus
1557 1264 1719 1319 etiam
1753 1263 1859 1317 hoc
1891 1277 2033 1318 onus

466 1375 497 1413 a
541 1358 795 1413 Plautino
843 1358 947 1414 sibi
998 1358 1203 1427 iniungi
1232 1370 1423 1426 passus
1453 1365 1558 1423 est,
1585 1367 1641 1409 et
1669 1355 1899 1410 remotis
1926 1355 2034 1407 ali-

464 1461 600 1520 quot
624 1449 974 1520 suffectisque
997 1450 1120 1505 aliis
1140 1450 1191 1504 in
1214 1463 1399 1503 eorum
1430 1449 1606 1503 locum
1632 1446 1931 1502 lectoribus
1958 1444 2036 1516 (b)

464 1542 580 1596 suis
634 1541 806 1596 veluti
861 1541 1118 1610 auSpiciis
1166 1538 1443 1611 proﬂigari
1492 1552 1555 1594 ac
1593 1538 1781 1608 perfici
1818 1538 2033 1593 tandem

463 1647 604 1702 opus
632 1633 788 1688 vidit.

2121 445 2466 499 observatum
2492 454 2631 513 erat,
2657 447 3097 501 retractationem
3127 447 3486 516 ipsius,autsi
3501 463 3565 504 ea
3595 447 3690 502 de-

2122 546 2302 603 esset,
2348 537 2565 591 brevem
2630 553 2914 592 censuram
2962 539 3260 593 multorum
3311 540 3689 609 theologorum

2122 627 2395 680 sententia
2418 628 2791 681 confirmatam
2825 629 3199 695 praemitteret.
3248 628 3376 695 Quae
3407 628 3692 684 manifeste

2124 715 2461 784 deprehensa
2492 726 2770 773 constaret
2814 718 3098 788 Augustini
3130 734 3239 774 non
3268 734 3389 774 esse
3417 759 3433 787 ,
3465 735 3526 774 ea
3556 734 3696 789 prae-

2125 808 2309 863 NlSsiS
2353 810 2635 875 censuris,
2673 810 2727 864 in
2759 810 3062 880 appendice
3095 813 3225 866 tomi
3259 812 3340 866 sui
3374 812 3691 881 reponenda

2126 900 2360 956 censuit.
2399 900 2468 955 In
2494 900 2574 956 his
2599 902 2824 955 censuris
2854 912 3023 956 autem
3043 943 3057 967 ,
3092 902 3289 972 inquit,
3324 904 3571 958 Erasmus
3597 906 3699 959 ali-

2126 991 2321 1058 quoties
2342 1031 2358 1056 ,
2406 992 2595 1060 stepius
2633 1002 2804 1045 autem
2854 992 3114 1045 indiculus
3143 992 3403 1056 Possidii,
3433 994 3701 1049 citationes

2130 1077 2307 1146 Bedte,
2338 1096 2556 1133 censura
2597 1083 2947 1151 manuscripta
2978 1082 3261 1135 doctissimi
3290 1082 3514 1152 theologi
3538 1081 3696 1136 Joan-

2132 1172 2211 1224 nis’
2246 1169 2468 1224 Hesselii
2504 1172 2558 1225 in
2598 1188 2774 1226 novem
2803 1181 2967 1225 tomos
2992 1181 3041 1226 et
3070 1174 3334 1226 reverendi
3360 1174 3522 1243 patris
3554 1172 3702 1225 Mar-

2133 1261 2229 1314 tini
2258 1260 2424 1331 Lipsit
2454 1264 2504 1316 in
2534 1272 2726 1316 tomum
2756 1264 3009 1316 decimum
3031 1279 3217 1333 magno
3244 1264 3386 1316 nobis
3407 1264 3704 1333 adjumento

2134 1354 2365 1422 fuerunt.
2422 1354 2575 1407 Nihil
2617 1364 2789 1408 autem
2833 1355 3084 1421 adhibui,
3130 1356 3258 1425 quin
3306 1372 3339 1408 a
3366 1356 3565 1409 duobus
3597 1355 3707 1408 col-

2134 1444 2255 1514 legii
2284 1444 2448 1497 nostri
2491 1446 2882 1515 professoribus.
2933 1445 3161 1498 Henrico
3190 1445 3375 1499 Gravia
3399 1454 3444 1499 et
3468 1446 3705 1499 Lauren-

2136 1535 2205 1587 tio
2236 1534 2592 1589 Westerhovio
2615 1574 2632 1602 ,
2682 1552 2807 1603 quos
2830 1538 2881 1589 in
2911 1537 3006 1588 hac
3043 1547 3185 1604 parte
3211 1538 3377 1590 socios
3406 1546 3454 1589 et
3495 1536 3709 1607 adjuto—

2136 1644 2217 1680 res
2241 1628 2396 1681 habui
2417 1638 2549 1682 certe
2581 1638 2833 1696 strenuos,
2865 1630 3204 1699 approbatum
3231 1629 3315 1681 sit.
3349 1629 3427 1683 Ac
3454 1628 3556 1681 hoc
3586 1629 3709 1697 qui-

537 1724 652 1779 Nec
679 1738 809 1777 vero
848 1723 1078 1791 singulis
1117 1722 1282 1776 modo
1309 1721 1472 1776 tomis
1510 1720 1623 1776 dati
1655 1729 1782 1774 sunt
1807 1718 2038 1773 admini-
2066 1711 2112 1769 Β
2140 1719 2262 1775 dem
2293 1722 2485 1789 privati
2515 1720 2753 1775 hominis
2780 1722 2935 1790 quasi
2980 1721 3047 1777 de
3091 1736 3187 1775 sua
3236 1721 3401 1788 ipsius
3430 1735 3592 1789 opera
3625 1729 3712 1773 est

468 1826 751 1884 stratores,
797 1816 891 1869 sed
934 1814 986 1868 in
1019 1814 1248 1884 singulis
1277 1814 1464 1883 plures
1509 1826 1609 1882 pro
1652 1812 1862 1867 ratione
1887 1809 2035 1864 codi-

468 1919 590 1959 cum
636 1906 1075 1959 elaboraverunt.
1144 1902 1483 1957 Praafuerunt
1527 1912 1707 1955 autem
1757 1899 2034 1967 operibus,

470 2003 609 2049 teste
638 1994 853 2049 Molano
876 2035 891 2059 ,
944 1994 997 2047 in
1046 1992 1214 2063 primo
1253 2001 1401 2045 torno
1428 1989 1756 2060 corrigendo
1780 1989 2038 2043 Martinus

471 2084 715 2151 Baccius,
744 2083 1048 2149 Tiletanus,
1076 2090 1267 2151 postea
1297 2079 1589 2135 Aloﬂensis
1618 2087 1826 2151 pastor;
1852 2077 1906 2132 in
1933 2079 2042 2145 epi-

471 2176 620 2230 stolis
646 2174 871 2230 Jacobus
891 2173 1081 2241 Baias,
1111 2171 1476 2238 Meluuensis,
1508 2172 1726 2241 collegii
1755 2170 2039 2226 Sabaudite

472 2266 698 2323 Lovanii
726 2280 957 2336 praeses.
1008 2264 1252 2320 Accessit
1288 2270 1465 2317 autem
1495 2261 1926 2316 additamentum
1948 2273 2040 2314 ea-

473 2374 596 2414 rum
639 2357 708 2412 ab
740 2355 943 2411 Joanne
984 2354 1173 2410 Gravia
1216 2369 1283 2410 ex
1311 2351 1583 2408 Societate
1604 2351 1733 2407 Jesu
1762 2349 2040 2405 Bruxellis

472 2449 881 2505 transmissum.
943 2446 1002 2503 In
1064 2446 1211 2499 tertio
1259 2453 1396 2498 tomo
1442 2442 1735 2498 desudavit
1782 2441 2039 2496 Henricus

472 2541 697 2612 Cuykius
723 2581 739 2607 ,
785 2537 1280 2610 Culenburgensis,
1334 2538 1547 2594 ethices
1587 2545 1712 2591 tunc
1741 2535 2038 2605 professor,

473 2640 601 2699 post
631 2632 921 2701 episcopus
949 2627 1454 2685 Rurtemundensis.
1498 2626 1751 2694 Quartum
1778 2624 2039 2679 emenda-

470 2722 553 2777 vit
584 2720 854 2776 Embertus
885 2719 1165 2775 Everaerds
1191 2759 1208 2787 ,
1241 2715 1700 2782 Arendoncanus,
1738 2723 1925 2785 pastor
1952 2728 2043 2769 ec-

470 2812 653 2871 clesias
680 2810 745 2868 D.
771 2812 982 2868 Jacobi.
1011 2810 1206 2865 Libros
1225 2808 1295 2865 de
1312 2807 1526 2864 Civitate
1557 2805 1684 2873 Dei,
1712 2807 1802 2876 qui
1834 2814 2038 2860 tomum

473 2907 709 2976 quintum
733 2903 961 2966 faciunt,
991 2900 1174 2955 Petrus
1202 2898 1438 2966 Coretus,
1469 2898 1748 2962 Albensis,
1776 2904 1960 2966 pastor
1985 2906 2042 2951 et

473 2994 753 3065 professor
771 2989 1161 3062 Crispiniensis
1183 2990 1439 3045 correxit.
1467 2989 1523 3044 ln
1550 2999 1691 3043 sexto
1720 2996 1868 3042 tomo
1892 2987 2035 3042 Chri

2126 1810 2393 1881 judicium
2459 1821 2623 1880 atque
2686 1811 2977 1881 professio.
3042 1811 3150 1867 Sed
3216 1810 3447 1866 fortasse
3500 1810 3714 1879 juvabit

2140 1905 2303 1959 etiam
2335 1919 2645 1970 censuram,
2678 1920 2837 1973 quam
2869 1904 3187 1957 auctoritate
3235 1901 3479 1957 muneris
3510 1900 3715 1971 publici

2141 1995 2343 2060 emisit,
2374 2010 2602 2064 quaeque
2644 2008 2803 2049 versa
2840 1995 3020 2048 statim
3051 1994 3192 2048 tituli
3224 1994 3419 2064 pagina
3452 1994 3715 2061 impressa
3818 2062 3819 2067 η

2148 2086 2365 2154 legitur,
2395 2100 2751 2154 cognoscere.
2793 2085 2934 2140 Ecce
2958 2100 3107 2140 vero.
3728 2116 3752 2143 ι

2214 2195 2232 2227 ι
2276 2177 2450 2245 Opera
2474 2176 2767 2231 beatissimi
2811 2174 3131 2245 Augustini,
3164 2190 3263 2243 per
3289 2174 3575 2242 theologos
3604 2172 3716 2228 Lo-

2139 2269 2421 2321 vanienses
2469 2267 2759 2337 castigata,
2812 2267 2989 2321 tribus
3035 2267 3372 2336 potissimum
3401 2266 3470 2322 de
3498 2266 3716 2331 causis,

2139 2359 2387 2414 omnibus
2409 2359 2680 2427 prioribus
2703 2359 3028 2413 editionibus
3049 2367 3176 2413 sunt
3205 2358 3563 2427 praeferenda.
3589 2357 3718 2411 Pri-

2139 2466 2299 2517 mum,
2319 2450 2444 2517 quia
2470 2464 2536 2504 ex
2563 2449 2945 2504 vetustissimis
2977 2450 3363 2519 manuscriptis
3393 2448 3720 2515 exemplari-

2139 2541 2241 2595 bus
2286 2539 2559 2594 innumeri
2610 2540 2845 2608 fmdique
2887 2554 3103 2595 errores
3136 2556 3231 2609 per
3254 2538 3494 2609 singulos
3535 2547 3720 2592 tomos

2138 2630 2249 2685 sint
2274 2628 2575 2693 emendati,
2604 2630 2847 2699 apposita
2876 2631 3036 2684 etiam
3068 2629 3133 2683 ad
3164 2630 3427 2700 cujusque
3448 2629 3578 2683 tomi
3602 2628 3721 2681 cal-

2139 2734 2256 2774 cem
2283 2734 2378 2775 sua
2408 2719 2784 2789 castigatione.
2828 2719 3091 2786 Secundo,
3123 2719 3248 2789 quia
3276 2733 3629 2790 quaecumque
3658 2717 3723 2772 iu

2142 2813 2227 2867 bis
2258 2813 2422 2868 tomis
2447 2822 2599 2867 erant
2626 2813 2888 2880 indoctae,
2930 2823 3023 2867 aut
3061 2827 3343 2878 censurae,
3374 2822 3469 2867 aut
3494 2819 3724 2865 annota-

2141 2904 2318 2958 tiones
2348 2904 2433 2972 (ut
2464 2903 2593 2958 nihil
2622 2904 2853 2975 amplius
2874 2901 3132 2973 dicatur),
3160 2920 3240 2959 ea;
3270 2906 3323 2962 in
3354 2906 3453 2958 hac
3480 2903 3725 2960 editione

2143 2994 2357 3048 absunt.
2392 2993 2582 3059 Tertio,
2616 2996 2740 3064 quia
2771 2995 2998 3064 singulis
3027 2995 3181 3049 libris
3202 2995 3519 3049 retractatio
3548 2994 3725 3063 ipsius

475 3063 745 3158 stophorus
774 3083 963 3137 Broide
984 3122 1000 3149 ,
1050 3082 1116 3137 ad
1164 3082 1411 3137 Arieusis
1440 3082 1691 3137 ecclesia:
1717 3081 2040 3136 decanatum
2068 3063 2114 3125 (ἶ
2146 3086 2315 3139 sancti
2347 3063 2643 3154 Augustini
2662 3094 2748 3140 est
2786 3063 3093 3154 praemissa,
3142 3093 3235 3139 aut
3276 3086 3367 3139 ubi
3412 3099 3475 3139 ea
3522 3084 3683 3138 deest
3706 3122 3724 3148 ,

473 3186 731 3233 evocatus
754 3216 770 3242 ,
818 3173 1139 3229 elaboravit.
1188 3171 1448 3240 Septimus
1475 3178 1667 3237 tomus,
1706 3185 1865 3241 quem
1892 3186 2042 3225 men-

473 3269 560 3326 dis
587 3267 855 3324 scatuisse
879 3265 1111 3328 dicunt,
1150 3263 1218 3318 ab
1245 3262 1476 3317 Henrico
1502 3260 1715 3329 Gravia,
1745 3261 2046 3316 Lovanien-

474 3359 563 3425 si,
594 3356 879 3426 theologia:
906 3355 1136 3410 doctore
1161 3361 1217 3408 et
1254 3352 1571 3423 professore
1599 3351 1784 3421 regio,
1828 3359 1881 3405 et
1909 3350 2045 3404 alias

475 3447 716 3515 celebri,
748 3445 1064 3517 recognitus
1101 3452 1209 3500 est.
1261 3441 1490 3497 Psalmis
1531 3441 1748 3511 praefuit
1795 3440 2045 3495 Claudius

477 3541 641 3597 Porta
663 3582 679 3609 ,
712 3537 1088 3610 Bapalmensis
1114 3577 1129 3603 ,
1161 3535 1450 3604 theologia:
1476 3533 1865 3589 baccalaureus
1884 3573 1899 3597 ,
1922 3544 2046 3603 post

474 3635 698 3691 Bindute
746 3642 931 3703 pastor
981 3639 1037 3685 et
1080 3627 1399 3684 canonicus.
1440 3626 1499 3681 ln
1545 3627 1674 3680 tomi
1704 3626 1826 3679 noni
1853 3638 2045 3679 corre-

477 3729 657 3783 ctione
686 3724 991 3780 Guilielmus
1018 3720 1195 3775 Estius
1224 3760 1238 3785 ,
1269 3718 1575 3775 Gorconius
1594 3757 1611 3783 ,
1645 3732 1866 3787 operam
1891 3730 2045 3770 suam

474 3819 827 3886 studiumque
858 3815 1097 3869 navavit.
1138 3812 1316 3881 Atque
1340 3810 1399 3866 bi
1427 3824 1647 3874 omnes,
1682 3816 1876 3879 praeter
1904 3809 2048 3863 Heno

478 3911 652 3964 ricum
692 3907 956 3964 Gravium
1008 3915 1065 3960 et
1120 3903 1403 3959 Claudium
1451 3902 1705 3967 Portam,
1762 3900 2046 3970 theologia:

474 3999 742 4054 licentiati
787 3997 1106 4066 dignitatem
1133 3993 1371 4049 assecuti
1404 4001 1580 4048 erant.
1620 3989 1862 4045 Decimus
1891 3989 2049 4045 deni-

473 4106 581 4162 quo
609 4100 787 4145 tomus
817 4087 1159 4159 Regularibus
1187 4084 1518 4140 Martinianis
1541 4082 1700 4137 datus
1725 4092 1863 4145 erat,
1892 4081 2048 4149 quip-

473 4196 545 4251 pe
571 4181 625 4237 in
650 4194 810 4251 quem
837 4179 949 4249 jam
981 4178 1183 4248 pridem
1220 4175 1363 4245 apud
1397 4189 1493 4231 eos
1524 4172 1781 4228 Martinus
1820 4172 2045 4241 Lipsius,

473 4269 878 4333 Bruxellensis,
906 4267 1133 4337 ejusque
1166 4264 1421 4335 discipuli
1458 4262 1685 4318 Joannes
1710 4260 1965 4316 Costerius
1992 4270 2049 4316 et

471 4364 705 4418 Joannes
743 4359 1087 4425 Vlimmerius,
1113 4355 1490 4419 Lovaniensis,
1516 4354 1692 4423 magni
1713 4354 1915 4408 laboris
1946 4352 2047 4406 im-

478 4466 703 4523 pensam
729 4458 978 4519 egerant.
1032 4447 1260 4502 Joannes
1298 4462 1430 4501 vero
1466 4444 1792 4499 Vlimmerius
1823 4445 1876 4498 in
1906 4442 2047 4499 hanc

474 4556 696 4616 quoque
721 4541 1017 4597 editionem
1043 4538 1278 4594 contulit
1297 4537 1481 4591 varios
1504 4535 1790 4606 Augustini
1839 4549 2048 4590 sermo-

479 4651 577 4691 nes
622 4650 653 4689 a
700 4648 762 4689 se
811 4637 1081 4704 repertos,
1111 4641 1166 4685 et
1206 4629 1410 4685 multos
1443 4637 1604 4682 antea
1638 4642 1744 4682 non
1770 4626 1947 4682 editos
1975 4641 2045 4681 ex

472 4727 798 4785 Cambrona'.
839 4722 1127 4780 codicibus
1166 4720 1422 4791 studiose
1461 4720 1832 4787 transcripsit.
1881 4719 1956 4774 De
1985 4732 2046 4774 se

473 4826 658 4874 autem
686 4815 933 4872 Nolanus
960 4812 1223 4879 afﬁrmat,
1254 4811 1355 4866 sibi
1385 4820 1719 4866 reservatum
1750 4810 1918 4866 fuisse
1938 4851 1953 4877 ,
1985 4823 2045 4869 ut

545 4948 627 5072 Sa)
656 4943 993 5015 Diﬂicultates
1026 4951 1222 4995 tantum
1241 4982 1257 5007 ,
1305 4957 1366 4993 ac
1392 4957 1451 4993 ea
1477 4982 1491 5005 ,
1529 4958 1643 5012 qua:
1671 4945 2037 5002 dubitationem

578 5028 740 5072 erent.
769 5014 837 5067 ad
865 5029 920 5067 se
944 5012 1129 5072 referri
1153 5010 1533 5072 eum-voluisse,
1563 5013 1749 5067 scribit
1774 5018 2033 5072 Nolanus.

475 5010 747 5081 haberent,"
769 5014 837 5067 ad
865 5029 920 5067 se
944 5012 1129 5081 referri
1153 5027 1277 5064 eum
1293 5010 1749 5077 voluisse,‘scribit
1774 5018 2033 5073 Molanus.

541 5086 620 5158 (b)
650 5087 739 5140 Sic
766 5092 931 5158 vocat
942 5083 1199 5158 _Molanus
1228 5095 1321 5158 eos
1345 5120 1360 5144 ,
1408 5082 1500 5158 qui
1542 5082 1889 5158 conferendis
1910 5103 2037 5158 cum

470 5150 611 5212 mss.
637 5152 1041 5220 exemplaribus
1082 5164 1135 5205 et
1181 5150 1514 5218 corrigendis
1559 5151 1838 5219 Augustini
1887 5156 2040 5211 libris

471 5236 631 5296 atque
657 5220 1257 5296 repurgandis_Eras_In_i_
1273 5222 1504 5296 maxime
1531 5225 1776 5277 censuris
1799 5234 1854 5279 et
1884 5226 2037 5296 Vivis

469 5288 879 5350 commentariis
909 5307 977 5345 ex
1004 5289 1183 5344 ϐοωΞὶ
1208 5288 1562 5356 dispositione
1584 5305 1866 5348 vacarent:
1901 5295 2038 5350 Era.

467 5365 673 5419 minatis
719 5363 963 5416 lectorum
1014 5361 1181 5429 Operis
1207 5404 1221 5427 ,
1270 5360 1544 5431 in__multis
1588 5364 1811 5427 quidem,
1843 5366 2034 5431 inquit,

467 5450 585 5505 ηενρ
607 5432 861 5505 judicium
890 5447 1010 5501 cum
1039 5446 1241 5505 summa
1268 5429 1540 5499 diligentia
1568 5435 1894 5505 conjunctum
1918 5429 2038 5505 pro-

468 5504 582 5557 bavi
606 5500 624 5556 Ξ
653 5504 706 5555 in
734 5501 853 5554 aliis
882 5510 1049 5553 autem
1075 5540 1090 5563 ,
1142 5500 1241 5553 etsi
1282 5515 1382 5551 non
1410 5510 1609 5553 tantum
1639 5500 1927 5569 diligentia!
1944 5504 2037 5557 de-

468 5572 832 5642 prehende’rem
857 5611 872 5633 ,
916 5579 1083 5623 tamen
1132 5570 1192 5642 id,
1232 5569 1406 5642 studii,
1433 5570 1569 5642 quod
1595 5571 1866 5637 habebant,
1900 5575 2038 5626 erci-

466 5639 680 5699 tattdttm
725 5642 932 5707 potius,
973 5655 1132 5708 quam
1176 5639 1569 5707 improbandum
1628 5644 1820 5709 putari.
1873 5642 2035 5696 Pauci

2145 3175 2323 3230 brevis
2348 3190 2601 3241 censura,
2632 3176 2924 3229 multorum
2952 3175 3333 3245 theologorum
3350 3174 3560 3244 judicio
3587 3190 3728 3229 con-

2144 3266 2374 3320 firmata.
2404 3266 2538 3332 Qua:
2567 3276 2745 3321 autem
2790 3276 2941 3321 certo
2980 3266 3268 3335 Augustini
3311 3282 3418 3321 non
3445 3281 3566 3322 esse
3592 3276 3729 3321 sunt

2144 3357 2481 3427 deprehensa
2504 3398 2521 3424 ,
2549 3373 2611 3414 ea
2640 3360 2696 3413 in
2731 3360 2814 3414 sui
2852 3361 2982 3414 tomi
3023 3361 3381 3428 appendicem
3405 3370 3531 3414 sunt
3560 3375 3727 3428 repo-

2143 3447 2279 3513 sita,
2312 3448 2549 3517 prtelixis
2578 3449 2852 3512 censuris,
2888 3464 3012 3518 quae
3052 3465 3148 3519 per
3185 3449 3468 3519 theologos
3510 3450 3726 3519 aliquot

2150 3537 2518 3593 Lovanienses
2547 3548 2676 3593 sunt
2703 3539 2961 3593 discussae
2988 3549 3043 3594 et
3071 3540 3385 3609 approbatae
3416 3538 3529 3608 (c).
3566 3557 3586 3591 ›

2216 3628 2297 3683 Ad
2322 3643 2443 3698 qua:
2463 3643 2630 3695 pauca
2661 3628 2880 3698 jamjam
2909 3629 3065 3684 nobis
3091 3639 3214 3684 sunt
3244 3627 3610 3683 observanda.
3642 3628 3727 3682 Ac

2147 3734 2487 3791 praemonere
2516 3717 2731 3789 quidem
2769 3720 2945 3788 lubet,
2980 3723 3323 3791 partitionem
3347 3737 3445 3791 per
3472 3721 3731 3789 singulos

2145 3826 2319 3871 ulmos
2352 3828 2420 3868 ex
2462 3812 2775 3867 Erasmiana
2815 3827 2935 3867 esse
2970 3823 3270 3881 servatam,
3304 3813 3400 3867 sed
3451 3822 3727 3868 mutatum

2146 3908 2345 3979 passim
2378 3906 2641 3960 librorum
2687 3904 2964 3966 ordinem.
2995 3904 3227 3959 maxime
3255 3919 3351 3971 per
3379 3918 3475 3959 eos
3495 3945 3510 3967 ,
3540 3904 3633 3972 qui
3670 3904 3731 3958 in

2146 4000 2472 4070 appendices
2521 3998 2704 4067 rejecti
2744 4006 2888 4051 sunt.
2935 3996 3051 4051 Non
3091 3996 3362 4050 immerito
3402 4004 3581 4050 autem
3618 3995 3732 4050 hoc

2147 4092 2248 4146 sibi
2289 4090 2629 4153 tribuerunt,
2673 4088 2815 4157 quod
2853 4095 3029 4141 textus
3069 4101 3101 4140 a
3137 4085 3322 4139 multis
3363 4085 3734 4154 gravibusque

2148 4182 2356 4236 mendis
2381 4181 2434 4235 iu
2457 4193 2586 4234 mss.
2615 4178 3025 4246 exemplarium,
3047 4191 3278 4245 quorum
3301 4174 3562 4228 immensa
3591 4175 3734 4243 ipsis

2146 4275 2464 4344 suppetebat
2486 4270 2664 4340 copia,
2698 4271 2771 4325 sit
2792 4269 3130 4342 emendatus.
3152 4268 3392 4322 Probant
3413 4268 3541 4322 illud
3562 4270 3735 4321 casti-

2071 4414 2124 4473 D
2148 4365 2378 4436 gationes
2401 4377 2496 4417 seu
2525 4361 2904 4431 recognitioncs
2947 4358 3014 4413 ad
3054 4358 3214 4413 linem
3255 4358 3520 4428 cujusque
3552 4360 3693 4411 torni
3714 4404 3730 4427 ,

2151 4465 2343 4473 __,,.__
2380 4454 2636 4473 Δ--ε...--...
2712 4451 2932 4473 -Δξ--ι..
2992 4451 3040 4473 Ξ..
3072 4450 3263 4473 -..ΣΙ-..-ιι
3293 4448 3580 4473 Αξίι--..ι-..
3628 4449 3730 4473 --.Ι

2150 4465 2345 4525 praeter
2374 4454 2640 4509 decimum
2664 4492 2679 4514 ,
2710 4451 2966 4521 adjecta,
2991 4451 3042 4503 in
3069 4450 3265 4518 quibus
3290 4448 3601 4518 diligenter.
3628 4449 3734 4503 sed

2149 4546 2336 4616 paucis
2361 4544 2543 4600 verbis
2572 4542 2733 4598 lectio
2761 4540 3012 4610 superior
3048 4555 3171 4594 cum
3214 4540 3443 4594 lectione
3470 4540 3731 4593 codicum

2145 4638 2462 4694 collatnrum
2494 4650 2588 4689 seu
2636 4647 2826 4689 recens
2853 4641 3067 4702 recepta
3092 4641 3455 4699 comparatur,
3482 4631 3737 4685 indiculo

2143 4728 2390 4784 codicum
2411 4725 2777 4780 adbibitorum
2801 4722 3001 4792 ubique
3025 4722 3327 4791 pranuisso.
3360 4722 3561 4775 Harum
3589 4736 3737 4775 vero

2145 4818 2581 4875 emendationum
2630 4815 2714 4870 vel
2757 4815 2998 4869 locorum
3030 4812 3494 4868 emendandorum
3530 4813 3739 4883 largis-

2142 4952 2302 5019 fuere,
2331 4963 2544 5019 quorum
2572 4946 2627 4999 in
2649 4946 2818 5019 locum
2842 4947 2979 5012 quod
3007 4946 3177 4999 minus
3204 4944 3379 5019 idonei
3403 4945 3731 5019 viderenjur,

2140 5015 2272 5072 alios
2320 5015 2608 5070 eruditione
2636 5016 2937 5088 iudicioque
2978 5025 3279 5088 prwstatttes
3330 5015 3464 5067 viros
3512 5015 3729 5083 stt/feci,

2140 5090 2229 5158 qui
2250 5104 2313 5141 ea:
2338 5096 2511 5139 nostro
2540 5085 2875 5158 prafscripto,
2909 5096 3016 5138 tum
3042 5085 3334 5158 superiora,
3360 5094 3468 5136 tum
3496 5101 3739 5158 ea,_quce

2146 5154 2424 5219 restarent,
2453 5166 2688 5208 accurate
2711 5154 3452 5223 corrigerent,et'diﬂicultates
3475 5171 3539 5207 ac
3567 5156 3740 5212 dubia

2145 5228 2260 5281 loca
2290 5237 2487 5279 tantum
2511 5224 2578 5277 ad
2608 5241 2699 5278 nos
2724 5225 2989 5293 referrent.

2214 5296 2309 5366 (ο)
2344 5296 2560 5366 Signata
2591 5305 2675 5366 es_t
2718 5291 2939 5366 Lovanii
2963 5309 3106 5346 anno
3140 5291 3491 5366 lli.D.LXXJ
3534 5294 3737 5349 kalen-

2144 5361 2233 5419 dis'
2268 5361 2599 5436 Septembris.
2630 5364 2866 5436 Joannes
2898 5364 3140 5436 Molanus
3169 5361 3563 5436 Lovaniensis,
3589 5382 3740 5435 apo-

2142 5434 2356 5490 stolicus
2386 5446 2435 5491 et
2474 5434 2645 5502 regius
2685 5435 2934 5489 librorum
2972 5435 3224 5499 uisitator,
3265 5450 3375 5488 meo
3408 5434 3652 5498 nomine,
3688 5446 3741 5490 et

2142 5507 2402 5574 imprimis
2442 5504 2689 5574 mandato
2712 5515 2760 5558 et
2792 5505 3095 5557 auuoritate
3123 5504 3425 5559 ueneranda:
3448 5503 3739 5574 facultatis

2141 5586 2331 5629 nostra:
2354 5573 2670 5642 theologicte,
2703 5576 2777 5628 sic
2799 5574 3094 5644 subscripsi.
