4010 6350
272 383 329 437 81
1150 381 1426 437 NOTITIA
1470 376 1887 434 LITTEIlAIlIA
1927 375 1992 430 IN
2033 376 2091 431 S.
2136 376 2600 434 AUGUSTINUM.
3451 377 3523 432 ει

265 494 393 543 sima
419 500 696 545 succrevtt
725 504 883 559 seges
935 491 984 544 in
1019 502 1220 546 tomum
1243 493 1556 561 septimum,
1582 491 1674 561 qui
1704 503 1832 544 con-
1860 489 1913 546 A
1939 495 2039 551 ret,
2077 489 2452 557 probationem
2484 489 2813 559 adjicerent;
2852 490 2942 559 qui
2969 503 3100 545 vero
3126 498 3278 545 certo
3306 491 3520 562 Augus-

269 581 561 634 troversias
584 595 708 634 cum
740 581 1030 635 Donatistis
1055 593 1218 652 atque
1251 581 1551 651 Pelagianis
1577 582 1836 636 continet.

264 672 423 724 Multa
455 686 668 741 quoque
695 671 835 726 adeo
853 673 1105 727 intricata
1130 684 1221 727 aut
1247 674 1301 727 in
1325 685 1607 742 utramque
1635 682 1839 741 partem

260 762 638 830 explicabilia,
686 773 747 818 ut
794 779 997 832 parom'
1032 765 1135 818 sibi
1193 766 1431 820 laborem
1464 780 1839 820 successurum

258 852 522 916 sentiret,
568 855 658 921 qui
707 854 866 923 hujus
914 856 1043 909 tomi
1091 855 1288 910 vindex
1334 858 1664 912 constitutus
1689 863 1838 922 erat,

260 943 524 997 Henricus
555 944 805 1013 Gravius,
836 946 939 1001 nisi
964 948 1032 1000 ab
1057 946 1299 1001 instituta
1325 948 1379 1001 in
1401 947 1632 1016 reliquis
1661 945 1840 1000 brevi-

257 1043 366 1085 tate
413 1033 716 1088 recederet.
767 1035 1036 1090 Vincebat
1078 1037 1222 1091 enim
1259 1055 1278 1088 t
1331 1051 1435 1090 non
1482 1045 1590 1090 tam
1634 1035 1839 1090 inﬁnita

253 1132 560 1178 erratorum
592 1126 779 1195 turba,
813 1142 931 1197 quae
975 1126 1118 1182 hunc
1161 1137 1363 1182 tomum
1395 1125 1704 1196 turpissime
1742 1125 1840 1181 de-

256 1215 562 1281 fuedabant,
617 1232 811 1287 quam,
862 1218 1005 1288 quod
1050 1233 1276 1274 necesse
1322 1218 1634 1288 frequenter
1661 1225 1837 1282 esset,

254 1315 476 1361 mutatae
508 1309 761 1365 lectionis
787 1311 1056 1366 rationem
1080 1313 1338 1378 reddere,
1372 1311 1683 1366 mendosam
1711 1324 1841 1365 con-

255 1399 506 1466 vincere,
553 1402 757 1458 vitiatae
787 1418 1006 1459 causam
1033 1415 1088 1459 et
1119 1406 1433 1459 occasiones
1460 1407 1672 1472 aperire
1711 1421 1725 1458 :
1758 1402 1838 1456 in-

252 1491 465 1545 terdum
497 1503 678 1549 autem
709 1495 890 1550 varios
911 1497 1222 1565 expendere
1243 1541 1256 1564 ,
1286 1512 1349 1551 ac
1389 1495 1677 1550 collatione
1705 1495 1840 1548 alio-

253 1597 371 1635 rum
403 1585 544 1639 inter
575 1601 634 1641 se
677 1587 922 1642 locorum
969 1589 1303 1658 dijudicare,
1336 1603 1738 1657 nonnumquam
1785 1596 1839 1642 et

253 1682 443 1728 contra
473 1675 631 1730 fidem
665 1692 770 1731 ms.
796 1678 1068 1747 vulgatam
1092 1694 1369 1735 asserere:
1400 1678 1694 1748 aliquando
1709 1692 1838 1732 vero

252 1765 647 1821 divinationem
699 1785 915 1838 quoque
965 1785 1307 1839 proponere,
1361 1770 1629 1841 quomodo
1658 1769 1836 1824 hiulca

1946 577 2037 630 tini
2069 593 2171 630 non
2194 593 2315 632 esse
2337 579 2664 648 deprehensi
2691 588 2873 635 essent
2895 621 2908 644 ,
2945 594 3042 634 eos
3084 581 3137 634 in
3169 580 3519 650 appendicem

1943 668 2233 734 rejicerent
2253 709 2269 732 ,
2303 669 2540 738 reliquos
2568 678 2661 724 aut
2691 686 2794 724 non
2823 672 2953 725 satis
2973 671 3278 739 discussos,
3310 678 3405 726 aut
3445 687 3517 728 ex

1937 758 2140 827 judicio
2185 763 2542 829 quorumdam
2591 763 2925 818 eruditorum
2966 764 3145 820 dubia:
3184 766 3522 820 auctoritatis

1943 849 2083 904 inter
2101 849 2528 919 Augustinianos
2555 854 2955 922 relinquerent,
2991 871 3097 910 non
3126 856 3311 911 addito
3341 865 3520 911 tamen

1940 941 2060 1011 ejus
2090 943 2327 999 nomine.
2355 944 2533 1014 Atque
2563 946 2681 1000 haec
2707 947 2970 1003 hactenus
3003 950 3071 1004 de
3099 950 3518 1006 Lovaniensium

1941 1032 2154 1087 studiis.
2201 1033 2358 1101 Quod
2399 1035 2720 1106 typographi
2752 1047 2932 1107 partes
2979 1043 3206 1107 attinet,
3256 1040 3519 1111 impressa

1940 1131 2065 1176 sunt
2092 1138 2256 1192 opera
2278 1125 2492 1194 quidem
2510 1126 2829 1183 charactere
2859 1130 3124 1196 rotundo,
3156 1132 3287 1186 satis
3308 1131 3517 1196 nitido,

1941 1211 2081 1267 binis
2107 1215 2409 1281 columnis,
2453 1231 2700 1273 censura:
2723 1220 2946 1288 eodem,
2978 1221 3074 1276 sed
3104 1222 3332 1293 minori,
3364 1237 3520 1294 argu-

1943 1315 2122 1360 menta
2144 1319 2324 1363 autem
2356 1310 2493 1366 sicut
2514 1320 2568 1366 et
2589 1313 2642 1367 in
2670 1313 3002 1383 marginibus
3048 1325 3264 1382 notata,
3312 1316 3518 1370 Italico.

1941 1396 2138 1452 Omnes
2171 1410 2349 1455 autem
2396 1402 2566 1470 torni,
2622 1415 2821 1472 prazter
2862 1421 2985 1461 eum
3017 1407 3108 1477 qui
3140 1407 3348 1462 indices
3370 1422 3520 1462 com-

1943 1490 2214 1559 plectitur,
2241 1502 2295 1548 et
2317 1495 2554 1550 universi
2582 1497 2764 1565 operis
2787 1497 2996 1552 titulum
3021 1497 3259 1567 praefert,
3285 1499 3522 1568 itemque

1942 1586 2321 1642 annotationes
2353 1587 2406 1641 in
2434 1596 2636 1642 tomum
2675 1589 2781 1654 VII,
2806 1605 3005 1645 annum
3039 1590 3436 1645 M.D.LXXVI
3465 1591 3520 1645 in

1940 1673 2117 1730 fronte
2144 1687 2368 1744 gerunt;
2403 1694 2502 1734 nec
2530 1689 2711 1736 tamen
2739 1697 2925 1736 omnes
2948 1683 3050 1738 hoc
3079 1698 3225 1737 anno
3245 1684 3524 1741 absolutos

1940 1781 2098 1833 esse,
2132 1783 2198 1822 ex
2226 1769 2624 1839 subscriptione
2675 1781 2835 1842 patet,
2871 1789 2992 1842 quae
3041 1775 3095 1830 in
3147 1775 3270 1830 aliis
3320 1790 3522 1830 annum

251 1857 498 1924 impleri,
524 1860 706 1916 luxata
728 1863 930 1928 curari,
958 1863 1249 1932 depravata
1275 1863 1486 1918 restitui
1508 1876 1669 1931 posse
1691 1861 1841 1915 vide-
1869 1859 1917 1918 B
1943 1859 2403 1927 Septuagesimum
2426 1872 2659 1927 sextum,
2694 1864 2747 1917 in
2788 1864 2912 1918 aliis
2953 1867 3411 1935 septuagesimum
3437 1881 3523 1923 se-

250 1960 462 2005 rentor.
497 1969 518 2002 s
555 1970 575 2002 ι
615 1953 925 2018 Postremo,
959 1956 1166 2024 inquit,
1191 1954 1502 2010 annotanda
1523 1954 1686 2009 etiam
1719 1953 1836 2008 loca

247 2053 503 2110 suspecta
525 2086 540 2110 ,
571 2054 624 2099 et
654 2044 855 2114 quibus
891 2046 1156 2101 medelam
1199 2049 1315 2102 sine
1345 2062 1445 2101 ms.
1479 2045 1731 2116 praesidio
1758 2042 1839 2098 af-

219 2136 388 2225 ,ἴθι-τε
435 2152 546 2190 non
597 2152 915 2206 possemus;
947 2148 1010 2194 ut
1038 2141 1292 2195 nimirum
1333 2142 1547 2196 occasio
1576 2139 1837 2194 studiosis

246 2229 619 2298 praeberetur,
649 2239 866 2285 veteres
902 2233 1128 2287 aliarum
1171 2234 1451 2301 regionum
1479 2231 1837 2288 bibliothecas

241 2319 597 2385 excutiendi,
642 2323 874 2378 nuncubi
906 2322 1046 2378 forte
1068 2365 1083 2386 ,
1115 2324 1200 2379 vel
1225 2324 1557 2394 antiquiora,
1587 2322 1673 2377 vel
1703 2322 1837 2377 fide-

240 2413 375 2466 liora
411 2414 748 2482 exemplaria
770 2415 993 2480 lateant,
1025 2418 1165 2470 unde
1193 2416 1412 2486 corrigi,
1449 2417 1532 2470 vel
1558 2414 1836 2469 emendari

238 2520 299 2556 ea
325 2517 583 2574 possent.
608 2527 626 2559 ι
653 2508 793 2575 Quin
820 2509 910 2562 ubi
938 2510 1105 2564 semel
1135 2510 1202 2563 ab
1229 2511 1470 2564 instituto
1495 2509 1832 2577 recessisset,

237 2613 409 2650 ausus
456 2609 544 2652 est
580 2599 860 2666 aliquanto
887 2602 1049 2654 etiam
1094 2602 1304 2670 longius
1350 2601 1668 2670 procedere.
1702 2617 1722 2651 ε
1758 2603 1836 2654 Ac

240 2690 505 2755 primum,
535 2689 730 2759 inquit,
752 2690 1051 2751 historiam,
1075 2707 1194 2758 qua:
1218 2691 1446 2760 plurima
1473 2691 1557 2746 his
1578 2700 1632 2745 et
1654 2691 1837 2759 ignota

237 2781 567 2849 frequenter
585 2782 846 2848 occurrit,
878 2783 1116 2837 breviter
1145 2784 1492 2852 aperuimus;
1518 2782 1717 2837 dehinc
1739 2781 1836 2836 ob-

236 2886 403 2924 scura
438 2871 872 2939 illustravimus;
905 2873 971 2927 ad
1005 2873 1119 2928 lucc
1147 2882 1395 2943 suspecta
1442 2881 1498 2927 et
1532 2872 1835 2942 periculosa

235 2964 678 3032 explicavimus;
719 2975 830 3021 tum
858 2967 923 3022 ab
947 2967 1069 3021 aliis
1090 2982 1276 3022 arrosa
1305 2966 1674 3031 defendimus;
1701 2981 1836 3034 pra-

239 3069 393 3113 terea
423 3075 536 3113 non
567 3070 713 3115 recte
741 3073 769 3114 a
797 3060 1120 3130 quibusdam
1164 3060 1438 3115 intellecta
1459 3102 1477 3127 ,
1524 3053 1633 3128 quo
1674 3072 1837 3112 sensu

235 3152 566 3221 accipienda
597 3153 802 3221 forent,
834 3154 1201 3220 ostendimus;
1230 3154 1464 3224 denique
1495 3153 1542 3207 si
1565 3152 1690 3222 quid
1714 3166 1839 3207 con-

236 3253 312 3294 tra
344 3242 654 3299 hodiernas
684 3245 921 3300 haareses
951 3245 1189 3311 faceret,
1222 3255 1315 3300 aut
1343 3244 1547 3314 alioqui
1582 3244 1836 3299 observa-
1863 3217 1909 3280 C

235 3334 390 3388 tione
424 3334 654 3405 dignum
679 3345 1027 3402 occurreret,
1073 3337 1263 3408 paucis
1302 3336 1701 3391 annotavimus.
1729 3335 1836 3392 Sed

235 3440 336 3481 nec
369 3427 432 3480 id
463 3430 636 3482 visum
680 3428 778 3483 fuit
809 3429 1242 3498 prastereundum
1262 3471 1276 3495 ,
1306 3441 1396 3494 ut,
1423 3429 1678 3499 quoniam
1704 3427 1838 3484 Ger-

234 3520 523 3573 manicum
562 3521 842 3588 exemplar
878 3521 1256 3592 corrigendum
1292 3523 1447 3576 nobis
1477 3522 1659 3577 datum
1684 3531 1833 3588 erat,

232 3610 391 3662 multi
424 3618 612 3664 autem
639 3610 908 3666 Gallicana
935 3621 1218 3667 uterentur
1246 3613 1500 3678 editione,
1546 3628 1664 3681 qua:
1705 3613 1836 3666 alios

231 3701 544 3767 frequenter
570 3716 635 3752 ac
661 3700 793 3756 alios
821 3719 856 3755 a
892 3702 1221 3757 Frobeniana
1249 3719 1447 3757 errores
1477 3703 1712 3773 haberet,
1741 3718 1836 3758 eos

229 3807 465 3862 quoque
499 3794 886 3851 indicaremus.
929 3796 984 3850 ld
1026 3797 1169 3866 quod
1214 3797 1266 3850 in
1319 3796 1454 3852 locis
1489 3797 1696 3866 aliquot
1725 3811 1834 3852 non

231 3884 599 3954 indiligenter
622 3886 870 3954 fecimus,
901 3888 996 3942 sed
1020 3898 1321 3958 temporum
1344 3890 1607 3958 angustiis
1632 3889 1836 3943 exclusi

230 3975 515 4041 perﬁcere
539 3993 645 4031 non
671 3979 964 4048 potuimus.
996 3999 1014 4033 ι
1045 3980 1332 4052 Singulare
1354 3981 1534 4051 itaque
1553 3981 1832 4046 volumen,

228 4076 284 4121 et
321 4068 484 4136 quod
516 4069 783 4138 peculiari
815 4071 971 4125 titulo
1002 4073 1070 4127 ab
1101 4072 1219 4141 ipso
1264 4081 1412 4127 tomo
1458 4073 1689 4142 septimo
1725 4072 1836 4127 dis-

227 4171 457 4214 cretum
488 4170 598 4227 est,
633 4164 716 4216 hze
735 4163 918 4219 Gravii
947 4164 1311 4221 discussiones
1339 4165 1613 4231 efficiunt,
1645 4165 1836 4221 inscri-

231 4259 360 4319 ptae,
400 4253 784 4308 Annotationes
811 4257 863 4309 in
886 4265 1080 4309 tomum
1115 4255 1227 4310 VII
1249 4257 1311 4311 Β.
1338 4257 1635 4330 Augustini,
1665 4257 1831 4328 Hipp.

224 4345 393 4409 episc.
407 4385 426 4409 ,
459 4345 646 4413 quibus
665 4348 1057 4417 castigationum
1071 4350 1206 4402 ratio
1226 4349 1540 4419 varietasque
1558 4347 1835 4404 lectionum

225 4434 533 4502 indicatur,
563 4452 646 4490 res
665 4449 947 4492 memoratu
968 4439 1137 4511 digna:
1163 4440 1517 4507 observantur,
1539 4441 1836 4495 obscuriora

226 4527 648 4597 difﬁcilioraque
681 4531 793 4582 loca
819 4532 1142 4600 explicantur
1171 4539 1217 4584 et
1242 4531 1592 4586 illustrantur.
1615 4531 1835 4587 Antuer-

229 4619 337 4682 pia:
370 4617 845 4675 M.D.LXXVII.
876 4621 991 4676 Jam
1015 4623 1155 4692 quod
1179 4622 1400 4676 alterum
1427 4625 1652 4691 attinet,
1688 4623 1834 4694 quod

231 4710 282 4760 in
308 4711 621 4764 virtutibus
644 4712 805 4781 hujus
827 4714 1080 4770 editionis
1103 4716 1319 4784 publica
1341 4731 1568 4771 censura
1598 4716 1832 4786 reponit,

232 4801 373 4855 nihil
401 4802 608 4857 attinet
632 4804 814 4860 dicere
835 4806 962 4875 quid
993 4808 1044 4861 in
1078 4808 1287 4861 Erasmi
1314 4811 1560 4864 censuris
1588 4816 1645 4863 et
1671 4809 1722 4863 in
1746 4809 1835 4862 Vi-

234 4893 319 4946 vis
350 4897 764 4949 commentario
788 4935 804 4959 ,
853 4897 1002 4952 hisce
1032 4898 1298 4967 theologis
1323 4898 1676 4966 displicuerit.
1708 4898 1833 4954 Plus

231 4988 386 5041 valet
417 4988 684 5054 tertium,
725 4992 906 5058 spuria
935 5006 965 5045 a
992 4990 1241 5062 genuinis
1285 5007 1507 5062 prorsus
1544 5000 1750 5048 secreta
1779 5003 1834 5048 et

227 5077 283 5130 in
307 5081 684 5148 appendicem
704 5082 923 5151 rejects,
956 5083 1100 5152 quod
1122 5084 1469 5139 sanelaboris
1492 5095 1825 5141 momentum

229 5171 414 5225 multo
438 5171 730 5239 eruditius,
762 5189 921 5244 quam
947 5175 1235 5240 Erasmus,
1273 5178 1537 5244 persecuti
1566 5188 1710 5243 sunt,
1736 5178 1826 5248 qui

229 5263 598 5332 plerumque,
632 5280 750 5334 qua:
776 5266 878 5320 sibi
917 5276 1170 5335 suspecta
1217 5279 1431 5335 essent,
1479 5270 1530 5323 in
1581 5272 1826 5326 censuris

230 5363 455 5408 tantum
482 5363 676 5410 notare
697 5364 986 5412 contentus
1013 5358 1133 5424 fuit,
1159 5361 1384 5427 paucula
1409 5361 1669 5430 sejunxit,
1688 5379 1829 5431 quie-

228 5447 359 5500 tlarn
393 5448 557 5516 plane
584 5449 765 5518 ejecit.
798 5450 853 5505 In
885 5453 1226 5508 sermonibus
1249 5463 1425 5509 tamen
1445 5496 1459 5520 ,
1489 5455 1580 5509 ubi
1608 5454 1828 5512 difficile

229 5537 471 5606 luisset,
510 5540 583 5595 de
621 5541 920 5612 singulisin
954 5545 1271 5614 particulari
1317 5562 1571 5614 censere,
1615 5549 1827 5604 Martini

231 5625 413 5696 Lipsii
444 5631 756 5700 exemplum
797 5647 858 5687 se
901 5645 1119 5689 secutos
1139 5651 1259 5691 esse
1286 5637 1517 5707 professi
1559 5651 1720 5712 sunt,
1770 5654 1827 5699 ut

230 5721 322 5786 tis,
358 5721 459 5790 qui
483 5732 641 5778 certo
671 5723 958 5794 Augustini
981 5742 1105 5783 esse
1131 5728 1465 5798 viderentur,
1489 5748 1688 5790 nomen
1709 5736 1825 5805 ejus

229 5816 605 5883 casriberent,
634 5827 689 5874 et
716 5837 779 5876 es
811 5819 974 5888 Beda,
1007 5832 1099 5878 aut
1125 5824 1361 5892 aliunde,
1388 5834 1549 5893 prout
1571 5844 1824 5886 occurre-

1941 1948 2166 2017 ptimunt
2185 1951 2442 2006 ostendit.
2468 1952 2708 2022 Denique
2729 1953 3046 2022 adjecimus,
3061 1955 3363 2010 Plantinum
3384 1972 3523 2010 nun-

1939 2052 2172 2106 cupasse
2197 2039 2492 2096 editionem
2532 2040 2902 2114 CltristOphoro
2932 2055 2982 2097 et
3007 2044 3265 2101 Ludovico
3299 2047 3522 2100 Madru-

1939 2131 2030 2184 ciis
2051 2131 2433 2188 cardinalibus.

2643 2227 2669 2280 1
2680 2226 2802 2281 584.

2015 2313 2269 2382 Vcnetiis,
2303 2333 2394 2386 per
2419 2315 2675 2371 Joannem
2704 2317 2997 2388 Baptistam
3044 2321 3288 2386 Sessam,
3319 2321 3413 2376 sub
3451 2322 3524 2375 si-

1937 2425 2038 2479 gno
2052 2406 2274 2474 Felicis;
2301 2407 2574 2463 in-4°.XI
2597 2411 2763 2464 tomis.
2792 2411 2856 2464 D.
2875 2411 3006 2468 Aur.
3023 2411 3330 2482 Augustini,
3359 2411 3520 2481 IIipp.

1938 2499 2198 2569 episcopi,
2224 2515 2387 2570 opera
2411 2502 2594 2556 omnia
2621 2503 2908 2572 impressa,
2939 2504 3220 2575 recognita
3245 2512 3302 2560 et
3328 2517 3520 2560 emen-

1938 2591 2086 2646 data.
2119 2591 2236 2647 Cat.
2259 2591 2398 2647 Bibl.
2427 2592 2558 2664 Reg.
2582 2591 2763 2648 Paris.

2009 2684 2227 2740 Iteratio
2273 2697 2357 2740 est
2397 2685 2622 2741 Veneta
2676 2686 2893 2756 prioris.
2942 2688 3147 2744 Saltem
3195 2687 3526 2744 Turretinus

1938 2778 2140 2842 verba,
2178 2778 2374 2847 quibus
2413 2788 2695 2848 tantopere
2737 2779 3007 2836 oll‘ensum
3056 2796 3177 2838 esse
3224 2781 3510 2848 novimus,

1938 2884 2162 2939 quaeque
2189 2885 2352 2940 supra
2390 2881 2518 2926 sunt
2543 2872 2773 2927 excitata
2799 2912 2815 2937 ,
2864 2888 2930 2928 ex
2963 2873 3065 2928 hac
3106 2873 3323 2940 laudat,
3354 2873 3521 2942 idque

1937 2966 2292 3022 Colonienses
2316 2967 2671 3037 confirmant,
2704 2968 2795 3038 qui
2821 2967 3172 3023 Ancillonium
3197 2967 3480 3036 corrigunt
3501 3007 3528 3030 ,.

1936 3059 1990 3113 in
2020 3057 2249 3114 Miscell.
2278 3058 2406 3114 Crit.
2433 3059 2496 3114 Τ.
2523 3061 2566 3126 l,
2601 3077 2652 3131 p.
2679 3061 2806 3125 243,
2840 3075 3121 3131 perperam
3154 3075 3439 3115 numerum
3465 3075 3522 3113 a.

1941 3149 2077 3206 1548
2105 3151 2436 3207 efferentem.
2472 3153 2714 3208 Oudinus
2746 3163 2923 3208 tamen
2952 3153 3016 3208 Τ.
3049 3154 3092 3220 l,
3124 3169 3176 3223 p.
3210 3153 3340 3220 952,
3366 3152 3520 3208 Plan-

1939 3242 2157 3298 tiniana:
2181 3243 2601 3314 descriptionem
2628 3261 2749 3301 esse
2775 3245 2964 3312 tradit,
2998 3261 3193 3315 meque
3225 3246 3397 3315 ipsum
3422 3261 3520 3299 an-

1938 3335 2158 3402 cipitem
2204 3335 2438 3390 reddidit
2483 3336 2804 3392 Turretinls
2847 3353 2943 3403 eo,
2989 3338 3130 3407 quod
3163 3338 3302 3408 apud
3330 3337 3520 3391 Juntas

1937 3440 2252 3495 expressam
2277 3429 2415 3492 vult,
2445 3429 2588 3496 quod
2617 3429 2684 3483 de
2711 3429 2876 3496 priori
2905 3444 2970 3485 ex
3003 3439 3155 3498 parte
3178 3430 3395 3499 quidem
3426 3445 3519 3484 ve-

1937 3533 2079 3583 rum,
2113 3518 2180 3574 de
2212 3520 2310 3574 hac
2338 3520 2474 3575 mihi
2505 3535 2615 3575 non
2641 3521 2828 3590 liquet.
2863 3521 3042 3575 Facile
3068 3533 3247 3576 autem
3275 3521 3391 3576 fieri
3425 3535 3522 3590 po-

1941 3608 2071 3672 tuit,
2098 3617 2156 3662 ut
2196 3609 2522 3676 editionem,
2553 3626 2714 3680 quam
2745 3611 3083 3676 intenderet,
3114 3627 3144 3664 a
3178 3611 3518 3682 typographo

1938 3707 2088 3754 recte
2113 3699 2474 3767 significaret,
2521 3702 2650 3755 anni
2693 3718 2975 3758 numerum
3009 3714 3189 3759 tamen
3217 3718 3340 3759 cum
3386 3705 3520 3759 alte-

1936 3791 2049 3844 rius
2082 3789 2300 3846 Veneta:
2314 3805 2458 3846 anno
2474 3791 2847 3849 confunderet.
2867 3793 2972 3850 Sed
3003 3795 3056 3847 in
3086 3795 3369 3864 superiore
3393 3809 3520 3865 sen-

1938 3884 2104 3937 tentia
2132 3884 2419 3940 confirmat
2446 3899 2548 3940 nos
2571 3884 2926 3953 Clementius,
2952 3888 3040 3956 qui
3074 3886 3305 3942 laudatis
3331 3896 3527 3941 aucto--

1937 3977 2086 4033 ribus
2114 3978 2218 4032 alia
2262 3979 2572 4034 testimonia
2601 3979 2806 4034 addidit
2853 3980 2906 4034 in
2939 3979 3076 4034 Bibl.
3107 3979 3248 4033 Hist.
3288 3979 3416 4034 Crit.
3450 3979 3514 4035 1'.

1937 4068 2009 4137 ιι,
2042 4085 2093 4139 p.
2116 4068 2242 4124 ass.

2649 4163 2812 4219 1586.

2009 4255 2234 4310 Parisiis
2256 4297 2271 4319 ,
2293 4271 2410 4309 cum
2439 4255 2629 4327 insigni
2654 4255 2860 4325 Magna:
2883 4254 3085 4322 Navis;
3124 4256 3304 4326 in-fol.
3332 4255 3419 4308 XI
3441 4273 3519 4310 w-

1936 4349 2054 4401 mis.
2101 4347 2165 4401 D.
2207 4345 2339 4400 Aur.
2388 4346 2671 4416 Augustini
2719 4342 2919 4415 opera,
2952 4358 3081 4414 etc.,
3128 4356 3186 4400 ut
3215 4349 3267 4400 in
3297 4349 3519 4401 Antuer—

1937 4439 2121 4508 piensi.
2155 4436 2370 4490 Additis
2395 4439 2669 4493 nonnullis
2698 4439 2824 4492 aliis
2852 4439 3093 4494 homiliis
3122 4439 3347 4494 Lutetia:
3376 4453 3519 4493 nunc

1941 4531 2169 4597 primum
2199 4531 2383 4593 editis,
2414 4546 2548 4599 quas
2581 4532 2773 4599 pagina
2804 4533 3044 4586 secunda
3077 4534 3204 4588 tomi
3238 4531 3286 4587 Χ
3314 4532 3516 4588 indica-

1859 4589 1912 4649 D
1941 4623 2048 4676 bit:
2075 4638 2196 4676 cum
2227 4622 2403 4677 indice
2429 4623 2720 4690 tripartito.

2011 4715 2290 4782 llomiliae,
2332 4731 2465 4783 quas
2507 4717 2576 4772 de
2602 4731 2747 4771 novo
2771 4717 3118 4787 adjecerunt,
3148 4730 3274 4773 sunt
3306 4719 3422 4774 XIII
3449 4735 3521 4776 ex

1939 4825 2039 4862 ms.
2073 4808 2259 4863 codice
2288 4809 2627 4865 bibliotheca:
2655 4809 3270 4880 Carthusianm-Majoris
3293 4812 3518 4866 desum-

1936 4911 2063 4970 ptw.
2110 4901 2169 4953 1ο
2194 4900 2260 4953 In
2293 4901 2458 4954 natali
2491 4900 2818 4971 Martyrum;
2841 4901 2908 4953 2°
2937 4901 3014 4955 De
3042 4901 3322 4969 Susanna;
3363 4903 3424 4957 5°
3448 4903 3518 4958 In

1937 4995 2070 5047 illud
2106 4992 2377 5064 Evangelii
2406 4992 2627 5049 Joannis
2652 5036 2667 5060 ,
2716 5009 2885 5065 usque
2931 5009 3072 5049 nunc
3101 4994 3239 5049 nihil
3287 4995 3517 5065 petiistis

1937 5089 1990 5142 in
2040 5089 2260 5144 nomine
2303 5102 2464 5152 meo;
2509 5087 2573 5141 4ο
2605 5087 2672 5141 In
2703 5089 2869 5141 natali
2917 5087 2979 5143 S.
3009 5087 3153 5142 ϐαδιί
3204 5098 3256 5142 et
3300 5087 3518 5141 xEmilii

1940 5180 2273 5251 Martyrum;
2325 5182 2388 5236 5"
2425 5179 2699 5234 Tractatus
2735 5181 2788 5234 in
2817 5180 3009 5250 vigiliis
3049 5179 3410 5246 Pentecostes;
3449 5179 3512 5235 6°

1937 5272 2017 5327 De
2046 5273 2263 5326 lectione
2293 5271 2494 5341 Exodi,
2527 5272 2589 5326 de
2616 5272 2797 5338 Rubo,
2830 5273 2883 5325 in
2909 5288 3011 5342 quo
3054 5273 3268 5342 flamma
3297 5281 3436 5338 erat,
3465 5278 3515 5325 et

1934 5365 2093 5422 rubus
2135 5381 2240 5418 non
2269 5364 2694 5429 comburebatur;
2735 5365 2797 5417 7°
2829 5361 2907 5418 De
2935 5364 3086 5417 verba
3114 5373 3162 5418 et
3192 5380 3338 5429 voce,
3373 5373 3421 5419 et
3451 5366 3515 5417 de

1927 5463 2171 5532 jejunare
2198 5467 2247 5512 et
2274 5458 2504 5521 esurire;
2550 5457 2612 5511 8°
2643 5455 2709 5510 In
2755 5457 2889 5509 illud
2937 5455 3158 5510 Joannis
3192 5472 3211 5510 :
3242 5454 3356 5526 Ego
3407 5472 3516 5509 non

1930 5553 2150 5607 ascendo
2196 5551 2263 5604 ad
2311 5552 2447 5603 diem
2494 5551 2684 5618 festum
2732 5549 2920 5613 istum;
2969 5549 3032 5604 9°
3078 5549 3152 5602 De
3183 5547 3396 5614 arbore,
3426 5549 3512 5601 cui

1930 5644 2196 5697 maledixit
2238 5641 2522 5704 Dominus,
2554 5651 2603 5692 et
2632 5641 2807 5706 aruit,
2837 5641 2957 5705 quia
2983 5643 3210 5709 fructum
3237 5639 3291 5691 in
3318 5654 3378 5692 ea
3408 5654 3511 5690 non

1927 5736 2159 5799 invenit;
2192 5733 2286 5788 10°
2318 5731 2396 5785 De
2419 5731 2750 5800 Apostolico,
2803 5729 2957 5784 Nihil
3001 5732 3054 5784 in
3087 5731 3223 5783 hunc
3259 5729 3511 5782 mundum

1927 5827 2224 5895 intulimus,
2266 5840 2441 5880 verum
2484 5839 2574 5879 nec
2597 5824 2802 5894 auferre
2819 5825 3018 5895 aliquid
3049 5839 3361 5895 possumus;
3410 5822 3480 5880 Il-
