4010 6350
489 332 557 393 85
1377 326 1934 385 SUPPLEMENTUM
1973 328 2065 383 AD
2102 324 2334 383 OPERA
2376 329 2433 384 S.
2474 328 2860 388 AUGUSTINI.
3701 328 3776 387 ει

490 442 558 496 1η
583 441 717 496 illud
760 439 947 505 Pauli,
996 439 1406 510 Qui’gloriatur,
1448 440 1502 491 in
1550 437 1773 491 Domino
1800 439 2069 511 glorietur;
2098 441 2148 498 Α

489 531 588 586 12⁰
614 529 681 586 In
711 529 1014 601 Pervigilio,
1041 530 1094 583 in
1126 530 1258 583 illud
1287 528 1478 595 Exodi,
1507 528 1726 595 Quando
1755 530 1811 583 in
1840 529 2070 602 Egypto

487 633 651 699 dgnus
681 626 981 681 immolatus
1003 636 1115 693 est;
1152 627 1245 681 13°
1267 626 1333 679 In
1360 628 1617 695 psalmum
1646 625 1803 689 XLI,
1834 628 1899 681 ad
1930 625 2071 679 Neo-

486 713 695 787 p/tytos.
740 716 1025 786 Augustini
1054 731 1250 770 nomen
1291 732 1389 770 ms.
1426 718 1683 785 praeferre
1715 726 1934 780 notant,
1971 731 2071 770 nec

486 823 819 878 quemquam
866 808 1011 874 lore,
1064 808 1167 863 sibi
1213 808 1581 878 persuadent,
1613 810 1745 879 quin
1775 808 1919 863 illius
1950 823 2071 862 esse

485 910 765 970 agnoscat.
800 900 1009 954 Praater
1041 902 1291 955 homilias
1318 917 1449 956 vero
1478 902 1657 955 addita
1690 910 1817 955 sunt
1847 902 2072 967 insuper

486 991 602 1045 hiec
625 992 955 1045 incertorum
979 1002 1261 1049 auctorum
1285 1007 1353 1047 ex
1370 992 1562 1047 eodem
1585 990 1731 1045 fonte
1758 991 1895 1064 haud
1912 990 2073 1045 dubie

485 1085 652 1153 petita
680 1101 694 1137 :
724 1084 1185 1139 Commonitorium
1221 1087 1286 1139 ad
1318 1087 1609 1139 universam
1640 1084 1932 1138 Ecclesium
1964 1084 2068 1152 (a);

490 1173 682 1229 Forma
721 1178 951 1249 epistola?
999 1178 1061 1231 de
1102 1179 1328 1249 quodam
1372 1177 1611 1246 episc0po
1659 1176 2071 1232 Manichazorum

486 1277 670 1330 sectae;
711 1267 935 1324 Collatia
985 1268 1252 1323 Trinitatis
1284 1268 1343 1322 B.
1388 1269 1663 1341 Augustini
1697 1284 1730 1320 a
1770 1284 1824 1321 se
1850 1269 1964 1339 ipso
2001 1269 2073 1321 ad

486 1361 854 1428 semetipsum;
902 1360 1250 1415 Miscellaneae
1294 1362 1560 1417 sententiw
1610 1378 1643 1414 a
1685 1361 1929 1432 quapiam
1967 1361 2074 1414 col-

485 1448 632 1502 lecta:
644 1467 665 1515 ;
695 1449 966 1505 Tractatus
1006 1451 1068 1505 de
1092 1449 1213 1505 XII
1243 1450 1531 1523 lapidibus,
1561 1450 1625 1505 de
1647 1452 1825 1521 quibus
1852 1451 1905 1504 in
1933 1452 2073 1514 Apo-

484 1541 707 1610 calypsi.
742 1542 1009 1598 Cmterum
1061 1543 1236 1612 quoad
1262 1552 1509 1617 lyporum
1535 1556 1592 1599 et
1618 1544 1818 1598 chartas
1842 1542 2069 1597 nitorem

489 1630 607 1686 haec
634 1632 799 1687 editio
826 1633 1225 1689 Plantinianam
1258 1634 1551 1692 antecellit.

1198 1728 1357 1784 1596.

559 1816 775 1872 Genetii:
802 1819 1079 1873 excutiebat
1115 1816 1340 1874 Jacobus
1383 1819 1558 1885 Stoer;
1588 1821 1732 1877 iit-8°
1754 1819 1837 1876 XI
1874 1819 2067 1875 Tomis.
2103 1816 2150 1877 Β

487 1908 552 1962 1).
582 1912 715 1964 Aur.
741 1910 1025 1980 Augustini
1056 1912 1230 1981 Opera
1261 1929 1360 1983 per
1393 1913 1674 1982 theologos
1704 1915 2072 1970 Lovanienses

488 2001 796 2057 emendata.
831 2003 1079 2059 Laudant
1104 2004 1432 2061 Colonienses
1461 2018 1513 2061 et
1541 2007 1835 2062 Ceillerius.

558 2092 687 2146 Mihi
706 2094 918 2148 nonnisi
947 2096 1192 2165 quintum
1226 2096 1382 2166 hujus
1398 2097 1657 2152 editionis
1683 2108 1886 2152 tomum
1918 2099 2069 2153 vide-

488 2197 549 2237 re
576 2183 838 2254 contigit,
872 2184 1044 2241 libros
1072 2187 1140 2241 de
1190 2186 1427 2243 Civitate
1460 2190 1553 2243 Dei
1582 2192 2029 2259 complectentem
2052 2233 2067 2257 ,

490 2276 593 2329 hoc
622 2275 780 2329 titulo
807 2292 819 2327 :
846 2274 917 2329 Β.
944 2277 1142 2330 Aurelii
1172 2280 1469 2349 Augustini,
1496 2278 1664 2351 Hipp.
1697 2296 1777 2350 ep.
1807 2282 1871 2334 de
1884 2281 2073 2334 Civita-

489 2374 537 2419 te
582 2364 679 2419 Dei
706 2366 826 2420 libri
868 2366 1063 2421 XXII.
1110 2368 1343 2422 Veterum
1380 2372 1754 2439 exemplarium
1799 2373 2073 2425 collatione

486 2473 623 2511 nunc
651 2458 855 2512 demum
884 2460 1269 2531 castigatissimi
1301 2462 1446 2531 facti,
1478 2462 1940 2533 eruditissimisque
1966 2462 2073 2521 Lu-

487 2563 662 2603 DOYICI
706 2548 857 2603 Vms
910 2552 1287 2605 commentariis
1336 2552 1610 2608 illustrati.
1673 2553 1905 2620 Quorum
1950 2553 2072 2608 XII

486 2641 684 2709 priores
709 2642 805 2694 hac
832 2642 1062 2696 omnium
1091 2643 1231 2697 illius
1264 2642 1490 2711 Operum
1518 2659 1644 2698 τοιίι
1672 2660 1853 2707 ouum
1896 2661 2070 2700 mare

488 2746 648 2785 PBIIA
679 2734 1031 2788 continentur.
1060 2734 1189 2789 Cum
1216 2750 1389 2789 mulce
1418 2735 1517 2789 hac
1546 2749 1803 2807 postrema
1847 2738 2071 2792 editione

486 2822 880 2894 castigatissimo
911 2825 1265 2896 ditissimoque
1288 2827 1526 2895 facto.—
1546 2829 1789 2882 Alterum
1817 2844 1951 2883 vero
1976 2846 2072 2882 vo-

488 2913 667 2969 lumen
701 2915 1051 2972 inscribitur:

558 3004 628 3059 D.
665 3008 729 3061 A.
760 3008 825 3062 A.
871 3008 1097 3077 Operam
1129 3026 1256 3067 rom
1286 3028 1463 3077 oomri
1499 3030 1631 3071 rans
1661 3029 1897 3071 secusm
1923 3059 1937 3085 ,
1969 3032 2067 3085 qua

487 3094 671 3168 reliqui
693 3096 744 3152 X
771 3098 887 3153 libri
918 3100 974 3153 ά,
1007 3100 1067 3155 C.
1094 3102 1162 3155 Ι).
1195 3104 1547 3171 continentur,
1580 3117 1686 3161 etc.
1712 3136 1782 3146 —
1807 3106 2068 3161 Nimirum

2888 440 3043 496 1616.

2250 529 2478 585 Colonia:
2522 532 2820 604 Agrippina:
2866 532 3176 604 [sumptibus
3224 530 3437 584 Antonii
3486 527 3770 601 Hierat.];

2177 622 2380 690 in-fol.,
2411 622 2491 679 XI
2526 625 2694 678 tomis.
2726 624 2792 676 D.
2824 627 2955 678 Aur.
2992 623 3271 692 Augustini
3301 622 3477 691 Opera
3511 639 3581 677 ex
3612 623 3773 677 theo-

2177 715 2417 784 logorum
2445 715 2855 771 Lovaniensium
2884 716 3117 770 editione
3137 756 3151 781 ,
3173 716 3284 783 jam
3310 716 3470 785 longe
3497 716 3767 769 auctiora.

2248 804 2535 877 Vignerius
2579 807 2923 876 pronuntiat,
2959 806 3096 861 hanc
3126 806 3422 862 editionem
3454 804 3774 874 praeceden-

2177 899 2325 954 tibus
2371 899 2699 954 cditionibus
2749 900 3041 953 auctiorem
3098 914 3241 961 esse,
3297 899 3392 953 sed
3439 897 3656 964 charta,
3700 898 3772 951 ad

2178 990 2359 1047 oleum
2408 1000 2461 1045 et
2506 992 2657 1060 piper
2688 990 2993 1059 releganda,
3044 1004 3389 1059 impressam.
3424 989 3776 1057 Quapropter

2181 1082 2366 1135 nullus
2391 1082 2633 1149 equidem
2658 1081 2866 1145 dubito,
2897 1082 3023 1149 quin
3056 1096 3085 1134 a
3117 1080 3430 1152 bibliopola,
3454 1080 3776 1135 dubitanter

2177 1187 2206 1225 a
2226 1173 2379 1229 nobis
2409 1174 2737 1245 signiﬁcato,
2764 1172 3002 1243 profecta
3028 1174 3119 1230 sit.

2884 1266 3042 1321 1626.

2250 1350 2499 1422 Parisiis,
2520 1358 2722 1429 in-fol.,
2745 1357 2831 1413 XI
2854 1360 3021 1413 tomis.
3056 1359 3121 1414 D.
3144 1358 3276 1413 Aur.
3309 1357 3598 1427 Augustini
3624 1355 3775 1424 Ope-

2176 1450 2402 1519 rajuxta
2434 1451 2807 1522 theologorum
2842 1451 3263 1507 Lovaniensium
3296 1450 3619 1505 editionem.
3672 1447 3773 1501 Vi-

2175 1557 2323 1611 gner.

2888 1635 3051 1691 1155.

2247 1726 2496 1795 Parisiis,
2524 1726 2729 1797 inofol.,
2756 1725 2842 1780 XI
2871 1730 3041 1781 tomis.
3075 1726 3297 1782 Eadem.
3333 1724 3544 1795 Vigner.

2879 1818 3039 1872 1614.

2248 1913 2490 1980 Parisiis,
2517 1914 2659 1985 apud
2684 1913 2882 1968 Anton.
2918 1912 3127 1983 Vitray;
3157 1909 3386 1977 in-8°,ll
3411 1909 3535 1963 voll.
3555 1910 3783 1977 Augusv

2176 2007 2271 2061 tini
2298 2006 2469 2077 Opera
2496 2017 2684 2062 contra
2713 2007 3053 2077 Pelagianos.
3084 2006 3199 2061 Cat.
3231 2004 3375 2059 Bibl.
3409 2006 3538 2075 Reg.
3576 2002 3773 2057 Paris.

2173 2098 2238 2154 Τ.
2268 2098 2309 2165 l,
2339 2113 2392 2168 p.
2428 2098 2551 2165 577,
2586 2113 2641 2152 η.
2673 2097 2799 2153 679.

2847 2188 3102 2243 164748.
3748 2178 3779 2211 ⁵

2246 2278 2479 2343 Lovanii,
2507 2279 2651 2349 apud
2675 2278 2988 2333 Bernardin.
3022 2279 3273 2341 Masium;
3300 2276 3468 2344 in-4",
3506 2274 3604 2329 III
3636 2274 3783 2329 voll-

2172 2372 2231 2425 Β.
2269 2372 2583 2443 Augustini,
2612 2372 2774 2442 Hipp.
2818 2372 3079 2442 episcopi,
3115 2381 3170 2426 et
3210 2380 3454 2425 veterum
3514 2369 3772 2438 ejusdem

2172 2465 2567 2535 discipulorum.
2598 2465 2854 2535 opuscula
2887 2464 3176 2533 insigniora
3211 2463 3477 2517 adversus
3510 2461 3770 2528 Pelagia—

2172 2571 2271 2611 nos
2307 2568 2364 2612 et
2397 2572 2581 2611 eorum
2623 2558 2909 2625 reliquias;
2943 2556 3095 2625 juxta
3133 2554 3426 2611 editionem
3455 2553 3774 2608 Plantinia-

2173 2664 2317 2703 nam.
2346 2649 2462 2702 (lat.
2496 2648 2631 2702 Bibl.
2666 2649 2793 2718 Reg.
2830 2647 3005 2702 Paris.

2891 2740 3052 2794 1651.

2245 2834 2465 2888 Parisiis
2491 2873 2505 2886 .
2532 2874 2546 2888 .
2573 2872 2589 2889 .
2623 2851 2642 2896 ;
2668 2834 2873 2902 in-[ol.,
2904 2832 2988 2885 XI
3019 2831 3277 2885 tomis.,S.
3310 2829 3445 2884 Aur.
3476 2829 3780 2897 Augustini

2171 2926 2347 2995 Opera
2367 2942 2435 2979 ex
2462 2926 2593 2980 Lov.
2620 2924 2787 2980 theol.
2812 2924 3149 2978 recensione.
3180 2922 3433 2976 Testatur
3451 2920 3535 2974 Cl.
3569 2920 3777 2974 Rosler

2172 3020 2310 3075 hanc
2340 3018 2760 3088 descriptionem
2792 3016 2892 3071 sibi
2923 3018 2973 3070 in
3018 3016 3367 3069 Bibliotheca:
3396 3028 3507 3068 sua:
3540 3020 3696 3066 tumo
3736 3012 3780 3065 ν

2172 3128 2328 3165 usum
2357 3111 2694 3181 praestitisse.
2724 3109 2834 3165 Nisi
2864 3109 3095 3163 fortasse
3127 3125 3229 3161 una
3258 3108 3423 3162 editio
3448 3106 3522 3159 sit
3548 3106 3667 3160 hinc
3720 3116 3779 3162 et

487 3203 595 3242 non
635 3205 756 3245 raro
794 3190 953 3260 hujus
981 3204 1035 3247 et
1071 3193 1508 3263 Lugdunensium
1545 3196 1709 3251 simili
1746 3196 1915 3252 forma
1953 3196 2066 3251 edi-
2097 3177 2142 3240 (ἶ
2175 3177 2506 3272 insequentis
2524 3202 2650 3257 anni
2674 3217 2795 3256 mox
2824 3201 3112 3265 laudanda,
3135 3202 3273 3254 adeo
3293 3209 3348 3252 ut
3372 3199 3584 3268 priores
3610 3199 3775 3263 lomi,

489 3286 693 3337 tionum
723 3284 1168 3351 tomiseparatim
1198 3287 1524 3355 obveniunt,
1551 3300 1604 3343 et
1634 3290 1929 3358 proclivius
1953 3290 2070 3359 qui-

486 3374 607 3427 dem
638 3385 797 3442 erat,
821 3386 878 3431 ut
918 3377 1370 3444 distrahereutur,
1405 3395 1499 3449 per
1537 3380 1802 3436 modicam
1834 3382 2067 3436 volumi-

486 3482 612 3521 num
644 3470 841 3525 molem
868 3480 929 3526 et
952 3487 1104 3527 usum
1136 3475 1562 3529 commodiorem
1601 3484 1653 3530 et
1686 3475 1912 3544 proinde
1948 3490 2069 3531 cre-

486 3560 738 3615 briorem.

1060 3671 1311 3712 εεσυωκ
1358 3674 1485 3713 XVII.

1196 3750 1353 3806 1605.

558 3832 800 3905 Parisiis,
829 3837 1031 3908 in-[ol.,
1060 3838 1145 3892 XI
1170 3843 1342 3894 tomis.
1376 3841 1437 3894 D.
1465 3841 1599 3896 Aur.
1631 3842 2068 3913 AugustiniOpe-

481 3941 540 3983 ra
562 3927 803 3998 ejusdem
828 3930 1176 3986 recensionis.
1204 3932 1444 3986 Oudinus
1468 3941 1524 3987 et
1544 3948 1611 3987 ex
1631 3946 1697 3987 eo
1718 3932 2073 3987 Colonienses.

1189 4025 1349 4082 1609.

553 4115 774 4172 Parisiis
801 4156 818 4171 .
843 4156 859 4172 .
885 4158 903 4175 .
933 4157 948 4173 .
976 4136 1179 4192 inqu»,
1210 4120 1297 4174 XI
1326 4122 1497 4175 tomis.
1529 4121 1592 4175 D.
1623 4123 1752 4176 Aur.
1782 4121 2067 4192 Augustini

480 4208 654 4277 Opera
682 4208 831 4277 juxta
863 4210 1099 4280 theolog.
1128 4211 1544 4267 Lovaniensium
1572 4214 1944 4269 recensionem
1973 4228 2068 4268 ex-

480 4314 688 4368 pressa.
722 4300 867 4355 Citat
905 4316 1023 4356 eam
1069 4302 1340 4374 Vignerius
1385 4305 1438 4358 in
1470 4303 1628 4358 Priel'.
1662 4304 1728 4359 ad
1759 4292 2062 4375 Supplem,

480 4400 533 4446 et
568 4391 692 4445 hinc
719 4392 835 4447 alii.

1143 4485 1400 4541 1615-14.

552 4575 770 4630 Parisiis
790 4617 805 4641 ,
839 4577 935 4631 sub
966 4578 1112 4647 signo
1151 4578 1361 4649 Magna:
1393 4577 1585 4644 Navis;
1616 4579 1821 4649 in-[ol.,
1852 4579 1901 4633 X
1929 4577 2058 4651 (XI)
2094 4557 2139 4614 υ

480 4671 651 4724 tomis.
684 4670 747 4724 D.
778 4670 912 4725 Aur.
942 4671 1225 4741 AuguStini
1256 4670 1429 4740 Opera
1459 4686 1525 4725 ex
1556 4673 1791 4726 secunda
1823 4673 2063 4727 editione

481 4762 780 4834 theolngor.
826 4763 1242 4819 Lovaniensium
1283 4765 1566 4819 emendata
1607 4776 1660 4820 et
1698 4766 2020 4836 locupletata
2045 4809 2060 4831 ,

479 4872 581 4911 una
608 4872 731 4933 cum
764 4856 1025 4909 Leonardi
1052 4855 1259 4925 Coqutei
1285 4858 1691 4913 commentariis
1720 4859 1771 4913 in
1803 4860 1966 4913 libros
1992 4859 2061 4914 de

476 4947 704 5003 Civitate
723 4947 838 5002 Dei.
859 4948 969 5003 Cat.
988 4946 1124 5001 Bibl.
1144 4946 1270 5018 Reg.
1291 4947 1464 5003 Paris.
1473 4966 1491 5015 ;
1511 4948 1749 5004 cuiaddc
1770 4950 2055 5004 Oudinum.

556 5040 848 5113 Vignerius.
888 5044 939 5098 in
990 5042 1305 5112 prmfatinne
1356 5043 1422 5098 ad
1472 5044 1665 5114 Suppl.
1710 5045 1850 5100 hanc
1902 5046 2057 5115 juxta

475 5150 634 5204 quam
660 5135 1057 5204 prmcedentem
1089 5152 1192 5189 non
1225 5137 1549 5205 paenitendis
1578 5136 1945 5191 additionibus
1974 5140 2056 5192 lo-

475 5227 803 5295 cupletatam
836 5242 958 5283 esse
1000 5227 1244 5293 tradidit;
1292 5230 1388 5284 sed
1431 5230 1660 5298 quibus,
1706 5230 1909 5284 nescio.
1946 5229 2057 5283 Nec

475 5320 606 5373 satis
638 5320 880 5390 intelligo
899 5365 913 5386 ,
946 5335 1067 5389 qua:
1110 5320 1268 5376 fuerit
1296 5323 1524 5376 secunda
1552 5321 1926 5392 theologorum
1955 5320 2060 5375 Lo-

476 5408 810 5464 vaniensium
842 5409 1039 5477 editio,
1070 5426 1228 5481 quam
1259 5422 1477 5467 secutos
1516 5427 1577 5469 se
1606 5412 1659 5466 in
1703 5412 1857 5465 titulo
1894 5410 2057 5481 proli-

475 5509 654 5557 tentur
687 5512 987 5558 curatores.

2174 3298 2225 3350 in
2256 3296 2450 3365 quibus
2473 3295 2905 3351 Retractationes
2928 3304 2983 3349 et
3013 3294 3270 3366 EpiSlOliE
3292 3309 3344 3347 a.
3372 3291 3536 3357 1651,
3567 3292 3777 3361 reliqui

2171 3405 2222 3445 a.
2258 3390 2397 3446 1652
2420 3388 2606 3445 excusi
2634 3388 2761 3444 sint.

2885 3480 3047 3535 1652.

2244 3574 2441 3641 Rom,
2474 3591 2564 3643 per
2592 3573 2769 3646 Ignat.
2815 3573 2879 3626 de
2911 3572 3161 3637 Lazaris;
3186 3569 3321 3623 iit-4.
3353 3569 3414 3625 8.
3448 3569 3776 3639 Augustini,

2172 3665 2329 3735 Hipp.
2356 3666 2550 3735 episc.,
2580 3665 2753 3733 aliqua
2798 3678 2963 3731 opera
2994 3661 3286 3731 insigniora
3316 3662 3581 3716 adversus
3606 3660 3779 3715 Pela-

2171 3757 2357 3827 gianos
2384 3766 2439 3812 et
2465 3771 2653 3811 eorum
2686 3754 2959 3823 reliquias.
2991 3752 3103 3807 Cat.
3128 3750 3267 3806 Bibl.
3302 3750 3434 3821 Reg.

2241 3938 2481 4003 Parisiis,
2536 3938 2741 4007 in-[ol.,
2792 3936 2876 3993 XI
2929 3938 3103 3992 tomis.
3166 3936 3223 3992 S.
3282 3937 3416 3991 Aur.
3470 3935 3782 4005 Augustini

2168 4033 2340 4101 Opera
2361 4048 2426 4088 ex
2448 4031 2862 4087 Lovaniensium
2888 4030 3255 4097 theologorum
3278 4028 3622 4082 recensione.
3655 4027 3778 4081 Has

2170 4138 2358 4179 omnes
2386 4132 2567 4177 autem
2619 4121 2886 4176 editiones
2914 4121 3182 4173 auctiores
3227 4119 3467 4187 quidem,
3504 4119 3601 4173 sed
3647 4118 3775 4175 ine-

2169 4214 2532 4270 mendatiores
2561 4228 2703 4279 esse,
2735 4211 3019 4283 Vigncrins
3046 4211 3302 4280 prodidit.

2875 4304 3034 4361 1654.

2240 4398 2725 4466 Bruxellis,in-12.
2772 4398 2832 4454 S.
2885 4398 3167 4467 Augustini
3198 4397 3458 4466 Opuscula
3511 4398 3775 4467 qutedam

2167 4490 2390 4546 selecto.
2420 4491 2641 4544 Insunt:
2677 4488 2754 4542 De
2788 4489 2959 4560 gratia
2988 4498 3035 4541 et
3065 4488 3226 4541 libero
3253 4487 3497 4555 arbitrio,
3529 4484 3607 4540 De
3638 4504 3775 4541 con,-

2168 4586 2399 4652 ceptione
2414 4593 2462 4637 et
2475 4584 2663 4651 gratia,
2689 4582 2767 4635 De
2794 4581 3244 4650 prwdestinatione
3263 4588 3586 4643 sanctorum,
3610 4591 3666 4634 et
3686 4580 3776 4635 De

2168 4675 2305 4727 dono
2344 4674 2773 4743 perseveruntiw;
2803 4689 2923 4728 cum
2950 4672 3123 4726 tribus
3152 4672 3435 4741 Augustini
3468 4674 3723 4740 epistolis
3754 4692 3769 4725 :

2167 4764 2209 4826 1.
2242 4766 2307 4819 ad
2340 4765 2642 4832 Paulinum,
2669 4765 2843 4832 episc.
2873 4763 3136 4817 Nolanum
3166 4779 3180 4827 ;
3208 4763 3274 4828 Il,
3299 4764 3366 4816 ad
3392 4762 3631 4831 Sixtum,
3663 4765 3773 4819 Ec-

2166 4860 2343 4913 clesim
2393 4858 2548 4911 Rom.
2600 4857 2972 4926 presbyterum
3012 4857 3222 4926 (postea
3263 4855 3635 4925 pontiﬁcem);
3671 4856 3771 4922 Ill,

2165 4953 2231 5006 ad
2304 4952 2519 5006 Vitalem
2549 4950 3046 5020 Carthaginiensem
3104 4949 3279 5018 (inter
3329 4950 3772 5018 Augustinianas

2162 5044 2289 5095 olim
2321 5042 2442 5104 105,
2477 5042 2598 5105 106,
2632 5041 2753 5107 107,
2785 5054 2925 5093 nunc
2956 5037 3077 5102 194,
3114 5038 3240 5101 186,
3267 5038 3421 5108 217),
3459 5042 3771 5107 prmmissis

2164 5133 2370 5186 duabus
2400 5131 2599 5184 Hilarii
2636 5140 2691 5185 et
2722 5129 2967 5201 Prosperi
2996 5130 3060 5182 ad
3087 5130 3449 5197 Augustinum
3483 5131 3768 5213 epistolis.

2162 5226 2247 5281 Cf.
2282 5225 2358 5278 Μ.
2390 5223 2689 5277 Bibl.Eccl.
2716 5223 2827 5278 Col.
2862 5238 2917 5293 p.
2949 5224 3053 5277 745
3086 5231 3139 5277 et
3180 5224 3303 5277 746.
3336 5222 3478 5277 Num
3528 5240 3662 5278 vero
3700 5231 3769 5277 ti-

2163 5317 2304 5372 tulus
2332 5316 2482 5385 juxta
2507 5316 2620 5385 ipsa
2650 5316 2808 5370 verba
2839 5315 2909 5367 ibi
2939 5314 3246 5369 declaratus
3273 5315 3365 5381 sit,
3402 5314 3617 5385 ignoro.

2825 5402 3081 5459 1654-55.

2234 5498 2475 5569 Parisiis,
2508 5498 2793 5569 sumptibus
2823 5497 3080 5551 Simeonis
3104 5495 3276 5566 Piget,
3301 5497 3353 5550 in
3377 5500 3457 5551 ria
3484 5498 3760 5564 Jacoba'a,

532 5708 625 5790 .(a)
656 5710 791 5769 Huic
817 5715 1108 5786 ascriptum
1151 5731 1166 5771 ε
1211 5715 1427 5771 Videtur
1454 5714 1581 5769 mihi
1612 5713 1786 5782 potius
1828 5708 2108 5776 Cwlestini,
2134 5719 2224 5763 aut
2250 5708 2465 5775 Leonis,
2498 5718 2590 5762 aut
2626 5710 2843 5763 alterius
2877 5726 3025 5780 paptc
3045 5752 3059 5775 ,
3100 5712 3188 5780 qui
3212 5726 3305 5765 sua
3334 5712 3384 5763 ri
3413 5711 3534 5765 deos
3584 5721 3755 5767 exter-

474 5792 688 5837 mutent.
