4010 6350
174 3039 178 3042 ’
250 3037 595 3092 Sermonem
641 3037 679 3089 ν
712 3082 725 3105 ,
773 3048 830 3094 et
881 3039 1024 3093 notis
1083 3039 1326 3107 ejusdem
1368 3056 1385 3104 ;
1456 3041 1520 3094 2°

270 368 342 424 85
1178 368 1453 426 NOTITIA
1494 369 1913 425 LITTERARIA
1957 368 2021 423 IN
2061 370 2117 426 S.
2160 370 2624 429 AUGUSTINUM.
3468 369 3538 427 80

265 484 339 534 ad
368 480 571 551 insigne
598 478 899 534 Prudentia:
921 495 939 543 ;
964 479 1250 549 in-fol.,ll
1270 482 1445 535 tomis.
1471 470 1653 535 Sancti
1682 481 1851 533 Aurc-
1887 484 1931 539 Α
1963 480 2079 534 libri
2132 482 2405 552 Augustini
2434 493 2612 536 rontra
2663 480 2960 545 lulianum,
2992 494 3021 534 a
3056 481 3335 550 Fulgentio
3370 483 3543 549 Beda,

268 575 329 627 lii
359 572 663 642 Augustini,
687 572 1050 642 Ilipponensis
1071 574 1331 641 episcopi.
1350 573 1587 641 Operum
1608 571 1846 626 omnium

266 678 396 721 aute
430 681 629 719 annum
662 663 994 728 M.DC.XIV,
1048 674 1156 718 tam
1203 666 1447 735 Basiieae,
1488 681 1649 734 quam
1696 664 1854 719 Lute—

264 759 381 824 tim,
400 757 729 825 Antuerpiac,
756 756 996 826 Lugduni
1017 757 1324 811 etVenetiis
1345 755 1614 812 editorum
1638 755 1856 824 supple-

264 857 549 913 mentum;
580 863 683 900 una
714 862 836 901 cum
866 862 960 901 sex
1014 847 1166 902 libris
1197 848 1449 902 secunda:
1490 847 1856 916 responsionis

259 939 513 1007 ejusdem
558 940 615 992 Β.
651 940 933 1007 Augustini
985 947 1172 994 contra
1213 938 1483 994 Julianum
1542 938 1852 992 haereticutn

260 1029 657 1099 I'elagianum,
713 1030 986 1099 variisque
1043 1031 1386 1085 sermonibus
1428 1037 1486 1085 et
1538 1030 1857 1084 tractatibus

260 1121 533 1174 hactenus
558 1119 795 1173 ineditis.
827 1118 1174 1190 Hieronymus
1214 1120 1513 1194 Vignerius,
1546 1120 1855 1189 Congrega-

259 1208 443 1262 tinnis
465 1209 697 1262 Oratorii
723 1210 787 1261 1).
811 1208 942 1263 Jesu
973 1210 1282 1281 presbyter,
1317 1225 1382 1264 ex
1409 1209 1628 1277 optima:
1660 1208 1781 1262 fidei
1804 1217 1858 1263 et

259 1298 429 1350 bona:
458 1299 795 1367 antiquitatis
819 1298 1100 1354 codicibus
1126 1316 1256 1355 mss.
1299 1301 1457 1355 eruit.
1481 1329 1553 1341 —-—
1580 1299 1642 1354 T.
1680 1298 1721 1366 I,
1744 1299 1858 1353 edi-

260 1390 347 1441 tio
396 1391 634 1444 secunda
687 1392 844 1447 1655.
875 1390 955 1462 (In
1012 1391 1152 1446 fine:
1188 1391 1351 1459 1651,
1399 1407 1466 1445 ea:
1515 1393 1859 1465 tgpographia

261 1477 545 1533 Francisci
569 1481 638 1534 Le
661 1480 894 1551 Cointe);
928 1482 991 1536 T.
1020 1480 1083 1547 Il,
1112 1480 1268 1537 1655.
1744 1540 1747 1545 .

344 1572 819 1626 Animadverterat
845 1572 1134 1643 Vignerius
1178 1589 1283 1627 non
1342 1571 1514 1629 solum
1546 1575 1600 1628 in
1633 1575 1860 1629 novissi-

262 1663 400 1727 mis,
431 1678 549 1727 qnte
579 1672 688 1716 tutu
720 1672 876 1717 erant
905 1663 1190 1733 Augustini
1230 1663 1468 1733 Operum
1508 1664 1853 1733 editionibus,

264 1753 508 1820 plurima
537 1752 726 1807 deesse
756 1752 1018 1820 opuscula
1047 1753 1305 1822 proximis
1331 1763 1455 1808 ante
1483 1755 1639 1809 annis
1668 1768 1859 1810 recens

1959 572 2186 626 Servate
2216 573 2365 641 Lupo
2403 574 2627 643 aliisque
2654 574 2997 643 sequioribus
3024 575 3377 642 scriptoribus
3409 591 3535 643 pas-

1959 663 2058 715 sim
2081 665 2507 728 commetuorati,
2534 664 2627 718 sed
2650 665 2839 732 exigua
2870 674 3071 717 tantum
3089 672 3237 732 parte
3266 679 3360 718 sua
3381 666 3539 721 Clauo

1959 755 2031 809 dii
2064 756 2304 810 Menardi
2330 756 2594 810 beneficio
2623 755 2841 826 cogniti,
2869 756 3004 811 adeo
3051 765 3108 810 ut
3137 771 3203 811 ex
3233 764 3356 810 octo
3388 756 3541 810 libris

1960 849 2189 918 amplius
2219 848 2429 903 duobus
2456 863 2743 918 superesse
2784 852 3075 920 nemojam
3123 865 3345 921 sperare
3375 848 3541 905 aude-

1962 951 2066 1004 ret,
2097 954 2218 993 cum
2268 954 2394 994 ecce
2438 939 2533 993 hic
2581 939 2833 1008 Vignerio
2876 941 3089 995 fortuna
3114 943 3325 1010 obtigit,
3358 949 3417 993 ut
3446 954 3539 993 sex

1961 1034 2201 1103 integros
2233 1034 2397 1087 libros
2425 1032 2764 1087 bibliotheca:
2794 1034 3222 1089 Clarzcvallensis
3246 1033 3435 1089 codice
3456 1033 3542 1086 de-

1961 1123 2337 1194 prehenderet.
2391 1122 2505 1190 Qua
2539 1123 2606 1178 de
2636 1122 2889 1179 felicitate
2924 1122 3037 1193 ipse
3075 1125 3290 1195 quidem
3334 1126 3413 1178 sic
3444 1139 3542 1178 ex-
3620 1195 3624 1199 ‘

1960 1215 2143 1277 sultat,
2177 1222 2235 1267 ut
2260 1230 2364 1268 non
2411 1213 2603 1282 injuria
2636 1213 2866 1268 fortasse
2909 1214 3013 1269 dici
3054 1217 3242 1284 possit,
3289 1214 3540 1269 affectum

1962 1306 2161 1375 aliquid
2184 1305 2485 1360 detraxisse
2522 1304 2747 1372 judicio,
2778 1306 3127 1375 animumque
3174 1321 3202 1358 a
3252 1306 3541 1375 tranquilla

1962 1395 2323 1466 pensitatione
2389 1395 2789 1464 praecipitasse,
2840 1394 2966 1449 dum
3017 1409 3126 1449 non
3184 1409 3282 1449 sex
3342 1388 3538 1459 modo,

1962 1489 2055 1544 sed
2095 1489 2264 1558 ipsos,
2325 1494 2591 1556 quotquot
2618 1487 2686 1540 ab
2732 1485 3035 1556 Augustino
3086 1485 3275 1555 scripti
3305 1500 3425 1541 esse
3456 1485 3540 1539 di-

1961 1588 2177 1643 cuntur,
2203 1588 2326 1633 octo
2353 1577 2522 1634 libros
2564 1577 2833 1647 reperisse
2872 1577 3039 1631 videri
3092 1577 3277 1631 voluit.
3334 1576 3438 1631 Sed
3473 1577 3542 1632 de

1962 1670 2045 1725 itis
2076 1669 2217 1724 infra
2261 1671 2316 1724 in
2346 1668 2682 1739 singulorum
2712 1670 3095 1739 opusculorum
3124 1666 3452 1723 editionibus
3485 1684 3539 1720 n.

1962 1761 2052 1817 98.
2110 1761 2423 1828 Sequuntur
2477 1770 2748 1830 tamquam
2802 1761 2971 1815 altera
3016 1760 3261 1829 quedam
3318 1758 3540 1815 secundi

262 1857 339 1896 ac
367 1844 593 1897 seorsim
624 1845 896 1913 evulgato,
931 1844 1027 1899 sed
1056 1844 1199 1915 quod
1243 1846 1468 1901 moleSIe
1511 1848 1854 1917 potissimum

1967 1854 2119 1922 hujus
2150 1854 2279 1906 tomi
2312 1867 2436 1923 pars
2464 1869 2480 1908 :
2514 1854 2574 1908 1υ
2606 1854 2663 1907 S.
2700 1852 2983 1922 Augustini
3024 1852 3249 1922 epistola
3276 1851 3436 1907 unica
3473 1854 3541 1907 ad

260 1936 341 1989 iis
391 1937 693 2001 accidebat,
746 1938 839 2006 qui
879 1937 1112 2006 aliquam
1151 1937 1450 1993 editionem
1490 1938 1857 2007 comparaturi

255 2037 456 2094 erant,
482 2030 817 2084 recentiores
840 2045 1029 2083 omnes
1050 2040 1166 2084 utut
1191 2029 1461 2085 auctiores
1478 2031 1722 2101 singulas.
1757 2047 1857 2087 nec

259 2120 504 2188 integra:
535 2130 738 2186 tamen,
772 2121 933 2191 longe
988 2122 1388 2192 antiquioribus
1411 2163 1426 2185 ,
1474 2124 1646 2192 quoad
1679 2132 1856 2179 textus

258 2212 560 2278 puritatem
584 2221 637 2267 et
658 2213 1117 2279 emendationem,
1141 2224 1296 2268 erant
1324 2213 1628 2269 inferiores.
1658 2214 1712 2269 lu
1741 2216 1857 2268 ani-

256 2319 424 2361 suum
458 2305 623 2373 igitur
672 2306 903 2370 induxit,
936 2307 1369 2376 supplementum
1403 2321 1626 2374 operum
1682 2304 1855 2359 sancti

257 2395 439 2462 Imjus
468 2396 705 2450 doctoris
739 2412 952 2464 parare,
996 2412 1102 2450 non
1134 2407 1241 2449 tam
1275 2403 1334 2450 nt
1377 2396 1771 2451 recentioribus
1804 2395 1855 2450 id

252 2486 758 2540 commendationis
783 2488 1023 2551 ail‘erret,
1049 2498 1107 2541 ut
1133 2487 1234 2542 hac
1261 2503 1354 2541 sua
1387 2502 1555 2556 opera
1581 2497 1853 2557 assumpta

253 2576 501 2648 integra:
532 2579 772 2636 omnino.
807 2580 915 2633 dici
949 2592 1187 2648 possent,
1232 2581 1326 2635 sed
1356 2582 1535 2649 potius
1564 2588 1621 2634 ut
1649 2580 1733 2645 iis,
1764 2582 1854 2649 qui

253 2672 526 2739 antiquas
553 2679 609 2724 et
628 2671 1003 2741 castigatiores
1043 2672 1266 2727 mallent
1305 2675 1560 2738 retinere,
1585 2673 1849 2742 gratiﬁca~

252 2775 445 2816 retur.
486 2760 875 2831 Complectitttr
925 2764 1104 2833 itaque
1137 2764 1155 2817 I
1205 2773 1425 2817 tomus:
1460 2764 1519 2816 1°
1575 2766 1853 2819 Sermones

252 2871 429 2907 nouos
453 2853 572 2917 XL,
604 2869 633 2907 a
660 2854 947 2910 Sirmondo
995 2871 1045 2909 a.
1082 2854 1213 2910 1651
1245 2856 1465 2911 Parisiis
1492 2855 1668 2911 editos
1713 2868 1766 2910 et
1800 2858 1851 2909 in

250 2948 549 3015 sequiores
594 2946 721 3001 inde
768 2947 1038 3002 editiones
1087 2958 1338 3016 receptos
1388 2964 1507 3002 cum
1555 2946 1853 3016 appendicc

1576 3040 1852 3095 Sermones

252 3125 326 3178 de
362 3125 590 3180 Diversis
633 3126 924 3194 CXXVII,
967 3129 1179 3183 duabus
1219 3130 1460 3196 partibtts
1513 3129 1757 3183 diSIincti
1786 3144 1851 3184 ac

1961 1944 2297 1999 Macrobium
2324 1961 2340 2010 ;
2365 1944 2429 1997 2°
2456 1943 2750 1998 Sermones
2788 1943 2979 1998 inediti
3011 1942 3125 2006 XL,
3154 1954 3206 1997 et
3235 1944 3298 1998 3°
3321 1942 3541 1997 Tracta-

1961 2045 2046 2089 tus
2095 2034 2224 2099 duo,
2261 2034 2399 2088 alter
2446 2034 2515 2089 de
2568 2034 2823 2088 Oratione
2853 2049 2919 2089 ex
2976 2034 3162 2089 codice
3204 2034 3540 2099 Divionensi,

1959 2129 2099 2182 alter
2121 2128 2410 2199 inscriptus
2441 2127 2508 2182 de
2536 2127 2782 2181 Oratione
2813 2136 2868 2182 et
2893 2126 3233 2197 Eleemosyna
3264 2141 3330 2182 ex
3358 2126 3544 2183 codice

1959 2218 2162 2289 Regio;
2204 2219 2438 2289 denique
2478 2219 2541 2273 4ο
2594 2219 2876 2275 Sententiae
2920 2220 3161 2289 adversus
3200 2217 3543 2289 Pelagianum

1960 2312 2274 2366 haereticum.
2311 2312 2523 2379 Adjemi
2547 2319 2676 2367 sunt
2697 2312 2748 2365 itt
2780 2323 3005 2382 utroque.
3034 2321 3179 2366 tomo
3207 2310 3413 2366 indiCcs
3443 2328 3541 2366 ne-

1956 2402 2200 2457 cessarii.
2235 2402 2513 2473 inscripsit
2541 2414 2721 2457 autem
2777 2403 3065 2472 Vignerius
3110 2414 3311 2458 tomum
3355 2419 3541 2458 secun-

1959 2494 2087 2547 dum
2118 2492 2337 2547 Claudio
2365 2493 2689 2564 Largentier,
2720 2495 2917 2550 Abbati
2949 2494 3380 2560 Clartcvallensi;
3429 2497 3538 2565 pri-

1957 2602 2102 2640 mum
2129 2586 2311 2640 Gondo
2334 2586 2597 2642 cardinali
2621 2587 2687 2641 de
2710 2587 2859 2641 Reiz.

2674 2680 2832 2736 1675.

2028 2772 2297 2845 Lugduni,
2353 2771 2526 2826 iri-1‘2.
2569 2772 2626 2828 S.
2668 2771 2953 2842 Augustini
2991 2773 3248 2842 opuscula
3296 2772 3553 2841 quasdam.

1955 2867 2193 2932 selecta;
2226 2866 2468 2936 ejusdem
2506 2866 2869 2934 colicc1iouis,
2902 2881 3021 2935 qua:
3051 2881 3102 2919 a.
3148 2864 3286 2920 1654
3314 2866 3540 2922 Βηιιεις

1956 2960 2021 3015 lis
2052 2959 2269 3029 prodiit.

2026 3144 2306 3210 Bruxellis,
2352 3143 2531 3199 in-12.
2585 3143 2782 3199 Eadem
2833 3159 2898 3199 ex
2956 3145 3138 3214 quinta
3202 3144 3536 3212 repetitione.

254 3217 555 3282 primuma
585 3217 1011 3274 Lovaniensibus
1050 3234 1102 3273 a.
1136 3219 1274 3274 1576
1304 3220 1454 3276 editi.
1498 3222 1562 3277 5°
1607 3209 1853 3278 Homilies:
1877 3219 1922 3283 C
1956 3209 2303 3292 Colonienses.
2330 3235 2367 3290 i.
2404 3236 2441 3291 Ι.

251 3308 532 3372 undecim,
564 3325 631 3364 ex
680 3314 873 3366 codice
916 3314 1285 3380 manuscripto
1340 3312 1687 3369 bibliotheca:
1722 3313 1854 3370 Car-

252 3400 787 3471 thusiana-Majoris
845 3404 1165 3474 desumptae.
1223 3407 1287 3459 4°
1337 3404 1608 3459 Sermones
1665 3406 1766 3475 Vl,
1821 3422 1851 3462 a

252 3493 478 3547 Joanne
516 3494 750 3564 Baptista
796 3496 945 3550 Maro
985 3497 1172 3551 Roma:
1198 3497 1347 3552 editi.
1373 3496 1479 3551 Sed
1510 3499 1724 3566 nescio,
1746 3515 1853 3570 quo

254 3597 403 3638 casu
432 3582 630 3638 factum
663 3586 753 3653 sit,
787 3595 844 3641 ut
885 3585 940 3639 bi
967 3602 1087 3641 cttm
1116 3590 1550 3657 praecedentibus
1587 3592 1640 3647 in
1688 3606 1852 3647 unum

255 3685 623 3744 cegerentur,
655 3677 729 3730 ita
762 3678 1001 3746 quidem,
1047 3690 1103 3733 ut
1143 3696 1249 3734 non
1281 3683 1550 3750 undecim,
1580 3690 1637 3737 ut
1667 3683 1854 3737 titulus

257 3767 585 3833 pollicetur,
618 3768 712 3822 sed
766 3768 855 3823 XII
912 3769 1206 3825 Sermones
1234 3788 1299 3827 ex
1329 3774 1515 3841 codice
1543 3774 1680 3829 Bibl.
1720 3772 1855 3830 Car-

260 3859 786 3928 tlmsiaum-Majoris
814 3863 1044 3918 exbibiti
1081 3865 1225 3932 sint,
1258 3865 1443 3932 iideut,
1488 3868 1578 3937 qui
1621 3868 1853 3938 primum

260 3967 319 4003 a.
354 3952 496 4007 1586
516 3968 545 4006 a
571 3953 960 4011 Parisiensibus
990 3956 1181 4011 excusi
1201 3966 1378 4023 erant,
1408 3960 1502 4013 sed
1527 3975 1631 4015 uno
1651 3961 1858 4015 auctio-

268 4058 384 4107 res,
414 4043 511 4113 qui
558 4045 649 4099 itic
678 4046 1040 4114 desideratur,
1074 4049 1338 4117 cujusque
1393 4049 1445 4103 in
1479 4050 1656 4105 locum
1691 4050 1854 4119 alius,

271 4134 471 4187 brevem
533 4135 772 4205 Symboli
827 4136 1225 4209 explicationem
1273 4142 1501 4207 sistens,
1552 4142 1854 4209 successit,

269 4243 457 4297 quem,
493 4239 550 4283 ut
589 4238 879 4299 sequentes
911 4246 1024 4286 tres
1056 4231 1122 4286 In
1163 4233 1419 4288 Calendas
1441 4232 1746 4302 Ianuarias,
1794 4235 1857 4288 de

271 4317 520 4373 Calendis
542 4318 814 4375 Ianuariis
840 4332 888 4375 et
916 4332 1035 4376 ante
1054 4324 1219 4376 altare
1239 4324 1306 4376 ad
1331 4325 1558 4393 infantes
1589 4326 1651 4378 de
1682 4340 1861 4378 sacra-

275 4421 444 4464 mento
475 4416 638 4465 etiam
673 4412 726 4466 in
762 4413 1053 4468 novissima
1111 4426 1234 4469 tunc
1284 4417 1542 4485 temporis
1580 4415 1857 4470 Parisiana

274 4502 511 4555 editione
538 4501 734 4557 deesse
775 4512 948 4558 notat.
1000 4504 1062 4560 5°
1099 4503 1372 4559 Tractatus
1401 4505 1465 4559 de
1492 4515 1682 4575 septem
1725 4507 1863 4560 vitiis

2598 3328 2924 3385 1679-1700.

2030 3421 2277 3486 Parisiis,
2348 3420 2485 3491 apud
2525 3419 2860 3475 Franciscum
2890 3420 3133 3491 Muguet;
3188 3420 3239 3472 in
3275 3419 3351 3488 fol
3401 3458 3419 3485 ,
3459 3415 3542 3472 ΧῙ

1955 3512 2154 3567 Tomis.
2173 3513 2229 3568 S.
2247 3512 2686 3581 Aur.Augustini,
2708 3512 3034 3581 Hipponens.
3056 3510 3328 3581 Episcopi,
3344 3511 3541 3579 Opera.

1956 3617 2075 3674 post
2102 3604 2515 3660 Lovaniensium
2546 3603 2913 3674 theologorum
2946 3604 3337 3668 recensionent,
3382 3604 3542 3656 casti-

1955 3708 2073 3767 gata
2096 3698 2277 3753 denuo
2308 3696 2373 3753 ad
2408 3699 2802 3768 manuscriptos
2828 3697 3043 3753 codices
3082 3698 3405 3763 Gallicanos,
3443 3696 3542 3750 Va~

1957 3790 2185 3854 ticanos,
2211 3790 2558 3860 Anglicanas,
2582 3790 2844 3860 Belgicos,
2863 3797 2995 3854 etc.,
3014 3804 3111 3845 nec
3137 3804 3243 3843 non
3269 3789 3333 3841 ad
3355 3788 3543 3841 editio-

1959 3898 2055 3937 nes
2079 3884 2415 3953 autiquiores
2431 3892 2485 3938 et
2512 3884 2901 3953 castigatiores.
2925 3882 3099 3951 Opera
3119 3890 3174 3936 et
3207 3881 3383 3936 studio
3417 3895 3533 3934 uto-

1958 3974 2255 4029 nacltorum
2298 3974 2504 4028 ordinis
2534 3975 2713 4029 Sancti
2744 3973 3021 4029 Benedicti
3049 3988 3081 4027 e
3128 3972 3548 4042 congregatione

1958 4065 2138 4120 Sancti
2160 4064 2348 4120 Mauri.
2369 4064 2572 4120 Tomus
2594 4064 2639 4132 I,
2660 4063 2729 4131 II,
2754 4064 2921 4129 1679;
2948 4064 3038 4132 Ill,
3066 4064 3202 4119 1680
3226 4080 3244 4129 ;
3264 4063 3352 4128 IV,
3384 4062 3543 4126 1685;

1958 4157 2414 4225 v,tost;v1et
2459 4158 2569 4227 VII,
2627 4157 2807 4223 1685;
2856 4157 2970 4211 VIII
3022 4167 3077 4212 et
3126 4157 3218 4223 IX,
3265 4157 3444 4221 1688;
3479 4155 3544 4222 X,

1963 4249 2140 4317 1690;
2178 4250 2274 4318 XI,
2307 4250 2462 4307 1700.
2488 4250 2730 4306 Tomusl
2762 4264 2813 4307 et
2844 4249 2888 4305 Il
2916 4250 3095 4307 recusi
3123 4249 3318 4305 ibidem
3346 4250 3502 4304 1689.

2034 4343 2161 4397 Tria
2216 4343 2321 4398 sibi
2371 4343 2426 4398 in
2456 4359 2594 4397 nova
2651 4344 2753 4399 hac
2796 4343 3040 4399 editione
3094 4342 3335 4414 paranda
3393 4341 3553 4398 cordi-

1962 4434 2150 4499 fnisse,
2174 4433 2617 4489 fatenturl’atres
2636 4435 2955 4507 Maurini(in
2981 4435 3131 4504 prref.
3160 4450 3283 4506 gen.
3307 4444 3457 4489 tomo
3480 4433 3551 4489 XI

1964 4524 2267 4595 prtemissa)
2302 4542 2315 4579 :
2350 4524 2611 4580 videlicet
2630 4536 2687 4580 ut
2707 4535 2950 4580 accurata
2977 4535 3157 4597 esset,
3188 4524 3462 4581 commoda
3493 4532 3549 4578 et

276 4601 321 4643 et
347 4600 545 4658 septem
589 4592 740 4645 donis
766 4592 998 4661 Spiritus
1030 4594 1233 4658 Sancti,
1269 4595 1444 4649 editos
1473 4595 1602 4648 olim
1647 4610 1676 4647 a
1708 4593 1854 4650 Guil.

1967 4586 2059 4669 rite
2078 4586 2361 4669 illustrata.
2391 4615 2485 4669 His
2513 4626 2766 4685 quartum
2789 4586 3180 4685 adjunxeruni,
3206 4615 3348 4686 quod
3370 4629 3469 4687 per
3490 4629 3550 4668 se

274 4680 592 4751 Camerario,
620 4681 903 4752 Theologo
930 4684 1121 4744 Scoto.
1152 4698 1182 4737 a
1200 4685 1495 4761 novissima
1518 4686 1752 4739 editione
1780 4686 1856 4755 (ει.

278 4782 431 4853 1652)
465 4785 671 4854 pariter
714 4785 988 4838 exsulans.
1042 4783 1104 4838 6°
1146 4784 1225 4840 De
1253 4788 1426 4855 gestis
1454 4786 1656 4857 Pelagii
1697 4788 1854 4842 liber»

278 4876 333 4926 7°
366 4873 641 4945 Epistolas,
676 4890 796 4943 quae
824 4877 876 4929 in
906 4876 1304 4946 antiquioribus
1325 4877 1675 4947 editionibus,
1711 4880 1859 4934 Basi-

278 4966 461 5032 leensi,
489 4967 562 5021 Pa
573 4968 890 5024 risieusibus
910 4980 965 5024 et
984 4970 1135 5039 Lugd
1145 4971 1438 5025 unensibus
1451 4973 1663 5024 omisstn
1680 4980 1853 5026 erant.

278 5057 335 5109 8°
386 5058 673 5128 Speculum
725 5059 786 5115 S.
840 5061 1114 5129 Augustini
1162 5062 1216 5115 in
1251 5061 1577 5129 Scripturam
1631 5078 1857 5128 sacram,

280 5146 530 5204 hactenus
578 5150 871 5216 ineditum;
904 5151 973 5206 de
999 5168 1104 5221 quo
1143 5151 1281 5206 infra
1324 5152 1479 5207 nobis
1525 5167 1705 5208 sermo
1733 5154 1854 5209 erit.

279 5238 374 5292 Sed
400 5241 558 5311 longe
592 5241 849 5312 iusignior
894 5243 1400 5313 Supplementorum
1458 5246 1647 5300 horum
1695 5262 1856 5317 pars,

282 5332 394 5387 libri
418 5349 593 5403 usque
613 5335 736 5389 dum
769 5336 955 5390 inediti
974 5336 1349 5404 expenduntur
1378 5338 1430 5391 in
1452 5348 1589 5391 tomo
1616 5343 1855 5396 secundo.

280 5423 446 5491 Quare
475 5427 591 5496 ipse
625 5429 715 5493 ait,
756 5429 894 5497 quod
923 5427 1108 5483 Gallia:
1136 5430 1197 5482 ob
1225 5428 1361 5483 Itane
1385 5432 1726 5501 supplementi
1750 5432 1858 5486 edi-

282 5516 459 5568 tionem
482 5518 775 5587 apptaudat
799 5519 1064 5572 universus
1094 5520 1229 5573 orbis
1257 5521 1581 5576 Christianus
1608 5524 1858 5591 potiorem

280 5622 338 5658 ea:
364 5609 528 5662 altera
548 5618 714 5679 parte,
744 5627 897 5680 quam
919 5627 983 5665 ea:
1013 5612 1179 5680 prima
1205 5614 1347 5665 nasci
1374 5616 1647 5667 rationem.
1682 5613 1857 5669 Primo

282 5713 466 5768 nempe
496 5702 617 5756 loco
660 5703 712 5756 in
744 5702 916 5758 lucem
961 5703 1226 5771 prodeunt
1278 5721 1342 5760 ex
1374 5708 1635 5770 tenebris,
1660 5709 1855 5777 quibus

282 5794 466 5855 septtlti
517 5794 776 5851 hactenus
813 5798 1173 5863 exstinctique
1220 5816 1359 5865 pene
1406 5801 1712 5866 iacuerunt,
1751 5802 1854 5856 Sea:

1964 4718 2069 4758 non
2096 4715 2204 4758 tam
2235 4704 2768 4759 commendationem
2802 4716 3045 4760 meretur
3065 4710 3118 4759 in
3144 4706 3379 4769 editore,
3405 4705 3549 4775 quod

1959 4795 2162 4863 justum
2190 4804 2297 4863 est,
2328 4810 2490 4865 quam
2523 4796 3009 4865 reprehensionem
3030 4796 3137 4861 pati
3166 4796 3347 4862 debet,
3373 4796 3550 4851 sicubi

1963 4894 2158 4955 printer
2189 4886 2651 4954 exspectationem
2680 4885 2858 4951 desit,
2905 4885 2993 4940 hic
3033 4896 3220 4939 tamen.
3241 4887 3310 4940 ob
3354 4901 3548 4940 causas

1962 4975 2213 5031 omnibus
2254 4980 2409 5030 notas
2447 4986 2501 5031 et
2540 4977 2760 5046 gravius
2802 4976 2975 5031 multo
3007 4986 3063 5030 et
3094 4975 3255 5045 longe
3285 4975 3544 5030 difficilli'

1962 5081 2145 5136 nium,
2178 5066 2421 5132 scilicet,
2456 5076 2515 5121 ut
2551 5066 2713 5121 nullis
2751 5065 2985 5136 partium
3019 5065 3217 5122 studiis
3260 5076 3409 5122 esset
3454 5067 3548 5122 ad-

1963 5158 2131 5212 dicta.

2036 5249 2111 5302 Ac
2143 5248 2375 5316 primum
2415 5249 2674 5319 quidem,
2716 5260 2773 5305 ut
2813 5264 2980 5321 quam
3021 5248 3257 5305 maxime
3305 5260 3550 5303 accurata

1963 5347 2132 5406 esset,
2162 5340 2339 5395 tribus
2364 5341 2500 5411 ipsis
2523 5352 2777 5397 constare
2800 5344 2971 5397 visum
2994 5352 3079 5399 est
3108 5341 3548 5399 conditionibus:

1963 5448 2157 5503 nempe
2187 5442 2246 5488 ut
2272 5436 2546 5491 contextui
2575 5437 2810 5505 genuina
2839 5436 3123 5507 integritas
3154 5437 3222 5491 ad
3252 5445 3466 5492 veteres
3496 5445 3551 5490 et

1961 5526 2288 5580 sinceriores
2325 5525 2549 5581 codices
2588 5527 3007 5593 restitueretur;
3042 5538 3101 5582 ut
3143 5536 3293 5583 certa
3325 5541 3388 5581 ac
3428 5540 3548 5595 ger-

1960 5632 2116 5670 mana
2145 5630 2311 5686 opera
2336 5626 2757 5672 secernerentur
2786 5634 2815 5672 a
2841 5618 3022 5673 dubiis
3062 5627 3118 5673 et
3148 5617 3381 5687 spuriis;
3416 5625 3471 5670 et
3495 5628 3553 5671 ut

1960 5708 2129 5763 editio
2157 5709 2271 5777 ipsa
2294 5722 2323 5762 a
2348 5709 2755 5781 typograpbicis
2791 5710 3005 5766 mendis
3034 5717 3329 5780 repurgata
3363 5709 3561 5777 prodis.

1958 5812 2060 5858 ret.
2091 5801 2162 5857 Ut
2188 5816 2318 5857 vero
2348 5815 2604 5873 perquam
2633 5807 2896 5860 commoda
2919 5801 3241 5859 redderetur
3260 5841 3275 5866 ,
3313 5810 3561 5872 quatuor:
