4010 6350
511 316 581 372 87
1399 317 1958 376 SUPPLEHENTUM
1996 318 2088 373 AD
2126 319 2354 373 OPERA
2395 319 2454 375 S.
2494 317 2886 376 AUGUSTINI.
3697 320 3758 376 88

512 450 540 488 a
571 448 628 490 se
661 442 850 489 curata
875 448 998 489 esse
1025 444 1276 502 monent;
1311 435 1567 490 nimirum
1587 451 1795 507 operum
1821 436 2082 501 ordinem,
2108 439 2156 494 Α
2187 435 2419 503 plurium
2463 434 2702 490 virorum
2747 433 3028 490 doctorum
3073 433 3143 488 de
3194 432 3389 489 iisdem
3433 444 3757 489 commentu-

513 523 568 577 ln
596 539 705 593 quo
736 523 1072 578 instituendo
1096 533 1152 579 et
1181 534 1505 594 temporum,
1537 541 1645 595 quo
1680 525 1942 595 deinceps
1973 525 2091 580 sitt-

509 613 636 684 gula
664 612 946 669 elaborata
967 623 1116 680 sunt,
1161 625 1216 669 et
1254 626 1696 685 argumentorum
1739 617 1878 670 ratio
1909 615 2091 669 habita

510 715 618 771 est,
644 705 782 761 adeo
811 714 869 760 ut
897 721 1023 776 quae
1049 707 1208 760 unius
1234 707 1452 776 generis
1477 715 1682 769 essent,
1706 704 1877 760 veluti
1899 719 2092 775 exege-

511 794 640 862 tica,
673 795 932 863 moralia,
964 805 1073 850 etc.
1095 837 1110 862 ,
1140 794 1368 864 junctim
1409 794 1628 863 quidem
1673 795 2087 860 exhiberentur,

507 886 609 942 sed
637 887 830 943 eadem
854 886 1010 957 juxta
1052 901 1321 941 annorum
1353 885 1552 941 seriem
1581 886 1882 955 disposita;
1910 885 2093 939 sectio-

508 991 620 1044 Aes,
649 976 847 1047 quibus
870 977 1106 1046 capitula
1135 977 1189 1031 in
1221 976 1404 1047 plures
1433 985 1490 1032 et
1517 975 1758 1032 minores
1801 974 2091 1045 particulas

506 1084 706 1140 magno
728 1070 1025 1141 legentium
1054 1086 1155 1128 usu
1181 1070 1355 1126 divisa
1383 1079 1542 1137 sunt;
1575 1070 1890 1135 summam,
1911 1069 1992 1124 vel
2023 1067 2091 1123 li-

507 1161 619 1218 bris
647 1163 906 1220 omnibus
935 1173 992 1220 et
1021 1164 1297 1234 plerisque
1338 1163 1588 1232 capitulis
1617 1162 1894 1232 pratmissa
1917 1202 1934 1228 ,
1967 1175 2089 1231 quas

505 1266 888 1326 argumentum
917 1257 1381 1321 demonstrarent,
1415 1256 1501 1311 vel
1530 1254 1851 1325 marginalia
1875 1263 1932 1310 et
1962 1267 2088 1323 par-

506 1347 602 1402 tim
629 1363 698 1403 ex
721 1349 852 1418 ipsis
880 1357 1172 1404 contextus
1191 1348 1374 1402 verbis
1399 1361 1686 1417 expressa,
1712 1345 1908 1417 partim
1930 1360 1960 1398 a
1983 1343 2088 1400 Lo-

504 1438 856 1494 vaniensibus
883 1438 1202 1508 desumpta;
1233 1440 1428 1493 indices
1448 1437 1681 1508 denique
1703 1452 1814 1492 non
1832 1436 2006 1490 solum
2033 1436 2086 1489 in

502 1529 748 1598 singulos
770 1538 966 1596 tomos,
991 1532 1088 1585 sed
1113 1531 1400 1600 generales
1429 1529 1595 1584 etiam
1625 1535 1682 1583 et
1706 1527 2043 1581 universales
2067 1567 2083 1591 ,

502 1629 767 1692 utrosque
785 1637 918 1678 vero
943 1622 1275 1678 uberrimos.
1312 1622 1395 1678 Ad
1424 1621 1819 1677 iltustrationem
1839 1628 2088 1688 spectant

503 1713 700 1780 partim
725 1713 1071 1782 praefationes
1092 1715 1322 1784 singulis
1353 1714 1515 1768 tomis
1541 1714 1854 1782 praemissae,
1887 1711 1936 1764 itt
1964 1708 2086 1780 qui-

2194 524 2262 580 rii
2290 525 2388 595 (a).
2420 524 2701 595 Pergimus
2737 528 2916 595 potius
2942 525 3009 580 ad
3038 525 3296 594 opuscula
3321 565 3338 590 ,
3380 541 3503 594 qua:
3541 526 3758 595 singulis

2193 615 2354 670 tomis
2380 615 2769 684 comprehensa
2786 615 2916 680 sint,
2935 624 3187 670 accurate
3203 615 3558 680 recensenda,
3575 631 3756 684 eaque,

2191 720 2314 774 qua:
2355 705 2643 774 insigniter
2673 704 2764 760 hic
2807 720 2838 758 a
2885 705 3210 760 doctissimis
3254 705 3503 760 Patribus
3532 706 3759 774 prazstita

2191 805 2344 863 sunt,
2383 796 2733 863 declaranda,
2764 796 2854 850 ubi
2885 796 3045 850 simul
3069 796 3487 850 Lovaniensium
3525 795 3760 852 ordinem

2191 904 2247 949 et
2283 894 2575 952 discrimen
2631 896 2963 950 notabimus.
3015 894 3157 950 Sunt
3206 904 3387 950 autem
3435 903 3672 949 contentu
3710 896 3761 950 in

2193 999 2516 1054 unoquoque
2543 986 2820 1042 volumine
2843 985 2958 1040 htec
2984 1003 3000 1040 :

2261 1074 2428 1130 Tomo
2464 1077 2670 1144 primo:
2697 1105 2769 1117 —
2791 1076 3060 1147 Opuscula
3089 1117 3106 1142 ,
3145 1091 3266 1144 qua:
3302 1075 3480 1131 adhuc
3515 1075 3760 1132 catechu-

2192 1178 2406 1229 meuus,
2432 1175 2528 1220 aut
2552 1163 2790 1220 nondum
2825 1165 3108 1237 presbyter
3135 1165 3304 1221 edidit
3333 1181 3457 1221 cum
3490 1166 3760 1220 Retracta-

2191 1255 2430 1310 tionibus
2468 1265 2524 1311 et
2559 1254 3048 1322 Confessionibus;
3089 1257 3192 1311 hoc
3221 1255 3453 1311 ordine:
3486 1255 3763 1309 Retracta-

2190 1350 2398 1405 tionum
2426 1349 2518 1405 lib.
2549 1349 2627 1413 ll;
2659 1348 3068 1405 Confessionum
3100 1349 3193 1403 lib.
3223 1348 3377 1412 XIII;
3406 1347 3606 1401 Contra
3634 1349 3764 1401 Aca-

2190 1439 2431 1495 demicos
2467 1441 2558 1494 lib.
2597 1439 2706 1506 lll;
2754 1440 2829 1494 De
2874 1439 2992 1494 Vita
3034 1440 3195 1494 Beata
3229 1440 3324 1496 lib.
3362 1439 3418 1503 l;
3469 1438 3543 1492 De
3570 1436 3765 1492 Ordine

2188 1531 2286 1586 lib.
2311 1531 2374 1596 ll;
2397 1531 2815 1600 Soliloquiorum
2838 1532 2934 1587 lib.
2955 1532 3024 1596 ll;
3051 1532 3125 1586 De
3147 1531 3550 1586 immortalitate
3575 1529 3762 1582 animat

2188 1623 2282 1678 lib.
2309 1623 2363 1687 ις
2388 1623 2464 1678 De
2483 1625 2780 1693 quantitate
2805 1624 2998 1678 animze
3021 1623 3118 1677 lib.
3141 1621 3194 1688 l;
3224 1623 3298 1677 De
3319 1623 3524 1676 musica
3547 1621 3642 1674 lib.
3662 1619 3764 1685 Vl;

2189 1713 2266 1769 De
2288 1712 2546 1783 magistro
2569 1714 2662 1769 lib.
2688 1714 2744 1779 l;
2768 1714 2845 1769 De
2865 1713 3039 1768 libero
3065 1713 3288 1767 arbitrio
3313 1711 3410 1766 lib.
3438 1710 3506 1765 ιιι
3527 1727 3542 1775 ;
3568 1710 3647 1766 De
3665 1710 3765 1765 Ge-

501 1801 606 1858 bus
629 1804 807 1872 potius
835 1819 925 1861 res
950 1803 1250 1871 historicas,
1275 1821 1436 1876 quam
1457 1803 1778 1874 dogmaticze
1803 1804 2082 1872 expliean-
2113 1807 2161 1868 Β
2189 1807 2305 1861 nesi
2333 1815 2518 1860 contra
2550 1806 2879 1861 Manichaeos
2900 1806 2994 1861 lib.
3023 1806 3065 1861 ll
3089 1822 3104 1871 ;
3139 1806 3218 1860 De
3247 1804 3488 1858 moribus
3510 1803 3767 1857 Ecclesia

503 1906 622 1963 tur;
650 1899 848 1968 partim
879 1898 1278 1955 admonitiones
1296 1940 1313 1966 ,
1344 1899 1411 1954 ad
1437 1897 1815 1970 explicandum
1835 1895 2080 1966 singulo-

503 2003 626 2042 rum
657 1989 1044 2058 opusculorum
1074 1999 1452 2060 argumentum
1481 1988 1680 2044 additat
1721 1987 2000 2056 ;denique
2027 1987 2082 2041 in

502 2081 752 2150 margine
795 2081 1040 2138 inferiori
1088 2083 1290 2138 notulat
1317 2122 1332 2146 ,
1361 2081 1559 2152 quibus
1591 2082 1676 2136 vel
1706 2079 1979 2134 variantes
2007 2079 2084 2132 le-

504 2173 716 2230 ctiones
743 2175 1058 2230 indicantur
1079 2219 1094 2245 ,
1126 2175 1214 2230 vel
1243 2174 1476 2232 obscura
1501 2173 1642 2238 loca,
1673 2174 1905 2227 maxime
1931 2187 2082 2227 com-

504 2264 789 2334 paratione
862 2265 1094 2320 aliorum
1154 2265 1399 2320 locorum
1469 2264 1858 2334 explanantur.
1929 2261 2085 2329 Quod

506 2354 705 2410 attinet
731 2355 800 2410 ad
838 2365 1113 2426 quartum,
1145 2356 1255 2412 alte
1283 2355 1389 2411 sibi
1426 2355 1612 2410 animo
1656 2355 1880 2409 inﬁxum
1923 2353 2088 2409 luisse

505 2448 807 2519 afﬁrmant,
833 2458 891 2504 et
926 2466 956 2503 a
987 2449 1296 2519 prepositis
1324 2447 1440 2504 suis
1476 2447 1836 2516 inculcatum,
1866 2459 1927 2502 ut
1955 2461 2085 2516 par-

506 2540 644 2594 tium
667 2540 846 2594 studia
869 2541 921 2594 in
951 2541 1271 2610 explicanda
1299 2538 1585 2610 Augustini
1613 2538 1862 2594 doctrina
1893 2537 2087 2593 sedulo

505 2639 787 2694 caverent,
839 2630 1002 2700 idque
1048 2647 1230 2687 causa:
1284 2631 1471 2698 fuisse,
1521 2641 1582 2687 ut
1623 2646 1653 2685 a
1702 2630 2088 2701 prolixioribus

505 2721 920 2776 commentariis
945 2730 1000 2777 et
1026 2721 1498 2777 observationibus
1525 2721 1910 2786 abstinuerint,
1941 2731 1998 2774 ut
2020 2735 2087 2774 ne

506 2814 760 2883 cuiquam
783 2815 866 2868 vel
897 2814 1182 2869 minimum
1206 2813 1526 2870 oﬂ‘endiculi
1560 2814 1888 2883 praeberent,
1923 2813 2086 2868 ullive

505 2905 888 2976 theologorum
917 2907 1203 2962 sententiae
1244 2906 1689 2977 praejudicarcnt.
1726 2905 2089 2961 Nihilominus

507 3007 744 3065 constat,
775 3011 994 3068 quanta:
1023 3000 1076 3053 in
1109 2999 1259 3069 ipsos
1281 3007 1484 3054 coorta:
1512 2999 1626 3053 sint
1651 2997 1826 3052 turba:
1845 3037 1862 3063 ,
1889 3007 2092 3066 quanta

509 3089 756 3144 adhibita
794 3081 1175 3160 s-Iatagemata
1202 3097 1362 3160 atque
1402 3089 1638 3153 insidiae,
1681 3096 1740 3142 ut
1758 3087 1844 3143 vel
1875 3088 2092 3143 interci-

2187 1896 2470 1952 catholicae
2499 1909 2553 1952 et
2583 1896 2823 1952 moribus
2853 1896 3267 1951 Mauicltznorum
3297 1895 3393 1949 lib.
3429 1894 3508 1959 ll;
3535 1893 3614 1948 De
3641 1909 3765 1948 vera

2185 1989 2447 2058 religione
2473 1989 2568 2046 lib.
2602 1987 2658 2056 l;
2699 1990 2776 2044 De
2805 1989 2990 2059 regula
3017 1988 3084 2043 ad
3111 2003 3300 2042 servos
3335 1986 3451 2042 Dei.
3477 2015 3545 2026 ——
3569 1981 3638 2038 In
3674 2002 3767 2052 ap-

2184 2083 2435 2152 pendice:
2465 2082 2542 2137 De
2570 2083 2919 2152 grammatica
2948 2081 3108 2148 liber;
3140 2081 3406 2149 Principia
3437 2077 3770 2144 dialecticae;

2185 2174 2488 2245 Categoriae
2514 2175 2730 2240 decem;
2765 2174 3031 2243 Principia
3057 2173 3383 2235 rhetorices;
3407 2171 3631 2242 Regulae
3657 2171 3766 2226 cle-

2185 2266 2315 2322 I'icis
2341 2265 2550 2320 traditae
2575 2264 2968 2335 fragmentum;
3000 2264 3200 2334 Regula
3239 2262 3516 2327 secunda;
3551 2263 3630 2316 De
3660 2263 3770 2315 vita

2186 2357 2460 2414 eremitica
2485 2357 2552 2411 ad
2591 2371 2855 2412 sororem.
2878 2386 2948 2398 --
2967 2354 3354 2424 Complectitur
3384 2353 3472 2407 hic
3502 2363 3685 2406 tomus
3706 2367 3767 2406 ea

2186 2451 2388 2516 omnia,
2408 2466 2528 2521 quae
2548 2450 2616 2505 ab
2634 2449 2860 2506 Erasmc
2875 2458 2931 2505 et
2948 2448 3372 2505 Lovaniensibus
3387 2447 3440 2501 in
3463 2461 3530 2501 eo
3551 2446 3772 2500 fuerunt

2185 2543 2600 2612 comprehensa.
2642 2541 2776 2597 Illud
2805 2551 3009 2596 tantum
3034 2542 3262 2595 interest
3285 2537 3555 2594 discrimis
3576 2579 3591 2604 ,
3627 2535 3775 2605 quod

2187 2635 2519 2690 Benedictini
2546 2635 2597 2689 in
2622 2634 2972 2703 appendicem
2995 2633 3306 2701 rejecerunt
3326 2629 3585 2684 nonnulla
3605 2668 3623 2692 ,
3653 2640 3776 2694 quae

2187 2727 2258 2782 ab
2277 2726 2380 2780 illis
2409 2741 2506 2794 pro
2533 2727 2777 2795 genuinis
2798 2725 3080 2794 Augustini
3107 2724 3328 2792 scriptis
3354 2721 3537 2776 habita
3566 2727 3732 2774 erant
3756 2759 3776 2785 ,

2188 2817 2397 2872 scilicet
2437 2817 2652 2872 libellos
2677 2817 2746 2872 de
2773 2816 3122 2871 Grammatica
3143 2855 3158 2879 ,
3190 2814 3522 2884 Categort'as,
3554 2811 3774 2865 Princi-

2190 2910 2280 2979 pia
2306 2907 2606 2964 Dialecticc
2633 2919 2687 2963 et
2719 2907 2993 2977 Principia
3033 2907 3358 2972 Rhetorica,
3389 2912 3445 2958 et
3471 2902 3614 2973 quod
3672 2901 3777 2956 alia

2188 2999 2436 3070 quaedam
2465 3015 2586 3054 cum
2616 2999 2740 3054 aliis
2781 2999 2959 3052 locum
2997 3007 3205 3052 mutare
3240 2995 3560 3064 jusserunt,
3595 3005 3659 3046 ut
3692 3009 3773 3045 se-

2188 3095 2314 3149 riem
2341 3094 2671 3163 ordinemque
2696 3093 2972 3162 temporis,
2997 3107 3098 3162 quo
3122 3088 3516 3159 unumquodque
3543 3101 3683 3153 opus
3715 3084 3786 3138 ab
3855 3162 3868 3170 υ

508 3197 732 3255 peretur
754 3200 1066 3254 successus,
1099 3186 1187 3240 vel
1220 3186 1516 3256 perfectum
1545 3186 1598 3241 in
1629 3185 1888 3240 invidiam
1911 3184 2085 3241 addu-
2112 3169 2158 3230 Ο
2196 3175 2416 3240 Αυσιοιτε
2443 3185 2635 3255 prodiit
2659 3224 2674 3248 ,
2703 3183 2875 3252 quoad
2902 3199 3015 3253 ejus
3047 3181 3160 3249 ﬁeri
3186 3189 3385 3251 posset,
3419 3186 3709 3232 servarent.

509 3289 752 3332 ceretur.
795 3276 904 3347 lpsi
952 3277 1296 3334 Benedictini
1341 3278 1470 3334 dum
1515 3277 1571 3332 in
1620 3276 1909 3334 undecimo
1947 3285 2095 3331 tomo

509 3371 820 3440 generalem
842 3371 1023 3441 operis
1044 3371 1419 3441 praefationem
1437 3371 1792 3429 conscribunt
1820 3380 1878 3427 et
1904 3385 2094 3428 curam

511 3477 668 3516 suam
695 3475 760 3516 ac
786 3462 1182 3531 providentiam
1213 3463 1390 3532 palam
1419 3462 1602 3518 facere
1626 3465 1872 3530 student,
1903 3464 2094 3516 laten-

511 3564 626 3618 tur,
671 3552 892 3608 difﬁcile
923 3553 1087 3608 luisse
1131 3569 1358 3620 cavere,
1401 3569 1471 3609 ne
1512 3553 1642 3624 quid
1688 3554 1744 3609 in
1785 3563 1894 3608 tam
1939 3561 2095 3608 vasto

512 3658 684 3714 opere
706 3643 914 3699 incauti
941 3644 1077 3714 ipsis
1101 3645 1442 3714 subreperet,
1469 3645 1588 3712 vel,
1621 3661 1690 3700 ne
1727 3645 1856 3715 quid
1899 3659 2091 3714 secus,

513 3751 677 3806 quam
724 3737 828 3808 ipsi
871 3737 1268 3807 intendissent,
1312 3738 1368 3792 in
1406 3739 1714 3808 sequiorem
1747 3749 1954 3808 partem
1987 3753 2094 3794 non

513 3830 826 3900 acciperent
844 3829 1093 3886 homines
1115 3830 1255 3884 male
1278 3845 1405 3900 erga
1431 3831 1668 3898 ipsorum
1695 3831 1876 3885 studia
1893 3831 2093 3886 aﬂ'eeti.

513 3921 622 3978 Sed
651 3937 757 3977 non
785 3936 909 3977 cum
941 3922 1280 3992 scrupulosis
1326 3921 1465 3977 forte
1487 3966 1502 3991 ,
1549 3922 1720 3992 aequis
1765 3923 2092 3992 cteteroquin

513 4013 845 4070 adversariis
873 4013 979 4069 sibi
1011 4029 1124 4068 rem
1156 4029 1310 4080 esse,
1340 4013 1438 4068 sed
1467 4029 1498 4068 a
1527 4012 2013 4069 calumniatoribus
2042 4025 2097 4070 et

515 4105 770 4162 hostibus
810 4106 1016 4160 nullum
1045 4104 1365 4159 insidiarum
1395 4120 1586 4174 genus,
1619 4106 1864 4174 quamvis
1897 4117 2052 4176 turpe
2076 4149 2091 4171 ,

514 4196 902 4267 spernentibus
926 4198 1017 4267 jus
1044 4198 1243 4265 petitos
1269 4211 1391 4250 sese
1418 4207 1848 4264 conqueruntur.
1875 4197 1936 4250 Et
1961 4213 2096 4267 quo-

514 4293 661 4347 niam
693 4292 838 4361 regis
856 4292 1014 4360 jussu
1044 4291 1257 4358 utrique
1285 4288 1424 4356 parti
1450 4289 1728 4343 silentium
1756 4298 1904 4344 esset
1930 4289 2100 4357 impo-

516 4382 681 4438 situm
705 4427 720 4451 ,
753 4381 895 4436 haud
924 4380 1216 4451 quidquam
1242 4379 1387 4434 aliud
1424 4379 1684 4448 praedicto
1713 4380 1835 4434 loco
1865 4381 1918 4434 in
1948 4389 2093 4434 tuta-

516 4490 642 4532 men
669 4490 826 4530 suum
854 4474 1188 4535 attulerunt,
1231 4486 1391 4542 quam
1421 4480 1482 4526 ut
1516 4486 1547 4524 a
1572 4472 1910 4542 gravissimis
1929 4516 1944 4540 ,
1976 4488 2096 4542 qua:

514 4567 650 4637 ipsis
676 4567 922 4636 impacta:
959 4563 1208 4627 fuerant,
1255 4562 1722 4618 criminationibus
1763 4564 1815 4618 in
1856 4566 2096 4622 virorum

514 4661 728 4729 piorum
755 4673 821 4712 ac
848 4649 1254 4722 benevolorum,
1289 4668 1518 4723 quorum
1545 4653 1688 4710 forte
1715 4656 1913 4710 animis
1941 4672 2096 4711 scru-

516 4752 628 4820 puli
659 4749 882 4820 quidam
923 4746 1124 4802 exinde
1163 4745 1527 4810 insedissent,
1553 4746 1784 4816 gratiam
1821 4762 1945 4802 sese
1972 4763 2100 4816 pur-

515 4851 732 4912 garent.
765 4839 871 4895 Sed
904 4838 1094 4892 harum
1127 4835 1305 4890 litium
1335 4836 1644 4905 artiumque
1672 4836 1986 4892 lrivolarum
2017 4837 2100 4893 hi-

515 4933 744 4988 storiam
776 4945 882 4986 non
920 4928 1257 4997 attingimus.
1297 4927 1409 4982 Nec
1452 4927 1598 4982 enim
1625 4927 1691 4981 ad
1723 4938 1968 4982 nostrum
2014 4930 2096 4984 vel

516 5027 799 5082 minimum
827 5022 977 5084 facit,
1002 5031 1058 5075 et
1086 5028 1403 5088 suppetunt,
1435 5019 1630 5087 quibus
1651 5020 1735 5073 vel
1763 5020 1987 5088 negotii,
2014 5023 2096 5075 vel

518 5116 686 5171 animi
717 5129 879 5169 causa
909 5125 1106 5166 curare
1137 5110 1224 5164 illa
1254 5109 1572 5179 contigerit,
1603 5111 1765 5180 ampli
1797 5110 1928 5166 satis
1952 5125 2098 5165 com-

587 5267 669 5392 ((2
710 5266 910 5319 Praeter
951 5262 1235 5332 Dupinium
1276 5260 1412 5314 Bibl.
1455 5279 1608 5316 nouv.
1649 5263 1738 5317 des
1764 5264 1888 5316 Aut.
1923 5245 2095 5330 Each,

671 5335 779 5389 Villl
801 5380 816 5392 .
849 5335 952 5388 sub
977 5334 1206 5387 articulo
1230 5349 1242 5383 :
1280 5331 1530 5386 Nouvetle
1555 5333 1754 5387 édition
1783 5336 1874 5386 des
1904 5350 2095 5387 wuvrcs

519 5331 779 5396 TCXV’III
801 5380 816 5401 ,
849 5335 952 5388 sub
977 5331 1206 5387 articulo
1230 5349 1242 5383 :
1280 5331 1530 5386 Nouvetle
1555 5333 1754 5387 édition
1783 5336 1874 5386 des
1904 5350 2096 5387 wuvrcs

519 5413 584 5464 de
615 5409 678 5462 8.
707 5408 984 5475 Augustin,
1015 5414 1072 5458 et
1104 5403 1324 5475 Badium
1355 5405 1406 5475 in
1429 5404 1589 5475 ‘Dict.
1631 5403 1799 5475 Crit.:
1837 5420 1866 5457 e
1901 5420 2096 5458 recen-

523 5471 805 5538 tioribus,
847 5477 1110 5528 Auctores
1157 5473 1294 5526 Bibl.
1345 5471 1666 5527 Coloniensix
1720 5473 2098 5530 Ecclesiastica:

523 5547 803 5628 nas-.164:
822 5542 1044 5628 War
1069 5545 1130 5625 Τ·
1157 5543 1246 5628 Xl'
1267 5559 1430 5628 ales-
1466 5544 1568 5628 6⁸9
1585 5560 1725 5628 θεας»
1756 5555 1811 5628 ει
1838 5548 2100 5628 «suos?

522 5615 889 5674 deﬁt’ﬂistoire
919 5616 1162 5670 tittéraire
1187 5616 1248 5667 de
1275 5616 1325 5666 la
1352 5615 1602 5684 Congrég.
1652 5615 1715 5668 dc
1755 5615 1815 5669 S.

523 5687 793 5743 llruxelles
825 5687 996 5750 1770,
1031 5686 1170 5740 ill-4'
1197 5686 1240 5753 ).
1272 5686 1334 5738 V.
1365 5685 1627 5748 Blantptn.
1659 5701 1778 5754 pag.
1809 5684 1915 5739 287
1943 5698 2097 5752 seqq.

527 5759 707 5823 Quid?
737 5759 879 5827 quod
910 5757 1170 5829 peculiari
1209 5757 1344 5812 adeo
1386 5756 1658 5811 volumine
1699 5756 1900 5827 scripta
1928 5764 2104 5810 exstat

548 5864 569 5891 Ἰ

1865 5613 1914 5665 Μ
1920 5630 2014 5667 aur
2045 5616 2100 5684 (ὰ
2143 5629 2153 5645 ι’

2265 3278 2430 3331 Tomo
2471 3277 2737 3330 secundo:
2774 3273 3120 3341 —Epistol:e
3164 3273 3398 3325 ducentae
3441 3267 3785 3338 septuaginta

2194 3367 2491 3422 secundum
2524 3376 2825 3435 temporum
2855 3363 3096 3417 ordinem
3129 3361 3437 3429 dispositm,
3461 3368 3515 3414 et
3541 3367 3786 3426 quatuor

2195 3458 2250 3512 in
2278 3458 2480 3512 classes
2518 3457 2766 3522 digestaa.
2794 3483 2865 3494 —-
2889 3451 2956 3506 In
2991 3452 3274 3521 appendice
3295 3466 3314 3503 :
3354 3447 3646 3516 Augustini
3687 3462 3786 3500 no-

2195 3548 2340 3603 mine
2381 3546 2448 3601 ad
2485 3544 2814 3600 Bonifacinm
2851 3555 2905 3598 et
2945 3553 3168 3607 contra,
3208 3540 3454 3610 epistola:
3493 3538 3786 3592 breviores

2195 3639 2508 3703 sexdecim;
2561 3637 2643 3692 Ad
2684 3634 3080 3690 Demetriadem
3117 3633 3318 3701 Pelagii
3356 3629 3634 3698 epistola;
3671 3629 3788 3682 Au»-

2195 3731 2394 3799 gustini
2422 3729 2642 3784 nomine
2668 3727 2735 3782 ad
2764 3725 3027 3796 Cyrillum
3055 3735 3111 3779 et
3149 3733 3370 3788 contra,
3401 3721 3470 3774 de
3499 3719 3794 3776 Laudibus

2198 3819 2552 3891 Hieronymi;
2584 3817 2877 3873 Altercatio
2905 3813 3188 3883 Augustini
3219 3826 3342 3867 cum
3375 3809 3692 3865 Pascentio.

2268 3915 2450 3982 Longe
2467 3910 2797 3969 nobilissima
2817 3924 2940 3979 pars
2959 3923 3138 3978 opera:
3151 3904 3646 3962 eruditissimorum
3669 3915 3794 3956 mo-

2199 4006 2491 4062 nachorum
2521 4004 2573 4058 in
2597 4004 2698 4057 hoc
2723 4011 2871 4056 tomo
2899 3999 3262 4064 concluditur,
3277 4011 3404 4050 vere
3425 3995 3574 4058 talis,
3600 3994 3658 4047 in
3681 4007 3794 4060 qua

2199 4095 2492 4153 Constantii
2520 4094 2864 4164 sagacitatem
2902 4103 2957 4147 et
2994 4090 3218 4147 solidam
3267 4087 3570 4143 doctrinam
3616 4100 3807 4156 agno--

2198 4203 2338 4243 scas.
2392 4187 2543 4241 Licet
2573 4187 2717 4241 enim
2751 4182 2974 4239 tatidem
3012 4182 3168 4250 plane
3215 4178 3477 4248 genuinas
3519 4175 3802 4244 epistolas

2200 4281 2560 4336 Lovanienses
2588 4285 2920 4340 recenseant,
2953 4289 3050 4329 nec
3091 4273 3266 4342 plura,
3294 4285 3398 4326 nec
3429 4271 3695 4339 pauciora
3727 4266 3806 4322 ab

2200 4375 2266 4429 iis
2295 4376 2348 4428 in
2373 4371 2718 4442 appendicem
2752 4369 2910 4436 hujus
2947 4367 3075 4420 tomi
3110 4365 3307 4433 rejecta
3343 4362 3474 4427 sint,
3517 4375 3630 4414 non
3675 4359 3808 4414 ausi

2202 4475 2378 4519 tamen
2406 4471 2532 4517 sunt
2555 4462 2764 4529 longius
2795 4457 3038 4527 progredi
3062 4465 3118 4510 et
3145 4469 3304 4524 quam
3344 4466 3533 4507 omnes
3573 4450 3806 4519 Augus-

2203 4558 2299 4613 tini
2339 4557 2568 4612 lectores
2599 4551 2991 4608 ardentissimis
3021 4549 3162 4604 votis
3203 4545 3554 4616 exoptabant,
3585 4543 3810 4597 moles-

2204 4662 2309 4706 tam
2336 4649 2542 4703 scilicet
2560 4655 2618 4701 et
2644 4645 2926 4699 tnultarttm
2964 4640 3156 4694 virium
3183 4653 3367 4692 curant
3402 4635 3516 4689 suis
3544 4633 3657 4688 sibi
3692 4632 3807 4686 hu-

2204 4743 2367 4797 meris
2384 4740 2682 4808 imponere,
2704 4751 2806 4805 qna
2826 4735 3078 4787 intactam
3097 4730 3270 4784 adhuc
3291 4729 3492 4782 seriem
3515 4737 3570 4781 et
3587 4741 3808 4781 nexum

2205 4844 2282 4889 tot
2301 4832 2496 4887 diversi
2525 4828 2740 4900 generis
2769 4836 2823 4881 et
2853 4827 3024 4879 tutatis
3047 4821 3395 4892 epistularum
3418 4817 3813 4872 dis-criminas-

2205 4933 2344 4990 scnt,
2367 4937 2431 4976 ac
2472 4934 2694 4989 prorsus
2719 4915 2932 4971 tandem
2956 4912 3342 4982 expedtissent.
3375 4908 3662 4963 Ferebant
3683 4922 3815 4960 om-

2207 5033 2303 5072 nes
2350 5015 2452 5068 hoc
2497 5009 2821 5066 desiderium
2869 5021 2934 5062 eo
2983 5002 3393 5073 impatientius,
3435 4998 3606 5068 quod,
3675 5013 3812 5053 cum

2201 5109 2402 5178 reliqua
2425 5102 2682 5173 opuscula
2721 5113 2857 5169 pene
2884 5098 3066 5152 omnia
3098 5109 3194 5164 per
3221 5093 3392 5161 ipsius
3418 5090 3721 5161 Augustini
3758 5090 3817 5142 in

2206 5263 2363 5330 hujus
2399 5259 2669 5330 editionis,
2693 5255 2917 5310 biStoria
2959 5261 3200 5330 auctore
3225 5249 3468 5330 Antonit-
3493 5247 3818 5330 Vincentio

2202 5319 2488 5395 Th'uillier,
2524 5329 2766 5397 ejusdem
2798 5321 3233 5397 congregationis
3260 5320 3537 5397 quon-[lant
3568 5319 3770 5397 sodali
3799 5360 3816 5381 ,

2203 5402 2261 5457 h.
2295 5413 2360 5466 t.,
2395 5389 2623 5455 Histoire
2649 5398 2712 5449 de
2743 5400 2792 5448 Ia
2811 5389 3268 5466 Ῑιυυξξςζιε-έάὶιροῃ
3297 5392 3363 5443 de
3395 5390 3457 5444 S.
3491 5389 3818 5466 Augustin)

2201 5459 2396 5526 domtEe
2424 5488 2516 5538 par
2546 5472 2616 5522 les
2653 5466 2766 5519 PP.
2802 5463 3124 5538 Benedictum
3142 5462 3294 5538 feta
3314 5459 3708 5538 congregation
3744 5461 3820 5512 de

2205 5543 2266 5598 S.
2300 5527 2473 5595 Mau'r.
2510 5541 2584 5593 En
2617 5538 2818 5590 France
2850 5531 3244 5603 (Ριιτῆἢηηῦϐ
3267 5572 3281 5592 ,
3313 5527 3480 5603 ἰιι-Γ,
3514 5527 3658 5603 inihi
3693 5546 3816 5603 min

2204 5614 2348 5677 visa,
2382 5611 2477 5665 scd
2509 5610 2664 5675 cujus
2692 5597 2867 5677 ipsius
2891 5597 3038 5654 varia
3077 5599 3180 5653 fata
3225 5602 3278 5653 itt
3319 5601 3511 5655 eadem
3546 5597 3815 5654 Historia

2204 5675 2635 5753 congregationis
2663 5693 2781 5746 pag.
2809 5675 2910 5730 5‘28
2942 5687 3056 5744 seq.
3091 5679 3437 5728 enarrantur.
