4010 6350
233 327 318 388 st.
1091 315 1364 372 NOTITIA
1406 314 1828 370 LITTERABIA
1872 314 1938 369 IN
1976 314 2035 370 s.
2076 313 2550 372 auousrmuu.
3377 320 3448 377 go

236 431 659 496 Retractationibus
682 431 980 484 institutum
1007 431 1163 500 juxta
1195 443 1493 499 temporum
1515 438 1570 484 et
1593 443 1750 484 occa-
1781 436 1834 490 Α
1862 444 1930 484 ne
1948 429 2048 484 levi
2068 429 2418 486 fundamento
2438 431 2576 486 hanc
2596 431 2790 487 seriem
2812 431 3126 501 designasse
3145 432 3445 489 videamur-

236 535 424 592 sianum,
455 522 640 594 quibus
669 530 828 576 enata
870 529 1072 586 essent,
1114 521 1384 583 ordinem,
1429 533 1760 588 cognoscere

231 625 466 691 ipsumque
488 615 537 666 in
575 612 745 667 sacris
774 611 965 666 studiis
993 619 1049 665 et
1070 613 1236 679 gestis
1259 611 1373 664 suis
1403 610 1586 662 animo
1614 608 1762 661 velut

229 709 428 769 comitari
450 708 651 770 liceret,
676 707 808 758 sola:
838 704 1106 772 epistolae,
1134 719 1201 757 ex
1225 702 1420 771 quibus
1448 699 1758 770 plenissima

228 806 313 860 lere
348 811 548 853 casuum
587 804 642 850 et
678 805 950 865 gestorum
993 795 1253 862 temporis
1299 793 1455 846 istius
1500 789 1760 846 memoria

225 887 543 960 depromenda
582 896 720 952 erat,
745 886 848 940 huc
874 884 1138 940 benelicio
1165 892 1434 938 carerent.

274 985 362 1041 Sed
385 980 710 1037 Benedictini
737 994 951 1049 quoque
975 978 1116 1034 hunc
1132 978 1372 1032 laborem
1396 974 1762 1033 declinassent

223 1094 304 1134 non
324 1073 474 1144 magis
499 1069 880 1126 difﬁcultatum
909 1079 1078 1136 metu,
1121 1083 1258 1137 quas
1294 1067 1418 1121 licet
1453 1065 1760 1120 innumeras

219 1171 282 1225 vel
299 1169 367 1223 eis
391 1164 511 1219 solis
531 1178 793 1232 spernere
813 1162 1030 1226 licebat,
1058 1174 1219 1230 quam
1246 1157 1390 1226 quod
1420 1161 1757 1218 vererentur,

219 1277 270 1316 ne
287 1271 406 1313 novo
424 1254 644 1309 inducto
662 1255 851 1309 ordine
873 1253 1156 1307 lectionem
1176 1248 1462 1318 Augustini
1481 1247 1622 1315 apud
1639 1260 1756 1310 eos,

215 1354 283 1423 qui
309 1349 455 1404 veteri
486 1347 658 1402 semel
685 1346 1070 1411 assuevissent,
1107 1343 1466 1398 retardarent.
1500 1338 1606 1395 Sed
1631 1337 1760 1393 vicit

215 1441 390 1496 tandem
410 1437 694 1506 Augustini
719 1451 870 1490 amor
895 1445 950 1489 et
978 1435 1207 1487 aliorum
1233 1432 1573 1499 maximeque
1598 1428 1757 1483 soda-

211 1535 316 1588 lium
338 1544 546 1585 suorum
571 1529 624 1584 in
647 1527 769 1582 aliis
791 1526 1144 1595 scriptoribus
1169 1520 1552 1578 ecclesiasticis
1572 1533 1758 1574 exem-

211 1631 344 1696 plum,
380 1624 600 1692 jamque
645 1635 712 1675 ex
755 1621 909 1688 ipsis,
940 1635 1048 1690 quo
1083 1617 1355 1688 negetium
1381 1614 1487 1671 huc
1511 1611 1753 1683 aggressi

209 1727 306 1774 sunt
329 1717 518 1781 animo,
543 1714 853 1769 audiamus.

1864 537 1972 575 non
2003 522 2163 576 modo
2192 524 2413 586 nostris,
2446 522 2541 576 sed
2570 521 2731 576 etiam
2775 523 2966 577 alienis
2993 537 3114 577 eam
3157 523 3348 578 studiis
3394 533 3449 579 et

1861 612 2101 665 consiliis
2149 612 2473 682 investigare
2516 613 2809 681 sategimus
2855 613 3060 668 Ordine
3091 616 3444 683 epistolarum

1861 704 2245 774 chronologico
2268 709 2584 766 constituto,
2611 721 2704 760 eas
2735 710 2787 760 in
2833 716 3065 775 quatuor
3090 708 3294 761 classes
3336 707 3447 760 dis-

1861 795 2138 859 tinximus,
2167 810 2394 864 quarum
2426 801 2597 863 prima
2630 794 2748 850 illas
2778 796 3020 858 exhibet,
3065 812 3201 865 quas
3229 799 3444 865 Augus-

1859 889 2003 942 tinus
2025 889 2261 942 nondum
2286 889 2575 957 episcopus
2604 889 2842 958 scripsit.
2869 889 2983 956 Qua
3017 889 3069 942 in
3099 903 3158 942 re
3187 890 3445 958 Augusti-

1861 995 1988 1033 num
2019 982 2191 1047 ipsum
2220 981 2389 1034 secuti
2423 991 2700 1035 auctorem
2729 994 2940 1047 sumus,
2969 979 3062 1048 qui
3091 979 3144 1033 in
3167 979 3445 1032 Retracta-

1860 1071 2067 1124 tionum
2095 1071 2277 1138 priore
2307 1070 2445 1125 libro
2473 1085 2536 1126 ea
2558 1071 2844 1125 dumtaxat
2864 1069 3134 1124 recensuit
3162 1069 3440 1138 opuscula,

1857 1180 1978 1233 qua:
2009 1179 2291 1235 antequam
2322 1168 2477 1222 lieret
2507 1168 2794 1236 episcopus
2828 1165 2882 1219 in
2911 1166 3085 1219 lucem
3121 1164 3438 1232 protulerat.

1857 1253 1914 1309 In
1939 1257 2174 1311 secunda
2223 1259 2396 1312 classe
2425 1266 2886 1328 repraesentantur
2915 1255 3179 1324 epistolae,
3209 1269 3342 1321 quas
3371 1253 3442 1307 ab

1861 1345 1993 1399 inito
2013 1347 2329 1418 episcopatu
2363 1349 2429 1402 ad
2457 1350 2802 1404 collationem
2834 1363 2955 1402 cum
2993 1345 3283 1400 Donatistis
3311 1343 3440 1398 Car—
3537 1351 3560 1363 ‘

1859 1437 2077 1508 thagine
2109 1440 2346 1494 habitam
2376 1451 2431 1495 et
2465 1441 2764 1510 Pelagianae
2795 1440 3066 1493 haereseos
3107 1437 3161 1489 in
3201 1434 3436 1488 Africam

1857 1529 2214 1586 invectionem
2237 1532 2428 1588 edidit.
2452 1533 2508 1588 ln
2533 1534 2616 1587 his
2643 1534 2787 1588 enim
2819 1531 3030 1586 duobus
3055 1529 3168 1583 sive
3194 1535 3440 1594 retegen-

1856 1622 1962 1687 dis,
1995 1639 2091 1679 seu
2117 1627 2502 1696 expurgandis,
2551 1628 2830 1682 erroribus
2872 1635 3162 1680 versantur
3187 1628 3238 1676 u‘
3274 1621 3440 1691 pluri-

1858 1730 2005 1769 mum
2039 1717 2123 1770 ha:
2153 1717 2372 1783 littera),
2404 1735 2526 1788 quae
2549 1734 2736 1773 eorum
2768 1717 2941 1782 initia,
2997 1727 3315 1784 progressus
3347 1721 3435 1766 at-

266 1808 344 1861 tlu
371 1805 745 1874 superioribus
765 1803 1113 1870 editionibus,
1147 1801 1422 1872 inquiunt,
1453 1801 1592 1856 adeo
1620 1814 1743 1869 per-
1778 1797 1824 1858 Β
1849 1823 1954 1877 que
1978 1809 2376 1866 damnationem
2405 1822 2652 1866 accurate
2672 1807 3205 1865 describuntJTertia
3236 1805 3436 1873 episto-

208 1903 408 1954 turbatus
435 1908 559 1954 erat
577 1898 1092 1968 Augustinianarum
1112 1896 1468 1966 epistolarum
1496 1895 1656 1959 ordo,
1677 1903 1760 1962 ut,

204 1995 313 2060 quod
335 1992 576 2060 imparis
612 1990 878 2044 historiam
897 1997 1116 2059 spectat,
1145 2003 1257 2042 non
1282 1987 1442 2043 facile
1473 1987 1760 2057 quisquam

205 2083 362 2138 seriem
383 2096 566 2135 rerum
589 2082 828 2135 omnium
845 2081 1060 2150 assequi
1084 2080 1350 2150 potuisset
1372 2080 1578 2148 absque
1599 2077 1760 2148 longa

200 2188 240 2228 et
259 2189 382 2242 saspe
405 2173 643 2241 repetita
674 2173 906 2228 lectione
934 2187 999 2226 ac
1035 2171 1407 2226 meditatione.
1445 2170 1577 2224 Nam
1607 2170 1758 2239 ejus-

200 2269 293 2322 dem
315 2269 571 2334 temporis
595 2277 651 2320 et
682 2267 989 2335 argumenti
1029 2265 1276 2334 epistola:
1311 2279 1410 2335 per
1435 2273 1604 2318 totum
1633 2265 1758 2320 Col-

197 2359 405 2415 lectionis
431 2373 642 2427 corpus
663 2358 790 2412 hinc
815 2358 941 2413 inde
967 2358 1230 2427 diSperste
1258 2367 1436 2422 erant,
1468 2366 1580 2411 tum
1607 2356 1755 2424 prio-

197 2471 263 2507 res
296 2454 678 2522 posterioribus
709 2454 1022 2522 postposita:
1059 2462 1114 2507 et
1157 2454 1209 2507 in
1233 2451 1395 2508 lidem
1437 2453 1656 2521 reiecta:
1687 2466 1750 2507 ac

195 2546 374 2598 demum
402 2545 559 2613 (quae
599 2544 937 2599 intoleranda
979 2543 1228 2600 confusio
1278 2544 1418 2613 erat)
1466 2544 1749 2613 Augustini

195 2637 408 2704 rescripta
428 2651 600 2704 quam
621 2635 936 2706 longissime
959 2635 1028 2689 ab
1047 2635 1390 2704 interrogatis
1411 2645 1465 2689 et
1486 2635 1750 2689 consultis

193 2743 560 2794 nonnumquam
588 2729 844 2792 aberant;
874 2729 1037 2782 immo
1059 2728 1320 2798 rescripta
1345 2727 1608 2781 consultis
1631 2727 1750 2781 lon-

193 2831 242 2884 ge
265 2816 688 2884 praeferebantur
714 2835 726 2870 :
751 2817 886 2872 adeo
915 2827 969 2870 ut
991 2817 1200 2882 Evodii,
1225 2833 1276 2870 v.
1307 2834 1385 2886 g.,
1417 2818 1748 2871 consulentis

192 2910 396 2975 epistolae
423 2917 558 2978 post
588 2910 782 2964 multas
819 2911 1206 2978 interjacentes
1233 2909 1494 2980 epistolas
1537 2911 1748 2978 Augus-

193 3001 266 3055 tini
287 3017 609 3071 responsum
648 3010 1137 3072 consequerentur.
1185 3002 1527 3072 Quapropter
1553 3010 1748 3072 optan-

190 3091 286 3146 dum
314 3103 445 3160 erat,
476 3102 550 3146 ut.
577 3094 859 3164 Augustini
889 3094 1134 3163 epistulae
1173 3095 1227 3148 in
1266 3103 1472 3149 rectum
1499 3094 1742 3148 ordinem

1863 1900 2033 1953 larum
2083 1901 2270 1956 classis
2318 1917 2410 1956 eas
2438 1903 2838 1970 complectitur,
2861 1915 2996 1969 quas
3022 1899 3172 1952 abeo
3194 1891 3437 1960 tempore

1861 1990 1920 2047 S.
1971 1991 2170 2047 Doctor
2207 1993 2270 2048 ad
2309 1993 2434 2047 vita:
2473 1994 2634 2048 linem
2677 1993 2953 2056 exaravit;
2998 1990 3191 2059 quibus
3229 1987 3438 2041 scilicet

1858 2089 2004 2134 certa
2037 2082 2246 2148 epocba
2293 2089 2466 2150 potest
2509 2081 2794 2149 assignari.
2841 2080 2895 2134 In
2938 2089 3183 2148 quartam
3216 2077 3433 2130 detnum

1857 2172 2089 2228 classem
2117 2174 2354 2244 reliquas
2383 2174 2665 2244 Augustini
2697 2175 2910 2229 litteras
2940 2173 3266 2241 redegimus,
3299 2185 3434 2238 quas

1854 2265 2072 2333 quidem
2108 2267 2326 2335 scripsit
2353 2267 2661 2336 episcopus,
2704 2267 2846 2320 nulla
2877 2276 3051 2320 tamen
3079 2264 3182 2318 alia
3211 2263 3432 2332 praeﬁxa

1854 2366 2158 2426 temporum
2188 2369 2278 2412 aut
2303 2359 2833 2414 circumstantiarutn
2874 2367 3023 2422 nota,
3061 2371 3181 2426 qua:
3223 2363 3430 2409 certum

1851 2459 2061 2519 tempus
2089 2466 2200 2520 pra:
2227 2466 2288 2505 se
2319 2452 2477 2506 lerat.
2504 2451 2583 2506 Ex
2613 2452 2713 2507 hac
2737 2448 3077 2520 quadruplici
3106 2448 3298 2502 classis
3321 2446 3432 2500 dis-

1853 2543 2113 2597 tinctione
2155 2543 2204 2597 id
2253 2543 2524 2598 commodi
2569 2544 2805 2606 eveniet.
2849 2541 2990 2611 quod
3036 2550 3194 2594 antea
3241 2538 3433 2592 obser-

1851 2633 2133 2700 vabamus,
2178 2641 2236 2688 ut
2271 2633 2549 2688 studiosus
2594 2634 2764 2688 lector
2790 2647 2876 2696 ea,
2918 2646 3038 2700 qure
3082 2629 3149 2682 ad
3195 2628 3434 2682 haereses

1849 2725 2254 2780 Donatistarum
2299 2736 2353 2782 et
2399 2726 2810 2795 Pelagianorum
2854 2724 3148 2793 pertinent,
3185 2733 3292 2774 uno
3320 2718 3433 2773 fere

1849 2825 2141 2884 conspectu
2166 2830 2230 2870 ac
2261 2826 2447 2871 tenore
2479 2815 2756 2886 percipiat.
2782 2833 2801 2866 ι

1919 2909 2443 2978 Monentprmterea,
2477 2906 2772 2961 nonnullos
2801 2914 3085 2968 tractatus,
3129 2903 3219 2971 qui
3268 2909 3430 2954 antea

1847 3001 1900 3055 in
1927 3001 2277 3071 epistolarum
2307 3001 2558 3054 ordinem
2597 2997 2754 3052 relati
2777 3004 2982 3061 essent,
3027 2995 3149 3048 loco
3193 3001 3370 3046 motos
3395 3006 3426 3042 a

1847 3109 1908 3149 se
1938 3109 2043 3148 non
2081 3109 2222 3159 esse,
2253 3093 2464 3146 tametsi
2494 3092 2544 3145 id
2579 3107 2683 3144 non
2724 3090 2858 3145 levis
2890 3087 3150 3142 momenti
3192 3087 3432 3140 rationes

191 3199 265 3252 pro
305 3193 616 3253 temporum
671 3187 879 3239 ratione
918 3186 1315 3255 digererentnr.
1357 3185 1512 3251 Quod
1553 3184 1744 3253 procul
1773 3157 1817 3220 c
1851 3185 2167 3239 suasissent.
2218 3184 2326 3240 Sed
2369 3183 2765 3237 Altercationem
2806 3199 2920 3235 cum
2969 3179 3263 3242 Pascentio,
3311 3192 3432 3246 qua:

189 3275 321 3331 dubio
363 3289 662 3332 curaturus
700 3277 888 3332 fuisset
923 3279 1256 3347 Augustinus
1295 3278 1432 3349 ipse,
1469 3280 1517 3333 si
1557 3293 1744 3333 eorum

188 3369 557 3434 recensionem,
573 3384 731 3437 quam
752 3378 1088 3437 susceperat,
1110 3370 1158 3424 ei
1179 3369 1462 3425 absolvere
1479 3370 1743 3425 licuisset.

188 3459 356 3529 Quippe
379 3461 431 3514 in
459 3461 930 3515 Retractationum
954 3476 1170 3515 suarum
1196 3462 1598 3531 procemiofOpta
1609 3478 1665 3516 re
1687 3475 1746 3516 se

187 3560 394 3612 testatur.
425 3560 485 3605 ut
512 3567 694 3621 opera
724 3568 820 3608 sua
847 3567 935 3618 eo,
965 3567 1074 3622 quo
1112 3553 1316 3622 scripta
1356 3562 1484 3607 sunt
1528 3553 1742 3620 ordine,

185 3643 515 3712 perlegantur,
551 3645 711 3711 eique
741 3643 819 3699 rei
849 3645 1100 3699 daturum
1134 3660 1194 3700 se
1233 3660 1478 3714 operam,
1505 3661 1613 3715 quo
1653 3646 1746 3701 de-

187 3748 302 3789 mum
329 3735 645 3804 intelligant
674 3736 928 3802 lectores,
960 3738 1220 3806 quomodo
1260 3735 1528 3791 scribendo
1567 3721 1746 3807 profe-

185 3827 310 3881 ccrit.
354 3831 424 3884 At
459 3843 582 3899 quo
620 3829 798 3884 minus
842 3828 898 3883 id
944 3839 1296 3896 tentarernus,
1338 3828 1747 3886 intercedebant

183 3918 377 3975 diversa:
403 3937 519 3987 res,
556 3936 752 3990 nempe
779 3935 909 3976 usus
929 3923 1270 3991 superiorum
1299 3932 1622 3994 temporum,
1653 3940 1742 3980 re-

185 4020 336 4078 ceptus
362 4014 503 4067 ordo
543 4014 624 4068 ab
657 4015 818 4068 annis
860 4015 1078 4068 circiter
1120 4023 1340 4068 centum
1381 4016 1742 4084 septuaginta,

183 4103 432 4159 citationes
463 4105 717 4166 usitatae,
747 4119 881 4172 quas
910 4105 1137 4170 violare,
1162 4117 1254 4159 aut
1279 4105 1493 4160 demum
1526 4121 1745 4175 perver-

185 4205 288 4262 tere,
311 4199 456 4252 nelas
480 4213 613 4254 esse
633 4199 944 4263 videbatur,
969 4214 1036 4253 ne
1061 4198 1290 4252 mutatio
1313 4199 1427 4254 haec
1454 4199 1742 4267 plurimum

186 4292 350 4358 negotii
372 4292 644 4348 studiosis
682 4293 996 4347 lacesseret.
1037 4292 1119 4346 Ad
1159 4292 1273 4346 haec
1297 4307 1401 4346 non
1434 4293 1579 4347 leves
1605 4293 1745 4347 difﬁ-

184 4381 376 4436 cultates
399 4385 452 4438 in
473 4383 867 4438 constituendo
891 4384 1244 4451 epistolarum
1274 4386 1486 4451 ordine,
1511 4386 1603 4454 qui
1629 4400 1743 4438 om-

183 4473 305 4526 nibus
325 4476 619 4540 probetur,
640 4489 765 4529 cum
782 4474 850 4528 de
877 4475 1260 4529 nonnullarum
1284 4487 1441 4530 :etate
1466 4476 1742 4544 disputent

182 4564 360 4617 eruditi.
387 4567 576 4635 Atque
598 4566 718 4619 haec
747 4565 1091 4633 potissimum
1119 4580 1218 4620 nos
1246 4566 1383 4619 ratio
1407 4566 1738 4634 morabatur,

179 4655 345 4723 quippe
372 4659 467 4726 qui
509 4657 791 4725 praecipue
821 4656 875 4710 in
917 4656 1159 4710 animum
1186 4656 1516 4723 induximus,
1554 4657 1654 4712 hoc
1685 4659 1738 4712 in

183 4745 334 4801 labore
357 4758 554 4804 nostro
587 4759 903 4804 neutrorum
929 4749 1213 4803 sententia:
1242 4758 1444 4804 temere
1464 4750 1736 4806 adversari

178 4852 248 4892 aut
277 4844 469 4897 lavere.
520 4841 653 4896 Haec
690 4856 820 4911 ergo
854 4851 1126 4896 momenta
1165 4856 1197 4895 a
1240 4842 1494 4897 mutando
1535 4843 1733 4911 episto-

180 4929 318 4987 larum
343 4936 541 4991 ordine
565 4951 666 4991 nos
694 4936 1068 5004 deterrebant,
1094 4953 1192 4992 nec
1233 4937 1389 4992 facile
1431 4937 1484 4992 id
1513 4953 1543 4992 a
1574 4940 1731 4996 nobis

178 5036 331 5080 contra
355 5032 680 5098 superiores
701 5029 966 5084 editiones
1003 5031 1402 5099 suscipiendum
1432 5033 1735 5088 videbatur.

181 5115 240 5169 Et
262 5120 486 5176 adverso
527 5132 713 5176 tamen
745 5122 887 5176 aliud
915 5123 1234 5188 suadebant,
1267 5140 1372 5178 non
1411 5134 1611 5178 tantum
1643 5142 1735 5176 va-

179 5208 238 5262 ria
279 5213 621 5268 eruditorum
675 5215 920 5284 exempla
967 5215 1017 5269 in
1061 5216 1307 5284 epistolis
1354 5217 1414 5271 S.
1459 5218 1737 5288 Cypriani,

180 5300 225 5353 S.
249 5303 452 5370 Leonis,
484 5319 626 5372 etc.,
659 5308 752 5361 sed
779 5308 939 5362 etiam
971 5307 1212 5364 virorum
1252 5325 1358 5364 non
1389 5312 1569 5365 minus
1608 5327 1734 5366 sen-

180 5396 335 5460 tentia,
365 5415 530 5467 quam
565 5398 844 5466 dignitate,
895 5401 1262 5467 praestantium
1300 5402 1615 5468 auctoritas,
1645 5405 1732 5470 qui

181 5489 444 5547 posteritati
472 5491 583 5541 hac
605 5503 735 5542 nova
757 5488 997 5543 editione
1017 5491 1320 5546 consultum
1346 5492 1618 5546 volebant.
1644 5492 1740 5546 His

181 5579 366 5629 onmino
401 5579 676 5646 exemplis
714 5588 770 5634 et
808 5582 1218 5638 auctoritatibus
1257 5583 1491 5645 adducti.
1525 5583 1736 5638 tandem

183 5670 554 5735 Consensimus,
591 5679 647 5725 ut
672 5673 954 5741 Augustini
977 5675 1234 5741 epistolas
1261 5676 1328 5729 ad
1359 5690 1626 5729 annorum
1656 5690 1742 5728 se-

184 5753 290 5812 rictu
313 5758 509 5830 (quoad
539 5762 658 5817 licri
685 5765 886 5835 posset)
913 5776 1215 5821 accuratam
1242 5779 1638 5823 revocaremus.
1674 5765 1744 5819 Et

1847 3275 2151 3332 CLXXVIII
2178 3275 2562 3330 numerabatur
2583 3275 2726 3329 inter
2751 3273 3039 3343 Augustini
3071 3271 3352 3340 epistolas,
3377 3279 3433 3324 ut

1843 3369 1954 3439 jam
2003 3371 2209 3439 pridem
2253 3369 2620 3423 Lovmiienses
2665 3372 2922 3430 fecerant,
2973 3366 3025 3421 in
3077 3362 3434 3434 appendicem

1847 3463 2179 3532 relegarunt.
3330 3501 3348 3518 ,

1919 3553 2227 3609 Revocasse
2257 3567 2318 3609 se
2340 3553 2538 3609 deinde
2570 3561 2837 3607 testantur
2866 3548 3126 3620 epistolas
3146 3545 3430 3617 quasdam,

1847 3663 1954 3702 non
1999 3649 2176 3702 solum
2221 3662 2355 3718 quas
2396 3644 2732 3716 Augustinus
2779 3645 2995 3714 nom'ne
3036 3656 3135 3695 suo
3174 3640 3322 3694 misit
3363 3637 3432 3692 ad

1844 3740 2004 3806 alios,
2029 3740 2124 3793 sed
2153 3754 2219 3794 ex
2243 3739 2349 3792 illis
2378 3739 2564 3802 etiam,
2590 3753 2711 3806 quae
2733 3735 2801 3790 ad
2834 3736 3009 3804 ipsum
3039 3751 3068 3786 a
3101 3732 3286 3786 multis
3317 3731 3432 3785 fueq'

1846 3843 1968 3886 runt
1997 3832 2232 3886 duret-tm.
2273 3829 2449 3884 Veluti
2487 3829 2702 3882 Timasii
2732 3837 2787 3882 et
2811 3825 3013 3888 Jacobi,
3047 3825 3172 3878 item
3206 3822 3430 3875 Honorii

1846 3935 1902 3980 et
1935 3923 2230 3989 Theodosii,
2256 3926 2640 3992 imperatorum,
2674 3919 3038 3986 Quodvultdei,
3069 3915 3338 3982 Prosperi,
3363 3913 3432 3966 ad

1847 4016 2140 4088 Pelagium,
2167 4017 2232 4069 ad
2260 4015 2662 4083 Simplicianum
2691 4013 2757 4066 de
2786 4026 2950 4080 opere
2983 4010 3084 4079 ipsi
3128 4009 3327 4070 dicato,
3361 4007 3431 4061 ad

1845 4111 2134 4177 Aurelium,
2182 4109 2248 4164 ad
2308 4108 2592 4175 Valerium,
2626 4108 2693 4161 ad
2720 4106 3017 4170 Claudium,
3041 4103 3107 4158 ad
3135 4102 3428 4168 Quodvult-

1847 4203 2000 4256 deum
2038 4216 2200 4270 super
2230 4201 2380 4254 libris
2410 4216 2596 4254 eorutn
2641 4199 2858 4252 nomine
2907 4197 3257 4266 nuncupatis,
3308 4210 3431 4264 qua:

1845 4307 2003 4350 antea
2044 4295 2099 4348 in
2139 4295 2491 4361 epistolarum
2536 4307 2763 4346 recensu
2803 4289 3276 4344 desiderabantur.
3328 4287 3433 4339 Eas

1847 4404 2036 4442 omnes
2082 4403 2215 4455 ergo
2251 4400 2352 4439 suo
2392 4386 2514 4438 loco
2555 4384 2869 4438 inserendas
2918 4389 3216 4436 curarunt:
3252 4378 3328 4432 uti
3377 4389 3432 4432 et

1848 4479 2235 4533 catholicormn
2260 4479 2638 4546 episcoporum
2667 4474 2931 4542 rescripta
2960 4473 3027 4525 ad
3072 4469 3433 4524 Marcellinum

1847 4573 2119 4628 tribunum
2161 4569 2448 4625 occasione
2483 4566 2786 4621 collationis
2830 4560 3293 4633 Carthaginiensis,
3334 4576 3432 4612 net:

1845 4680 1950 4720 non
1975 4663 2261 4732 epistolam
2293 4661 2358 4714 ad
2383 4659 2668 4712 Proculum
2693 4667 2747 4711 et
2771 4656 3090 4726 Cylinnium,
3123 4653 3432 4708 Gallicanos

1842 4757 2130 4819 antistites,
2158 4752 2374 4822 Leporii
2414 4765 2577 4804 causa
2609 4750 2985 4802 transmissam
3017 4759 3174 4814 :quze
3206 4743 3430 4809 scripta,

1839 4849 2110 4918 inquiunt,
2139 4860 2246 4899 non
2277 4846 2456 4898 minus
2479 4858 2578 4912 pro
2611 4842 2753 4895 veris
2775 4856 2838 4894 ac
2863 4837 3110 4907 genuinis
3142 4833 3430 4901 Augustin"

1835 4943 2038 4998 fetibus
2066 4937 2315 4993 habenda
2347 4943 2495 5000 sunt,
2535 4950 2695 5005 quam
2726 4934 2968 5003 epistola:
3010 4932 3117 4985 illa:
3146 4929 3428 4995 Carthagi-

1846 5034 2033 5090 neusis
2061 5048 2126 5088 ac
2155 5032 2481 5088 Milevitana;
2509 5029 2698 5100 synodi
2726 5027 2940 5082 nomine
2968 5025 3036 5078 ad
3068 5023 3432 5077 Innocentium

1843 5129 2085 5190 directze,
2110 5139 2246 5195 quas
2269 5123 2344 5177 uti
2373 5139 2402 5176 a
2424 5123 2484 5178 S.
2509 5123 2740 5176 Doctore
2762 5120 2986 5174 dictatas
3003 5133 3123 5170 cum
3147 5115 3268 5170 aliis
3311 5114 3434 5182 ejus

1843 5217 2088 5288 epistolis
2124 5231 2316 5270 omnes
2354 5215 2639 5284 recipiunt.
2685 5214 2739 5267 In
2782 5211 3048 5280 aliquibus
3089 5219 3267 5263 tamen
3310 5222 3410 5261 usu

1841 5312 1951 5380 jam
1986 5309 2192 5377 pridem
2223 5319 2443 5378 recepto
2475 5309 2764 5361 obsecutos
2794 5321 2852 5359 se
2878 5319 3000 5359 esse
3029 5304 3288 5357 fatentur.
3323 5301 3428 5354 Rc-

1843 5401 2141 5455 Vocandum
2173 5399 2316 5454 enim
2355 5398 2521 5452 fuisse
2547 5397 2700 5463 juxta
2730 5396 3040 5449 institutum
3079 5409 3238 5448 suum
3267 5392 3428 5445 etiam

1841 5500 2124 5547 tractatum
2166 5491 2227 5544 de
2275 5489 2419 5544 Bono
2482 5489 2782 5550 Viduitatis,
2831 5488 3028 5557 quippe
3069 5484 3158 5554 qui
3203 5500 3327 5538 vera
3360 5484 3430 5536 sit

1843 5583 2127 5654 AuguStini
2155 5582 2404 5649 epistola,
2438 5597 2612 5648 eoque
2645 5582 2859 5635 nomine
2884 5580 3026 5634 nulla
3057 5579 3179 5647 ejus
3221 5578 3274 5631 in
3321 5577 3426 5630 Re-

1845 5674 2226 5729 tractationum
2244 5673 2384 5726 lihro
2403 5673 2602 5726 mentio
2624 5672 2904 5726 habeatur.
2925 5669 3032 5723 Sed
3052 5668 3169 5722 libri
3188 5667 3426 5731 titulum,

1849 5782 1915 5822 ex
1952 5766 2240 5836 longinquo
2274 5765 2374 5835 ipsi
2407 5764 2782 5830 inbtcrentcm,
2815 5764 3100 5819 detrahere
3144 5759 3422 5816 nolebant.
