4010 6350
496 256 560 303 tt!
1376 261 1928 350 SUPPLEMESTUM
1970 263 2055 315 AD
2093 261 2318 318 UFERA
2359 265 2417 320 S.
2459 263 2845 322 AUGUSTINI.

3632 267 3750 315 ους

498 359 750 428 Ejusdem
782 365 1110 421 conditionis
1137 367 1233 423 luit
1264 369 1514 437 epistola,
1556 386 1716 439 quam
1742 370 2072 440 Augustinus
2098 372 2149 430 Α
2181 372 2303 427 dum
2354 374 2659 431 Mattbaeum
2712 374 2810 430 lib.
2835 373 2873 427 l.
2911 372 3148 444 (Lovan.
3176 371 3241 426 T.
3272 370 3396 439 IV.)
3420 370 3477 425 In
3528 370 3750 427 Joannis

499 453 737 521 ﬁdelibus
765 458 833 509 ad
859 475 965 511 suae
999 460 1212 513 sationis
1244 478 1423 514 curam
1454 463 1819 530 pertinentibus
1857 462 2075 531 scripsit

501 554 689 599 contra
730 547 1072 616 Petilianum,
1112 568 1336 621 qumque
1364 554 1473 620 jam
1516 553 1639 607 inde
1679 556 1745 607 ab
1790 553 2071 622 Augustini

500 642 766 705 tempore,
805 640 962 692 sicuti
1010 641 1059 693 in
1110 640 1250 695 libro
1290 658 1324 696 ιι
1354 643 1810 699 Retractationum
1840 659 1958 712 cap.
2003 643 2073 697 25

500 737 750 793 testatur,
796 731 992 794 prioris
1018 732 1278 787 adversus
1319 736 1559 800 ejusdem
1595 735 1833 788 haeretici
1868 735 2074 788 litteras

499 818 618 873 libri
670 820 843 873 locum
900 823 1153 879 obtinuit.
1196 826 1305 880 Nec
1349 827 1636 881 Secundini
1674 825 1951 880 Manichzei
2005 825 2072 880 ad

498 909 841 980 Augustinum
862 914 1129 983 epistolam
1151 916 1254 971 huc
1269 918 1546 972 retrahere
1562 919 1954 980 su5tinuerunt,
1978 918 2073 972 sed

500 998 554 1051 in
584 1010 737 1085 sexto
767 1017 989 1070 operum
1022 1016 1169 1060 tomo
1192 1008 1548 1076 reliquerunt,
1579 1010 1783 1062 scilicet
1808 1009 1880 1062 0h
1905 1008 1954 1060 id
1986 1022 2073 1061 so-

500 1090 608 1143 lum
643 1091 951 1161 legendum,
988 1106 1049 1149 ut
1077 1112 1136 1152 ea
1164 1099 1374 1167 plenius
1399 1100 1786 1167 intelligantur,
1816 1116 1935 1168 quae
1966 1099 2075 1154 illic

501 1180 759 1235 adversus
782 1184 1075 1240 Secundini
1102 1203 1314 1243 errores
1341 1190 1580 1258 disputat
1603 1190 1955 1257 AuguStinus.

577 1274 815 1344 Denique
841 1293 937 1331 nec
962 1280 1137 1333 solum
1168 1282 1340 1335 editas
1370 1284 1625 1351 epistolas
1657 1282 1958 1338 reddidisse
1992 1282 2070 1335 vi-

503 1362 617 1417 deri
644 1365 852 1430 volunt,
884 1370 978 1421 sed
1010 1386 1175 1425 novas
1205 1373 1407 1439 aliquot
1434 1374 1593 1440 primi
1637 1376 1687 1425 in
1739 1376 1911 1427 lucem
1953 1388 2078 1442 pro-

502 1453 769 1520 tulerunt;
795 1457 1094 1525 cujusmodi
1120 1472 1244 1515 sunt
1271 1463 1546 1533 Augustini
1571 1465 1746 1518 adhuc
1777 1465 2074 1534 presbyteri

501 1542 568 1595 ad
598 1542 865 1613 Alypium,
897 1550 1196 1617 episc0pum
1231 1552 1619 1621 Tagastensem,
1642 1554 1858 1625 epistola
1889 1572 1941 1608 ιι.
1983 1555 2073 1617 29,

502 1632 623 1687 duce
652 1636 948 1709 Augustini,
973 1641 1100 1695 item
1128 1644 1405 1711 Augustini
1426 1655 1479 1699 et
1498 1646 1674 1715 Alypii
1695 1646 1759 1698 ad
1793 1644 2076 1698 Paulinum

2177 463 2527 533 Evangelium
2560 474 2821 520 tractatus
2862 462 3105 527 CXXIV;
3135 461 3194 515 In
3232 462 3392 529 epist.
3430 460 3659 515 Joannis
3687 462 3751 515 ad

2174 555 2403 609 Parthos
2425 557 2706 615 Tractatus
2733 556 2800 609 X.
2833 554 3057 623 (Lovan.
3082 554 3145 607 Τ.
3170 552 3289 622 IX.)
3323 552 3601 621 Expositio
3619 568 3752 621 qua-

2171 645 2418 699 rumdam
2450 646 2879 715 propositionum
2908 660 2972 698 ex
3007 645 3244 712 Epistola
3270 644 3335 697 ad
3382 644 3539 697 Rom.
3571 644 3667 697 lib.
3702 644 3751 706 I;

2179 738 2432 806 Epistula:
2454 737 2521 790 ad
2556 737 2827 790 Romanos
2857 736 3105 789 inchoata
3134 734 3405 803 expositio
3437 734 3530 787 lib.
3564 733 3616 797 l;
3652 734 3757 786 Ex-

2176 829 2374 897 positio
2407 828 2658 895 Epistolaa
2690 828 2755 880 ad
2783 827 3025 881 Galatas.
3065 828 3083 896 (
3111 825 3305 878 Lovan.
3340 825 3402 878 T.
3427 824 3514 878 IV.
3546 825 3561 893 )
3592 854 3665 863 ——
3691 822 3759 877 In

2175 919 2473 989 Appendice
2503 933 2521 970 :
2551 918 2629 972 De
2660 918 2993 971 Mirabilibus
3020 932 3186 971 sacra:
3214 917 3500 987 Scriptura:
3522 915 3617 970 lib.
3636 915 3760 981 III;

2175 1011 2254 1064 De
2278 1010 2725 1065 Benedictionibus
2751 1009 2913 1064 Jacob
2941 1009 3256 1080 patriarcha:
3273 1026 3292 1073 ;
3320 1009 3644 1073 Quwstiones
3672 1024 3760 1061 ve-

2174 1105 2298 1157 teris
2347 1114 2393 1157 et
2449 1104 2564 1156 novi
2601 1102 2947 1167 Testamenti;
2979 1101 3298 1167 Quaestiones
3340 1100 3523 1153 ueteris
3552 1110 3601 1153 et
3644 1098 3763 1151 novi

2179 1194 2490 1249 Testamenti
2541 1202 2657 1263 post
2696 1192 2937 1263 vulgata’.
2973 1192 3216 1262 (Lat-an.
3247 1209 3373 1263 app.
3427 1191 3491 1245 Τ.
3535 1190 3627 1245 Ill.
3653 1192 3669 1257 )
3694 1188 3763 1243 In

2175 1284 2239 1338 Β.
2295 1282 2515 1337 Joannis
2563 1282 2913 1354 Apocalypsin
2971 1282 3267 1351 Expositio.
3312 1281 3557 1352 (bovan.
3618 1280 3763 1349 App.

2175 1375 2240 1430 τ.
2271 1374 2390 1443 1x.)

2247 1465 2575 1531 Praecipiunt
2622 1464 2674 1517 in
2730 1464 3045 1532 praefatione
3088 1464 3155 1517 de
3209 1462 3429 1517 eximiis
3474 1460 3766 1532 Augustini

2175 1556 2391 1610 dotibus
2415 1555 2466 1608 in
2495 1554 2836 1623 exponendis
2865 1554 3185 1622 Scripturis,
3208 1555 3373 1606 multa
3399 1552 3767 1621 quidem.nec

2179 1650 2356 1717 inepta
2402 1658 2581 1701 tamen
2630 1647 2800 1714 ipsius
2831 1646 3013 1700 laude.
3048 1646 3186 1698 Vitia
3219 1646 3339 1713 ejus
3370 1661 3476 1698 non
3503 1643 3769 1698 defende-

504 1723 791 1779 Nolensem
823 1730 1073 1799 epistolm,
1104 1733 1298 1801 quibus
1326 1752 1585 1789 numerus
1615 1753 1798 1791 earum
1826 1738 2077 1805 epistola-
2109 1730 2153 1788 B
2185 1754 2264 1803 re,
2299 1738 2392 1792 sed
2417 1752 2676 1792 excusare
2706 1737 2946 1790 student.
2978 1737 3054 1790 De
3080 1738 3353 1801 versione,
3379 1751 3483 1804 qua
3511 1735 3564 1789 in
3592 1750 3769 1803 expo-

505 1829 624 1866 rum
655 1817 705 1869 in
743 1818 969 1873 Possidii
1013 1823 1190 1877 indice
1231 1836 1518 1880 annotatus
1563 1830 1893 1895 completur,
1925 1843 2073 1882 num.

503 1905 571 1957 4'2
598 1914 652 1958 et
677 1908 767 1972 45,
793 1910 1068 1979 Augustini
1096 1916 1314 1983 epistola
1336 1917 1402 1970 ad
1431 1918 1791 1983 Mercatorem,
1817 1934 1885 1972 ex
1922 1919 2076 1971 tertia

504 2006 659 2063 parte
689 2000 817 2052 olim
841 2003 1075 2056 exhibita
1109 2004 1160 2057 in
1196 2006 1336 2059 libro
1357 2008 1422 2061 ad
1454 2009 1762 2072 Dulcitium,
1798 2024 1939 2062 nunc
1970 2024 2070 2062 au-

505 2095 611 2138 tem
670 2089 919 2155 primum
953 2108 1023 2147 ex
1067 2096 1276 2166 integro
1322 2099 1466 2162 data,
1500 2116 1649 2153 num.
1686 2099 1804 2154 195.
1829 2100 2079 2155 Attamen

505 2176 722 2233 Iuiratio
760 2183 923 2252 subit,
951 2185 1042 2253 qui
1071 2187 1268 2242 factum
1306 2190 1397 2257 sit,
1430 2201 1486 2244 ut
1527 2191 1651 2245 licet
1692 2200 1915 2259 quatuor
1961 2192 2081 2260 epi-

506 2269 659 2322 stolae
687 2270 755 2325 de
788 2288 947 2339 novo,
974 2279 1330 2346 septemdecim
1359 2280 1432 2351 (a)
1465 2290 1642 2334 autem
1669 2297 1739 2335 ex
1769 2281 1891 2335 aliis
1923 2296 2083 2349 supe-

506 2358 710 2412 riorum
742 2361 1041 2418 editionum
1077 2369 1235 2420 tomis
1266 2370 1368 2423 huc
1399 2371 1583 2423 relata:
1615 2370 1837 2436 fuerint,
1872 2385 1969 2439 par
2000 2379 2082 2424 ta-

508 2463 631 2502 men
665 2467 921 2508 numerus
960 2457 1010 2509 iu
1041 2456 1363 2514 Lovaniensi
1391 2472 1444 2515 et
1483 2461 1835 2515 Benedictina
1865 2476 2085 2531 compa-

510 2549 665 2607 reat;
701 2558 800 2597 nec
831 2546 1036 2614 ejectas
1066 2564 1187 2605 esse
1214 2553 1418 2620 aliquot
1446 2553 1664 2623 abillis,
1698 2567 1897 2623 praeter
1917 2554 2087 2607 Alter-

510 2633 762 2686 cationem
790 2651 904 2689 cum
955 2636 1250 2706 Pasccntio,
1282 2643 1389 2696 ullo
1431 2644 1633 2697 iudicio
1678 2645 1950 2711 proditum
1991 2646 2081 2698 sit.

510 2720 627 2775 Jam
675 2727 819 2794 quod
851 2729 1089 2786 rationes
1134 2735 1349 2802 attinet,
1381 2736 1576 2805 quibus
1617 2737 1670 2789 in
1704 2736 2085 2791 constituenda

515 2813 868 2881 epistolarum
907 2829 1066 2876 tetate
1092 2831 1253 2893 atque
1290 2825 1410 2879 loco
1449 2826 1596 2880 ducti
1629 2827 1848 2894 fuerint,
1881 2827 1948 2882 de
1976 2829 2088 2882 sin-

512 2907 653 2973 gulis
684 2913 959 2981 sigillatim
1003 2928 1397 2983 exposuerunt,
1434 2928 1487 2973 et
1533 2920 1585 2974 in
1637 2922 2086 2976 commentarium

515 2996 670 3065 juxta
700 3003 908 3061 classes
925 3005 1152 3062 divisum
1178 3010 1478 3064 retulerunt
1506 3012 1851 3081 inscriptum:
1877 3010 2089 3083 Episto-

2177 1830 2361 1884 nendo
2387 1830 2559 1882 veteri
2594 1828 2942 1882 Testamento
2974 1843 3101 1880 usus
3146 1828 3322 1890 fuerit,
3359 1834 3603 1885 monent,
3634 1841 3766 1879 eum

2178 1921 2352 1990 ipsum
2378 1920 2625 1974 Gnecum
2659 1928 2967 1971 contextum
2996 1925 3097 1972 τῶν
3118 1916 3260 1970 LXX
3291 1915 3360 1969 ab
3388 1930 3453 1968 eo
3483 1924 3769 1982 receptum

2182 2028 2325 2080 esse,
2357 2026 2519 2080 quem
2551 2011 2827 2065 recensuit
2856 2009 3131 2073 Nobilius;
3167 2007 3433 2075 hujusque
3479 2006 3775 2073 plerasque

2185 2104 2455 2156 variantes
2482 2117 2552 2155 ex
2583 2102 2884 2169 Augustino
2929 2099 3190 2151 lectiones
3239 2110 3307 2149 ex
3354 2094 3657 2148 editionum
3688 2094 3777 2147 vi-

2182 2193 2272 2245 tiis
2319 2202 2466 2246 ortas
2506 2205 2648 2256 esse,
2682 2205 2803 2258 qua:
2834 2198 3080 2242 veterum
3129 2187 3375 2240 codicum
3425 2184 3672 2239 subsidio
3716 2185 3773 2237 in

2183 2298 2275 2337 sua
2297 2282 2535 2336 editione
2554 2280 2911 2334 sustulerunt.
2939 2278 2992 2332 Ιιι
3019 2278 3174 2331 libris
3197 2286 3377 2330 autem
3404 2276 3772 2329 Locutionum

2183 2383 2238 2429 et
2261 2374 2633 2441 Quaestionum
2678 2374 2729 2426 in
2774 2370 3234 2440 Heptateuchum,
3271 2384 3407 2438 quos
3440 2369 3549 2436 jam
3603 2382 3775 2423 senex

2185 2464 2766 2533 Composuit,itemqne
2796 2462 2849 2515 in
2881 2461 3133 2528 Speculo,
3152 2459 3293 2529 quod
3321 2460 3422 2512 sub
3451 2458 3615 2511 linem
3644 2457 3774 2510 vitae

2186 2572 2299 2611 sua:
2326 2556 2587 2619 exaravit,
2614 2554 2922 2608 versionem
2950 2568 3069 2605 eum
3097 2550 3438 2605 consuluisse
3460 2550 3779 2615 docent,'ex

2187 2648 2431 2702 llebrteis
2454 2646 2691 2700 fontibus
2720 2644 2965 2713 proxime
2993 2641 3541 2710 derivatam,vulgari
3568 2650 3785 2694 nostra}

2186 2738 2623 2800 cenvenieutem,
2663 2745 2717 2790 et
2748 2734 2929 2788 forsan
2982 2733 3490 2803 Hieronymiauam;
3533 2731 3780 2800 indeque

2186 2828 2384 2882 factum
2420 2842 2540 2882 esse
2565 2826 2845 2896 colligunt,
2880 2835 2938 2878 ut
2969 2824 3155 2878 eadem
3188 2823 3241 2877 in
3274 2838 3463 2876 manus
3487 2823 3679 2891 populi
3710 2824 3779 2875 ab

2189 2920 2492 2989 Augustino
2536 2934 2635 2988 per
2683 2918 2877 2971 librum
2909 2916 3138 2977 huncce,
3168 2929 3235 2969 ex
3275 2914 3442 2967 variis
3471 2914 3782 2982 Scriptura:

2188 3012 2510 3068 centonibus
2546 3012 2852 3073 collectum,
2888 3008 3105 3071 tradita,
3137 3008 3375 3077 vulgaris
3423 3006 3667 3061 evaserit
3717 3020 3789 3059 ac

516 3089 686 3143 larum
732 3093 873 3147 Ordo
901 3094 1305 3169 Chronologicus
1332 3103 1648 3174 argumentis
1679 3103 2083 3156 demonstratus.
2113 3082 2158 3144 (ἶ
2194 3102 2588 3171 receptissima.
2623 3100 2775 3167 Quod
2800 3099 2865 3152 ad
2895 3114 3045 3152 suam
3078 3112 3324 3166 operam,
3350 3107 3543 3151 cavent
3584 3097 3783 3165 impri-

514 3177 625 3234 Nec
657 3181 881 3251 indices,
912 3202 1280 3260 quoscumque
1313 3207 1440 3247 usus
1476 3197 1751 3262 requirere
1781 3194 2082 3261 videbatur,

513 3272 815 3330 desiderari
850 3280 992 3348 passi
1031 3290 1176 3347 sunt,
1207 3282 1259 3336 in
1288 3285 1481 3352 quibus
1522 3286 1754 3341 maxime
1788 3285 2014 3355 insignis
2044 3288 2089 3341 is

514 3380 623 3432 est,
654 3370 839 3441 inquo
877 3374 1120 3441 epistola:
1148 3378 1439 3430 secundum
1476 3380 1743 3448 prmcipua
1783 3393 1971 3433 eorum
2003 3394 2091 3431 ar-

517 3472 769 3529 gumenta
800 3463 1025 3534 digesta}
1052 3476 1200 3530 sunt,
1233 3477 1286 3521 et
1311 3468 1554 3537 epistola:
1601 3468 1921 3538 theologicw,
1951 3474 2091 3537 pole-

515 3555 680 3616 micw,
713 3557 1001 3625 exegeticaz.
1023 3557 1403 3625 ecclesiasticw,
1432 3560 1670 3625 morales,
1694 3559 2086 3632 philosophiae,

517 3646 772 3700 historica:
798 3659 850 3701 et
881 3651 1040 3702 varia:
1067 3650 1304 3719 denique
1334 3654 1650 3706 recitantur.

586 3737 748 3792 Tomo
790 3742 938 3793 tertio
970 3756 1078 3795 :—-
1104 3741 1372 3810 Opuscula
1412 3745 1713 3814 exegetica,
1744 3760 1841 3816 per
1885 3754 2090 3799 tomum

515 3831 605 3894 lll,
648 3830 715 3883 IV
758 3842 814 3887 et
867 3832 960 3899 ιχ,
1010 3834 1061 3887 in
1106 3833 1430 3888 Lovaniensi
1485 3836 1764 3901 distracta,
1796 3836 2091 3890 secundum

515 3923 915 3992 Scripturarum
966 3926 1215 3979 ordinem
1261 3926 1519 3995 disposita
1550 3935 1604 3980 et
1632 3926 1685 3981 in
1721 3928 1853 3982 duas
1886 3938 2089 3996 partes,

514 4018 715 4070 veteris
739 4028 792 4070 et
820 4019 943 4071 novi
966 4018 1319 4083 Testameuti,
1339 4028 1464 4072 sunt
1488 4018 1681 4084 divisa,
1715 4020 2013 4089 prmmissis
2043 4022 2094 4074 in

516 4108 696 4164 fronte
734 4110 885 4165 libris
927 4110 995 4164 de
1038 4110 1290 4164 Doctrina
1343 4111 1671 4177 Christiana,
1704 4112 1861 4164 veluti
1902 4112 2096 4165 clavem

515 4209 669 4269 atque
714 4214 876 4256 artem
904 4203 1180 4271 quamdam
1229 4212 1382 4256 recta:
1420 4203 1795 4271 interpretandi
1851 4204 2094 4267 rationis,

515 4310 674 4364 quam
697 4293 989 4347 adhibuerit
1018 4295 1336 4362 Augustinus
1360 4305 1404 4347 et
1428 4304 1540 4363 post
1561 4312 1676 4350 eum
1698 4294 1940 4348 catholici
1961 4311 2099 4347 com-

518 4382 993 4438 mentatores.——In
1021 4385 1191 4454 prima
1222 4396 1369 4453 parte
1392 4401 1410 4439 :

2192 3194 2315 3257 mis,
2351 3208 2417 3245 ne
2444 3192 2564 3260 quis
2596 3190 2933 3259 negligentia:
2956 3198 3049 3243 aut
3079 3188 3369 3243 temeritati
3401 3201 3514 3242 suae
3547 3187 3783 3251 tribuat,

2189 3288 2235 3342 si
2256 3288 2308 3340 in
2333 3286 2605 3340 nonnullis
2626 3284 2921 3352 Scriptura:
2944 3281 3272 3335 testimoniis
3290 3283 3612 3335 varietatem
3633 3279 3782 3346 apud

2192 3378 2551 3447 Augustinum
2576 3373 3022 3443 deprehenderit,
3041 3380 3201 3440 atque
3221 3386 3379 3424 unam
3409 3370 3778 3437 eamdemque

2191 3469 2516 3524 sententiam
2548 3482 2652 3519 non
2686 3472 3000 3521 constanter
3031 3464 3086 3516 in
3119 3464 3393 3532 integrum
3427 3462 3653 3530 ubique,
3686 3462 3785 3517 sed

2192 3562 2355 3615 certis
2381 3559 2705 3629 quibusdam
2736 3556 2787 3610 in
2820 3556 2952 3610 locis
2981 3554 3313 3619 restitutam,
3338 3554 3434 3609 sed
3481 3556 3667 3622 potius
3697 3570 3787 3609 re-

2192 3652 2379 3721 ligioni
2430 3662 2483 3705 et
2530 3649 2758 3703 sincerae
2789 3648 2935 3711 lidei,
2962 3661 3066 3716 qua
3094 3646 3345 3701 codicum
3388 3661 3611 3714 semper
3638 3646 3791 3716 opti-

2195 3761 2404 3799 morum
2435 3742 2658 3812 vestigia
2688 3741 2861 3797 secuti
2893 3740 3116 3793 fuerint.

2266 3838 2426 3891 Temo
2448 3847 2634 3907 quarto
2662 3851 2680 3889 :
2704 3863 2773 3873 —
2801 3832 3184 3886 Enarrationes
3215 3832 3269 3884 in
3310 3828 3557 3883 Psalmos
3607 3829 3790 3883 conti—

2196 3943 2416 3995 nentur,
2448 3943 2581 3999 quas
2611 3936 2837 3984 octavus
2881 3924 3303 3980 Lovauiensium
3336 3932 3516 3977 tomus
3545 3924 3788 3992 comple-

2198 4024 2381 4078 ctilur.

2270 4117 2324 4170 In
2351 4113 2666 4185 praefatione
2699 4119 2981 4180 exponunt
3009 4108 3077 4165 de
3119 4108 3332 4163 diversa
3374 4106 3790 4162 enarrationum

2200 4207 2390 4261 harum
2422 4204 2679 4259 methodo
2704 4219 2767 4258 ac
2796 4202 3003 4266 indole,
3034 4215 3133 4271 pro
3161 4200 3349 4266 variis,
3379 4214 3406 4251 a
3433 4199 3631 4267 quibus
3663 4212 3793 4267 pro-

2201 4299 2575 4369 gignebantur,
2607 4294 3023 4358 occasionibus;
3055 4294 3182 4347 item
3210 4291 3279 4345 de
3304 4290 3527 4361 regulis,
3562 4302 3705 4359 quas
3736 4292 3789 4342 in

2202 4388 2610 4458 interpretando
2655 4385 2960 4441 servaverit
2988 4385 3349 4452 Augustinus,
3386 4397 3507 4449 qua:
3538 4380 3793 4450 quidem,

592 4475 668 4528 De
695 4474 948 4530 Doctrina
973 4447 1277 4528 Christiana
1308 4476 1400 4531 lib.
1434 4475 1537 4545 lV;
1563 4477 1637 4530 De
1680 4477 1875 4532 Genesi
1905 4477 1972 4531 ad
2011 4477 2098 4532 lit-
2125 4447 2177 4505 θ
2205 4492 2262 4536 ut
2290 4447 2363 4536 ex.
2383 4481 2523 4534 libro
2561 4478 2629 4533 de
2658 4478 2914 4532 Doctrina
2948 4447 3259 4530 Christiana
3285 4447 3570 4537 discimus,
3591 4471 3659 4525 ad
3689 4472 3795 4525 du-

492 4550 690 4622 ‘teram
723 4566 1072 4636 imperfectus
1111 4568 1277 4633 liber;
1310 4570 1384 4624 De
1413 4569 1609 4624 Genesi
1639 4570 1705 4623 ad
1740 4573 1971 4625 litteram
2002 4572 2095 4627 lib.

518 4658 635 4713 Xll.
670 4658 1030 4713 Locutionum
1066 4659 1163 4713 lib.
1192 4660 1301 4713 Vll.
1336 4660 1559 4727 (Lovan.
1593 4661 1656 4714 Τ.
1691 4660 1806 4729 lll.)
1834 4661 2104 4729 Quaestio-

520 4767 647 4804 num
710 4752 760 4803 in
813 4752 1247 4819 Heptateuchum
1290 4754 1384 4806 lib.
1416 4753 1540 4816 Vll;
1572 4754 1995 4808 Annotationum
2042 4755 2097 4809 in

519 4844 641 4898 Job.
672 4844 765 4898 lib.
794 4844 834 4898 Ι.
862 4844 1081 4916 (Lovan.
1108 4846 1173 4900 T.
1201 4846 1641 4916 lV.)Spcculum.
1674 4846 2100 4919 (Loean.T.lll.)

521 4935 681 4988 —In
711 4938 938 4989 secunda
982 4950 1128 5011 parte
1170 4953 1189 4991 :
1223 4940 1294 4991 De
1325 4954 1594 4993 consensu
1630 4940 2099 5008 Evangelislarum

525 5029 621 5082 lib.
652 5029 740 5082 IV:
777 5029 851 5083 De
877 5029 1141 5086 Sermone
1174 5030 1387 5085 Domini
1421 5034 1470 5084 in
1505 5042 1687 5088 monte
1712 5035 1808 5089 lib.
1841 5033 1912 5098 ll;
1945 5035 2102 5098 Qua:-

523 5122 765 5175 slionum
795 5123 1239 5193 Evangelicarum
1274 5125 1367 5179 lib.
1396 5125 1437 5179 ll
1460 5142 1473 5191 ;
1498 5127 1869 5193 Quaastionum
1906 5143 2103 5183 secun-

595 5330 673 5401 (α)
699 5331 835 5385 sum
879 5332 983 5386 illa:
1031 5334 1090 5387 1ο
1121 5334 1190 5386 ad
1238 5333 1655 5404 Simplicianum,
1682 5350 1737 5387 ιι.
1766 5334 1866 5396 5“Ι;
1892 5331 2102 5404 2°__Sit.

525 5404 667 5475 uani,
695 5412 799 5455 etc.
825 5404 1205 5475 catholicorum
1220 5401 1579 5475 episcoporum
1610 5404 1825 5475 collatio
1852 5402 1920 5455 ad
1948 5401 2103 5455 Mar-

526 5473 792 5549 cellinum,
829 5473 1043 5549 n._lﬁ_8;
1167 5473 1499 5549 Ιζοιιιιιιάιξιιι⁸
1525 5473 2015 5549 ad_1_llarce_llint_tm,
2042 5487 2104 5549 tt.

528 5543 666 5607 1‘29;
702 5545 762 5594 4ο
788 5545 853 5596 ad
889 5543 1186 5614 Pelagium,
1215 5563 1271 5598 ιι.
1317 5546 1450 5607 Mli;
1483 5546 1546 5599 5°
1585 5545 1803 5597 Timasii
1829 5552 1873 5596 et
1902 5542 2105 5614 Jacobi,

528 5629 584 5665 ιι.
620 5614 751 5669 168;
777 5616 838 5667 6°
870 5616 938 5667 ad
959 5613 1247 5678 Aurelium,
1275 5634 1326 5667 ιι.
1359 5617 1495 5671 1ης
1527 5617 1589 5668 7⁸
1622 5616 1695 5667 ad
1724 5614 1983 5667 Valerium
2005 5613 2108 5667 Co-

530 5686 725 5743 mitem.
755 5702 807 5742 n.
831 5687 970 5742 “200;
1017 5689 1079 5740 8°
1111 5687 1337 5741 Honorii
1382 5699 1425 5739 ct
1460 5685 1759 5743 Theodosii.
1796 5702 1850 5740 n.
1884 5685 1982 5738 οὶοι
2010 5701 2025 5743 ;
2049 5686 2110 5738 9°

2202 4574 2398 4643 plicem
2440 4573 2508 4626 de
2540 4571 2741 4638 littera,
2775 4575 2831 4623 et
2874 4567 2943 4622 de
2984 4581 3148 4622 sensu
3197 4564 3433 4634 spiritali
3472 4578 3661 4618 curam
3714 4577 3798 4616 re-

2204 4667 2393 4722 deunt.
2436 4664 2517 4720 Ad
2568 4673 2857 4731 utrumque
2915 4660 3080 4731 igitur
3131 4666 3510 4728 argumentum
3558 4654 3796 4725 plurima

2205 4758 2353 4813 utilia
2377 4758 2695 4819 observant,
2727 4754 2781 4808 in
2818 4752 3037 4823 quibus,
3063 4759 3123 4805 ut
3155 4750 3315 4804 facile
3347 4747 3703 4818 intelligitur,
3734 4760 3795 4800 ea

2206 4864 2330 4908 sunt
2385 4850 2617 4920 potiora,
2646 4862 2767 4917 quae
2796 4846 2865 4901 de
2905 4845 3085 4900 studio
3134 4841 3448 4912 Augustini,
3481 4850 3543 4895 ut
3588 4847 3798 4893 textum

2207 4958 2402 5013 purum
2456 4948 2514 4994 et
2583 4939 2856 5007 integrum
2904 4942 3359 5003 consequeretur,
3416 4930 3800 4999 componendo

2211 5036 2402 5104 partim
2435 5030 2646 5093 Latina,
2669 5030 2863 5099 partim
2896 5028 3081 5083 Graeca
3114 5024 3474 5093 exemplaria,
3496 5031 3664 5091 atque
3689 5020 3795 5075 colo

2212 5124 2440 5196 ligendis
2482 5116 2973 5187 examinandisque
3055 5115 3395 5171 variantibus
3450 5109 3798 5168 lectionibus.

2210 5331 2278 5383 ad
2305 5328 2601 5392 Claudium,
2635 5324 2830 5388 n.207,
2862 5321 2959 5375 10°
2993 5322 3121 5374 Aur.
3151 5318 3317 5391 Aug.,
3347 5328 3482 5392 etc.,
3508 5318 3577 5392 ad
3605 5314 3803 5392 Pr‘o‘cu-

2213 5400 2323 5454 tum
2354 5411 2399 5453 et
2429 5385 2747 5468 Cylinnium,
2791 5385 2843 5447 ιι.
2878 5392 3138 5468 219;}10
3174 5385 3552 5468 Qupdvultdei,
3580 5385 3803 5468 inﬁgi;

2215 5473 2311 5525 19.0
2335 5470 2402 5524 ad
2435 5457 2875 5532 Quodvultdeum,
2908 5479 2963 5517 ιι.
3015 5461 3163 5526 ‘2'2‘2;
3216 5457 3720 5532 lbf’iQuodvultdei,
3747 5468 3799 5532 ιι.

2188 5543 2354 5607 .223;
2388 5526 2481 5595 li“
2529 5539 2595 5591 ad
2648 5534 3089 5607 Quodvultdeum,
3132 5530 3377 5607 1111225
3406 5529 3501 5607 ιὲξο
3535 5526 3805 5605 Prosperi,

2218 5631 2273 5667 ιι.
2300 5597 2452 5677 "2'15;
2484 5612 2579 5665 16°
2614 5597 2811 5679 Hilarii
2840 5603 3001 5671 Galli,
3035 5620 3067 5657 ιι
3134 5600 3279 5664 226;
3314 5601 3409 5654 17°
3435 5597 3719 5667 Anonymi,
3750 5609 3803 5646 ιι.

2223 5686 2328 5738 ⁸270
