4010 6350
196 349 270 404 93
1117 352 1393 411 ΝΟἸΊΤΙᾹ
1430 348 1852 423 LITTERARIA
1894 347 1960 403 ΙΝ
1999 349 2058 405 S.
2100 348 2573 407 AUGUSTINUM.
3392 348 3463 404 Μ

194 459 495 515 disserunt.
520 458 752 516 Omnino
783 470 986 529 autem,
1020 479 1137 532 quae
1169 466 1222 519 in
1251 461 1778 519 commendationem
1807 462 1855 518 Α
1884 459 2001 527 ipso
2031 461 2334 530 Augustino
2358 502 2373 527 ,
2404 476 2578 529 neque
2607 460 2662 515 in
2693 459 2927 515 Possidii
2958 459 3205 530 catalogo
3243 458 3326 515 vel
3356 460 3463 515 mi-

194 549 360 618 bujus
392 552 572 620 operis
602 552 669 607 ab
712 554 777 606 iis
815 553 1134 620 allerantur,
1160 555 1303 611 dicta
1330 570 1452 610 esse
1485 554 1697 620 volunt,
1723 561 1781 605 ut

192 644 500 712 generatim
516 646 797 713 Augustini
824 647 1138 701 methodum
1159 646 1480 708 defendant;
1504 660 1609 699 non
1626 658 1775 708 vero,

193 745 250 787 ut
272 746 609 805 extorqueant
653 738 716 791 ab
742 739 999 805 erunibus,
1033 750 1087 793 ut
1112 741 1190 793 vel
1233 740 1522 793 levissimas
1547 737 1779 809 ejusdem

191 828 479 880 allusiones
516 829 716 890 eadem,
746 845 848 893 qua
880 831 1000 897 ipsi,
1033 831 1351 883 veneratione
1378 836 1776 900 prosequantur.

191 915 341 970 Satis
381 932 531 982 esse,
562 919 826 982 scribunt,
857 920 1037 973 sinon
1075 920 1324 988 indignas
1367 919 1619 985 materia,
1652 932 1777 986 quas

194 1016 488 1071 tractatur,
520 1011 658 1078 :rqui
690 1026 867 1065 rerum
895 1012 1257 1067 aestimatores
1279 1012 1606 1081 iudicarent.
1659 1010 1777 1075 Quo

194 1101 493 1167 plurimum
520 1103 829 1157 conducere
856 1105 1191 1169 existimant,
1229 1106 1273 1158 si
1313 1112 1646 1171 reputarent,
1668 1102 1777 1156 Au-

191 1193 471 1257 gustinum
501 1193 758 1260 temporis
791 1194 1007 1263 ingenio
1049 1195 1260 1247 servire
1289 1208 1352 1247 ac
1394 1193 1568 1263 plebis
1592 1194 1774 1260 captui

192 1297 319 1336 sese
342 1284 778 1348 accommodare,
809 1286 874 1339 ad
901 1287 1211 1352 exemplum
1243 1286 1312 1340 ab
1334 1286 1455 1353 ipso
1478 1284 1698 1339 numine
1720 1284 1773 1338 in

194 1375 368 1429 sacris
388 1376 582 1430 litteris
608 1378 970 1446 propositum,
1001 1378 1274 1433 debuisse.
1296 1378 1523 1446 Insuper
1540 1378 1606 1431 de
1628 1392 1776 1431 com-

196 1469 591 1522 mentariorqu
626 1469 889 1525 horumce
920 1470 1113 1525 merito
1135 1486 1243 1524 non
1270 1485 1393 1524 esse
1426 1470 1777 1537 pronuntian-

191 1558 329 1613 dum
366 1570 674 1629 comparate
722 1561 791 1615 ad
838 1561 1121 1617 Hebraeum
1168 1571 1373 1616 textum
1425 1560 1771 1624 hodiernum,

192 1665 374 1719 neque
420 1652 578 1704 etiam
606 1652 674 1706 ad
709 1652 1225 1724 llieronymianum;
1257 1651 1522 1719 siquidem
1556 1654 1773 1720 Augus-

193 1742 346 1794 tinus
374 1740 514 1794 LXX
563 1743 919 1812 interpretes,
955 1742 1046 1812 qui
1099 1744 1238 1797 forte
1272 1742 1559 1797 Hebrteum
1592 1757 1774 1795 exem-

1882 554 2023 605 uima
2052 553 2119 606 de
2150 553 2215 605 iis
2246 554 2564 608 ordinandis
2591 562 2832 609 exstaret
2869 553 3192 620 praeceptio,
3238 567 3339 607 nec
3367 552 3464 606 de-

1880 641 2062 709 nique,
2096 643 2257 695 ullius
2299 643 2566 696 distincta:
2616 642 2951 697 collectionis
2987 650 3314 695 tractatuum
3345 640 3463 695 Au-

1878 734 2077 801 gustini
2108 736 2321 787 vivente
2364 749 2459 799 eo,
2493 743 2586 787 aut
2640 742 2761 803 post
2814 749 2880 787 ex
2924 736 3088 787 certis
3135 732 3456 796 codicibus,

1881 826 2030 877 lact-.c
2075 825 2333 878 memoria
2380 825 2445 878 ad
2475 840 2572 878 nos
2621 826 2821 892 perlata
2855 825 2941 878 sit.
2968 825 3107 879 Tres
3149 823 3291 878 enim
3325 821 3465 875 anti-

1878 914 2096 981 quiores
2116 955 2130 978 ,
2164 930 2284 983 qua:
2332 924 2626 981 supersunt
2655 914 3006 969 collectiones
3026 955 3041 980 ,
3073 914 3138 967 de
3164 913 3326 967 verbis
3355 911 3465 965 Do-

1880 1008 2028 1071 mini,
2056 1007 2117 1060 de
2139 1008 2303 1061 verbis
2324 1007 2580 1077 Apostoli,
2615 1018 2659 1061 et
2685 1006 3041 1060 Homiliarum
3068 1006 3462 1077 quinquaginta,

1879 1098 2003 1152 licet
2036 1098 2087 1151 in
2119 1097 2400 1151 codicibus
2455 1097 2890 1166 octingentorum
2930 1108 3193 1149 annorum
3238 1102 3293 1146 et
3346 1106 3463 1145 am-

1880 1192 2017 1258 plius
2056 1190 2415 1257 reperiantur,
2473 1202 2866 1257 nequamquam
2918 1196 3135 1249 tamen,
3188 1194 3244 1237 ut
3294 1181 3460 1251 aliqui

1879 1283 2207 1351 persuadere
2259 1290 2383 1335 sunt
2425 1281 2640 1345 conati,
2697 1280 2866 1347 ipsius
2915 1274 3203 1347 Augustini
3242 1283 3457 1328 :etatem

1879 1373 2170 1440 attingunt,
2202 1381 2259 1425 ut
2283 1372 2611 1426 Benedictini
2636 1371 2825 1425 Patres
2842 1377 2949 1422 tum
2970 1384 3034 1423 ex
3052 1365 3264 1420 silentio
3280 1365 3463 1420 Possi-

1878 1464 1951 1516 dii
1979 1504 1994 1528 ,
2031 1474 2139 1516 tum
2173 1478 2302 1517 vero
2335 1464 2519 1525 etiam,
2551 1462 2693 1531 quod
2725 1459 3081 1530 supposititiis
3108 1472 3214 1511 non
3245 1468 3457 1522 carent,

1876 1552 2320 1605 demonstrarunt
2346 1553 2450 1619 (a).
2512 1553 2588 1605 Ac
2617 1551 2846 1619 primam
2880 1548 3095 1617 quidem
3140 1547 3369 1601 classem
3401 1547 3464 1599 de

1878 1641 2040 1695 verbis
2090 1639 2334 1705 Domini,
2377 1644 2669 1695 observant
2712 1638 3083 1703 Benedictini,
3128 1651 3233 1690 non
3273 1636 3464 1689 eodem

1877 1732 2069 1786 ordine
2118 1747 2403 1786 sermones
2443 1733 2641 1800 ubique
2686 1732 2737 1784 in
2788 1731 3017 1785 vetustis
3057 1725 3465 1796 exemplaribus

188 1832 315 1901 plar
341 1847 497 1901 aeque
528 1833 612 1886 vel
642 1834 803 1887 etiam
835 1835 1007 1902 magis
1037 1835 1383 1889 emendatum
1428 1832 1769 1899 habuissent,
1802 1822 1850 1880 B
1878 1823 2185 1876 ostendere.
2210 1822 2447 1875 Plurima
2474 1822 2690 1891 quidem
2723 1835 2846 1874 cum
2875 1818 3203 1874 editiOuibus
3230 1831 3463 1871 consen-

186 1922 498 1988 sequendos
544 1924 644 1977 sibi
677 1926 1048 1993 proposuerit.
1097 1925 1175 1978 Ac
1224 1925 1326 1978 hoc
1368 1924 1488 1977 loco
1529 1923 1775 1991 sequitur

190 2011 307 2080 jam
336 2015 403 2066 ad
439 2014 599 2067 linem
628 2030 796 2083 usque
821 2016 1150 2084 praefationis
1176 2016 1488 2083 pertingens
1508 2014 1775 2083 digressio

192 2105 257 2157 de
283 2106 443 2159 variis
458 2105 701 2160 Psalterii
720 2110 1032 2161 versionibus
1060 2124 1127 2162 ex
1154 2107 1296 2161 LXX
1326 2108 1775 2176 Interpretatione

187 2196 465 2261 deductis,
492 2214 614 2265 quae
641 2199 928 2267 AuguStini
974 2215 1037 2253 ac
1074 2199 1388 2270 Hieronymi
1417 2209 1575 2255 aetate
1614 2215 1773 2254 usur-

188 2298 333 2356 patte
363 2288 587 2343 fuerint.
619 2290 765 2345 Inter
797 2291 935 2347 hanc
975 2300 1158 2346 autem
1190 2293 1610 2361 disputationem
1642 2293 1774 2347 sub-

187 2388 315 2433 nata
350 2388 440 2434 est
490 2382 602 2435 illis
649 2384 925 2450 cogitatio,
966 2383 1257 2452 permultis
1305 2397 1437 2438 sane
1480 2392 1535 2439 et
1581 2398 1771 2439 eorum

182 2472 376 2535 etiam,
405 2472 497 2541 qui
531 2473 707 2527 minus
737 2474 1096 2542 Augustinum
1133 2482 1348 2540 curant,
1381 2485 1531 2544 grata
1565 2474 1767 2541 futura,

184 2574 246 2617 ut
296 2564 658 2633 dispicerent,
689 2583 840 2636 quem
879 2567 1045 2620 locum
1081 2568 1212 2621 inter
1238 2568 1343 2621 alia
1371 2565 1631 2622 Psalteria
1669 2570 1778 2622 Au-

184 2658 551 2722 gustinianum
592 2657 691 2711 sibi
730 2658 1049 2723 vindicaret;
1076 2675 1144 2712 an
1174 2660 1333 2712 varite
1362 2658 1471 2712 illa:
1509 2661 1774 2725 lectiones,

182 2746 243 2798 in
272 2746 469 2813 quibus
499 2764 532 2799 a
572 2746 795 2817 Vulgata
823 2759 1001 2802 nostra
1025 2751 1260 2815 dissidet,
1282 2749 1499 2803 aliorum
1527 2752 1776 2822 su/fragio

185 2839 521 2905 innituntur;
554 2849 601 2893 et
630 2849 803 2894 utrum
830 2842 1036 2894 tandem
1064 2859 1180 2895 cum
1210 2841 1391 2896 Graeco
1424 2842 1571 2895 LXX
1607 2841 1779 2896 Inter-

186 2939 417 2997 pretum,
447 2932 588 2998 quod
618 2942 795 2983 nostra
824 2931 923 2984 hac
948 2934 1196 2986 memoria
1221 2942 1412 3000 exstat,
1434 2935 1549 3002 plus
1574 2933 1776 2987 minus-

184 3038 243 3074 ve
262 3024 585 3075 consentiat.
616 3022 770 3087 Quod
805 3033 862 3077 ut
890 3024 1027 3078 bene
1057 3025 1193 3094 ipsis
1223 3024 1463 3091 cederet,
1497 3026 1776 3094 exempla-

184 3113 263 3165 ria
294 3111 549 3173 diversa.
582 3121 693 3166 tum
741 3114 912 3183 prelo,
949 3124 1060 3168 tum
1106 3117 1318 3169 ealamo
1360 3116 1503 3170 edita
1533 3119 1777 3172 contule-

1881 1915 2004 1978 tire,
2031 1913 2124 1966 sed
2153 1928 2262 1965 non
2291 1914 2493 1966 omnia.
2522 1912 2875 1981 Cunjectasse
2902 1910 3005 1963 hec
3032 1911 3201 1978 ipsum
3228 1922 3293 1961 ex
3327 1906 3461 1960 locis

1877 2022 1908 2058 a
1937 2005 2078 2059 Beda
2123 2020 2218 2059 seu
2248 2004 2414 2058 Floro
2443 2004 2711 2071 cxcerptis
2743 2002 3021 2069 theologos
3054 1999 3418 2053 Lovanicnscs
3446 2039 3461 2061 ,

1877 2112 1937 2150 se
1964 2112 2096 2150 vero
2117 2106 2326 2159 certum
2354 2096 2510 2163 plane
2531 2093 2957 2163 deprehendisse
2978 2092 3031 2144 in
3060 2091 3249 2143 codice
3276 2088 3464 2141 biblio-

1881 2190 2052 2243 theca:
2081 2186 2410 2240 Cnlbertinzc
2458 2200 2723 2240 annorum
2768 2185 2883 2238 fere
2921 2186 3359 2250 octingentorum
3410 2196 3465 2232 n.

1877 2279 2011 2335 2821
2052 2296 2067 2334 :
2101 2278 2244 2332 unde
2298 2295 2402 2333 non
2437 2294 2642 2347 paucos
2692 2276 3095 2345 deprompsisse
3136 2288 3195 2327 se
3226 2274 3465 2325 fatentur

1878 2384 2158 2424 sermones
2180 2376 2338 2421 antea
2369 2385 2473 2422 non
2497 2368 2691 2422 editos.
2715 2366 3043 2422 Germaniam
3074 2378 3283 2432 quoque
3308 2360 3466 2428 hujus

1878 2468 2066 2521 classis
2120 2463 2567 2532 inscriptionem,
2623 2474 2744 2513 cum
2778 2457 2948 2522 Flori,
2999 2466 3109 2508 tum
3156 2467 3284 2505 mss.
3330 2452 3467 2505 bene

1879 2558 2170 2613 multorum
2212 2555 2524 2611 testimonio
2565 2552 3013 2620 comprobatam,
3057 2556 3278 2602 monent
3304 2586 3320 2612 ,
3360 2560 3466 2598 non

1878 2652 1942 2705 de
1972 2651 2135 2705 verbis
2160 2648 2405 2710 Domini,
2438 2644 2531 2700 sed
2572 2645 2633 2697 de
2674 2642 2835 2696 verbis
2880 2639 3149 2711 Evangelii
3199 2651 3420 2691 souasse
3450 2651 3466 2689 :

1880 2744 2021 2813 quod
2051 2740 2343 2812 Augustini
2373 2736 2865 2795 commentationes
2909 2733 2961 2786 in
2991 2746 3149 2783 omne
3192 2743 3361 2799 genus
3392 2728 3468 2781 lo-

1879 2850 2066 2890 corum
2126 2849 2157 2887 e
2219 2841 2456 2902 quatuor
2512 2825 2833 2895 Evangeliis
2890 2823 3180 2892 petiturum
3232 2817 3468 2886 comple-

1880 2934 2145 2981 cteretur.

1953 3014 2257 3071 Secundam
2288 3013 2515 3066 classem
2566 3010 2628 3062 de
2656 3007 2819 3061 verbis
2846 3004 3080 3072 Apostoli
3108 3043 3123 3069 ,
3154 3000 3469 3056 earumdem

1880 3118 1962 3165 est
1991 3106 2324 3169 observatio,
2358 3118 2620 3172 nusquam
2671 3100 2772 3153 nisi
2822 3113 2941 3151 cum
2971 3097 3080 3150 illis
3122 3095 3466 3162 conjunctam

183 3212 335 3266 runt,
373 3203 804 3273 varietatesque,
834 3221 967 3274 quas
1009 3206 1486 3274 deprehenderent
1542 3191 1846 3264 maximeC
1880 3199 2143 3269 reperiri,
2201 3193 2450 3263 quamvis
2498 3193 2697 3247 dentur
2744 3188 3110 3256 exemplaria,
3162 3188 3214 3240 in
3271 3184 3469 3255 quibus

183 3292 458 3362 insignes.
489 3292 646 3361 juxta
676 3309 799 3349 cum
830 3294 1244 3365 Augustininnis
1269 3297 1318 3350 in
1352 3298 1579 3365 quadam
1611 3299 1775 3353 veluti

185 3385 373 3438 tabula
418 3386 670 3453 proxime
716 3398 835 3454 post
867 3388 1242 3456 przrlationem
1288 3400 1773 3458 reprwsentarunt,

184 3475 370 3529 addito
399 3490 536 3529 m~s.
570 3486 621 3529 et
651 3478 920 3533 editorum
945 3480 1335 3547 exemplarium
1370 3482 1631 3539 indiculo.

256 3567 299 3620 Τ
302 3582 425 3619 omo
451 3566 647 3631 Quinto
668 3569 981 3624 :—-Duabus
1008 3570 1103 3625 ille
1134 3573 1373 3637 partibus
1399 3574 1777 3642 complectitur

185 3658 493 3716 Sermones
533 3661 599 3715 ad
630 3661 886 3730 populum
920 3663 973 3715 in
1023 3675 1255 3732 quatuor
1292 3665 1500 3720 classes
1529 3666 1733 3721 divisos
1757 3706 1773 3731 ,

182 3768 385 3822 nempe
409 3754 584 3825 (parte
612 3755 803 3825 prima)
828 3771 844 3808 :
877 3756 928 3808 1ο
952 3744 1248 3813 Sermones
1268 3758 1335 3813 de
1362 3759 1651 3828 scripturis
1682 3773 1779 3814 ve-

188 3844 322 3899 teris
349 3859 410 3900 et
440 3846 570 3899 novi
602 3846 978 3913 Testamenti;
1006 3848 1064 3901 2°
1092 3850 1384 3905 Sermones
1406 3841 1488 3905 de.
1507 3860 1771 3919 tempore;

188 3936 382 4005 (parte
423 3939 676 4009 secunda)
706 3957 720 3994 :
747 3941 809 3995 5°
833 3940 1127 3996 Sermones
1154 3943 1221 3998 de
1264 3944 1512 4008 Sanctis;
1557 3944 1615 3998 4°
1644 3944 1773 4000 Ser-

182 4046 385 4086 mones
409 4032 482 4085 de
521 4031 780 4097 diversis;
814 4034 1011 4103 quibus
1054 4037 1116 4091 5°
1157 4036 1455 4091 succedunt
1483 4037 1775 4092 Sermones

181 4122 373 4186 dubii;
431 4122 492 4176 in
545 4124 845 4191 appendice
875 4141 1005 4180 vero
1059 4125 1354 4187 Sermones
1402 4128 1725 4198 suppusititii
1756 4173 1770 4198 ,

180 4215 475 4285 quaternis
501 4216 752 4271 similiter
777 4217 1041 4273 classibus
1072 4219 1470 4290 comprehensi.
1532 4252 1535 4255 »

247 4308 482 4364 Scilicet
511 4323 578 4363 ex
607 4310 801 4363 decimo
828 4318 995 4375 tomo,
1020 4312 1112 4366 ubi
1137 4313 1276 4381 apud
1309 4314 1671 4370 Lovanienses
1698 4316 1776 4371 le-

180 4399 457 4468 gebantur
480 4400 854 4468 Augustiuiani
876 4417 1180 4468 sermones,
1204 4403 1256 4457 in
1280 4405 1517 4475 quintum
1539 4416 1775 4460 transtu-

181 4490 403 4554 lerunt,
427 4499 521 4554 ut,
553 4505 675 4545 cum
704 4493 952 4562 plerique
982 4494 1034 4547 in
1067 4493 1400 4563 Scripturam
1440 4511 1645 4551 sacram
1678 4497 1775 4552 ha-

185 4581 280 4634 biti
299 4588 520 4645 essent,
538 4582 762 4649 propius
787 4598 813 4634 a
841 4584 1160 4639 tractatibus
1182 4584 1323 4639 tertii
1349 4592 1402 4639 et
1421 4586 1596 4654 quarti
1620 4586 1772 4652 tomi,

184 4672 389 4740 quibus
436 4671 629 4726 eadem
686 4674 775 4727 illa
825 4674 1136 4743 exponitur,
1188 4690 1435 4745 quosque
1485 4677 1773 4731 maximam

182 4770 400 4832 partem
450 4763 774 4818 concionum
828 4764 1055 4820 formam
1112 4763 1327 4836 prte'se
1376 4767 1519 4822 ferre
1547 4768 1773 4837 dicunt,

181 4854 472 4907 abessent.
517 4852 668 4907 Novo
714 4864 975 4923 przeterea
1018 4872 1082 4911 ac
1130 4857 1345 4913 diverso
1393 4874 1423 4912 a
1454 4860 1734 4928 superiore
1760 4902 1775 4927 ,

185 4959 349 5014 quem
386 4943 440 4997 in
472 4945 718 5013 generali
750 4960 977 5001 recensu
1026 4948 1354 5017 scriptorum
1403 4950 1685 5020 Augustini
1718 4967 1774 5005 η.

185 5034 293 5089 116
315 5034 601 5101 dedimus,
625 5036 814 5093 ordine
836 5053 931 5093 eos
953 5039 1344 5106 astrinxerant,
1372 5057 1478 5111 quo
1506 5052 1559 5097 et
1584 5057 1779 5097 secun-

184 5126 313 5182 dum
348 5128 644 5197 genuinam
684 5144 835 5184 suam
885 5133 1083 5185 seriem
1122 5132 1562 5203 disponerentur,
1609 5143 1664 5189 et
1709 5136 1776 5190 ab

182 5220 517 5276 adulterinis
556 5229 610 5275 et
656 5224 1016 5292 supposititiis
1048 5226 1295 5279 omnibus
1334 5226 1771 5295 sejungerentur.

184 5310 312 5366 Erat
342 5326 484 5367 sane
514 5310 569 5366 in
603 5312 688 5367 his
718 5323 869 5371 tanto
899 5317 1020 5384 plus
1047 5316 1255 5371 arbitrii
1283 5358 1297 5382 ,
1328 5316 1470 5385 quod
1502 5333 1677 5388 neque
1707 5319 1775 5373 ab

252 5493 332 5566 (α)
364 5494 448 5548 Ex
483 5492 819 5549 lectionariis
848 5509 943 5549 eas
996 5495 1163 5550 fuisse
1205 5496 1446 5565 digestas
1468 5540 1482 5563 ,
1532 5496 1775 5563 aliosque

182 5562 761 5636 deincepssermones
792 5582 855 5620 ex
887 5566 1013 5620 aliis
1059 5562 1391 5621 lectionariis
1431 5562 1738 5636 descriptos
1759 5611 1772 5629 .

184 5633 600 5703 Augustiniaois
621 5636 863 5701 adjectus
892 5636 943 5688 in
975 5637 1309 5690 editionibns
1335 5683 1347 5702 ,
1385 5655 1503 5705 quae
1547 5633 1775 5694 subinde

185 5716 579 5776 apparuerunt,
603 5707 798 5759 docent
828 5705 1105 5760 Ballerinii
1130 5708 1179 5761 in
1216 5707 1370 5776 Prmf.
1407 5710 1473 5761 ad
1502 5709 1774 5763 Sermones

187 5775 475 5831 S.Leonis.
494 5777 557 5830 Τ.
588 5776 604 5830 l
636 5779 773 5847 Opp.
794 5787 934 5844 part.
962 5778 1153 5845 t,§6i.
1181 5775 1398 5835 Addunt
1424 5779 1641 5840 ibidem.
1669 5798 1772 5836 non

1881 3293 2178 3347 Sermones
2209 3289 2270 3341 de
2296 3286 2464 3340 verbis
2492 3284 2740 3347 Domini,
2772 3283 2887 3335 sine
2922 3279 3027 3334 illis
3051 3278 3114 3333 de
3138 3278 3300 3331 verbis
3331 3278 3469 3347 Apo-

1881 3382 1999 3436 stoli
2029 3389 2341 3436 occurrant.
2377 3378 2531 3433 Unde
2573 3376 2836 3444 colligunt
2861 3416 2874 3436 ,
2906 3373 3042 3426 duas
3074 3373 3232 3424 hasce
3266 3370 3469 3423 classes

1881 3475 2013 3529 nihil
2043 3473 2187 3527 aliud
2219 3486 2374 3537 esse,
2407 3485 2567 3539 quam
2596 3483 2759 3522 unam
2792 3480 3105 3520 sermonum
3139 3462 3191 3517 in
3222 3460 3469 3530 Scriptu-

1879 3582 1993 3622 ram
2025 3564 2150 3619 novi
2178 3562 2512 3617 Testamenti
2544 3557 2945 3614 collectionem.

1949 3656 2188 3713 Tertiam
2217 3669 2384 3724 porro
2414 3652 2669 3712 classem,
2699 3650 2867 3711 aiunt,
2902 3660 3121 3713 semper
3149 3643 3366 3713 quidem
3402 3641 3469 3694 ab

1879 3753 2000 3805 aliis
2030 3758 2329 3818 separatam
2357 3744 2615 3808 inveniri,
2644 3751 2699 3795 at
2721 3756 2827 3794 non
2854 3754 2977 3792 raro
3011 3736 3467 3798 numerosiorcm,

1878 3859 2040 3913 quam
2085 3845 2136 3896 in
2168 3840 2409 3895 excusis.
2442 3837 2599 3891 Modo
2629 3834 2774 3890 enim
2807 3833 2963 3895 duos,
3014 3830 3179 3884 modo
3213 3838 3467 3897 quatuor,

1879 3938 2152 3991 autetiam
2186 3934 2367 4001 plures
2419 3945 2587 3997 supra
2636 3926 3022 3996 quinquaginta
3081 3922 3385 3977 Sermones
3416 3921 3468 3972 in

1878 4043 2007 4082 mss.
2064 4024 2338 4080 nonnullis
2383 4019 2665 4077 exhiberi:
2717 4017 2929 4071 tametsi
2974 4011 3368 4083 propemodum
3412 4011 3469 4064 in

1879 4118 2127 4174 omnibus
2172 4127 2452 4170 sermones
2508 4108 2701 4178 integri
2749 4123 2814 4162 ex
2872 4106 2978 4170 iis,
3033 4104 3122 4172 qui
3182 4116 3485 4169 numerum

1878 4205 2400 4281 quinquagenarium
2452 4204 2503 4257 in
2544 4200 2777 4269 vulgatis
2822 4199 2973 4251 libris
3005 4195 3343 4260 coniiciunt,
3378 4193 3470 4247 de-

1879 4303 2208 4356 siderentur.
2239 4298 2472 4352 Omnino
2509 4303 2689 4347 autem
2739 4291 2805 4345 de
2864 4291 2947 4343 his
2992 4287 3259 4356 judicant,
3306 4286 3471 4339 colle-

1878 4396 2111 4450 ctionem
2166 4391 2389 4446 C:csarii
2440 4385 2773 4455 temporibus
2824 4397 2927 4435 non
2970 4393 3131 4449 posse
3175 4378 3279 4431 dici
3331 4378 3471 4429 anti-

1878 4486 2124 4555 quiorem
2155 4489 2471 4555 prepterea,
2499 4478 2639 4546 quod
2666 4476 2840 4529 eidem
2871 4479 2947 4525 tot
2976 4469 3218 4523 homilice
3245 4468 3315 4521 ab
3345 4467 3468 4534 ipso

1880 4554 2099 4644 scriptae
2143 4554 2451 4627 inserantur
2483 4579 2539 4623 et
2577 4567 2850 4636 plerisque
2882 4563 3114 4614 aliorum
3145 4558 3471 4623 recapitula-

1879 4669 2053 4722 tiones
2105 4664 2173 4717 ab
2227 4660 2469 4730 ejusdem
2517 4659 2657 4729 stylo
2718 4672 2823 4709 non
2860 4652 3218 4706 abhorrentes
3269 4658 3470 4701 assutae

1878 4756 2420 4815 fuerint.Truncatos
2447 4767 2607 4821 porro
2638 4764 2761 4803 esse
2791 4756 2850 4800 ut
2877 4743 3163 4814 plurimum
3189 4738 3242 4792 in
3268 4755 3327 4792 ea
3353 4740 3467 4792 An-

1887 4850 2085 4923 gnstini
2116 4861 2419 4911 sermones,
2462 4859 2528 4898 ac
2577 4843 2832 4897 brevibus
2858 4840 3177 4910 quibusdam
3230 4831 3472 4889 exordiis

1879 4954 2040 5014 atque
2068 4941 2299 5011 epilogis
2325 4938 2471 4993 omni
2502 4936 2806 4991 auditorum
2835 4934 3018 5003 generi
3048 4924 3473 4989 accommodatis

1882 5036 2234 5106 interpolatos
2292 5033 2419 5086 lltec
2462 5030 2580 5085 fere
2623 5029 2692 5083 de
2724 5028 2896 5082 tribus
2922 5022 3318 5094 antiquioribus
3350 5032 3471 5071 ser-

1884 5144 2101 5185 monum
2122 5124 2403 5196 Augustini
2427 5121 2836 5178 collectionibus
2863 5117 3198 5172 Benedictini
3221 5121 3469 5168 censent.

1881 5225 1997 5279 lam
2032 5223 2417 5289 insequentes,
2473 5216 2717 5285 exceptis
2764 5212 3112 5269 sermonibus
3169 5209 3237 5263 ad
3286 5211 3471 5277 fratres

1881 5319 1934 5372 in
1977 5329 2168 5382 eremo,
2200 5325 2338 5381 quos
2387 5323 2621 5380 sequens
2654 5316 2832 5362 tomus
2864 5306 3063 5372 habet,
3101 5314 3346 5371 tempore
3385 5298 3466 5350 in-

1885 5496 2043 5553 desse
2073 5495 2232 5561 alios,
2267 5493 2356 5563 qui
2386 5491 2563 5565 adhuc
2602 5487 2911 5565 ex_iisdem
2962 5485 3204 5541 fontibus
3233 5480 3468 5565 derivari

1884 5578 2086 5636 queant
2113 5561 2357 5634 ejusdem
2392 5564 2451 5617 S.
2483 5561 2732 5636 Doctoris
2759 5573 3062 5621 sermones,
3088 5566 3143 5636 et
3168 5569 3289 5636 sese
3321 5561 3469 5636 ipsos

1885 5626 2069 5707 viginti
2099 5626 2331 5707 amplius
2358 5632 2775 5707 genuinosuejus
2806 5642 3093 5684 sermones
3114 5632 3167 5682 in
3193 5626 3469 5679 Αηεοάοιὶι

1889 5702 2233 5763 Μῖδοειιαηεὶε
2264 5703 2554 5774 aliquando
2582 5702 2824 5758 edituros
2851 5715 2995 5756 esse.
