4010 6350
595 346 661 401 95
1479 337 2035 396 SUPPLEMENTUM
2073 337 2165 391 AD
2203 335 2430 391 OPERA
2471 337 2528 392 Β.
2571 336 2952 392 AUGUSTINI.
3783 341 3844 398 96

595 460 770 507 ventae
795 452 906 522 jam
938 450 1318 523 typographim
1346 457 1551 504 exortae
1590 450 1765 504 multo
1799 449 1982 503 minus
2010 462 2171 501 accu-
2201 455 2247 510 Α
2278 450 2738 518 praefationetomi
2767 455 2942 523 quarti
2965 453 3033 510 de
3052 452 3426 511 Translatione
3448 455 3678 527 Vulgata
3706 457 3844 513 Psal-

594 539 830 598 ratiores
867 554 1025 610 sunt,
1057 543 1254 612 quippe
1285 557 1316 596 e
1346 540 1626 595 codicibus
1655 541 1814 609 longe
1845 539 2088 608 pluribus
2118 547 2173 592 et

593 635 766 702 magis
789 634 1021 689 invicem
1043 633 1274 687 diversis
1302 643 1504 695 erutae;
1528 631 1729 700 quique
1754 630 1950 684 dehinc
1974 628 2170 697 passim

592 724 646 777 in
672 725 1005 779 editionibus
1046 724 1208 779 variis
1236 723 1404 777 additi
1449 723 1667 777 fuerunt
1708 735 1996 776 sermones
2021 760 2036 783 ,
2076 734 2171 773 eos

593 816 730 870 nulli
753 824 902 870 certo
927 817 1109 885 generi
1128 814 1396 883 ascriptos
1421 829 1546 868 esse
1565 821 1797 868 constat.
1814 811 2012 866 Harum
2041 824 2172 879 ergo

589 908 846 963 classium
874 923 997 963 cum
1026 909 1264 962 maxime
1293 908 1585 962 arbitraria
1615 906 1808 960 fuisset
1835 903 2169 972 descriptio,

589 999 887 1069 eademque
919 1009 1126 1056 tantum
1161 999 1501 1055 confusionis
1549 1013 1614 1054 ac
1656 998 1936 1053 turbarum
1982 1010 2168 1052 secum

586 1087 846 1160 ferret(a)
867 1129 882 1155 ,
909 1092 1128 1158 penitus
1154 1107 1275 1147 eam
1304 1091 1563 1147 abolitam
1594 1099 1649 1145 et
1679 1104 1802 1144 cum
1831 1089 2170 1144 accuratiore

585 1191 641 1236 et
677 1183 1034 1238 concinniore
1063 1193 1427 1254 permutatam
1457 1198 1578 1239 esse
1608 1197 1770 1237 nemo
1809 1195 1939 1250 non,
1965 1180 2055 1249 qui
2087 1180 2168 1233 lu-

584 1274 783 1330 benter
804 1275 974 1332 hocce
1003 1276 1062 1332 S.
1091 1278 1343 1333 Doctoris
1373 1277 1568 1348 pabulo
1597 1275 1817 1341 fruitur,
1841 1274 2024 1329 debita
2041 1286 2164 1327 cum

586 1365 747 1420 laude
775 1366 1044 1422 editorum
1071 1378 1352 1438 agnoscet.

655 1458 919 1525 Alterum,
974 1461 1115 1529 quod
1157 1459 1211 1515 in
1260 1460 1580 1515 Sermonum
1628 1457 1866 1513 editione
1909 1463 2167 1526 prazstare

580 1556 708 1602 sunt
734 1549 968 1617 connisi,
994 1560 1077 1606 est
1103 1552 1408 1621 spuriorum
1435 1565 1465 1603 a
1495 1548 1744 1619 genuinis
1783 1545 2066 1614 separatio.
2107 1543 2164 1597 ln

581 1654 688 1708 quo
721 1639 936 1710 negotio
962 1640 1078 1697 haec
1109 1643 1443 1712 potissimum
1470 1641 1538 1694 ad
1577 1639 1840 1708 judicium
1870 1635 2163 1706 regendum

579 1733 816 1790 valuisse
846 1735 945 1791 sibi
976 1745 1251 1790 momenta
1295 1735 1529 1789 fatentur
1557 1748 1572 1788 :
1609 1732 1665 1784 1ο
1698 1731 1901 1803 Stylus,
1951 1743 2046 1783 seu
2071 1743 2164 1783 co-

2276 543 2394 596 terii
2447 542 2845 600 disseruerunt.
2877 547 2940 600 3°
2971 546 3261 612 Doctrina,
3294 556 3354 601 ut
3403 548 3618 603 scilicet
3639 548 3693 602 in
3721 564 3845 602 una-

2271 647 2482 701 quaque
2515 635 2906 701 examinarent,
2936 644 3117 690 utrum
3161 653 3284 692 cum
3323 639 3714 707 Augustiniana
3739 639 3846 692 sive

2273 723 2326 776 in
2360 722 2484 778 ﬁdei
2504 737 2566 777 ac
2597 739 2804 779 morum
2827 725 3116 795 dogmatis,
3147 727 3265 782 sive
3285 728 3339 781 in
3363 728 3663 797 Scriptura:
3687 743 3846 798 expo-

2271 813 2468 868 sitione
2493 829 2558 869 ac
2588 829 2688 870 usu
2709 827 3058 886 congrueret,
3104 834 3212 872 non
3245 820 3628 888 praetermissis
3676 819 3764 884 iis,
3797 821 3847 874 in

2269 906 2464 974 quibus
2487 916 2584 960 aut
2611 909 2953 974 sententiam,
2997 918 3088 963 aut
3117 909 3378 979 loquendi
3419 911 3681 965 rationem
3729 924 3846 963 eum

2269 1005 2507 1051 mutasse
2525 1009 2860 1067 compertum
2887 1008 3026 1054 erat.
3066 998 3124 1052 4ο
3151 998 3470 1054 Observatio
3520 1008 3845 1067 temporum,

2270 1088 2534 1159 locorum,
2565 1106 2950 1160 personarum,
2979 1093 3346 1161 negotiorum,
3375 1092 3663 1158 factorum,
3704 1107 3848 1146 erro-

2269 1194 2410 1246 rum,
2444 1180 2782 1251 aliorumque
2810 1182 3089 1250 similium,
3119 1183 3187 1239 de
3202 1183 3399 1252 quibus
3425 1183 3478 1237 in
3508 1182 3847 1237 sermonibus

2268 1272 2594 1342 disputatur,
2647 1273 2789 1329 unde
2837 1274 3070 1343 plurima
3124 1274 3191 1328 ad
3233 1273 3575 1328 statuendam
3620 1273 3846 1327 criticen

2267 1374 2579 1434 argumenta
2610 1365 2715 1419 sibi
2742 1364 3064 1435 deprompta
3087 1381 3210 1421 esse
3233 1367 3522 1421 affirmant.
3550 1366 3608 1421 5°
3633 1365 3843 1419 Indicu-

2266 1456 2352 1510 lus
2376 1455 2629 1521 Possidii,
2657 1471 2766 1510 non
2790 1456 2933 1525 quod
2952 1471 3233 1512 sermones
3275 1472 3489 1524 omnes,
3513 1472 3747 1526 quorum
3769 1456 3845 1509 in-

2266 1547 2590 1616 scriptiones
2619 1548 2692 1602 ibi
2723 1548 2999 1618 leguntur,
3025 1551 3321 1620 Augustino
3351 1549 3656 1619 putaverint
3680 1549 3845 1602 ascri-

2265 1639 2497 1706 bendos,
2526 1641 2678 1710 quasi
2709 1656 2818 1695 non
2862 1643 3178 1710 potnisseta
3231 1642 3412 1695 multis
3449 1641 3844 1695 concionatori-

2266 1732 2365 1786 bus
2391 1732 2580 1787 eadem
2609 1734 2833 1787 materia
2867 1735 3082 1787 tractari
3109 1749 3123 1797 ;
3150 1733 3245 1786 sed
3275 1741 3332 1786 ut
3361 1732 3411 1786 ei
3439 1748 3546 1785 non
3576 1733 3646 1785 ita
3688 1731 3843 1785 facile

579 1823 685 1890 101³.
737 1832 831 1878 θυι
879 1827 1092 1894 propria
1131 1823 1530 1895 quodammodo
1583 1821 1844 1876 orationis
1894 1819 2058 1873 facies
2107 1818 2159 1871 ill
2190 1807 2544 1877 Bsermones
2567 1822 2674 1876 illic
2703 1823 2924 1878 minime
2951 1823 3263 1892 designatos
3307 1822 3659 1876 ascriberent.
3709 1821 3843 1875 Huic

579 1912 865 1984 Augustini
891 1931 1045 1985 teque
1074 1930 1136 1970 ac
1157 1918 1211 1970 in
1243 1915 1470 1969 aliorum
1500 1913 1790 1983 insignium
1835 1911 2158 1980 scriptorum

575 2004 1018 2058 meditationibus
1036 2004 1191 2060 facile
1207 2005 1518 2073 conspicua,
1542 2018 1604 2058 ea
1631 2002 1903 2066 cautione,
1932 2010 1987 2054 ut
2009 2014 2161 2054 eum-

575 2093 696 2147 dem
751 2109 848 2162 pro
902 2096 1074 2150 :etatis
1117 2097 1348 2161 ratione,
1377 2105 1432 2150 et
1460 2109 1665 2160 rerum,
1693 2108 1825 2164 quas
1867 2091 2079 2161 juvenis
2105 2099 2158 2146 et

575 2186 869 2241 maturiore
898 2186 1091 2242 deinde
1116 2197 1279 2243 aetate
1316 2188 1588 2254 tractavit,
1635 2186 1972 2251 diversitate,
2003 2185 2157 2238 item-

573 2291 677 2344 que
704 2279 1104 2334 commentandi
1153 2280 1432 2345 methodo,
1479 2279 1606 2335 dum
1645 2279 1786 2332 alios
1824 2289 2075 2332 accurate
2101 2285 2156 2331 et

571 2381 694 2420 cum
726 2367 1075 2425 meditatione
1100 2371 1465 2438 elucubratos,
1490 2371 1624 2424 alios
1644 2385 1710 2424 ex
1739 2379 1983 2438 tempore
2003 2367 2154 2422 fusos

569 2471 691 2511 esse
706 2468 941 2526 constet,
963 2462 1177 2516 variare
1197 2461 1524 2531 aliquantum
1547 2459 1802 2516 debuisse
1831 2459 2150 2528 cogitarent.

573 2563 594 2596 ‹
641 2547 723 2600 Ad
779 2549 1089 2617 hujusmodi
1142 2567 1303 2621 ergo,
1336 2552 1613 2620 inquiunt,
1664 2565 1951 2606 censuram
2002 2557 2152 2602 recte

568 2635 895 2703 obeundam,
919 2648 1284 2710 praeterquam
1327 2641 1470 2710 quod
1501 2641 1676 2709 stylus
1707 2640 1888 2707 Operis
1913 2639 2060 2694 dubii
2083 2638 2149 2693 ad

565 2726 776 2797 singula
808 2730 1110 2786 indubitata
1137 2748 1298 2802 opera
1329 2734 1628 2803 exigendus
1679 2741 1780 2800 est,
1813 2746 2147 2802 nequaquam

565 2820 649 2874 vis
670 2820 782 2885 illa,
821 2822 936 2878 sive
978 2824 1223 2893 spiritus,
1275 2841 1381 2893 quo
1435 2824 1605 2894 stylus
1653 2823 1806 2892 quasi
1849 2823 2144 2888 animatur,

565 2910 874 2978 posthaberi
928 2914 1110 2971 debet.
1172 2916 1381 2986 Ubique
1426 2917 1570 2970 enim
1622 2916 1931 2984 agnoscitur
1967 2915 2146 2986 Augu-

562 3002 739 3057 stinus
763 3007 980 3074 pr0prio
1011 3006 1243 3076 quodam
1293 3008 1613 3075 eloquentia:
1657 3009 1836 3077 gravis
1872 3023 1935 3062 ac
1986 3009 2144 3064 serite

561 3108 785 3163 genere,
817 3097 959 3164 quod
1008 3098 1109 3151 sibi
1169 3099 1433 3153 lectorum
1483 3099 1700 3153 animos
1751 3098 1987 3167 subjicit,
2036 3113 2142 3153 non

562 3201 749 3254 -epore
778 3199 1007 3256 compta:
1036 3199 1199 3258 atque
1229 3191 1489 3245 affectata:
1527 3166 1878 3259 elocutionis,
1914 3192 2005 3246 sed
2030 3192 2142 3246 ef'li-
2171 3166 2216 3230 (ἶ

560 3278 709 3332 eacia
759 3285 990 3348 quadam
1031 3279 1246 3349 judicii,
1301 3281 1635 3350 prudentim,
1687 3284 1922 3352 pietatis,
1975 3283 2143 3338 hone-

560 3371 750 3437 statis,
783 3371 1100 3436 modestize,
1134 3376 1437 3444 comitatis,
1485 3376 1823 3446 aliorumque
1851 3377 2141 3442 virtutum,

559 3480 685 3530 qua:
713 3465 912 3533 passim
961 3467 1011 3520 in
1063 3467 1179 3536 cjus
1232 3469 1480 3523 oratione
1536 3470 1671 3524 adeo
1727 3471 1931 3539 fulgent
1979 3482 2140 3540 atque

559 3556 812 3621 emicant,
846 3567 904 3610 ut
933 3558 1072 3626 ipius
1102 3561 1298 3629 stylum
1335 3576 1496 3615 nemo
1542 3562 1849 3616 imitatione
1877 3576 2138 3631 assequa-

559 3656 665 3699 tur.
697 3647 794 3701 llic
819 3659 903 3702 est
935 3651 1200 3722 prmcipue
1240 3653 1441 3722 Lydius
1482 3653 1650 3720 lapis,
1705 3668 1811 3722 quo
1859 3669 2138 3711 sermones

556 3754 682 3794 vcrc
699 3742 1072 3812 Augustiuiani
1095 3746 1416 3812 probantur;
1443 3756 1498 3803 et
1519 3749 1584 3802 ad
1603 3765 1764 3818 quem
1782 3751 2136 3819 appendicem

554 3832 598 3884 si
628 3833 744 3900 quis
775 3833 1050 3901 adhibeat,
1082 3837 1136 3891 in
1166 3854 1282 3892 eam
1309 3855 1474 3908 prope
1501 3841 1808 3895 universam
1849 3857 2138 3913 cognoscet

552 3923 744 3978 cadere
767 3924 897 3980 illud
923 3943 1103 3997 posse,
1147 3931 1290 4000 quod
1324 3931 1391 3985 de
1441 3932 1847 4002 llypognostico
1891 3953 2133 4004 pronun-

552 4017 742 4068 tiatum
773 4026 857 4071 est
888 4035 900 4070 :
929 4018 996 4072 Et
1017 4037 1193 4075 sensus
1220 4022 1283 4074 ab
1313 4023 1456 4076 illius
1482 4041 1632 4078 sensu
1661 4027 1874 4096 inferior
1897 4029 2130 4095 habetur,

553 4115 600 4158 et
632 4110 880 4162 modestia
905 4120 1055 4180 atque
1085 4113 1348 4168 humilitas
1384 4133 1585 4169 morum
1616 4127 1662 4170 et
1691 4135 1980 4173 sermonum
2020 4123 2132 4192 ejus

550 4215 653 4253 non
685 4200 754 4253 ibi
793 4215 1075 4258 servatur.)
1110 4207 1169 4260 2°
1205 4208 1409 4274 Vcrsio,
1436 4228 1542 4280 qua
1571 4212 1765 4282 singuli
1797 4214 1849 4268 in
1878 4219 2127 4271 testimo-

545 4291 653 4375 niis
677 4294 958 4363 scriptura:
988 4301 1186 4354 veteris
1207 4301 1540 4358 Tcstamenti
1559 4315 1796 4359 utantur.
1821 4305 1951 4361 Cutn
1983 4311 2126 4365 enim

544 4384 873 4454 Augustinus
899 4391 1052 4459 sequi
1078 4394 1218 4448 solet
1244 4395 1647 4449 translationem
1678 4398 1985 4466 antiquam,
2026 4417 2124 4454 no-

545 4489 666 4528 vam
697 4487 902 4542 autem,
937 4480 987 4533 id
1033 4492 1117 4535 est
1143 4482 1618 4552 llieronymianatn
1644 4500 1712 4539 ex
1744 4485 1968 4540 llcbrmo
1997 4505 2126 4543 con-

443 4635 458 4642 -
540 4567 838 4638 cinnatam,
867 4570 980 4638 jam
1009 4573 1131 4627 inde
1159 4590 1187 4628 a
1220 4576 1419 4630 sarculo
1449 4576 1638 4645 quinto
1667 4577 1971 4632 Salvianum
1996 4579 2125 4636 Mas-

537 4661 834 4727 siliensem,
865 4663 1189 4720 Eucherium
1210 4668 1648 4737 Lugdunensem,
1664 4669 1897 4726 Leonem
1921 4676 2121 4734 Roma-

536 4769 664 4807 num
695 4756 940 4826 aliosque
961 4761 1240 4827 amplexos
1271 4778 1391 4817 esse
1413 4774 1646 4832 constet,
1683 4768 1840 4825 facile
1866 4771 2122 4843 intelligi-

535 4854 639 4911 tur,
689 4863 849 4915 quam
883 4849 986 4904 late
1019 4850 1178 4920 hujus
1219 4853 1407 4922 judicii
1453 4873 1582 4912 usus
1624 4869 1782 4929 atque
1830 4866 2120 4932 applicatio

539 4947 736 5004 pateat.
769 4940 1031 4997 Hocloco
1078 4956 1360 5014 notamus,
1415 4949 1792 5009 Benedictinos
1843 4958 2114 5017 addidisse

532 5043 668 5082 nova
693 5033 937 5098 qumdam
967 5037 1163 5104 partim
1189 5039 1254 5092 ad
1275 5043 1591 5110 supplenda,
1617 5048 1810 5113 partim
1839 5051 1997 5104 etiam
2018 5052 2110 5108 dc-

533 5121 855 5180 fendcndaa
905 5130 1261 5197 quorumdam
1314 5133 1710 5203 objectionibus
1757 5156 1850 5206 ea,
1905 5158 2022 5212 qua:
2053 5146 2106 5200 in

596 5273 674 5344 (α)
711 5293 732 5328 ι
770 5277 1177 5355 Animadvertet
1204 5283 1422 5349 aliquis,
1463 5286 1713 5355 inquiunt
1739 5289 1964 5344 Maurini
1998 5293 2101 5346 Pa-

525 5352 669 5407 tres,
701 5361 1001 5423 sermones,
1024 5353 1119 5423 qui
1162 5356 1500 5410 commodius
1539 5352 1590 5410 in
1642 5372 1872 5423 quatuor
1902 5366 2105 5419 classes

523 5428 874 5485 revocantur,
907 5420 958 5474 in
1005 5421 1324 5494 duodecim,
1357 5442 1584 5494 quarttm
1625 5420 1740 5482 aliae
1773 5431 1952 5485 debita
1983 5435 2105 5490 aliis

523 5498 840 5570 argumenta
875 5493 1255 5570 continebant,
1294 5493 1461 5570 fuisse
1492 5497 1803 5554 distractos.
1833 5504 2106 5570 Agnoscet

524 5553 725 5644 libros,
742 5574 877 5644 quos
899 5573 1093 5644 voca‘nt
1119 5563 1180 5616 de
1200 5553 1362 5619 verbis
1381 5566 1588 5644 Domini
1611 5579 1665 5644 et
1691 5553 1945 5625 amnis;
1960 5553 2106 5644 14,355

523 5627 641 5710 stati
661 5667 676 5692 ,
710 5633 1080 5710 tantummodo
1114 5645 1316 5710 partem
1352 5639 1640 5703 complecti
1672 5657 1980 5695 sermonum
2012 5627 2106 5698 eo-

519 5708 664 5782 rum,
716 5701 806 5765 qui
843 5701 1145 5782 _adﬁho_sce
1187 5707 1376 5761 titulos
1428 5701 1808 5782 pertinebant;
1843 5714 2104 5782 intelliget

517 5780 798 5827 sermones
825 5771 892 5828 de
919 5773 1112 5836 Festis.
1161 5791 1282 5831 cum
1311 5793 1405 5832 eos
1430 5771 1489 5832 in
1523 5779 1731 5835 classes
1761 5771 1824 5835 de
1851 5771 2105 5845 rmpzn

2153 4529 2204 4589 D

2263 1914 2498 1969 indieulo
2520 1915 2762 1982 priscum
2790 1913 3249 1983 Carthaginiensis
3292 1913 3552 1968 Ecclesiae
3575 1912 3843 1967 Kalenda-

2260 2007 2490 2072 rium,in
2517 2006 2583 2060 lll
2615 2016 2760 2060 tomo
2789 2007 3167 2061 Analectorum
3183 2006 3479 2060 Mabillonii
3502 2020 3695 2060 recens
3717 2016 3843 2060 tunc

2259 2101 2555 2171 vulgatum,
2588 2101 2969 2171 adjungentes,
3025 2102 3273 2156 censoria
3329 2111 3455 2155 nota
3499 2099 3842 2155 confixerunt

2257 2193 2544 2248 conciones
2557 2193 2816 2264 quasdam
2832 2193 2897 2247 ad
2912 2195 3304 2259 solemnitates,
3328 2194 3493 2248 veluti
3511 2192 3840 2246 Lttaniarum

2256 2300 2353 2340 seu
2378 2285 2744 2357 Rogationum,
2777 2284 3134 2339 Conversionis
3157 2285 3221 2340 S.
3253 2284 3433 2350 Pauli,
3461 2284 3735 2340 Cathedra:
3777 2284 3838 2340 S.

2255 2379 2433 2446 Petri,
2489 2380 2909 2434 Annuntiationis
2959 2379 3242 2434 Dominicw
3269 2420 3286 2445 ,
3335 2379 3716 2449 Assumptionis
3775 2377 3840 2431 Β.

2255 2470 2459 2535 Μαι-ξω,
2491 2480 2619 2536 etc.,
2652 2485 2878 2540 quarum
2903 2472 2960 2526 in
2987 2481 3179 2527 neutro
3210 2471 3417 2526 mentio
3439 2469 3840 2540 reperiebatur.

2252 2563 2315 2616 ϐυ
2346 2561 2508 2618 Beda:
2534 2577 2599 2617 ac
2634 2562 2778 2618 Flori
2800 2563 3149 2618 collectiones
3175 2563 3230 2617 in
3261 2562 3510 2616 Paulum.
3565 2562 3665 2616 Hic
3717 2560 3841 2630 qui-

2250 2657 2373 2712 dem
2404 2657 2697 2713 tenendum
2743 2666 2850 2726 est,
2879 2657 3037 2713 Beda:
3073 2657 3453 2712 collectionem
3502 2669 3596 2710 eos
3642 2655 3839 2726 appel-

2250 2751 2362 2805 lare
2385 2749 2640 2804 ineditam
2671 2750 2927 2820 aliquam,
2964 2765 3084 2819 quae
3105 2750 3225 2805 sine
3262 2747 3634 2803 controversia
3688 2747 3842 2801 illius

2250 2845 2323 2897 sit
2351 2851 2406 2898 ct
2432 2844 2648 2898 nomine
2678 2843 2794 2911 ejus
2818 2843 2871 2897 in
2899 2857 3030 2896 mss.
3053 2841 3458 2910 exemplaribus
3484 2839 3837 2902 inscribatur;

2247 2950 2364 2990 eam
2402 2950 2552 2999 vero,
2578 2951 2698 3004 qua:
2727 2935 2868 2989 inter
2898 2933 3113 3003 vulgata
3143 2933 3261 3001 ejus
3287 2946 3450 3001 Opera
3492 2932 3590 2999 ipsi
3616 2930 3839 2999 adjudi-

2246 3034 2357 3089 cari
2381 3032 2539 3096 solet,
2566 3031 2752 3093 Floro,
2776 3029 3004 3084 diacono
3024 3014 3392 3098 Lugdunensi,
3412 3026 3660 3079 tribuunt
3681 3039 3835 3078 eam-

2247 3123 2477 3192 demque
2503 3122 2829 3176 sententiam
2878 3135 3032 3174 suam
3082 3118 3329 3188 pluribus
3376 3124 3735 3170 astruxerunt
3783 3116 3835 3170 in

2249 3212 2312 3266 ιιι
2344 3212 2651 3267 Analector.
2682 3211 3109 3265 Mabillonianor.
3144 3218 3316 3263 tomo.
3346 3208 3408 3260 7°
3435 3207 3560 3261 Mss.
3589 3206 3832 3271 codices,

2244 3319 2472 3374 quorum
2499 3305 2813 3357 immensam
2842 3302 3050 3371 copiam
3095 3314 3379 3355 recensere
3409 3313 3515 3352 non
3547 3298 3834 3352 sustinueo

2243 3407 2388 3450 runt.
2415 3395 2615 3450 Horum
2634 3402 2813 3448 autem
2845 3392 3088 3448 subsidio
3115 3394 3307 3461 partim
3345 3391 3491 3444 locos
3534 3388 3832 3459 quosdam,

2241 3488 2435 3558 quibus
2464 3487 2700 3556 permoti
2724 3484 2971 3539 nonnulli
2998 3483 3310 3537 criticorum
3351 3481 3716 3549 Augustinum
3763 3480 3835 3533 de

2240 3577 2587 3647 possesslone
2615 3590 2928 3630 sermonum
2957 3574 3161 3642 aliquot
3218 3586 3348 3626 vere
3401 3570 3835 3639 Augustiniano-

2241 3685 2359 3724 rum
2390 3678 2705 3738 exegerant,
2738 3667 2791 3721 in
2823 3666 3041 3721 excusis
3095 3674 3312 3732 compte
3363 3663 3467 3732 legi
3510 3661 3831 3731 deprehen-

2237 3762 2385 3816 disse
2407 3776 2466 3816 se
2487 3769 2826 3826 asseverant,
2841 3757 3037 3827 partim
3071 3755 3299 3808 aliorum
3316 3752 3678 3823 quorumdam
3697 3793 3713 3817 ,
3734 3754 3830 3822 qui

2237 3853 2408 3921 ipsius
2428 3867 2548 3907 esse
2578 3850 2907 3914 ferebantur,
2940 3855 3192 3901 auctores
3221 3845 3517 3900 detexisse.
3569 3843 3654 3897 Ad
3707 3843 3831 3898 haec

2235 3947 2461 4000 aliorum
2485 3945 2702 3999 Patrum
2729 3957 2894 4011 opera
2945 3940 3233 4010 diligenter
3258 3939 3362 3993 sibi
3414 3938 3549 3991 lecta
3579 3944 3635 3990 et
3666 3951 3831 3990 com-

2236 4046 2421 4106 parata
2455 4035 2622 4089 fuisse
2644 4034 2982 4104 profitentur,
3006 4041 3063 4085 ut
3085 4030 3293 4085 scilicet
3320 4045 3388 4083 ex
3414 4029 3556 4098 ston
3579 4039 3634 4081 et
3659 4043 3832 4098 argu-

2233 4128 2450 4192 mentis,
2479 4142 2597 4196 quze
2622 4133 2872 4189 tractant,
2903 4123 3310 4190 diguoscerent,
3342 4119 3558 4189 quinam
3605 4133 3832 4173 sermo-

2232 4235 2329 4274 nes
2357 4219 2488 4287 ipsis
2515 4214 2787 4271 tribuendi
2818 4221 3023 4280 essent,
3051 4222 3107 4267 et
3144 4212 3370 4266 lacinias
3395 4209 3826 4278 investigarent,

2229 4326 2295 4364 ex
2325 4310 2517 4379 quibus
2558 4306 2846 4361 adulteriui
2891 4313 3150 4359 tractatus
3200 4302 3559 4357 consarcinati
3608 4310 3826 4356 essent.

2229 4402 2367 4455 Esse
2384 4410 2560 4454 autem
2585 4400 2725 4453 inter
2745 4411 2862 4463 eos,
2888 4395 2978 4466 qui
3003 4411 3068 4450 cx
3085 4394 3337 4464 Origene,
3361 4392 3655 4462 Cypriane,
3683 4393 3829 4446 Am-

2231 4492 2433 4559 brosio,
2464 4492 2718 4555 Maximo,
2754 4489 2976 4552 Fausto,
3009 4485 3270 4555 Gregorio
3316 4485 3529 4553 Magno,
3558 4483 3826 4548 Alcuino,

2228 4585 2390 4638 lvone
2413 4581 2732 4638 Carnuteusi
2764 4590 2925 4649 atque
2965 4577 3086 4632 aliis
3139 4576 3409 4643 desumpti
3451 4575 3674 4637 fuerint,
3719 4573 3828 4628 hac

2225 4692 2389 4745 Opera
2423 4673 2634 4743 experti
2661 4680 2805 4726 sunt.
2839 4671 3085 4739 Magnam
3116 4678 3296 4722 autem
3349 4674 3562 4736 partem
3594 4681 3823 4732 eorum,

2224 4769 2312 4837 qui
2346 4764 2701 4836 Augustinum
2736 4771 3008 4816 auctorem
3038 4758 3255 4814 mentiri
3307 4757 3825 4825 deprehenderunt,

2221 4861 2514 4916 Caesarium
2562 4857 2930 4912 Arelatensem
2973 4867 3266 4922 agnoscere
3313 4852 3716 4920 demonstrant,
3751 4853 3826 4907 de

2221 4955 2418 5022 quibus
2445 4951 2580 5005 adeo
2609 4949 2854 5019 pluribus
2892 4946 3045 5001 nobis
3098 4946 3152 5000 in
3205 4954 3352 4999 tomo
3398 4945 3557 4999 tertio
3605 4952 3824 4998 nostra:

2219 5043 2567 5099 Bibliotheca:
2595 5041 2825 5097 dicetur.

2290 5139 2571 5193 Postremo
2595 5142 2815 5188 monent
2845 5146 3054 5197 eorum,
3097 5132 3184 5202 qui
3215 5147 3245 5185 a
3273 5146 3331 5186 se
3361 5130 3550 5201 rejecti
3577 5131 3820 5198 fuerint,

2211 5303 2265 5348 et
2286 5294 2348 5347 de
2374 5291 2578 5345 Sanctis
2609 5297 2826 5345 coactos
2854 5288 3206 5356 Oportuissct,
3233 5289 3286 5342 in
3308 5289 3446 5343 alias
3475 5296 3683 5356 septem
3713 5283 3820 5341 au‘

2214 5376 2337 5417 octo
2367 5362 2680 5430 dissipatos,
2720 5368 2774 5414 et
2799 5375 2865 5413 ex
2896 5359 3242 5413 sermonibus
3273 5360 3508 5430 amplius
3542 5360 3770 5426 triginta
3797 5403 3812 5422 ,

2213 5435 2305 5505 qui
2330 5433 2396 5505 de
2425 5429 2576 5485 festis
2615 5430 2981 5505 Paschalibus,
3033 5437 3102 5505 ut_
3143 5430 3242 5483 hoc
3277 5429 3535 5505 exemplo
3563 5439 3812 5505 utamur,

2213 5498 2605 5562 inscribuntur.
2632 5500 2844 5554 nonnisi
2881 5501 3064 5554 decem
3092 5500 3142 5552 in
3180 5501 3324 5553 serie
3350 5499 3417 5552 de
3439 5498 3702 5565 Tempore,
3727 5502 3814 5552 in-

2210 5575 2415 5637 veniri,
2440 5574 2575 5626 alios
2607 5587 2759 5635 vero,
2786 5572 2829 5623 si
2861 5570 2982 5638 quis
3013 5585 3203 5623 omnes
3241 5571 3492 5623 evolvere
3532 5573 3581 5621 in
3615 5572 3814 5622 animo

2213 5645 2458 5706 haberet,
2482 5642 2692 5697 interL.
2723 5642 2993 5707 ltomilias,
3017 5657 3044 5693 a
3073 5641 3462 5694 l’arisicnsibus
3484 5639 3718 5703 additas,
3753 5642 3812 5695 in

2213 5726 2440 5783 utraque
2488 5713 2645 5767 classi
2677 5713 2740 5765 de
2764 5712 2986 5765 Diversis
3008 5751 3023 5777 ,
3053 5726 3114 5766 ac
3146 5711 3196 5765 in
3231 5712 3624 5780 posterioribus
3654 5712 3811 5764 clas-

2211 5786 2360 5842 sibus
2379 5783 2842 5852 pervestigaudos.
2871 5800 2890 5834 ι
