4010 6350
203 287 277 343 97
1123 285 1397 341 NOTITIA
1435 280 1856 340 LITTERAIIIA
1901 280 1962 332 IN
2003 279 2060 335 Β.
2105 280 2568 338 AUGUSTINUM.
3375 290 3447 345 98

199 405 364 471 longe
391 402 650 470 plurimos
681 414 746 452 ex
773 399 874 450 Illis
899 413 1040 465 esse,
1063 415 1191 468 quos
1221 416 1320 451 non
1350 400 1473 455 satis
1496 397 1768 458 discussos,
1801 394 1848 450 Α
1878 391 1952 446 De
1979 391 2210 446 vanitate
2239 394 2461 459 smeuli;
2506 394 2579 448 De
2614 405 2923 464 contemptu
2954 396 3168 464 mundi;
3199 397 3275 454 De
3303 401 3446 456 bono

197 507 290 547 aut
321 495 492 546 dubia!
520 491 841 544 auctoritatis
890 491 1170 542 vocaverint
1213 491 1573 543 Lovanienses
1624 488 1774 541 theo-

197 585 330 652 logi.
365 582 649 636 Consultas
676 581 777 633 sibi
806 580 965 635 etiam
1001 595 1123 633 esse
1147 579 1372 632 aliorum
1423 579 1476 632 in
1525 578 1776 646 Augusti-

198 680 396 730 nianos
425 689 706 730 sermones
735 687 1013 736 censuras,
1040 671 1180 725 inter
1209 685 1341 739 quas
1393 672 1527 723 duas
1584 670 1776 736 prrcci—

195 780 354 834 pnas.
389 779 548 816 unam
576 763 806 817 Simonis
836 761 1054 824 I’erlini,
1077 761 1272 814 editam
1294 775 1343 812 a.
1372 759 1528 821 1618,
1552 759 1772 812 alteram

194 854 462 907 Bernardi
501 852 785 919 Vindingii,
818 866 868 904 a.
903 850 1039 905 1622
1071 867 1085 915 ;
1111 859 1165 904 et
1193 864 1314 903 cum
1348 848 1430 902 his
1460 864 1670 917 quoque
1697 849 1775 901 vi-

194 946 290 1006 ris,
319 953 439 995 tttut
465 942 828 1010 sagacissimis
867 939 1135 992 interdum
1177 939 1493 991 hallucinari
1542 937 1772 1004 licuerit,

193 1035 337 1087 idem
367 1032 497 1098 sibi,
524 1034 568 1086 si
601 1045 995 1098 nonnumquam
1023 1030 1228 1097 judicio
1252 1029 1588 1092 fallerentur,
1641 1043 1774 1081 con-

192 1139 412 1179 cessum
436 1124 502 1177 iri
531 1130 773 1191 sperant.
799 1121 1184 1174 Severissimos
1212 1119 1443 1186 denique
1473 1133 1531 1173 se
1562 1119 1612 1172 in
1662 1133 1774 1172 ser-

195 1214 454 1267 monibus
503 1210 742 1265 nondum
786 1209 982 1274 editis,
1024 1209 1114 1277 qui
1157 1209 1458 1277 Augustino
1496 1208 1550 1262 in
1589 1223 1775 1262 manu-

195 1305 419 1371 scriptis
439 1303 720 1358 codicibus
741 1302 1165 1362 ascriberentur,
1191 1298 1487 1366 prmbuisse
1533 1313 1592 1351 se
1624 1299 1774 1351 afﬁr-

195 1404 372 1458 mant,
397 1409 466 1448 ex
489 1408 717 1462 quorum
746 1406 970 1444 numero
1001 1391 1158 1458 longe
1196 1389 1430 1441 maximo
1476 1389 1772 1443 octodecim

197 1500 407 1542 tantum
434 1502 557 1541 cum
589 1485 902 1553 fragmentis
924 1483 1127 1550 aliquot
1147 1481 1475 1550 adjiciendos
1495 1489 1770 1545 curarunt,

199 1587 391 1648 utpote
417 1579 469 1630 in
503 1575 701 1644 quibus
731 1574 872 1627 illius
899 1573 1202 1637 character,
1242 1571 1516 1641 ingenium
1559 1585 1622 1624 ac
1645 1570 1773 1625 doe-

199 1669 347 1722 trina
375 1667 698 1720 lucidissime
723 1664 1001 1718 emicaret.

1877 481 2205 547 disciplinas;
2258 483 2334 536 De
2379 484 2678 537 obedienlia
2729 493 2785 538 et
2836 484 3157 542 humilitate.
3210 490 3442 561 (Lovan.

1875 572 1937 626 T.
1970 572 2039 626 IX
2069 572 2233 641 App.)
2267 573 2556 628 Sermones
2597 575 2688 628 alii
2729 577 2795 629 ad
2842 577 3116 644 populum.
3162 576 3270 647 (Ex
3304 579 3442 647 App.

1875 662 1935 716 Τ.
1971 662 2016 716 Χ
2045 661 2189 716 Edit.
2226 663 2355 718 Par.
2386 675 2475 717 aut
2497 680 2561 718 ex
2586 665 2828 734 Vignerio
2849 677 2938 719 aut
2968 667 3293 738 Sirmondo.)
3321 669 3445 723 Ser-

1876 772 2064 812 mones
2106 758 2174 812 ad
2217 758 2413 814 fratres
2441 757 2495 813 in
2535 759 2746 814 Eremo.
2780 759 2991 828 (Lovan.
3022 759 3084 814 Τ.
3120 761 3166 815 X
3192 762 3354 832 App.)
3377 792 3443 801 —

1876 850 2000 904 Haae
2035 866 2248 918 quoque
2280 854 2554 919 opuscula,
2598 862 2656 906 ut
2697 869 2761 907 ex
2801 856 3059 924 appositis
3100 872 3441 911 numerorum

1875 943 2019 995 notis
2059 952 2222 1010 patet,
2265 944 2315 996 in
2355 942 2597 997 diversos
2631 959 2658 996 a
2700 944 3118 999 Lovaniensibus
3152 956 3327 1000 tomos
3362 948 3445 1000 di-

1874 1039 2073 1084 stracta
2103 1041 2275 1096 erant,
2308 1041 2362 1087 et
2393 1038 2582 1100 partim
2614 1034 2747 1084 inter
2785 1034 3108 1100 cxegeticos,
3141 1037 3330 1101 partim
3362 1037 3444 1089 in-

1876 1129 1959 1174 ter
1981 1123 2276 1189 polemicos
2306 1123 2490 1184 libros,
2519 1123 2774 1175 nonnulla
2804 1137 2932 1176 vero
2963 1132 3082 1191 post
3109 1133 3361 1180 tractatus
3391 1128 3443 1180 in

1874 1212 2136 1266 Joannem
2165 1211 2498 1279 legebantur.
2532 1212 2960 1266 Fundamentum
2988 1215 3190 1268 ordinis
3214 1217 3338 1269 novi
3362 1228 3445 1270 est

1876 1302 2089 1370 generis
2119 1309 2279 1368 atque
2307 1301 2607 1368 argumenti
2636 1301 2953 1368 similitudo,
2977 1319 3079 1372 qua
3108 1305 3355 1360 elfeclum
3381 1309 3443 1360 iri

1873 1391 2182 1458 sperabant,
2230 1398 2289 1443 ttt
2332 1393 2674 1445 continenter
2719 1406 2782 1445 ac
2828 1393 3074 1448 ordinate
3114 1397 3343 1461 perlecta
3390 1407 3445 1452 et

1875 1483 2069 1536 melius
2101 1483 2548 1552 intelligerentur,
2592 1494 2644 1538 et
2673 1485 2832 1539 altius
2862 1486 3209 1554 inligerentur
3241 1490 3444 1542 studio-

1875 1587 2057 1625 sorum
2084 1573 2294 1626 animis.
2325 1573 2474 1639 Quod
2514 1575 2712 1628 criticte
2743 1585 2925 1644 partes
2957 1576 3168 1636 attinet.
3210 1594 3446 1633 recesse-

1876 1669 2001 1714 runt
2024 1661 2251 1714 subinde
2272 1661 2338 1714 ab
2357 1663 2588 1716 aliorum
2612 1663 2830 1731 judiciis
2850 1675 2904 1719 et
2928 1667 3180 1720 nonnulla
3203 1668 3447 1737 genuinis

272 1758 432 1811 Tomo
452 1769 592 1810 sexto
613 1770 778 1823 opera
803 1755 1024 1807 moralia
1051 1769 1171 1809 cum
1193 1752 1396 1821 aliquot
1417 1751 1773 1820 quaestionum
1809 1746 1852 1804 Β
1879 1760 2224 1804 asseruerunt
2251 1767 2277 1803 a
2310 1751 2740 1807 Lovaniensibus
2770 1756 2996 1822 rejecta,
3023 1765 3077 1809 et
3102 1758 3448 1812 eliminarttnt

197 1848 355 1900 libris
402 1844 953 1913 comprehenduntur,
989 1844 1089 1897 hoc
1136 1843 1357 1896 ordine:
1417 1843 1494 1896 De
1545 1842 1772 1895 diversis

194 1939 592 2006 quaestionibus
620 1935 882 1990 LXXXIII
911 1935 1005 1989 lib.
1029 1935 1081 1998 l;
1109 1935 1184 1987 De
1210 1932 1439 1986 diversis
1462 1933 1773 2002 quaestioni—

197 2033 297 2083 bus
320 2031 387 2083 ad
417 2027 823 2096 Simplicianum
853 2025 945 2078 lib.
972 2024 1016 2087 I;
1041 2025 1114 2078 De
1135 2035 1260 2077 octo
1281 2023 1491 2076 Dulcitii
1523 2028 1772 2090 quaestio-

194 2123 380 2186 nibus,
403 2122 498 2175 lib.
528 2121 568 2173 ι.
597 2119 812 2187 (Loran.
837 2118 897 2170 Τ.
924 2117 1039 2181 IV.)
1061 2117 1134 2171 De
1164 2117 1267 2170 ﬁde
1297 2131 1498 2181 rerum,
1527 2131 1644 2184 quae
1667 2131 1770 2168 non

193 2212 472 2272 videntur,
499 2210 591 2263 lib.
620 2209 658 2260 l.
685 2207 901 2274 (Loran.
923 2206 986 2259 Τ.
1007 2206 1095 2258 Ill.
1125 2204 1288 2274 App.)
1319 2205 1394 2258 De
1417 2204 1520 2258 ﬁde
1546 2214 1599 2258 et
1621 2205 1771 2274 Sym-

192 2302 320 2355 bolo
349 2300 446 2353 lib.
481 2299 520 2352 l.
556 2299 773 2366 (Lovan.
805 2296 866 2348 T.
903 2294 1017 2352 IV.)
1048 2295 1123 2347 De
1147 2293 1250 2347 ﬁde
1279 2302 1335 2347 et
1377 2293 1629 2363 operibus
1675 2294 1770 2346 lib.

192 2390 234 2445 I.
271 2389 494 2459 (Lemn.
524 2389 589 2441 Τ.
621 2387 734 2453 lV.)
762 2384 1102 2440 Encbiridion
1131 2384 1198 2437 de
1227 2383 1355 2449 ﬁde,
1388 2398 1482 2448 Spe
1508 2398 1568 2436 ac
1595 2383 1774 2436 chari-

194 2492 306 2537 tate
362 2483 455 2536 lib.
529 2480 598 2543 I;
660 2480 735 2532 De
786 2492 959 2546 agone
1011 2475 1320 2530 Christiano
1386 2476 1477 2528 lib.
1547 2476 1584 2527 Ι.
1652 2474 1775 2543 (Lo-

194 2589 317 2627 cau.
381 2570 591 2639 T.Ill.)
666 2570 744 2623 De
809 2567 1210 2622 catccltizandis
1265 2567 1486 2619 rudibus
1557 2567 1651 2619 lib.
1712 2568 1771 2630 l;

193 2665 271 2719 De
298 2665 630 2719 continentia
665 2662 757 2715 lib.
790 2661 831 2714 I.
867 2659 1082 2731 (Lovan.
1116 2660 1181 2713 T.
1216 2660 1328 2730 IV.)
1363 2661 1436 2713 De
1468 2662 1610 2714 bono
1641 2676 1770 2714 eou-

191 2756 360 2826 jugali
385 2754 477 2808 lib.
507 2753 552 2817 I;
580 2754 654 2806 De
679 2761 863 2805 sancta
895 2751 1199 2820 virginitate
1222 2752 1315 2804 lib.
1349 2751 1629 2822 1.(ιουαη.
1654 2753 1771 2821 Vl.)

197 2846 273 2898 De
307 2845 453 2897 bono
482 2842 750 2895 viduitatis
783 2841 876 2893 lib.
909 2840 950 2894 I.
993 2840 1212 2908 (Lovan.
1249 2838 1361 2908 IV.)
1404 2841 1476 2895 De
1511 2841 1772 2909 coniugiis

194 2933 513 2987 adulterinis
554 2932 646 2984 lib.
680 2932 742 2985 ll.
777 2930 995 2998 (Lovan.
1028 2929 1140 2999 Vl.)
1175 2929 1248 2983 De
1279 2930 1553 2984 mendacio
1581 2931 1673 2984 lib.
1708 2930 1767 2988 I;

193 3025 398 3079 Contra
421 3024 756 3077 mendacium
786 3022 876 3076 lib.
905 3022 943 3074 I.
972 3022 1187 3090 (Lovan.
1221 3018 1334 3100 IV.)
1364 3019 1440 3072 De
1469 3035 1631 3088 opere
1657 3035 1770 3073 mo-

1876 1851 2084 1908 contra,
2125 1858 2244 1911 qua:
2275 1859 2373 1912 pro
2411 1845 2639 1899 sinceris
2677 1848 2937 1901 venditari
2984 1859 3136 1903 antea
3181 1851 3444 1904 solebant.

1876 1933 2203 2001 Appendieis
2244 1935 2563 2002 praecipuam
2605 1951 2784 1990 curam
2827 1938 3144 2004 habuerunt,
3187 1942 3446 2009 imprimis

1874 2024 2128 2076 eruendis
2172 2033 2227 2076 et
2272 2024 2609 2080 declarandis
2659 2028 2803 2080 veris
2844 2028 3098 2082 librorum
3150 2033 3447 2100 Augustino

1873 2112 2206 2166 subditorum
2236 2115 2562 2168 auctoribus.

1951 2202 2107 2255 Tomo
2139 2204 2356 2270 septimo
2385 2222 2402 2257 :
2427 2235 2496 2243 -—
2527 2207 2598 2258 De
2625 2206 2850 2262 Civitate
2880 2209 2972 2262 Dei
2995 2220 3181 2265 contra
3209 2213 3445 2279 Paganos

1877 2294 1968 2347 lib.
2012 2293 2185 2357 XXII;
2215 2324 2285 2332 —
2316 2293 2381 2347 In
2420 2296 2712 2366 Appendice
2756 2300 3080 2354 exhibentur
3124 2305 3446 2366 scriptiones

1876 2384 2076 2452 aliquot
2097 2384 2163 2437 de
2189 2384 2449 2451 Stephani
2476 2387 2727 2456 martyris
2752 2389 3073 2453 detectione,
3104 2394 3446 2446 translatione

1877 2483 1931 2527 et
1951 2473 2244 2539 miraculis,
2273 2475 2478 2528 scilicet
2504 2476 2646 2530 Aviti
2667 2476 2732 2531 ad
2760 2477 3107 2534 Palchonium
3135 2483 3358 2551 epistola
3379 2485 3447 2537 de

1876 2564 2115 2631 reliquiis
2154 2563 2211 2619 S.
2252 2563 2531 2633 Stephani,
2565 2575 2619 2620 et
2659 2567 2726 2622 de
2767 2569 2987 2624 Lueiani
3018 2573 3241 2640 epistola
3272 2591 3301 2628 a
3331 2591 3389 2630 se
3417 2593 3448 2630 e

1875 2657 2062 2710 Grarco
2103 2657 2154 2709 in
2194 2656 2439 2711 Latinum
2481 2674 2672 2724 versa;
2714 2661 2935 2716 Lueiani
2978 2666 3202 2730 epistola
3234 2668 3298 2720 ad
3329 2670 3447 2721 uui-

1873 2763 2080 2801 versam
2115 2749 2410 2802 Ecclesiam
2455 2750 2522 2805 de
2552 2752 2880 2806 revelatione
2916 2755 3157 2822 corporis
3185 2757 3446 2823 Stephani

1875 2840 2158 2909 martyris;
2198 2840 2465 2893 Anastasii
2497 2842 2560 2894 ad
2594 2841 2922 2896 Landulenm
2953 2847 3172 2912 epistola
3205 2848 3272 2901 de
3320 2852 3446 2901 SUII-

1872 2938 2133 2997 sequente
2160 2929 2456 2995 scriptura;
2499 2930 2774 2999 Scriptura
2815 2932 2883 2987 de
2920 2935 3024 2986 alia
3053 2916 3355 2991 detectiOue
3385 2955 3447 2992 ac

1876 3019 2224 3074 translatione
2252 3019 2310 3074 S.
2339 3019 2594 3087 Stephani
2629 3021 2679 3073 in
2713 3022 2899 3075 urbem
2928 3024 3261 3092 Byzantium,
3285 3044 3444 3096 quant

194 3115 492 3169 nachorum
537 3114 628 3167 lib.
682 3113 730 3176 l;
777 3113 853 3166 De
897 3112 1225 3166 divinatione
1260 3110 1563 3165 daemonum
1593 3112 1688 3166 lib.
1731 3113 1768 3166 Ι.
1798 3099 1842 3160 C
1874 3109 2191 3162 AnaSIasius
2237 3108 2525 3163 Latinitate
2567 3110 2816 3176 donavit;
2863 3111 3048 3166 Severi
3103 3115 3334 3183 Epistula
3380 3119 3446 3170 ad

193 3207 420 3278 (Loran.
453 3206 568 3274 Ill.)
603 3207 674 3260 De
708 3221 834 3259 cura
867 3221 961 3273 pro
985 3204 1210 3256 mortuis
1234 3203 1467 3270 gerenda
1498 3202 1593 3256 lib.
1616 3203 1666 3268 I;
1699 3204 1773 3257 De

193 3297 458 3367 patientia
497 3297 592 3350 lib.
630 3296 669 3350 ι.
704 3294 851 3358 (Lov.
885 3292 998 3360 IV.)
1044 3293 1121 3345 De
1151 3292 1394 3360 symbolo
1424 3292 1489 3346 ad
1517 3293 1772 3348 catechu-

195 3402 390 3441 menos
433 3395 688 3439 tractatus
718 3385 818 3448 IV;
862 3384 935 3437 De
975 3382 1251 3450 disciplina
1282 3381 1587 3436 Christiana
1619 3393 1688 3438 tr.
1723 3385 1772 3449 I;

197 3481 272 3533 De
302 3478 520 3532 cantico
545 3492 687 3531 novo
717 3486 785 3532 tr.
817 3476 867 3541 I;
903 3476 976 3529 De
1014 3485 1198 3543 quarta
1225 3475 1354 3528 I'eria
1388 3486 1454 3528 tr.
1491 3476 1544 3541 I;
1581 3477 1652 3531 De
1681 3493 1772 3529 ea-

195 3574 461 3641 taclysmo
489 3581 556 3624 tr.
593 3571 646 3634 l;
681 3571 757 3624 De
788 3580 1033 3637 tempore
1063 3569 1341 3622 barbarico
1372 3580 1438 3623 tr.
1473 3569 1518 3633 I;
1550 3570 1625 3623 De
1667 3571 1773 3623 nti-

193 3664 347 3716 litate
368 3662 562 3730 jejunii
590 3670 653 3714 tr.
678 3660 728 3725 I;
756 3661 832 3713 De
855 3659 999 3712 urbis
1019 3657 1233 3712 excidio
1255 3667 1322 3711 tr.
1346 3659 1385 3712 I.
1415 3658 1628 3728 (Lovan.
1656 3659 1774 3728 IX.)

192 3782 263 3792 —
291 3751 359 3805 In
388 3750 717 3818 Appendicc:
746 3748 906 3803 Liber
927 3748 1045 3802 XXI
1076 3749 1494 3810 sententiarum;
1525 3751 1775 3818 Dialogus

192 3842 332 3898 LXV
360 3841 738 3911 quaestionum.
774 3838 990 3908 (Lovan.
1014 3839 1078 3892 T.
1111 3838 1176 3892 IV
1207 3840 1368 3907 App.)
1393 3840 1551 3893 Liber
1577 3841 1642 3893 de
1673 3831 1775 3895 Iide

193 3936 258 3988 ad
281 3934 537 3997 Petrum;
566 3933 640 3986 De
662 3932 852 4000 spiritu
874 3941 930 3985 et
958 3931 1157 3983 anima.
1187 3929 1403 3998 (Lavan.
1429 3932 1489 3984 Τ.
1518 3932 1583 3985 Ill
1611 3932 1771 3999 App.)

194 4025 272 4080 De
306 4024 578 4082 amicitia;
605 4023 681 4077 De
702 4020 1001 4075 substantia
1021 4020 1342 4075 dilectionis.
1379 4020 1592 4082 (Lovan.
1621 4021 1682 4074 T.
1710 4021 1772 4074 IV

197 4114 360 4184 App.)
383 4115 462 4167 De
483 4113 752 4182 diligendo
772 4112 910 4176 Deo;
937 4112 1256 4180 Soltloquia;
1281 4111 1676 4175 Mcditationes;
1705 4113 1777 4166 De

196 4204 530 4259 contritione
564 4202 771 4266 cordis;
811 4202 1082 4259 Manuale;
1126 4201 1444 4269 Speculum:
1491 4201 1774 4269 Speculum

195 4295 342 4351 aliud
372 4294 516 4362 quod
540 4293 736 4348 dicitur
763 4294 1089 4360 peccatoris;
1117 4292 1193 4346 De
1216 4292 1409 4360 triplici
1436 4292 1774 4356 habitaculo;

197 4390 274 4443 De
302 4388 449 4442 scala
482 4386 747 4455 paradisi;
779 4387 854 4440 De
878 4386 1183 4453 cegnitione
1206 4400 1346 4439 verae
1386 4385 1648 4455 νὶιωλῡο
1669 4385 1775 4438 vita

1873 3215 2088 3253 omnem
2118 3199 2410 3252 Ecclesium
2433 3200 2500 3254 de
2522 3201 2805 3255 virtutibus
2832 3201 2882 3254 in
2906 3203 3245 3258 Minoricensi
3275 3206 3446 3258 insula

1874 3289 2027 3342 factis
2075 3305 2170 3356 per
2212 3290 2465 3358 reliquias
2503 3292 2670 3344 sancti
2717 3291 3010 3359 Stephani;
3056 3295 3128 3347 De
3177 3297 3447 3349 miraculis

1874 3382 2043 3436 sancti
2074 3381 2330 3449 Stephani
2371 3382 2464 3436 lib.
2510 3382 2574 3446 II,
2617 3383 2682 3435 ad
2731 3384 3008 3439 Evodium.
3042 3385 3258 3453 (Lavan.
3301 3387 3364 3439 T.
3399 3386 3446 3440 X

1874 3471 2040 3541 App.)
2072 3502 2142 3510 —
2173 3472 2439 3540 Insignem
2474 3474 2628 3540 plane
2657 3477 3142 3544 tnanuscriptornm
3176 3479 3447 3546 exempla-

1873 3562 2012 3615 rium
2056 3562 2288 3629 copiam,
2331 3577 2488 3630 quam
2531 3563 2633 3617 hoc
2672 3580 2808 3632 opus
2855 3577 3071 3634 propter
3105 3567 3446 3622 multifariam

1876 3651 2152 3704 historiam
2188 3658 2242 3704 et
2279 3653 2694 3706 recouditiorem
2737 3654 3031 3708 doctrinam
3073 3658 3386 3724 postularet,
3417 3675 3449 3714 a

1876 3755 1935 3795 se
1957 3742 2207 3796 collatam
2233 3743 2398 3796 fuisse
2428 3755 2692 3798 testantur
2716 3746 3068 3801 Beuedictiui.
3098 3750 3449 3818 Repetierunt

1873 3851 2086 3904 quoque
2133 3835 2488 3903 (.apitulorum
2526 3853 2641 3889 cum
2677 3841 2985 3908 argumentis
3022 3843 3129 3894 suis
3164 3843 3448 3894 distinctio-

1877 3941 2012 3986 nem,
2045 3934 2313 3992 tamquam
2341 3926 2509 3992 ipsius
2534 3929 2818 3995 Augustini
2845 3943 3007 3996 opera
3031 3939 3123 3982 aut
3146 3931 3296 3998 jussu
3321 3947 3448 3984 con-

1876 4013 2143 4066 cinnatam
2170 4015 2426 4082 Operique
2453 4017 2698 4070 absoluto
2718 4018 3001 4086 adjectam,
3033 4021 3174 4089 quod
3201 4023 3448 4076 codicum

1878 4112 2000 4156 ante
2041 4118 2212 4158 annos
2256 4117 2555 4175 nongentos
2585 4117 2923 4162 exaratorum
2956 4113 3264 4167 testimonio
3295 4129 3449 4168 com-

1879 4197 2093 4263 probari
2124 4196 2327 4250 dicuut.
2363 4199 2440 4251 Ex
2467 4200 2701 4254 virorum
2730 4201 2994 4256 dictorum
3024 4208 3448 4272 commentariis,

1878 4301 1996 4354 qua:
2043 4286 2094 4339 itt
2136 4286 2232 4340 hos
2264 4287 2428 4342 libros
2467 4299 2680 4343 exstant
2719 4291 3082 4358 uberioribus,
3116 4309 3220 4347 non
3251 4296 3450 4364 impro-

1881 4375 2076 4438 bando,
2108 4385 2168 4429 ut
2202 4377 2355 4431 nobis
2385 4379 2600 4447 quidem
2632 4381 2862 4445 videtur,
2901 4384 3152 4444 consilio.
3185 4399 3450 4452 perpauca

196 4453 527 4533 Christiana.
562 4477 784 4547 (Lavan.
818 4476 881 4530 T.
921 4477 992 4530 IX
1022 4476 1185 4546 App.)
1218 4477 1291 4531 De
1326 4454 1653 4530 salutaribus
1681 4477 1777 4529 do.
1805 4453 1856 4512 Ῑ)
1880 4466 2164 4520 admodum
2206 4477 2461 4538 excerpta
2507 4480 2652 4536 sunt,
2692 4483 2747 4527 et
2795 4474 2997 4528 criticis
3046 4476 3245 4530 notulis
3289 4478 3451 4533 inter-

196 4568 486 4623 cumentis.
519 4567 732 4636 (Lovan.
765 4566 830 4620 IV
854 4565 1018 4635 App.)
1048 4567 1124 4620 De
1151 4565 1431 4620 duodecim
1459 4567 1775 4621 abusiouum

196 4658 475 4728 gradibus.
526 4656 746 4727 (Lovan.
779 4657 842 4710 T.
874 4657 948 4712 IX
986 4658 1151 4726 App.)
1200 4659 1272 4711 De
1300 4668 1506 4725 septem
1551 4659 1693 4711 vitiis
1725 4670 1778 4713 et

196 4758 407 4818 septem
447 4747 607 4800 donis
641 4746 873 4814 Spiritus
912 4747 1103 4799 sancti.
1148 4745 1254 4816 (Ea:
1289 4746 1642 4817 supplemento
1684 4747 1777 4800 Vi-

196 4840 416 4911 gnerii.)
442 4841 518 4893 De
534 4839 785 4893 conﬂictu
810 4841 1057 4893 vitiorum
1077 4851 1130 4893 et
1158 4841 1440 4904 virtutum;
1470 4840 1544 4892 De
1565 4839 1782 4894 Sobrie-

195 4941 309 4985 tate
333 4943 387 4984 et
414 4929 678 4983 castitate.
711 4928 926 4998 (Lovan.
951 4928 1014 4982 Τ.
1049 4929 1116 4982 IX
1140 4929 1302 4998 App.)
1333 4929 1406 4983 De
1427 4944 1552 4983 vera
1575 4939 1627 4983 et
1650 4930 1778 4983 falsa

195 5019 541 5088 paenitentia.
592 5017 807 5087 (Lovan.
854 5017 918 5070 T.
965 5017 1032 5072 IV
1080 5018 1242 5087 App.)
1289 5018 1366 5072 De
1416 5018 1775 5085 Antichristo;

196 5109 545 5171 Psalterium,
567 5108 709 5177 quod
734 5107 1064 5176 Augustinus
1091 5109 1246 5161 matri
1270 5122 1382 5162 suae
1407 5110 1778 5178 composuisse

197 5203 408 5265 fertur;
458 5199 734 5268 Expositio
772 5199 968 5252 cantici
1017 5199 1345 5267 Magniﬁcat;
1385 5201 1670 5257 Tractatus
1711 5202 1777 5256 de

197 5291 581 5358 Assumptioue
613 5289 670 5341 Β.
704 5290 919 5354 Mariae;
971 5290 1049 5344 De
1092 5291 1396 5346 visitatione
1441 5294 1773 5348 inﬁrmorum

200 5385 296 5437 lib.
323 5382 396 5446 II;
429 5383 501 5436 De
526 5382 846 5436 rectitudine
874 5382 1154 5436 catholicae
1180 5386 1622 5439 conversationis.
1652 5386 1777 5455 (Lo-

198 5490 317 5526 van.
339 5473 406 5526 Τ.
427 5472 497 5525 IX
517 5471 676 5542 App.)
700 5473 774 5527 De
798 5473 1077 5542 Symbolo.
1107 5473 1322 5543 (Lovan.
1349 5476 1411 5529 Τ.
1438 5476 1483 5529 Χ
1505 5475 1669 5544 App.)
1703 5477 1777 5530 De

201 5578 295 5618 esu
318 5564 454 5628 Agni
473 5580 486 5591 ·
514 5564 802 5618 Sermones
819 5563 884 5617 ad
905 5562 1230 5634 Neophytos.
1257 5563 1383 5635 (Ed.
1414 5565 1534 5619 Par.
1564 5566 1610 5620 X
1636 5567 1774 5636 App.

202 5657 242 5708 Α
270 5657 388 5709 Jac.
419 5656 693 5710 Sirmondo
719 5653 888 5722 editi.)
926 5656 998 5711 De
1018 5658 1293 5713 creatione
1319 5658 1475 5726 primi
1502 5658 1772 5722 hominis;

1878 4570 2089 4625 spersa.

1953 4649 2112 4702 Tomo
2161 4660 2336 4704 octavo
2385 4666 2548 4719 opera
2594 4652 2855 4721 polemica
2904 4656 3168 4712 adversus
3216 4659 3450 4720 Judaaos,

1881 4741 2225 4810 Mauicltaaos,
2259 4743 2695 4798 Priscillianistas
2722 4757 2775 4800 et
2799 4747 3050 4811 ArianOs,
3083 4765 3202 4802 cum
3233 4754 3453 4818 praeﬁxo

1885 4833 1935 4885 in
1966 4834 2141 4900 capite
2171 4834 2309 4886 libro
2338 4834 2403 4887 de
2435 4836 2730 4889 iIIPI‘eSibllS
2758 4848 2810 4890 et
2840 4837 3106 4905 adjunCtis
3131 4839 3182 4890 in
3216 4840 3360 4891 calce
3393 4839 3453 4891 lt-

1883 4923 1993 4976 bris
2019 4924 2086 4976 de
2117 4923 2400 4989 'I‘rinitate,
2430 4925 2750 4979 exhibentur
2785 4944 2800 4982 ε
2838 4957 2905 4966 -
2940 4929 3010 4981 De
3041 4929 3354 4991 Interesibus,
3387 4930 3453 4982 ad

1880 5013 2327 5078 Quoldvultdenm
2365 5015 2457 5067 lib.
2502 5016 2548 5078 l;
2592 5016 2872 5069 Tractatus
2913 5019 3168 5070 adversus
3207 5019 3451 5081 Iudaeos;

1880 5105 1956 5159 De
1980 5106 2211 5159 utilitate
2238 5106 2522 5171 credendi;
2556 5095 2619 5159 ad
2653 5109 2977 5161 Honoratum
3013 5110 3109 5162 lib.
3139 5109 3187 5173 l;
3223 5111 3294 5162 De
3325 5112 3453 5163 dua-

1878 5197 1979 5252 bus
2027 5199 2306 5252 animabus
2344 5209 2531 5253 contra
2581 5199 2900 5253 Manichxus
2943 5201 3033 5254 lib.
3082 5201 3129 5264 l;
3179 5201 3311 5254 Acta
3361 5217 3455 5254 seu

1879 5289 2184 5358 Disputatio
2227 5299 2412 5344 contra
2462 5290 2814 5344 Fortunatutn
2859 5291 3206 5345 Manichme
3257 5293 3351 5346 lib.
3405 5293 3453 5355 l;

1877 5382 2076 5435 Contra
2102 5382 2443 5436 Adimantum
2467 5383 2738 5436 Manichtei
2762 5384 3089 5452 discipulum
3115 5385 3206 5436 lib.
3238 5385 3284 5445 I;
3316 5383 3456 5438 Con-

1881 5483 1959 5526 tra
2001 5473 2282 5540 epistolam
2318 5473 2615 5537 Manichmi,
2663 5490 2820 5543 quam
2869 5484 3063 5528 vocant
3103 5475 3455 5529 Fundamenti

1879 5566 1973 5619 lib.
2005 5566 2057 5630 I;
2083 5567 2280 5621 Contra
2309 5566 2564 5620 Faustum
2599 5567 2951 5621 Manicba-um
2979 5567 3073 5620 lib.
3107 5565 3351 5631 XXXIII;
3386 5567 3458 5620 De

1882 5660 2030 5712 Actis
2059 5673 2179 5712 eum
2222 5659 2401 5713 Felice
2441 5659 2733 5712 Manichaee
2776 5659 2869 5712 lib.
2906 5659 2976 5723 ll;
3014 5659 3087 5712 De
3119 5667 3304 5711 natura
3336 5658 3459 5712 boui
