4010 6350
588 306 659 365 99
1456 289 2013 351 SUPPLEIIENTUM
2061 288 2145 341 AD
2184 284 2415 341 OPERA
2455 287 2512 343 S.
2555 283 2943 341 AUGUSTINI.

3744 282 3830 335 100

590 426 780 473 contra
811 413 1133 470 Manichacus
1162 411 1259 466 lib.
1298 408 1351 473 I;
1381 405 1581 463 Contra
1610 405 1977 462 Secundinutn
2008 401 2165 456 Mani-
2202 400 2252 459 Α
2279 415 2396 452 rum
2421 399 2488 453 ad
2514 399 2834 467 Prosperum
2864 407 2917 451 et
2942 396 3203 451 Hilarium
3236 395 3270 448 l.
3307 393 3359 461 I;
3396 394 3473 449 De
3497 393 3639 449 dono
3666 410 3834 462 perse-

591 514 801 566 chzeum
836 510 929 563 lib.
966 509 1013 572 l;
1047 508 1240 561 Contra
1268 502 1637 556 adversarium
1668 499 1826 566 Legis
1856 508 1908 551 et
1940 495 2177 564 Prophe-

594 612 768 655 tarum
798 600 894 653 lib.
927 598 1005 659 Il;
1038 597 1114 651 Ad
1142 594 1393 648 Orosium
1433 601 1623 646 contra
1652 589 2093 643 Priscilliauistas
2122 597 2176 639 et

514 678 515 681 η
594 692 935 762 Origenistas
976 688 1067 741 lib.
1115 686 1167 749 I;
1212 685 1402 739 Sermo
1432 682 1787 742 Arianorum;
1821 680 2020 732 Contra
2053 680 2178 731 Ser-

512 788 519 793 ’
596 799 813 839 manem
861 781 1182 836 Arianorum
1225 777 1320 830 lib.
1363 775 1413 840 I;
1461 773 1688 828 Collatio
1716 786 1837 825 cum
1867 770 2176 834 Maximino,

597 876 925 931 Arianorum
965 872 1254 938 episcopo;
1301 867 1500 921 Contra
1544 863 1794 919 eumdem
1833 860 2179 915 Maximinum

513 976 519 981 ‘
598 965 859 1019 Arianttm
887 964 978 1014 lib.
1006 960 1070 1012 ll.
1098 959 1317 1024 (Lovan.
1341 958 1403 1010 Τ.
1430 957 1540 1025 VI.)
1570 951 2036 1033 De'l‘rinitateJib.
2061 950 2178 1009 XV.

599 1056 816 1122 (Lovan.
849 1052 913 1105 Τ.
949 1049 1064 1117 III.)
1094 1078 1166 1088 —
1196 1045 1261 1099 In
1308 1044 1603 1115 Appendire
1633 1060 1651 1097 :
1680 1044 1966 1097 Tractatns
1994 1050 2183 1093 contra

597 1148 836 1217 quinque
864 1144 1132 1203 hmreses;
1163 1139 1356 1193 Sermo
1383 1146 1569 1189 contra
1599 1134 1837 1199 Iudaeos,
1867 1134 2107 1201 Paganos
2131 1141 2183 1184 et

599 1237 854 1291 Arianus.
904 1231 1127 1301 (Lutum.
1170 1228 1234 1283 Τ.
1276 1228 1391 1293 VI.)
1430 1226 1684 1292 DiaIOgns
1727 1224 1794 1277 de
1837 1225 2186 1278 altercatione

605 1324 861 1380 Ecclesiae
894 1330 948 1375 et
984 1324 1303 1390 Synagogcc.
1340 1314 1558 1383 (Lemn.
1594 1313 1657 1366 Τ.
1688 1312 1754 1365 VI
1786 1310 1949 1380 App.)
1979 1313 2053 1363 De
2083 1312 2187 1365 [ide

601 1430 791 1473 contra
847 1416 1175 1469 Manichaaos
1230 1411 1367 1465 liber
1416 1408 1618 1462 Evodio
1670 1406 1919 1459 tributus.
1966 1402 2182 1474 (Lovan.

601 1512 665 1563 Τ.
697 1508 814 1577 Vl.)
846 1504 1333 1561 Commonitorium
1376 1501 1558 1570 (vulgo
1594 1496 1905 1567 Augustini)
1945 1495 2011 1549 de
2054 1494 2191 1548 reci-

604 1600 813 1669 piendis
842 1594 1171 1658 Manicltreis,
1203 1592 1293 1662 qui
1324 1599 1734 1647 convertuntur.
1772 1588 1899 1659 (Ed.
1943 1586 2072 1640 Par.
2119 1585 2185 1639 Τ.

606 1691 651 1744 Χ
685 1688 849 1759 App.)
874 1687 1071 1741 Contra
1104 1686 1427 1738 Feliciauum
1455 1684 1712 1736 Arianum
1739 1682 1805 1735 de
1828 1681 1933 1735 'Iide
1956 1679 2188 1733 Trinita—

2278 493 2535 545 verantia:
2585 493 2649 544 ad
2682 490 2900 545 eosdem
2933 490 3029 543 lib.
3061 488 3103 543 I.
3141 487 3359 557 (Lavan.
3388 486 3451 541 Τ.
3486 485 3621 554 VII.)
3651 485 3832 540 Contra

2280 582 2567 637 secundam
2598 581 2796 634 Juliani
2836 580 3250 647 responsionem
3282 574 3654 644 imperfectum
3690 591 3834 643 opus,

2280 691 2374 729 sex
2405 675 2571 728 libros
2616 674 3002 741 complectens.
3034 668 3143 741 (Ex
3186 668 3418 737 Vignen’i
3457 667 3838 737 Supplem.)—

2282 766 2349 820 In
2392 766 2711 834 Appendice,
2750 763 2927 816 Prima
2959 772 3102 832 parte
3130 777 3149 814 :
3180 760 3635 829 Hypomnesticou
3667 769 3839 812 contra

2284 856 2602 925 Pelagianos
2648 864 2702 907 et
2731 854 3074 915 leestinos,
3129 852 3287 919 vulgo
3320 851 3443 903 libri
3490 849 3841 917 llypognosti-

2285 962 2417 1005 con;
2464 947 2626 999 Liber
2668 946 2900 1014 suspecti
2930 943 3171 997 auctoris
3197 944 3263 997 de
3292 942 3763 1008 przndestinatione
3798 952 3843 996 et

2286 1039 2490 1108 gratia;
2524 1036 2760 1089 Libellus
2793 1034 2981 1088 incerti
3024 1034 3259 1087 auctoris
3286 1032 3354 1086 de
3382 1032 3845 1101 prazdestinatione

2289 1128 2406 1181 Dei.
2456 1127 2675 1196 (Lovan.
2730 1126 2791 1179 Τ.
2848 1125 2937 1178 VII
2980 1124 3144 1195 App.)
3193 1123 3435 1178 Secunda
3482 1133 3627 1193 parte
3656 1139 3674 1175 :
3705 1122 3845 1177 Varia

2288 1222 2486 1289 scripta
2516 1229 2571 1274 et
2597 1228 2939 1272 monumenta
2971 1217 3033 1270 ad
3065 1217 3409 1285 Pelagianam
3439 1216 3717 1269 historiam
3742 1232 3848 1284 per-

2291 1310 2535 1363 tinentia.
2587 1309 2761 1361 Tertia
2803 1318 2990 1379 parte:
3024 1308 3276 1374 Prosperi
3326 1308 3577 1376 Aquitani
3619 1323 3714 1374 pro
3752 1310 3850 1360 Au-

2290 1403 2505 1467 gustino
2547 1410 2733 1454 contra
2766 1400 2979 1469 iniquos
3007 1398 3266 1453 doetrina:
3298 1399 3467 1465 ipsius
3500 1398 3565 1452 de
3605 1400 3771 1467 gratia
3805 1409 3852 1452 et

2292 1492 2765 1560 prasdcstinatinne
2796 1491 3217 1559 reprehensores
3242 1490 3577 1558 apolngetica
3610 1489 3854 1558 opuscula

2291 1584 2529 1648 scilicet;
2557 1582 2793 1651 Epistula
2822 1582 2888 1635 ad
2919 1582 3170 1635 Rufinum
3196 1581 3263 1635 de
3291 1582 3458 1651 gratia
3500 1591 3553 1636 et
3582 1582 3753 1635 libero
3776 1597 3855 1634 ar-

2293 1675 2484 1732 bitrio:
2518 1675 2681 1729 Liber
2716 1683 2904 1727 contra
2952 1674 3314 1739 Collatoretn;
3363 1673 3765 1741 Responsiones
3799 1674 3855 1727 ad

604 1785 672 1835 tis
714 1755 849 1834 liber
876 1778 1073 1847 Vigilio
1106 1778 1399 1844 Tapsitano
1439 1778 1697 1844 episcopo
1727 1776 2024 1829 restitutus.
2068 1772 2191 1841 (ιο.
2224 1755 2265 1811 Β
2294 1768 2528 1836 capitula
2594 1766 3035 1821 calumniantium
3092 1766 3400 1829 Gallorum;
3466 1765 3857 1836 Responsiones

604 1889 722 1925 van.
756 1871 822 1925 Τ.
855 1869 921 1922 Vl
956 1867 1120 1939 App.)
1152 1868 1490 1933 Qumstiones
1521 1866 1588 1920 de
1620 1863 1879 1919 Trinitate
1907 1874 1960 1918 et
1989 1865 2055 1917 de
2082 1864 2190 1918 Ge-

606 1964 743 2028 nesi,
778 1976 843 2016 ex
875 1962 1102 2015 Alcuino
1134 1959 1444 2029 descriptm.
1481 1958 1697 2029 (Lavan.
1732 1956 1796 2011 T.
1829 1958 1890 2011 Ill
1924 1954 2087 2026 App.)
2118 1956 2194 2009 De

606 2055 986 2109 Incarnatione
1016 2052 1179 2109 Verbi
1229 2055 1295 2107 ad
1338 2052 1649 2107 Januarium
1682 2050 1799 2103 libri
1832 2050 1942 2103 duo
1971 2064 2036 2102 ex
2079 2048 2196 2101 Ori-

607 2147 732 2216 gine
762 2146 996 2200 collecti.
1028 2145 1248 2215 (Lovan.
1278 2145 1343 2198 T.
1377 2144 1444 2199 IV
1476 2141 1639 2212 App.)
1673 2142 1789 2196 Lib.
1823 2141 1890 2195 de
1931 2139 2194 2194 Trinitate

610 2248 668 2292 et
696 2236 905 2291 unitate
936 2236 1049 2289 Dei.
1086 2235 1308 2307 (Lovan.
1354 2235 1419 2288 Τ.
1453 2234 1518 2287 IV
1550 2233 1716 2302 App.)
1746 2233 1821 2286 De
1848 2232 2083 2285 eSSentia
2112 2231 2192 2284 di-

610 2328 873 2382 vinitatis.
909 2327 1123 2397 (Lovan.
1154 2327 1216 2380 Τ.
1248 2325 1362 2395 IV.)
1392 2326 1641 2394 Dialogus
1670 2324 1738 2379 de
1770 2324 1969 2377 unitate
1994 2332 2195 2376 sancta:

613 2420 917 2474 Trinitatis.
952 2415 1077 2485 (Ed.
1112 2416 1238 2469 Par.
1272 2416 1337 2470 T.
1366 2414 1415 2469 Χ
1442 2414 1604 2485 App.)
1634 2414 1797 2468 Liber
1826 2413 1895 2468 de
1919 2412 2197 2467 ecclesias-

613 2513 739 2565 ticis
768 2510 1124 2579 dogmatibus.
1159 2508 1376 2577 (Lovan.
1409 2507 1473 2560 Τ.
1506 2506 1573 2559 llI
1600 2502 1768 2574 App.)

688 2599 849 2653 Tomo
898 2616 1053 2659 nono.
1097 2614 1263 2667 Opera
1307 2597 1569 2665 polemica
1615 2604 1802 2649 contra
1852 2594 2194 2647 Donatistas:

614 2721 686 2732 —
712 2691 954 2744 I’SaImus
995 2700 1179 2743 contra
1213 2687 1430 2741 Partem
1470 2688 1695 2744 Donati;
1739 2686 1940 2739 Contra
1981 2686 2200 2739 Parme-

615 2784 833 2836 nianum
866 2784 951 2835 lib.
988 2781 1085 2845 IIl;
1122 2782 1195 2835 De
1235 2781 1504 2847 baptismo
1548 2788 1735 2833 contra
1769 2778 2072 2831 Donatistas
2102 2776 2196 2830 lib.

615 2872 743 2937 VII;
790 2872 987 2925 Contra
1030 2872 1237 2925 litteras
1288 2868 1537 2923 Petiliani
1581 2869 1677 2923 lib.
1718 2866 1815 2931 Ill;
1863 2867 2102 2935 Epistula
2133 2866 2199 2919 ad

613 2964 926 3019 Catltolicos
955 2976 1147 3017 contra
1192 2961 1525 3028 Donatistas,
1556 2960 1717 3030 vulgo
1748 2960 1817 3014 de
1859 2960 2066 3013 unitate
2096 2958 2200 3013 Ec-

614 3055 797 3109 clesia:
863 3056 951 3107 lib.
1010 3054 1069 3118 I;
1110 3054 1315 3108 Contra
1368 3050 1728 3107 Cresconium
1786 3050 2198 3119 grammaticum

617 3145 952 3200 Donatistam
1004 3145 1125 3199 libri
1180 3145 1286 3209 IV;
1350 3145 1427 3198 De
1481 3145 1640 3197 unico
1688 3142 1957 3211 baptismo
2012 3155 2200 3197 contra

618 3236 941 3289 Petilianum
968 3252 982 3301 ;
1026 3236 1338 3291 Breviculus
1370 3234 1690 3289 Collationis
1716 3249 1837 3288 cum
1875 3235 2199 3299 Donatistis;

617 3327 751 3381 Post
799 3325 1158 3381 Collationem
1205 3326 1271 3381 ad
1325 3327 1636 3382 Donatistas
1674 3327 1770 3381 lib.
1803 3327 1851 3392 l;
1898 3326 2091 3381 Sermo
2135 3327 2202 3380 ad

614 3418 985 3473 Carsareensis
1018 3419 1281 3472 Ecclesia:
1306 3419 1519 3487 plebem
1553 3418 1792 3474 Emerito
1818 3426 2087 3487 praesente
2118 3418 2202 3472 di-

618 3520 770 3563 ctus:
804 3508 881 3562 De
926 3508 1095 3577 gestis
1126 3524 1250 3561 cum
1293 3508 1561 3573 Emerito;
1608 3508 1805 3562 Contra
1844 3508 2201 3563 Gaudentium

617 3598 955 3653 Donatistam
1009 3600 1344 3669 episcopum.
1399 3599 1493 3652 lib.
1554 3600 1619 3657 Il.
1672 3598 1892 3671 (ιουαη.
1953 3600 2015 3653 Τ.
2066 3601 2201 3670 VII.)

617 3690 814 3747 Sermo
843 3690 910 3744 de
941 3690 1254 3744 Rusticiano
1285 3690 1649 3756 subdiacono,
1698 3708 1727 3745 a
1776 3692 2071 3746 Donatistis
2120 3708 2205 3745 re-

618 3784 891 3849 baptizato
918 3792 971 3837 et
1002 3784 1053 3835 in
1086 3782 1375 3835 diaconum
1406 3782 1678 3836 ordinato.
1716 3783 1823 3853 (Ea:
1851 3785 2204 3854 supplemento

628 3873 905 3945 Vignert'i.)
937 3903 1006 3914 -
1031 3872 1097 3926 In
1129 3874 1427 3943 Appendicc
1462 3874 1702 3928 :Contra
1734 3875 2071 3942 Fulgentittm
2106 3874 2205 3926 Do-

617 3967 896 4027 natistatn,
926 3965 1117 4018 incerti
1147 3964 1383 4017 auctoris
1428 3965 1592 4032 liber;
1636 3966 1896 4035 Excerpta
1925 3976 1975 4019 et
2004 3966 2202 4033 scripti

620 4066 804 4110 vetera
834 4056 900 4109 ad
934 4056 1329 4111 Donatistarum
1372 4057 1654 4111 historiam
1698 4060 2048 4128 pertinentia.
2079 4056 2207 4120 (Lo-

616 4162 735 4200 van.
764 4146 827 4200 Τ.
860 4146 943 4200 VII
976 4147 1140 4218 App.)

690 4238 854 4293 Tanto
886 4240 1101 4307 decimo,
1135 4257 1296 4309 opera
1331 4242 1593 4309 polemica
1624 4251 1811 4295 contra
1845 4241 2162 4310 Pelagianos
2190 4259 2201 4293 :

618 4358 691 4369 —-
716 4330 790 4383 De
824 4341 1169 4398 peccatorum
1209 4334 1416 4387 meritis
1451 4342 1505 4387 et
1548 4334 1874 4387 remissione
1911 4344 1965 4387 et
1996 4334 2062 4386 de
2109 4332 2201 4386 ha-

618 4419 822 4488 ptismo
865 4421 1239 4489 parvulorum,
1283 4422 1350 4475 ad
1398 4423 1793 4487 Marcellinum,
1844 4423 1939 4479 lib.
1986 4423 2090 4487 lll;
2134 4424 2204 4476 De

619 4510 813 4577 spiritu
853 4522 907 4564 et
956 4511 1134 4565 littera
1179 4511 1243 4564 ad
1278 4513 1528 4565 eumdem
1576 4513 1670 4565 lib.
1704 4513 1760 4577 l;
1795 4513 1873 4567 De
1924 4524 2115 4567 natura
2151 4525 2204 4568 et

618 4604 791 4670 gratia
834 4612 1021 4657 contra
1068 4604 1367 4673 Pelagium,
1409 4606 1474 4659 ad
1508 4606 1804 4659 Timasium
1849 4614 1902 4660 et
1943 4608 2201 4661 Jacubunt

619 4693 717 4746 lib.
750 4692 800 4757 I;
830 4693 907 4747 De
942 4694 1276 4761 perleCtione
1301 4696 1527 4764 justitia:
1561 4696 1794 4750 hominis
1826 4697 2073 4765 epistola.
2107 4713 2201 4751 seu

620 4786 758 4840 liber
780 4788 845 4840 ad
878 4787 1196 4855 Eutropium
1230 4798 1284 4842 et
1314 4790 1571 4855 Paulum;
1603 4792 1675 4844 De
1704 4792 1868 4858 gestis
1904 4789 2102 4859 Pelagii
2135 4792 2200 4844 ad

619 4881 898 4935 Aurelium
943 4883 1036 4937 lib.
1081 4882 1142 4947 I;
1182 4885 1256 4937 De
1303 4891 1474 4953 gratia
1516 4886 1717 4940 Christi
1767 4896 1823 4940 et
1865 4888 1935 4941 de
1983 4896 2202 4956 peccato

617 4974 870 5042 originali
893 4986 1083 5030 contra
1116 4976 1419 5044 Pelagium,
1452 4977 1515 5031 ad
1540 4978 1815 5045 Albinam,
1842 4978 2126 5033 Pinianum
2148 4988 2203 5033 et

619 5064 905 5119 Melaniatn
947 5067 1039 5120 lib.
1087 5068 1161 5131 ll;
1211 5069 1285 5121 De
1330 5068 1529 5136 nuptiis
1560 5078 1615 5122 et
1648 5071 2091 5138 concupiscentia
2135 5071 2202 5125 ad

619 5156 894 5211 Valerium
926 5159 1021 5211 lib.
1054 5159 1127 5214 ll:
1179 5160 1254 5214 De
1281 5162 1457 5213 anima
1507 5170 1561 5215 et
1605 5161 1725 5230 ejus
1765 5163 1973 5232 origine
2015 5173 2202 5216 contra

619 5245 891 5301 Vincenzii
940 5248 1208 5303 Victorem
1238 5251 1331 5303 lib.
1379 5251 1479 5314 IV;
1522 5252 1726 5306 Contra
1769 5255 1903 5306 duas
1946 5254 2204 5322 epistolas

618 5339 1051 5409 Pelagianorum.
1082 5343 1176 5396 lib.
1202 5344 1268 5397 ad
1300 5344 1652 5398 Bonifacium.
1682 5346 1719 5398 l.
1754 5346 1858 5409 VI;
1890 5345 2200 5399 ContraJu-

618 5432 825 5486 lianum
869 5433 1095 5489 bmresis
1144 5434 1445 5505 Pelagiana:
1476 5436 1820 5491 defensorem
1864 5436 1961 5490 lib.
1990 5436 2091 5497 IV;
2125 5434 2199 5490 De

618 5524 789 5591 gratia
823 5534 877 5579 et
903 5525 1075 5580 libero
1124 5527 1352 5581 arbitrio
1394 5529 1460 5581 ad
1491 5529 1833 5583 Valentinum
1871 5537 1923 5582 et
1953 5544 2074 5582 cum
2108 5527 2199 5581 illo

620 5618 918 5673 monachos
968 5621 1352 5676 Adrumetinos
1400 5622 1493 5675 lib.
1530 5621 1581 5686 l;
1635 5621 1713 5675 De
1761 5621 2100 5688 correptione
2146 5628 2200 5674 et

618 5712 791 5781 gratia
822 5713 887 5767 ad
922 5716 1136 5771 eosdem
1167 5716 1259 5770 lib.
1298 5714 1348 5781 I;
1382 5714 1457 5769 De
1481 5712 1957 5784 pra'dcstinatiouc
1986 5722 2199 5770 sancto-

2235 4465 2285 4522 D

2296 1858 2365 1911 ad
2412 1857 2649 1926 capitula
2696 1856 3059 1925 objectionum
3110 1857 3608 1911 Vittcentianarutn.
3652 1856 3858 1926 (Lovan.

2295 1948 2359 2003 Τ.
2389 1948 2474 2002 VII
2503 1948 2668 2017 App.)
2696 1948 3095 2017 Responsiones
3117 1948 3184 2001 ad
3216 1958 3490 2018 excerpta,
3524 1963 3643 2015 qua:
3676 1948 3742 2001 de
3763 1946 3860 2002 Ge-

2296 2041 2488 2094 nuensi
2539 2041 2757 2094 civitate
2803 2049 2929 2093 sunt
2981 2041 3166 2093 missa.
3225 2038 3443 2109 (Loran.
3500 2038 3563 2091 T.
3618 2038 3657 2088 V
3706 2037 3861 2108 App.)

2296 2130 2556 2199 Ejusdem
2591 2131 2726 2183 liber
2756 2132 3149 2183 sententiarum
3182 2146 3245 2183 ex
3276 2130 3573 2198 Augustino
3602 2147 3614 2181 :
3649 2128 3877 2197 (Lovan:

2298 2223 2361 2275 Τ.
2394 2222 2458 2275 V.
2491 2222 2657 2290 App.)
2686 2222 2971 2291 Augustini
3001 2222 3139 2286 Vita,
3177 2233 3396 2275 auctore
3424 2221 3707 2285 Possidio;
3739 2221 3863 2274 Indi-

2297 2312 2450 2366 culus
2495 2313 2779 2379 librorum,
2832 2323 3153 2366 tractatuum
3199 2324 3251 2365 et
3304 2313 3656 2380 epistularum
3700 2298 3865 2381 Augu-

2300 2405 2450 2466 stini,
2482 2418 2607 2457 cura
2638 2401 2868 2458 Possidii
2897 2404 3094 2458 editus.
3131 2403 3346 2473 (Latan.
3378 2405 3441 2458 Τ.
3476 2406 3540 2474 I.)

2372 2495 2509 2548 Cum
2560 2495 2721 2548 trium
2762 2497 3119 2564 posteriorum
3166 2496 3498 2548 voluminum
3548 2496 3723 2550 series
3766 2494 3868 2549 fere

2302 2594 2411 2639 tota
2442 2600 2567 2639 cum
2600 2585 3017 2639 Lovaniensium
3046 2585 3236 2639 ordine
3266 2589 3593 2648 consentiat,
3620 2588 3796 2637 minor
3823 2586 3868 2637 in

2303 2678 2387 2729 his
2421 2676 2575 2730 labor
2601 2678 2961 2731 exantlandns
2998 2676 3114 2731 fuit.
3148 2678 3487 2746 Quapropter
3536 2677 3587 2729 in
3621 2677 3767 2744 ipsas
3798 2691 3871 2727 rc-

2303 2782 2422 2822 rum
2450 2778 2807 2823 tractatarum
2848 2771 3087 2837 origines
3119 2778 3174 2823 et
3205 2784 3396 2823 Causas
3422 2769 3598 2820 acrius
3626 2767 3872 2821 incubue~

2302 2873 2449 2928 runt,
2481 2877 2542 2915 ac
2574 2863 3026 2917 Donatisticarum
3061 2874 3116 2917 et
3158 2862 3565 2930 Pelagianarum
3599 2859 3772 2912 litium
3806 2858 3871 2909 bi.

2304 2955 2531 3009 storiam
2564 2956 2617 3009 in
2650 2957 2875 3010 introitu
2905 2957 3143 3025 cujusvis
3173 2956 3302 3010 tomi
3333 2963 3583 3014 acettrate
3610 2952 3872 3007 enucleari

2305 3048 2648 3104 studuerunt.
2705 3049 2801 3103 Cui
2835 3049 3118 3104 industrie
3166 3050 3393 3105 debetur
3434 3049 3618 3113 etiam,
3649 3048 3792 3117 quod
3830 3047 3873 3099 in

2306 3141 2619 3211 Appendice
2663 3142 2841 3195 ultimi
2872 3143 3001 3195 tomi
3032 3144 3275 3212 quaedam
3314 3143 3483 3195 aliena
3518 3140 3727 3194 incerta
3759 3138 3875 3202 sint,

2306 3248 2412 3301 quo
2441 3234 2654 3303 plenior
2682 3234 2893 3288 scilicet
2923 3249 3105 3287 rerum
3141 3235 3369 3287 istarum
3391 3231 3652 3287 memoria
3681 3231 3877 3299 exjun~

2304 3326 2406 3379 Ctis
2437 3327 2801 3380 monumentis
2837 3326 3042 3380 hauriri
3072 3338 3276 3395 posset.

2385 3420 2545 3473 Tomo
2586 3420 2857 3471 undecimo
2899 3418 3103 3484 insunt,
3150 3421 3327 3488 primo
3368 3417 3508 3481 loco,
3543 3414 3881 3485 praefationes

2303 3512 2584 3585 generales
2613 3512 2755 3575 dum.
2780 3526 2885 3564 una
2916 3511 2969 3565 in
2992 3525 3127 3580 opus
3159 3510 3490 3572 universum,
3517 3525 3635 3578 qua:
3661 3508 3735 3562 de
3762 3523 3882 3561 con-

2305 3607 2461 3670 silio,
2523 3604 2825 3667 occasione,
2881 3603 3119 3663 auxiliis.
3171 3603 3415 3656 laborum
3469 3600 3883 3665 distributione,

2306 3710 2583 3761 successu,
2616 3693 2976 3753 ollendieulis,
3012 3692 3255 3761 patronis
3282 3692 3398 3760 ejus
3430 3690 3681 3759 exponit,
3726 3692 3885 3744 altera

2308 3786 2527 3840 brevior
2567 3786 2620 3839 in
2650 3785 2993 3854 Appendiccs
3042 3784 3266 3851 singulis
3317 3785 3475 3835 tomis
3501 3782 3809 3849 adjunmas.
3841 3792 3887 3835 et

2310 3878 2423 3942 ipsa
2454 3875 2687 3943 denique
2714 3875 2870 3942 hujus
2900 3873 3473 3927 undecimivuluminis
3502 3884 3784 3928 contenta.
3816 3874 3887 3925 Ad

2310 3968 2446 4022 hanc
2483 3968 2839 4037 posteriorem
2890 3969 3139 4034 proxime
3196 3976 3405 4033 Spectat
3449 3967 3728 4021 indiculus
3768 3965 3891 4019 scri-

2310 4070 2521 4128 ptorum
2550 4101 2565 4124 ,
2608 4060 2806 4127 quibus
2856 4068 3126 4128 tamquam
3179 4059 3327 4111 veris
3376 4059 3693 4112 auctoribus
3750 4058 3889 4110 varia

2308 4154 2565 4221 opuscula
2607 4152 2909 4219 Augustino
2949 4166 3232 4219 perperam
3278 4152 3477 4205 tributa
3516 4150 3705 4205 denuo
3747 4165 3891 4204 asse-

2308 4250 2554 4296 ruerunt.
2585 4242 2709 4296 Ilmc
2740 4242 2938 4311 excipit
2973 4242 3089 4294 Vita
3119 4242 3177 4295 S.
3208 4242 3483 4312 Augustini
3506 4257 3568 4295 ex
3598 4241 3891 4295 'I‘illemon-

2310 4334 2370 4387 tii
2411 4333 2817 4401 sehedis,-qnas
2862 4333 3038 4387 adhuc
3084 4342 3194 4387 tum
3241 4332 3477 4385 incditas
3521 4342 3717 4385 auctor
3769 4331 3893 4399 ipsis

2308 4425 2826 4490 comnmuicaverat,
2856 4423 2968 4478 fere
3000 4426 3264 4477 traducta.
3302 4424 3455 4477 Ilanc
3486 4439 3625 4491 pone
3653 4438 3891 4491 sequun-

2311 4528 2394 4569 tur
2423 4518 2625 4571 indices
2655 4518 2932 4578 librorum,
2960 4531 3153 4584 nempe
3184 4531 3346 4577 unus,
3388 4516 3480 4584 qui
3504 4517 3705 4569 seriem
3734 4515 3895 4568 libro-

2308 4626 2427 4663 rum
2472 4609 2601 4662 tomi
2649 4610 2908 4677 cujuSque
2940 4622 3091 4662 novre
3132 4608 3420 4671 editionis;
3472 4606 3772 4670 secundus,
3806 4605 3893 4672 qui

2309 4701 2660 4754 Lovaniensis
2691 4700 2934 4753 ordinem
2980 4699 3249 4764 ostendit;
3288 4699 3481 4751 tertius
3516 4696 3895 4765 alphabeticus

2307 4792 2641 4862 singulorum
2683 4792 3089 4860 opusculorum.
3122 4790 3363 4843 Proximi
3409 4797 3537 4842 sunt
3567 4788 3784 4841 indices
3816 4803 3893 4839 reo

2308 4902 2427 4938 rum
2456 4904 2467 4936 :
2495 4886 2701 4953 primus
2730 4884 3051 4938 universalis
3082 4885 3132 4936 in
3172 4883 3354 4937 omnia
3398 4883 3585 4936 decem
3617 4892 3893 4934 tomorum

2306 4986 2559 5032 contenta
2607 4975 3014 5043 eopiosissimus
3062 4986 3115 5030 et
3165 4976 3307 5029 mole
3350 4990 3447 5030 sua
3486 4975 3891 5044 amplissimus;

2306 5071 2443 5123 alter
2472 5069 2746 5137 generalis
2786 5068 3189 5136 Scripturarutn
3229 5083 3536 5131 sacrarum;
3572 5068 3770 5121 tertius
3802 5066 3894 5119 de-

2308 5162 2469 5229 nique
2516 5162 2759 5213 omnimn
2810 5160 3114 5229 sputinrum
3168 5160 3575 5227 upusculorum,
3632 5176 3756 5229 quae
3806 5173 3897 5225 per

2308 5252 2496 5307 decem
2533 5252 2859 5306 voluminum
2886 5252 3215 5322 appendices
3245 5252 3490 5319 dispersa
3523 5262 3670 5303 sunt.

2382 5344 2658 5413 Superest.
2696 5354 2751 5395 ut
2774 5342 2840 5395 de
2867 5343 2931 5395 iis
2967 5342 3141 5395 adhuc
3180 5341 3340 5395 verba
3372 5342 3646 5402 faciamus,
3677 5354 3803 5408 qua:
3832 5356 3894 5390 cx

2310 5448 2441 5488 mss.
2462 5433 2857 5503 exemplaribus
2884 5433 2991 5500 jam
3023 5434 3251 5501 primum
3302 5433 3515 5485 excusis
3563 5431 3897 5485 incrementa

2308 5537 2465 5597 atque
2494 5536 2806 5580 ornamenta
2830 5526 3040 5578 duxerit
3063 5525 3301 5578 Maurina
3344 5524 3528 5577 editio.
3559 5523 3676 5575 Non
3721 5521 3896 5574 levi-ut

2310 5636 2440 5674 sane
2464 5619 2830 5674 Luvanienses
2860 5617 3090 5685 theologi
3116 5614 3728 5686 coagesserantcupiam
3747 5614 3893 5666 codi-

2310 5727 2432 5766 cum
2480 5725 2640 5764 manu
2672 5716 3021 5763 exaratorum
3050 5715 3105 5762 ει
3135 5718 3314 5762 tamen
3362 5720 3551 5761 OIIIIICS
3579 5706 3692 5761 fere
3727 5720 3895 5759 unum
