4010 6350
212 300 315 355 ιιι
1129 302 1404 358 NOTlTlA
1443 301 1874 359 LITTERARIA
1913 302 1981 360 ΙΝ
2019 302 2079 360 S.
2119 300 2590 359 AUGUSTINUM.
3381 302 3484 359 102

201 412 645 482 suppeditavcrat
695 411 932 481 Belgium
956 452 970 477 ,
1004 412 1049 466 si
1080 412 1405 482 Anglicanos
1452 412 1744 469 nonnullos
1771 454 1787 481 ,
1819 416 1869 474 Α
1969 412 2209 481 Denique
2236 412 2387 466 nefas
2416 413 2708 477 videbitur,
2741 414 2783 466 si
2817 428 3028 479 eorum,
3052 414 3146 484 qui
3182 416 3483 484 prmcipuas

200 505 303 558 sed
352 520 442 571 qui
496 504 672 557 serius
726 503 792 556 ad
840 518 1053 557 manum
1105 511 1487 573 pervenerant,
1536 502 1794 571 excipias.

200 595 389 662 Longe
412 595 575 662 igitur
600 593 821 648 uberior
848 595 1171 648 variantium
1198 595 1487 649 lectionum
1510 594 1701 648 messis
1730 608 1798 648 ex

201 687 530 751 Gallicanis,
592 688 1045 741 monasteriorum
1099 687 1388 756 imprimis,
1447 686 1797 740 Bibliothecis

194 778 512 846 exspectari
550 787 785 846 poterat,
821 794 1048 846 quarum
1080 778 1507 847 colligendarnm
1536 776 1796 831 industria

198 870 373 937 magis
398 870 974 924 etiamaccendebatur
996 870 1379 923 beneficiotam
1402 869 1618 937 insigni,
1636 882 1795 936 quam

198 960 501 1027 inSperato.
572 960 834 1014 Nimirum
872 972 1087 1015 centum
1122 961 1224 1030 ipsi
1259 960 1371 1029 jam
1412 959 1613 1030 expleti
1645 968 1798 1013 erant

198 1053 351 1115 anni,
381 1068 505 1105 cum
545 1052 647 1104 sub
692 1053 944 1121 auspiciis
977 1052 1135 1113 Sixti,
1166 1053 1288 1105 dein
1317 1050 1590 1105 Clementis
1626 1048 1796 1113 VIII,

198 1157 396 1195 novam
425 1142 710 1210 Augustini
742 1158 962 1211 operum
978 1142 1271 1197 editionem
1299 1142 1573 1196 Vaticanis
1591 1142 1797 1195 codici-

199 1233 299 1286 bus
331 1234 819 1301 superstruendam
848 1236 1088 1301 aggressi
1120 1240 1278 1287 erant
1317 1232 1503 1285 Petrus
1534 1233 1795 1298 Marinus,

204 1321 481 1375 Vaticana:
532 1322 905 1391 typographire
928 1322 1239 1389 prmfectus,
1279 1322 1541 1375 Adrianus
1592 1321 1756 1375 abbas
1781 1359 1797 1385 ,

203 1411 421 1476 Obrius,
450 1410 643 1463 doctor
687 1411 1036 1476 Parisiensis,
1076 1412 1275 1481 aliique
1317 1414 1461 1467 docti
1513 1414 1636 1479 viri,
1669 1427 1798 1467 con-

199 1500 285 1554 tisi
314 1512 369 1555 et
403 1516 629 1555 numero
651 1503 1039 1571 exemplarium
1088 1505 1582 1574 inanuscriptorum
1609 1514 1664 1557 et
1701 1505 1796 1558 bo-

202 1595 389 1657 nitati,
421 1595 616 1661 quippe
642 1609 764 1662 qua:
797 1595 1032 1661 plurima
1064 1596 1201 1650 adeo
1239 1600 1525 1651 continere
1556 1597 1793 1651 affirma-

208 1693 354 1747 rent,
389 1700 502 1752 qu-.e
536 1687 586 1737 in
619 1685 943 1739 Lovaniensi
970 1687 1208 1743 editione
1253 1690 1598 1755 quantumvis
1637 1704 1796 1743 accu-

202 1784 325 1826 rata
352 1774 817 1828 desiderarentur.
851 1777 1041 1830 Collati
1068 1779 1248 1847 itaque
1275 1788 1398 1832 sunt
1428 1781 1795 1834 Lovauienses

202 1863 330 1916 libri
349 1879 469 1916 cum
506 1863 777 1918 Vaticanis
799 1867 1077 1921 codicibus
1103 1884 1363 1937 perquam
1395 1872 1797 1923 accuratissime

201 1964 254 2006 et
299 1953 369 2004 ad
421 1955 717 2020 marginem
773 1955 1038 2023 appOsita:
1098 1960 1367 2011 variantes
1413 1959 1673 2013 lectiones
1731 1960 1796 2011 ad

204 2044 578 2097 adornandain
607 2045 928 2111 editionem,
964 2049 1045 2100 cui
1076 2049 1373 2101 cardinalis
1401 2048 1627 2102 Verona:
1658 2049 1797 2101 sacri

202 2133 422 2201 collegii
448 2132 701 2202 princeps
731 2132 1022 2202 praifecms
1062 2135 1182 2190 fuit.
1220 2135 1414 2189 Verum
1449 2152 1569 2190 cum
1605 2152 1691 2189 res
1721 2136 1799 2189 ef-

205 2224 352 2277 fectu
391 2224 680 2287 caruisset,
713 2240 899 2279 omnes
950 2225 1055 2278 illa:
1100 2225 1433 2278 variationes
1478 2225 1635 2292 jussu
1682 2222 1798 2277 Cle-

204 2315 389 2365 mentis
428 2313 470 2365 Χ
531 2329 625 2381 per
680 2316 1014 2368 cardiualem
1065 2315 1267 2369 Bonam
1313 2331 1435 2369 cum
1493 2314 1799 2368 Benedicti-

206 2412 292 2457 uis
319 2414 447 2456 sunt
472 2405 905 2473 communicata),
959 2415 1013 2459 ut
1052 2407 1116 2458 iis
1141 2406 1192 2459 iu
1250 2420 1387 2459 nova
1430 2405 1669 2459 editione
1699 2421 1796 2458 sua

210 2504 518 2548 uterentur.
545 2494 677 2546 Tum
708 2511 837 2549 vero
871 2495 1229 2565 undequaque
1262 2505 1373 2549 tum
1403 2512 1468 2550 ex
1498 2498 1635 2561 suis,
1686 2507 1796 2550 tum

201 2587 401 2640 alienis
432 2602 529 2655 per
576 2588 804 2641 Galliam
850 2589 1197 2643 bibliothecis
1246 2592 1564 2658 conquirere
1612 2605 1797 2658 caepe-

204 2688 335 2731 runt
361 2680 627 2745 subsidia,
664 2690 718 2733 et
748 2696 856 2733 non
888 2682 1063 2734 solum
1105 2684 1157 2735 in
1186 2685 1357 2735 sancti
1400 2682 1651 2736 Germani
1700 2683 1802 2737 Pa-

205 2770 448 2830 risiensi,
478 2771 572 2825 sed
602 2781 657 2825 et
698 2772 751 2825 in
779 2773 901 2826 aliis
939 2773 1163 2825 aliarum
1220 2773 1617 2841 provinciarum
1663 2789 1795 2829 eon-

204 2862 538 2930 gregationis
575 2878 687 2916 sua:
719 2865 1067 2916 monasteriis
1096 2863 1310 2917 sodales
1348 2864 1413 2915 ad
1443 2863 1798 2918 confert-udos

205 2954 427 3007 codices
450 2955 842 3008 astrinxcrunt.
873 2955 950 3009 Ac
981 2954 1173 3007 horum
1197 2955 1411 3023 quidem
1437 2957 1675 3009 omnium
1700 2957 1799 3008 im-

212 3060 401 3099 u.ensvi
435 3047 593 3114 plane
622 3046 727 3099 fuit
755 3049 930 3114 copia,
960 3062 1025 3099 ex
1055 3047 1249 3114 quibus
1282 3055 1459 3100 textus
1488 3062 1647 3113 quam
1680 3050 1796 3115 plu-

204 3139 365 3193 rimis
397 3143 450 3192 in
502 3140 636 3193 locis
690 3155 817 3193 vere
867 3140 1183 3193 emendatus
1220 3149 1333 3206 est,
1366 3140 1418 3193 in
1463 3141 1585 3193 aliis
1618 3149 1791 3194 tamen

205 3233 349 3284 locis
375 3232 615 3300 potiores
639 3240 843 3284 tantum
891 3232 1151 3285 lectiones
1179 3235 1453 3286 variantes
1492 3233 1794 3287 subnotatze

200 3334 357 3379 sunt.
391 3325 841 3377 Emendatiouum
869 3333 1069 3388 autem,
1096 3324 1249 3391 juxta
1276 3341 1435 3393 quam
1472 3326 1790 3378 varietatum

200 3417 659 3470 commemoratio
689 3417 902 3484 partim,
936 3416 1069 3469 utin
1096 3414 1437 3480 Lovauiensi,
1470 3418 1527 3469 lit
1552 3417 1793 3469 indiculo

201 3519 331 3575 post
386 3510 532 3574 ipsos
576 3508 842 3577 genuinos
891 3507 1058 3561 libros
1095 3507 1359 3571 exhibito,
1393 3509 1580 3573 inquo
1624 3509 1788 3560 etiam

196 3598 562 3665 exemplaria,
592 3613 710 3664 qua:
756 3598 809 3649 in
842 3595 1067 3664 singulis
1100 3606 1407 3661 comparata
1444 3607 1589 3661 sunt,
1621 3600 1793 3650 nomi-

195 3692 382 3743 tuatim
415 3689 886 3751 demonstrantur;
916 3688 1111 3755 partim
1154 3702 1285 3739 vero
1327 3687 1429 3739 sub
1462 3688 1579 3754 ipSo
1606 3674 1790 3740 statim

196 3794 393 3845 textu,
422 3780 573 3849 cujus
602 3780 969 3834 distractioois
1007 3794 1200 3832 causas
1245 3793 1349 3832 nec
1386 3778 1454 3831 ab
1493 3778 1791 3832 editoribus

194 3874 459 3943 proditas
487 3874 809 3934 invenimus,
842 3887 944 3926 nec
974 3872 1075 3940 ipsi
1107 3872 1322 3940 assequi
1355 3873 1649 3938 potuimus.
1692 3872 1796 3938 Qui

195 3982 345 4023 vero
375 3966 762 4035 inappeudices
778 3965 962 4032 rejecti
985 3973 1111 4018 sunt
1135 3964 1276 4027 libri,
1298 3964 1396 4017 etsi
1437 3978 1542 4017 non
1574 3966 1794 4019 omnino

194 4069 466 4129 expertes
493 4060 705 4113 fuerunt
752 4057 912 4127 hujus
963 4072 1131 4123 curae,
1166 4055 1336 4111 simili
1370 4066 1545 4111 tamen
1572 4067 1796 4112 annota-

193 4154 357 4206 tione
389 4166 493 4204 non
519 4150 774 4218 gaudent.

271 4312 363 4381 (α)
391 4311 587 4365 Oudin.
612 4311 919 4381 Comment.
948 4308 1011 4363 Τ.
1040 4310 1079 4371 l,
1117 4325 1167 4377 p.
1194 4309 1300 4363 954
1332 4324 1450 4381 sqq.
1480 4326 1494 4373 ;
1548 4309 1621 4364 Μ.
1658 4311 1795 4367 Bibl.

194 4379 365 4469 Eccl;
396 4382 575 4435 Colon.
596 4380 833 4469 [νὼ-[δη
873 4379 1008 4432 Ilist.
1042 4382 1142 4433 litt.
1175 4382 1235 4432 de
1263 4382 1312 4433 la
1335 4379 1711 4453 Congrégation
1736 4385 1801 4469 de

191 4452 489 4510 S.-Maur.
518 4468 570 4517 p.
596 4450 723 4505 992.

268 4524 366 4591 (ὁ)
400 4522 623 4575 Exstant
651 4523 719 4574 de
742 4520 841 4574 hac
870 4520 1109 4574 editione
1139 4520 1323 4573 multa;
1375 4530 1479 4573 tam
1504 4520 1663 4589 justa:
1702 4523 1798 4577 de-

188 4592 565 4661 scriptiones,
590 4608 748 4660 quam
779 4592 1068 4645 relationes
1090 4592 1390 4653 breviores,
1413 4607 1639 4659 quarum
1664 4609 1801 4645 non-

183 4666 395 4720 nnllas
432 4661 573 4715 haud
614 4671 831 4727 gravate
870 4664 1446 4714 conuuemorahimus.
1504 4667 1581 4713 Ac
1623 4664 1798 4729 primo

1901 504 2031 556 tanti
2061 504 2262 557 laboris
2292 515 2473 573 partes
2502 505 2898 569 sustinuerunt,
2932 508 3151 560 nomina
3202 506 3481 565 sileamus.

1898 591 2057 647 Initio
2103 593 2268 661 igitur
2296 608 2424 648 cura
2475 594 2634 663 hujus
2682 596 2937 649 editionis
2988 597 3274 652 commissa
3327 599 3481 654 fuita

1899 685 2203 753 prmpositis
2233 686 2664 755 congregationis
2689 688 2841 740 istius
2866 687 2923 741 P.
2948 685 3231 742 Francisco
3266 688 3478 759 Delfau,

1899 776 1986 845 qui
2015 787 2339 847 prospectum
2358 778 2476 845 ejus
2502 777 2803 843 publicasse
2838 778 3067 832 traditur
3088 794 3138 831 a.
3166 778 3321 833 1671.
3345 780 3481 833 Cum

1898 879 2077 921 autetn
2106 869 2253 921 edito
2278 883 2329 921 a.
2384 868 2521 923 1675
2557 868 2711 932 libro,
2736 868 2887 937 cujus
2929 870 3038 935 tit.,
3106 870 3283 923 l’Abbé
3327 869 3482 923 Com-

1900 958 2237 1025 mendataire,
2267 958 2443 1011 exsilii
2469 973 2679 1026 pmnam
2706 959 2803 1013 iste
2828 960 3137 1025 meruisset,
3163 962 3481 1016 concredita

1899 1056 1983 1100 est
2024 1047 2210 1101 relicta
2262 1048 2330 1101 ab
2383 1063 2447 1101 eo
2496 1048 2774 1117 provincia
2823 1050 2879 1101 P.
2920 1048 3131 1103 Thoona
3179 1050 3479 1122 Btampiuo,

1898 1153 2055 1205 quem
2088 1139 2141 1191 in
2170 1137 2402 1192 diversis
2430 1140 2674 1207 partibus
2703 1139 2905 1192 diversi
2941 1142 3156 1193 sodales
3202 1142 3481 1207 juvarunt.

1900 1230 1978 1281 Ac
2008 1226 2162 1281 Petro
2190 1228 2405 1295 quidem
2431 1226 2735 1282 Constantio
2774 1228 3039 1282 debentur
3063 1245 3293 1284 censura
3323 1242 3377 1285 et
3404 1235 3485 1284 iu-

1896 1321 2044 1376 dices
2072 1323 2311 1375 omnium
2357 1331 2681 1377 tractatuum
2730 1322 3199 1391 supposititiorum
3235 1339 3295 1377 ac
3344 1341 3485 1391 prte-

1901 1424 2048 1468 tcrea
2074 1428 2386 1469 sermonum
2422 1416 2691 1469 recensio.
2719 1414 2899 1469 Vitam
2933 1416 3217 1481 Augustini
3265 1431 3486 1485 cumpo-

1898 1514 2145 1567 suerunt,
2178 1520 2275 1558 seu
2333 1521 2397 1559 ex
2440 1505 2767 1559 Tillemontii
2814 1507 3235 1571 commentariis,
3287 1509 3471 1575 paucis

1900 1599 2139 1660 mutatis,
2168 1596 2524 1648 traduxerant
2553 1595 2712 1666 Ilugo
2748 1595 3059 1649 Vaillantius
3087 1606 3140 1648 et
3159 1595 3386 1649 Iacobus
3416 1597 3486 1648 du

1902 1685 2121 1739 Frisclie
2146 1685 2443 1755 (Ambrosii
2470 1686 2686 1757 editor).
2707 1687 2964 1741 Tabulam
2995 1688 3299 1756 generalem
3325 1702 3487 1756 atque

1901 1778 2104 1831 indices
2149 1776 2380 1831 confecit
2409 1776 2658 1832 Claudius
2687 1778 2929 1832 Guesnié.
2965 1778 3215 1832 Nicolaus
3254 1780 3487 1849 denique

1900 1866 2095 1937 Goysot
2146 1868 2490 1935 iinpressioni
2548 1868 2761 1935 praefuit
2808 1886 2870 1922 ac
2924 1870 3367 1937 corrigendorum
3421 1871 3488 1924 de

1901 1959 2053 2026 prelo
2103 1958 2436 2025 plagularum
2470 1974 2657 2011 curam
2691 1959 3133 2013 molestissimum
3168 1960 3218 2013 iu
3249 1975 3308 2013 se
3341 1976 3488 2013 reor.

1903 2051 1979 2116 pit
2016 2058 2071 2103 et
2131 2050 2388 2117 praeclare
2418 2049 2839 2103 administravit.
2890 2049 3032 2103 Nihil
3069 2061 3246 2105 autem
3280 2068 3307 2102 a
3345 2051 3488 2105 cele-

1900 2139 2139 2193 berrimo
2189 2138 2394 2191 Joanne
2450 2138 2759 2192 Mabillonio
2814 2139 2938 2194 huic
2967 2141 3191 2193 editioni
3232 2143 3485 2206 acces~it,

1899 2246 2058 2299 quam
2088 2229 2318 2297 epistola
2349 2229 2688 2283 dedicatoria
2711 2230 2776 2283 ad
2808 2229 3139 2283 Ludovicum
3170 2230 3307 2293 XIV,
3346 2230 3488 2283 unde

1900 2331 2050 2374 recte
2079 2321 2322 2389 quidem,
2354 2319 2449 2373 sed
2494 2321 2656 2373 nimia
2689 2323 2800 2374 fere
2828 2324 3204 2385 contentione,
3244 2324 3488 2377 ()odiuus

1900 2416 2255 2485 reprehendit
2278 2413 2536 2483 Caveum,
2571 2416 2660 2484 qui
2694 2415 2746 2468 in
2790 2414 3023 2470 Historia
3064 2431 3157 2469 sua
3218 2417 3485 2470 litteraria

1901 2508 2039 2561 lianc
2065 2507 2360 2560 editionem
2405 2507 2544 2561 duce
2596 2517 2649 2559 et
2677 2506 2982 2581 ἐργοδιὼκτῃ
3011 2508 3323 2563 Mabillonio
3364 2525 3487 2563 esse

1900 2601 2194 2667 perfectam
2242 2599 2531 2665 scripserat
2586 2597 2685 2669 (a).
2742 2601 2813 2653 De
2866 2610 3060 2653 ornatu
3098 2615 3161 2655 ac
3192 2601 3488 2669 splendore

1899 2695 2101 2759 aperis,
2132 2691 2294 2758 digno
2325 2700 2380 2744 et
2427 2690 2533 2744 hoc
2565 2691 2790 2744 nomine
2829 2692 2969 2759 quod
3020 2693 3129 2758 regi
3168 2693 3482 2756 offerretur,

1900 2782 2079 2835 dicere
2104 2784 2550 2847 superscdemus,
2586 2780 2688 2833 hoc
2727 2796 2893 2833 unum
2927 2780 3262 2847 adjicientes,
3297 2785 3479 2849 Augu-

1899 2872 2024 2925 stini
2070 2871 2305 2939 effigiem
2352 2870 2444 2923 atri
2490 2870 2806 2937 impressam
2858 2871 3019 2923 simul
3067 2887 3189 2923 cum
3238 2882 3381 2924 lOlllO
3415 2871 3484 2924 X1

1899 2964 2143 3017 exhiberi
2194 2960 2291 3031 (b).
2348 2960 2579 3015 Gravem
2625 2968 2806 3013 autem
2847 2959 2963 3014 lucc
3014 2961 3485 3015 Benediclinorum

1902 3055 2119 3107 Patrum
2143 3067 2305 3120 opera
2330 3050 2801 3119 reprehensionem
2833 3066 2988 3118 pas.~a
3018 3063 3103 3105 est
3135 3053 3201 3105 ab
3221 3053 3484 3106 Richardo

1902 3146 2135 3201 Simonio
2166 3144 2217 3197 iu
2252 3142 2388 3195 Bibl.
2430 3141 2557 3196 Crit.
2582 3142 2644 3195 Τ.
2677 3140 2761 3203 ll],
2796 3158 2848 3210 p.
2898 3141 3150 3206 101-116,
3179 3144 3486 3214 iterumque

1895 3238 1948 3292 in
1977 3235 2205 3289 Censura
2228 3231 2365 3286 Bibl.
2397 3231 2537 3284 Eccl.
2572 3230 2788 3298 Dupinii
2818 3232 2879 3285 Τ.
2924 3232 2943 3284 1
2993 3247 3043 3299 p.
3092 3232 3213 3286 147.
3266 3234 3331 3286 Et
3375 3236 3489 3302 pii-

1897 3342 2045 3381 mum
2066 3324 2283 3394 quidem
2309 3324 2560 3375 universe
2583 3333 2869 3375 succenset
2888 3322 2973 3381 iis,
3000 3324 3260 3387 quinovis
3275 3339 3489 3393 semper

1894 3418 2135 3471 omnium
2168 3427 2391 3481 operum
2417 3412 2744 3480 scriptorum
2779 3412 3276 3467 ecclesiasticorum
3328 3417 3488 3469 itera-

1897 3507 2132 3562 tionibus
2160 3503 2481 3559 niedendum
2507 3516 2628 3555 esse
2650 3502 3323 3571 existimentsuperiomm
3343 3508 3489 3562 viniis

1897 3596 2337 3660 autdefectihus,
2386 3594 2529 3663 quod
2580 3594 2750 3647 nmlto
2806 3598 2985 3663 aptius
3027 3608 3081 3649 et
3130 3601 3485 3667 commodius,

1896 3692 2093 3746 minori
2126 3692 2251 3743 item
2284 3698 2501 3755 sumptu
2543 3686 2659 3739 fieri
2686 3700 2887 3755 posset,
2922 3690 2965 3742 si
3008 3688 3135 3741 libri
3184 3692 3491 3759 singumrps

1893 3782 2131 3836 minimm
2180 3781 2361 3845 molis,
2416 3782 2510 3835 sed
2561 3798 2590 3836 a
2642 3782 2849 3851 judicio
2915 3793 3199 3838 auctorum
3256 3800 3479 3838 suorUm

1896 3884 2047 3929 tanto
2075 3873 2305 3927 ditiores
2335 3872 2650 3937 ederentur,
2682 3875 2734 3926 in
2765 3872 2961 3941 quibus
3008 3875 3094 3928 vel
3143 3876 3348 3943 integra
3402 3891 3492 3928 re-

1901 3965 2087 4019 censio
2126 3963 2211 4015 vel
2256 3963 2629 4030 suppleinenta
2660 3972 2714 4017 et
2744 3964 3015 4015 variarum
3052 3964 3345 4019 lectiOnum
3396 3965 3491 4019 dc-

1903 4056 2075 4109 lectus
2106 4062 2431 4120 prostarent,
2472 4052 2775 4119 cujusmodi
2804 4054 3048 4121 exempla
3086 4054 3360 4122 producit,
3389 4057 3490 4108 Ar—

1905 4147 2044 4202 cudii
2090 4144 2400 4199 Collationcs
2445 4141 2764 4196 Isidoriunas
2796 4151 2852 4198 et
2894 4143 3185 4212 Combe/isii
3233 4144 3491 4200 Basiliam

1906 4311 2045 4364 1710
2079 4326 2128 4376 p.
2162 4308 2405 4364 992-298
2430 4327 2444 4372 ;
2470 4307 2557 4362 Jo.
2595 4308 2958 4361 Fabricinmin
2990 4308 3128 4362 Hist.
3176 4310 3492 4363 bibliothecw

1903 4382 2128 4451 propria!
2152 4379 2215 4451 Τἷ
2318 4380 2616 4451 (1_717),7p.
2642 4380 2895 4451 7205-21);
3012 4380 3207 4451 Uudin.
3254 4384 3303 4431 in
3338 4378 3491 4451 Com-

1904 4448 2159 4505 mimae
2189 4450 2298 4505 SS.
2330 4448 2498 4501 Eccl.
2546 4450 2606 4501 '1‘.
2640 4450 2704 4515 l.,
2739 4465 2857 4517 pug.
2914 4450 3147 4513 95i-85;
3182 4449 3222 4519 -ί-
3252 4451 3302 4501 in
3352 4450 3489 4501 Bibl.

1903 4520 2098 4590 Magna
2132 4520 2331 4572 Eccles.
2365 4519 2545 4590 Colon.
2579 4519 2643 4573 T.
2689 4521 2706 4573 Ι
2748 4522 2821 4582 (a.
2867 4520 3053 4585 1754),
3083 4520 3405 4590 p._7n1-65;
3439 4523 3492 4573 in

1903 4588 2040 4643 Bibl.
2070 4590 2197 4641 Crit.
2236 4590 2402 4643 Sacra
2427 4600 2475 4643 et
2502 4588 2649 4659 Prof.
2690 4590 2912 4659 Michael
2968 4590 3090 4659 ais.
3123 4588 3375 4659 Joseplto,
3427 4590 3489 4641 '1‘.

1903 4659 2021 4729 [(a.
2072 4659 2255 4729 17M),
2290 4675 2410 4728 pag.
2443 4659 2689 4729 “9-23;
2726 4663 2777 4711 in
2818 4658 2956 4711 Bibl.
2990 4658 3179 4711 Camn.
3213 4658 3328 4713 Cat.
3474 4662 3492 4712 l

183 4740 326 4790 loco
356 4733 682 4809 nominanda
722 4742 847 4809 sunt
892 4731 1062 4783 diaria
1089 4732 1322 4809 erudita,
1347 4744 1510 4809 qum,‘
1544 4727 1701 4784 simul
1733 4747 1796 4809 ac
1826 4750 1873 4809 ι)
1904 4727 2116 4809 (1⁷761),
2153 4727 2273 4809 pag.
2586 4734 2635 4809 in
2666 4728 2804 4809 βίὸέ.
2849 4732 3225 4809 Augustiniana
3254 4729 3342 4782 Ju.
3370 4727 3489 4781 Fet.

179 4801 410 4874 singuli
442 4804 570 4854 tomi
616 4802 1438 4874 prodieratit,g_eosindicarunt.
1461 4801 1591 4874 ‘Quo
1621 4801 1791 4869 perti-

179 4870 343 4931 nent
386 4873 625 4925 Diarium
674 4872 841 4925 Erud.
881 4871 1021 4925 Gall.
1060 4870 1304 4939 (Journal
1333 4871 1419 4923 des
1450 4870 1601 4939 Sav.)
1654 4874 1791 4925 νωτί-

180 4942 559 5012 sieiise_(40),
592 4941 658 4995 ad
705 4951 895 4994 tomum
925 4939 973 5005 I,
1000 4942 1172 5012 April.
1206 4940 1589 5012 167_9_,_p.7967;
1621 4942 1685 4994 ad
1718 4952 1797 4994 to-

180 5031 351 5069 mum
382 5009 466 5073 II,
497 5013 625 5076 ibid,
677 5028 730 5081 p.
776 5013 914 5075 114;
957 5009 1247 5081 aditomum
1295 5009 1413 5076 111,
1462 5011 1619 5076 ibid.,
1654 5012 1790 5077 Aug.

183 5084 379 5144 1680,
411 5098 464 5149 p.
495 5082 633 5145 27%;
665 5079 731 5135 ad
764 5091 956 5134 tomum
1003 5079 1107 5144 IV,
1146 5081 1307 5143 ibid.,
1342 5081 1603 5133 Novemb.
1635 5082 1793 5147 1685,

184 5174 247 5227 1)·
288 5153 410 5209 335
435 5152 547 5227 {id
572 5163 793 5227 ,ζοηὲυηὶ
818 5150 876 5214 γ’
918 5150 1073 5227 {biga
1116 5151 1155 5204 F
1161 5150 1258 5227 ⁸111
1264 5150 1468 5227 :1683"
1513 5167 1564 5219 Ρ·
1593 5151 1795 5227 άϐ-ἶ--θμ

185 5219 410 5280 ἱοπιαηι
445 5220 543 5284 VI,
572 5222 727 5286 ibid.,
762 5221 888 5274 Dec.
926 5221 1082 5285 1685,
1105 5236 1157 5288 p.
1190 5219 1326 5283 545;
1355 5224 1419 5273 ad
1451 5230 1639 5272 tomum
1661 5220 1792 5288 VII,

186 5297 375 5354 ibid.,
424 5292 544 5359 Jan.
600 5292 759 5357 1686,
796 5308 847 5358 p.
887 5292 990 5354 18;
1045 5292 1110 5342 ad
1159 5288 1575 5359 tantumiVIIl,
1628 5292 1794 5356 ibid.,

186 5363 493 5432 Septemb.
527 5361 687 5425 1688,
722 5378 772 5427 p.
806 5360 949 5432 M5;
980 5360 1044 5413 ad
1075 5370 1266 5413 tomum
1299 5358 1582 5432 IX,ibid.,
1607 5362 1794 5432 eodem

189 5429 400 5491 mense
430 5444 483 5486 et
514 5448 681 5497 anno,
714 5447 766 5500 p.
792 5431 928 5495 422;
960 5460 1033 5469 —
1057 5434 1185 5482 Acta
1221 5431 1386 5500 Erud.
1419 5429 1567 5496 Lips.
1601 5440 1730 5483 tom.
1756 5431 1797 5483 ll

196 5506 378 5562 1683,
416 5504 469 5555 in
498 5503 644 5569 Jan.,
679 5499 730 5568 p.
768 5502 895 5565 1-5;
944 5512 1074 5553 tom.
1108 5500 1216 5561 Vll,
1252 5499 1412 5564 1688,
1438 5501 1699 5553 Novemb.
1744 5516 1795 5566 p.

198 5572 473 5627 1618-25.
503 5573 855 5640 Frequentior
887 5572 1050 5625 etiam
1084 5571 1134 5623 in
1164 5570 1568 5640 commentariis
1604 5570 1802 5623 littera-

194 5646 300 5697 riis
332 5644 572 5695 occurrit
599 5644 716 5709 ejus
769 5643 1050 5703 memoria,
1092 5640 1260 5693 veluti
1291 5641 1433 5705 apud
1475 5639 1695 5692 Caveum
1747 5642 1796 5694 in

197 5716 351 5767 list.
386 5713 463 5766 lit.
491 5723 599 5767 tom
637 5712 763 5766 led.
802 5712 967 5767 orior.
1002 5710 1171 5764 Lond.
1200 5728 1255 5771 ιι.
1288 5709 1414 5770 242,
1458 5710 1543 5764 cd.
1572 5711 1745 5765 Oxon.
1769 5728 1795 5762 a

1907 4800 2170 4866 Ussingeri
2198 4802 2273 4869 (a.
2311 4801 2487 4870 1768),
2517 4816 2567 4868 p.
2603 4802 2713 4853 1-8.
2749 4801 2987 4865 Quorum
3038 4804 3274 4870 pOIllHBS
3320 4812 3370 4851 et
3405 4814 3493 4850 ar-

1901 4870 2203 4924 curatiores
2255 4869 2502 4936 apposito
2532 4872 2685 4937 signo
2715 4872 2891 4921 erui-is
2924 4869 3290 4922 distinximus.
3343 4870 3486 4921 Pos-

1902 4954 2015 4994 sem
2049 4941 2209 4994 etiam
2243 4939 2327 4991 hic
2353 4954 2778 4992 commemorare
2811 4937 3092 5004 Dupiniuin
3116 4940 3176 4991 T.
3206 4939 3271 4992 Ill
3301 4956 3350 5005 ρ.
3388 4942 3491 4993 100

1903 5024 2057 5077 seqq.
2088 5020 2142 5062 et
2172 5008 2465 5061 Ceillerium
2498 5008 2551 5061 in
2586 5008 2726 5061 Hist.
2758 5012 2871 5073 gen.
2904 5009 2991 5060 des
3018 5020 3126 5060 aut.
3162 5011 3287 5062 eccl.
3318 5011 3382 5063 T.
3418 5009 3483 5063 XI

1906 5095 1956 5147 p.
1984 5081 2075 5147 11,
2104 5080 2166 5132 Τ.
2192 5079 2283 5132 ΧΙΙ
2312 5095 2365 5147 p.
2395 5079 2502 5133 955
2561 5080 2634 5147 (a.
2671 5078 2851 5147 1744).
2883 5078 2988 5132 Sed
3022 5080 3073 5131 hi
3110 5096 3213 5133 non
3245 5093 3348 5132 tam
3378 5082 3493 5131 edi-

1907 5151 2069 5202 tionis
2094 5166 2277 5201 cnrain
2332 5148 2659 5213 habuerunt,
2719 5164 2876 5215 quam
2930 5150 3161 5202 iudicem
3210 5152 3491 5218 AUgustini

1904 5220 2232 5287 scriptorum
2262 5218 2415 5285 juxta
2451 5219 2691 5272 eamdem
2722 5229 3136 5277 coiitexucrunt,
3169 5230 3489 5283 argumento

1906 5290 2330 5357 uniuscujusque
2356 5300 2408 5341 et
2439 5290 2727 5342 occasione
2757 5288 2956 5353 ubique
2990 5288 3159 5341 fusius
3188 5288 3486 5341 declarato.

1902 5358 2026 5411 Jam
2055 5362 2143 5427 qui
2189 5375 2351 5412 unum
2376 5359 2513 5414 forte
2541 5368 2631 5410 aut
2660 5359 2889 5410 alterum
2919 5372 2981 5410 ex
3014 5357 3165 5412 hisce
3192 5359 3366 5421 libris,
3399 5370 3493 5413 aut

1905 5444 2093 5483 omnes
2114 5430 2267 5498 juxta
2293 5430 2359 5482 ad
2396 5445 2609 5483 manum
2638 5428 2855 5493 habent,
2882 5438 3215 5496 comparent,
3247 5431 3290 5481 si
3320 5429 3487 5494 lubet,

1907 5508 2090 5551 nostra
2136 5516 2258 5553 cum
2308 5500 2495 5553 iisdem
2539 5508 2594 5550 et
2652 5509 3000 5566 cognoscent,
3043 5515 3224 5567 spero,
3269 5500 3492 5553 nobisne

1908 5568 2129 5693 libuerit
2151 5571 2379 5625 aliorum
2413 5569 2679 5624 industria
2710 5570 2835 5637 frui,
2865 5583 2932 5623 an
2964 5570 3066 5639 ipsi
3094 5568 3493 5624 excusa-rimus

1908 5654 2058 5693 Stttgu
2087 5656 2137 5693 tl.

1908 5654 2137 5707 Singula.
