  <div class='ocr_page' id='page_1' title='image "/cluster/home/n/w/nwhite01/storage/ocr_20150623/47/hvd.32044015471527/057.png"; bbox 0 0 4010 6350; ppageno 0'>
   <div class='ocr_carea' id='block_1_1' title="bbox 569 279 674 334">
    <p class='ocr_par' dir='ltr' id='par_1_1' title="bbox 569 279 674 334">
     <span class='ocr_line' id='line_1_1' title="bbox 569 279 674 334; baseline 0 0"><span class='ocrx_word' id='word_1_1' title='bbox 569 279 674 334; x_wconf 74' lang='grc'><strong>103</strong></span> 
     </span>
    </p>
   </div>
   <div class='ocr_carea' id='block_1_2' title="bbox 1456 272 3801 334">
    <p class='ocr_par' dir='ltr' id='par_1_2' title="bbox 1456 272 3801 334">
     <span class='ocr_line' id='line_1_2' title="bbox 1456 272 3801 334; baseline 0.001 -4"><span class='ocrx_word' id='word_1_2' title='bbox 1456 272 2017 332; x_wconf 77' lang='lat' dir='ltr'><strong>SUPPLEMENTUM</strong></span> <span class='ocrx_word' id='word_1_3' title='bbox 2052 273 2147 327; x_wconf 81' lang='lat' dir='ltr'><strong>AD</strong></span> <span class='ocrx_word' id='word_1_4' title='bbox 2185 272 2420 331; x_wconf 79' lang='lat' dir='ltr'><strong>OPEBA</strong></span> <span class='ocrx_word' id='word_1_5' title='bbox 2457 275 2514 331; x_wconf 76' lang='lat'><strong>5.</strong></span> <span class='ocrx_word' id='word_1_6' title='bbox 2562 275 2957 334; x_wconf 75' lang='lat' dir='ltr'><strong>AUGUSTINI.</strong></span> <span class='ocrx_word' id='word_1_7' title='bbox 3725 282 3801 334; x_wconf 78' lang='grc' dir='ltr'><strong>1οι</strong></span> 
     </span>
    </p>
   </div>
   <div class='ocr_carea' id='block_1_3' title="bbox 564 385 3806 465">
    <p class='ocr_par' dir='ltr' id='par_1_3' title="bbox 564 385 3806 465">
     <span class='ocr_line' id='line_1_3' title="bbox 564 385 3806 465; baseline 0.002 -22"><span class='ocrx_word' id='word_1_8' title='bbox 564 394 769 465; x_wconf 70' lang='lat' dir='ltr'><strong>integro</strong></span> <span class='ocrx_word' id='word_1_9' title='bbox 797 396 1135 456; x_wconf 83' lang='lat' dir='ltr'><strong>recensitum,</strong></span> <span class='ocrx_word' id='word_1_10' title='bbox 1167 399 1221 446; x_wconf 91' lang='lat' dir='ltr'><strong>et</strong></span> <span class='ocrx_word' id='word_1_11' title='bbox 1260 389 1315 443; x_wconf 92' lang='lat' dir='ltr'><strong>ln</strong></span> <span class='ocrx_word' id='word_1_12' title='bbox 1341 388 1458 458; x_wconf 91' lang='lat' dir='ltr'><strong>ipso</strong></span> <span class='ocrx_word' id='word_1_13' title='bbox 1483 386 1790 456; x_wconf 79' lang='lat' dir='ltr'><strong>Augustino</strong></span> <span class='ocrx_word' id='word_1_14' title='bbox 1817 385 1995 440; x_wconf 85' lang='lat' dir='ltr'><strong>simile</strong></span> <span class='ocrx_word' id='word_1_15' title='bbox 2027 386 2148 440; x_wconf 86' lang='lat' dir='ltr'><strong>lau-</strong></span> <span class='ocrx_word' id='word_1_16' title='bbox 2178 388 2226 443; x_wconf 82' lang='lat' dir='ltr'><strong>A</strong></span> <span class='ocrx_word' id='word_1_17' title='bbox 2255 387 2458 441; x_wconf 87' lang='lat' dir='ltr'><strong>stimati</strong></span> <span class='ocrx_word' id='word_1_18' title='bbox 2482 399 2632 455; x_wconf 91' lang='lat' dir='ltr'><strong>sunt,</strong></span> <span class='ocrx_word' id='word_1_19' title='bbox 2664 385 3276 458; x_wconf 69' lang='lat' dir='ltr'><strong>qumqueinAugustino</strong></span> <span class='ocrx_word' id='word_1_20' title='bbox 3295 401 3425 442; x_wconf 83' lang='lat' dir='ltr'><strong>sane</strong></span> <span class='ocrx_word' id='word_1_21' title='bbox 3449 401 3558 442; x_wconf 92' lang='lat' dir='ltr'><strong>non</strong></span> <span class='ocrx_word' id='word_1_22' title='bbox 3581 396 3806 456; x_wconf 76' lang='lat' dir='ltr'><strong>postremi</strong></span> 
     </span>
    </p>
   </div>
   <div class='ocr_carea' id='block_1_4' title="bbox 563 476 2153 552">
    <p class='ocr_par' dir='ltr' id='par_1_4' title="bbox 563 476 2153 552">
     <span class='ocr_line' id='line_1_4' title="bbox 563 476 2153 552; baseline -0.006 -13"><span class='ocrx_word' id='word_1_23' title='bbox 563 485 813 538; x_wconf 86' lang='lat' dir='ltr'><strong>davimus</strong></span> <span class='ocrx_word' id='word_1_24' title='bbox 853 498 1018 552; x_wconf 84' lang='lat' dir='ltr'><strong>supra</strong></span> <span class='ocrx_word' id='word_1_25' title='bbox 1062 482 1471 552; x_wconf 77' lang='lat' dir='ltr'><strong>supplementum</strong></span> <span class='ocrx_word' id='word_1_26' title='bbox 1520 477 1771 548; x_wconf 86' lang='lat' dir='ltr'><strong>Vignerii.</strong></span> <span class='ocrx_word' id='word_1_27' title='bbox 1827 477 1998 543; x_wconf 85' lang='lat' dir='ltr'><strong>Quam</strong></span> <span class='ocrx_word' id='word_1_28' title='bbox 2052 476 2153 530; x_wconf 90' lang='lat' dir='ltr'><strong>viri</strong></span> 
     </span>
    </p>
   </div>
   <div class='ocr_carea' id='block_1_5' title="bbox 561 565 2151 645">
    <p class='ocr_par' dir='ltr' id='par_1_5' title="bbox 561 565 2151 645">
     <span class='ocr_line' id='line_1_5' title="bbox 561 565 2151 645; baseline -0.007 -17"><span class='ocrx_word' id='word_1_29' title='bbox 561 575 706 628; x_wconf 88' lang='lat' dir='ltr'><strong>docti</strong></span> <span class='ocrx_word' id='word_1_30' title='bbox 775 589 928 645; x_wconf 70' lang='lat' dir='ltr'><strong>aeque</strong></span> <span class='ocrx_word' id='word_1_31' title='bbox 994 587 1058 626; x_wconf 90' lang='lat' dir='ltr'><strong>ac</strong></span> <span class='ocrx_word' id='word_1_32' title='bbox 1123 570 1330 640; x_wconf 80' lang='lat' dir='ltr'><strong>sagacis</strong></span> <span class='ocrx_word' id='word_1_33' title='bbox 1383 570 1706 623; x_wconf 90' lang='lat' dir='ltr'><strong>sententiam</strong></span> <span class='ocrx_word' id='word_1_34' title='bbox 1763 567 1923 621; x_wconf 90' lang='lat' dir='ltr'><strong>nobis</strong></span> <span class='ocrx_word' id='word_1_35' title='bbox 1990 565 2151 620; x_wconf 87' lang='lat' dir='ltr'><strong>etiam</strong></span> 
     </span>
    </p>
   </div>
   <div class='ocr_carea' id='block_1_6' title="bbox 563 657 2157 733">
    <p class='ocr_par' dir='ltr' id='par_1_6' title="bbox 563 657 2157 733">
     <span class='ocr_line' id='line_1_6' title="bbox 563 657 2157 733; baseline -0.007 -13"><span class='ocrx_word' id='word_1_36' title='bbox 563 665 708 720; x_wconf 92' lang='lat' dir='ltr'><strong>haud</strong></span> <span class='ocrx_word' id='word_1_37' title='bbox 747 665 1036 733; x_wconf 78' lang='lat' dir='ltr'><strong>diSplicere</strong></span> <span class='ocrx_word' id='word_1_38' title='bbox 1080 663 1336 728; x_wconf 76' lang='lat' dir='ltr'><strong>fatemur,</strong></span> <span class='ocrx_word' id='word_1_39' title='bbox 1368 660 1584 714; x_wconf 76' lang='lat' dir='ltr'><strong>tametsi</strong></span> <span class='ocrx_word' id='word_1_40' title='bbox 1614 672 1800 714; x_wconf 85' lang='lat' dir='ltr'><strong>veram</strong></span> <span class='ocrx_word' id='word_1_41' title='bbox 1835 657 2055 712; x_wconf 91' lang='lat' dir='ltr'><strong>omnino</strong></span> <span class='ocrx_word' id='word_1_42' title='bbox 2101 664 2157 710; x_wconf 89' lang='lat' dir='ltr'><strong>et</strong></span> 
     </span>
    </p>
   </div>
   <div class='ocr_carea' id='block_1_7' title="bbox 563 748 2152 826">
    <p class='ocr_par' dir='ltr' id='par_1_7' title="bbox 563 748 2152 826">
     <span class='ocr_line' id='line_1_7' title="bbox 563 748 2152 826; baseline -0.007 -16"><span class='ocrx_word' id='word_1_43' title='bbox 563 757 764 826; x_wconf 85' lang='lat' dir='ltr'><strong>justam</strong></span> <span class='ocrx_word' id='word_1_44' title='bbox 805 770 911 810; x_wconf 91' lang='lat' dir='ltr'><strong>non</strong></span> <span class='ocrx_word' id='word_1_45' title='bbox 966 767 1309 809; x_wconf 85' lang='lat' dir='ltr'><strong>censeamus.</strong></span> <span class='ocrx_word' id='word_1_46' title='bbox 1380 751 1592 806; x_wconf 80' lang='lat' dir='ltr'><strong>Etenim</strong></span> <span class='ocrx_word' id='word_1_47' title='bbox 1648 751 1701 803; x_wconf 92' lang='lat' dir='ltr'><strong>in</strong></span> <span class='ocrx_word' id='word_1_48' title='bbox 1753 763 1813 804; x_wconf 89' lang='lat' dir='ltr'><strong>re</strong></span> <span class='ocrx_word' id='word_1_49' title='bbox 1865 748 2152 810; x_wconf 88' lang='lat' dir='ltr'><strong>litteraria,</strong></span> 
     </span>
    </p>
   </div>
   <div class='ocr_carea' id='block_1_8' title="bbox 562 836 2147 915">
    <p class='ocr_par' dir='ltr' id='par_1_8' title="bbox 562 836 2147 915">
     <span class='ocr_line' id='line_1_8' title="bbox 562 836 2147 915; baseline -0.006 -15"><span class='ocrx_word' id='word_1_50' title='bbox 562 844 1022 915; x_wconf 86' lang='lat' dir='ltr'><strong>quemadmodum</strong></span> <span class='ocrx_word' id='word_1_51' title='bbox 1049 846 1101 896; x_wconf 93' lang='lat' dir='ltr'><strong>in</strong></span> <span class='ocrx_word' id='word_1_52' title='bbox 1124 843 1234 896; x_wconf 91' lang='lat' dir='ltr'><strong>vita</strong></span> <span class='ocrx_word' id='word_1_53' title='bbox 1261 842 1536 896; x_wconf 76' lang='lat' dir='ltr'><strong>communi</strong></span> <span class='ocrx_word' id='word_1_54' title='bbox 1563 839 1801 893; x_wconf 90' lang='lat' dir='ltr'><strong>dandum</strong></span> <span class='ocrx_word' id='word_1_55' title='bbox 1824 843 1920 894; x_wconf 80' lang='lat' dir='ltr'><strong>&#39;est</strong></span> <span class='ocrx_word' id='word_1_56' title='bbox 1947 836 2147 906; x_wconf 88' lang='lat' dir='ltr'><strong>aliquid</strong></span> 
     </span>
    </p>
   </div>
   <div class='ocr_carea' id='block_1_9' title="bbox 563 930 2155 1010">
    <p class='ocr_par' dir='ltr' id='par_1_9' title="bbox 563 930 2155 1010">
     <span class='ocr_line' id='line_1_9' title="bbox 563 930 2155 1010; baseline -0.008 -14"><span class='ocrx_word' id='word_1_57' title='bbox 563 941 806 1010; x_wconf 84' lang='lat' dir='ltr'><strong>tempori</strong></span> <span class='ocrx_word' id='word_1_58' title='bbox 852 948 907 994; x_wconf 91' lang='lat' dir='ltr'><strong>et</strong></span> <span class='ocrx_word' id='word_1_59' title='bbox 947 938 1333 993; x_wconf 86' lang='lat' dir='ltr'><strong>delicatiorum</strong></span> <span class='ocrx_word' id='word_1_60' title='bbox 1382 944 1477 989; x_wconf 90' lang='lat' dir='ltr'><strong>aut</strong></span> <span class='ocrx_word' id='word_1_61' title='bbox 1524 941 1928 1010; x_wconf 11' lang='lat' dir='ltr'><strong>nummatoru‘m</strong></span> <span class='ocrx_word' id='word_1_62' title='bbox 1981 930 2155 984; x_wconf 88' lang='lat' dir='ltr'><strong>homi-</strong></span> 
     </span>
    </p>
   </div>
   <div class='ocr_carea' id='block_1_10' title="bbox 563 1025 2155 1097">
    <p class='ocr_par' dir='ltr' id='par_1_10' title="bbox 563 1025 2155 1097">
     <span class='ocr_line' id='line_1_10' title="bbox 563 1025 2155 1097; baseline -0.008 -7"><span class='ocrx_word' id='word_1_63' title='bbox 563 1051 695 1090; x_wconf 87' lang='lat' dir='ltr'><strong>num</strong></span> <span class='ocrx_word' id='word_1_64' title='bbox 726 1033 1163 1089; x_wconf 87' lang='lat' dir='ltr'><strong>oblectamentis.</strong></span> <span class='ocrx_word' id='word_1_65' title='bbox 1200 1033 1503 1085; x_wconf 78' lang='lat' dir='ltr'><strong>Rarescunt</strong></span> <span class='ocrx_word' id='word_1_66' title='bbox 1534 1043 1699 1097; x_wconf 90' lang='lat' dir='ltr'><strong>porro</strong></span> <span class='ocrx_word' id='word_1_67' title='bbox 1738 1029 1857 1095; x_wconf 91' lang='lat' dir='ltr'><strong>ipso</strong></span> <span class='ocrx_word' id='word_1_68' title='bbox 1892 1025 2155 1094; x_wconf 84' lang='lat' dir='ltr'><strong>temporis</strong></span> 
     </span>
    </p>
   </div>
   <div class='ocr_carea' id='block_1_11' title="bbox 565 1117 2156 1195">
    <p class='ocr_par' dir='ltr' id='par_1_11' title="bbox 565 1117 2156 1195">
     <span class='ocr_line' id='line_1_11' title="bbox 565 1117 2156 1195; baseline -0.008 -14"><span class='ocrx_word' id='word_1_69' title='bbox 565 1127 720 1195; x_wconf 89' lang='lat' dir='ltr'><strong>lapsu</strong></span> <span class='ocrx_word' id='word_1_70' title='bbox 750 1134 806 1180; x_wconf 91' lang='lat' dir='ltr'><strong>et</strong></span> <span class='ocrx_word' id='word_1_71' title='bbox 843 1140 946 1179; x_wconf 92' lang='lat' dir='ltr'><strong>usu</strong></span> <span class='ocrx_word' id='word_1_72' title='bbox 975 1123 1344 1192; x_wconf 88' lang='lat' dir='ltr'><strong>antiquiorum</strong></span> <span class='ocrx_word' id='word_1_73' title='bbox 1369 1120 1670 1174; x_wconf 86' lang='lat' dir='ltr'><strong>editionum</strong></span> <span class='ocrx_word' id='word_1_74' title='bbox 1699 1117 2032 1186; x_wconf 82' lang='lat' dir='ltr'><strong>exemplaria</strong></span> <span class='ocrx_word' id='word_1_75' title='bbox 2056 1156 2071 1180; x_wconf 93' lang='lat'><strong>,</strong></span> <span class='ocrx_word' id='word_1_76' title='bbox 2100 1123 2156 1169; x_wconf 91' lang='lat' dir='ltr'><strong>et</strong></span> 
     </span>
    </p>
   </div>
   <div class='ocr_carea' id='block_1_12' title="bbox 563 1205 2154 1284">
    <p class='ocr_par' dir='ltr' id='par_1_12' title="bbox 563 1205 2154 1284">
     <span class='ocr_line' id='line_1_12' title="bbox 563 1205 2154 1284; baseline -0.008 -14"><span class='ocrx_word' id='word_1_77' title='bbox 563 1217 611 1270; x_wconf 89' lang='lat' dir='ltr'><strong>si</strong></span> <span class='ocrx_word' id='word_1_78' title='bbox 642 1217 702 1270; x_wconf 93' lang='lat' dir='ltr'><strong>in</strong></span> <span class='ocrx_word' id='word_1_79' title='bbox 730 1215 912 1284; x_wconf 89' lang='lat' dir='ltr'><strong>plures</strong></span> <span class='ocrx_word' id='word_1_80' title='bbox 941 1213 1195 1282; x_wconf 83' lang='lat' dir='ltr'><strong>regiones</strong></span> <span class='ocrx_word' id='word_1_81' title='bbox 1223 1209 1543 1280; x_wconf 88' lang='lat' dir='ltr'><strong>perferenda</strong></span> <span class='ocrx_word' id='word_1_82' title='bbox 1566 1216 1712 1275; x_wconf 89' lang='lat' dir='ltr'><strong>sunt,</strong></span> <span class='ocrx_word' id='word_1_83' title='bbox 1732 1205 1982 1276; x_wconf 84' lang='lat' dir='ltr'><strong>quamvis</strong></span> <span class='ocrx_word' id='word_1_84' title='bbox 2007 1219 2154 1276; x_wconf 67' lang='lat' dir='ltr'><strong>saepe</strong></span> 
     </span>
    </p>
   </div>
   <div class='ocr_carea' id='block_1_13' title="bbox 564 1294 2157 1374">
    <p class='ocr_par' dir='ltr' id='par_1_13' title="bbox 564 1294 2157 1374">
     <span class='ocr_line' id='line_1_13' title="bbox 564 1294 2157 1374; baseline -0.008 -14"><span class='ocrx_word' id='word_1_85' title='bbox 564 1306 822 1374; x_wconf 88' lang='lat' dir='ltr'><strong>repetita,</strong></span> <span class='ocrx_word' id='word_1_86' title='bbox 879 1303 1019 1357; x_wconf 87' lang='lat' dir='ltr'><strong>haud</strong></span> <span class='ocrx_word' id='word_1_87' title='bbox 1077 1302 1237 1356; x_wconf 82' lang='lat' dir='ltr'><strong>facile</strong></span> <span class='ocrx_word' id='word_1_88' title='bbox 1291 1301 1613 1355; x_wconf 82' lang='lat' dir='ltr'><strong>obveniant.</strong></span> <span class='ocrx_word' id='word_1_89' title='bbox 1660 1296 1820 1364; x_wconf 88' lang='lat' dir='ltr'><strong>Quod</strong></span> <span class='ocrx_word' id='word_1_90' title='bbox 1871 1297 1929 1350; x_wconf 91' lang='lat' dir='ltr'><strong>in</strong></span> <span class='ocrx_word' id='word_1_91' title='bbox 1981 1294 2157 1349; x_wconf 83' lang='lat' dir='ltr'><strong>Lova-</strong></span> 
     </span>
    </p>
   </div>
   <div class='ocr_carea' id='block_1_14' title="bbox 565 1385 2155 1457">
    <p class='ocr_par' dir='ltr' id='par_1_14' title="bbox 565 1385 2155 1457">
     <span class='ocr_line' id='line_1_14' title="bbox 565 1385 2155 1457; baseline -0.007 -7"><span class='ocrx_word' id='word_1_92' title='bbox 565 1395 745 1450; x_wconf 88' lang='lat' dir='ltr'><strong>niensi</strong></span> <span class='ocrx_word' id='word_1_93' title='bbox 775 1393 1018 1448; x_wconf 90' lang='lat' dir='ltr'><strong>editione</strong></span> <span class='ocrx_word' id='word_1_94' title='bbox 1049 1391 1421 1455; x_wconf 88' lang='lat' dir='ltr'><strong>manifestum,</strong></span> <span class='ocrx_word' id='word_1_95' title='bbox 1452 1389 1607 1457; x_wconf 88' lang='lat' dir='ltr'><strong>cujus</strong></span> <span class='ocrx_word' id='word_1_96' title='bbox 1629 1385 2042 1457; x_wconf 80' lang='lat' dir='ltr'><strong>Antuerpiensis</strong></span> <span class='ocrx_word' id='word_1_97' title='bbox 2063 1385 2155 1439; x_wconf 85' lang='lat' dir='ltr'><strong>de-</strong></span> 
     </span>
    </p>
   </div>
   <div class='ocr_carea' id='block_1_15' title="bbox 565 1479 2152 1554">
    <p class='ocr_par' dir='ltr' id='par_1_15' title="bbox 565 1479 2152 1554">
     <span class='ocr_line' id='line_1_15' title="bbox 565 1479 2152 1554; baseline -0.008 -12"><span class='ocrx_word' id='word_1_98' title='bbox 565 1485 884 1554; x_wconf 88' lang='lat' dir='ltr'><strong>scriptionis</strong></span> <span class='ocrx_word' id='word_1_99' title='bbox 907 1487 1158 1554; x_wconf 87' lang='lat' dir='ltr'><strong>exempla</strong></span> <span class='ocrx_word' id='word_1_100' title='bbox 1194 1500 1288 1553; x_wconf 87' lang='lat' dir='ltr'><strong>per</strong></span> <span class='ocrx_word' id='word_1_101' title='bbox 1311 1483 1660 1538; x_wconf 88' lang='lat' dir='ltr'><strong>Germaniam</strong></span> <span class='ocrx_word' id='word_1_102' title='bbox 1691 1488 1817 1534; x_wconf 90' lang='lat' dir='ltr'><strong>sunt</strong></span> <span class='ocrx_word' id='word_1_103' title='bbox 1837 1479 2117 1532; x_wconf 89' lang='lat' dir='ltr'><strong>rarissima</strong></span> <span class='ocrx_word' id='word_1_104' title='bbox 2137 1518 2152 1541; x_wconf 94' lang='lat'><strong>,</strong></span> 
     </span>
    </p>
   </div>
   <div class='ocr_carea' id='block_1_16' title="bbox 565 1570 2155 1641">
    <p class='ocr_par' dir='ltr' id='par_1_16' title="bbox 565 1570 2155 1641">
     <span class='ocr_line' id='line_1_16' title="bbox 565 1570 2155 1641; baseline -0.005 -11"><span class='ocrx_word' id='word_1_105' title='bbox 565 1593 630 1630; x_wconf 85' lang='lat' dir='ltr'><strong>ex</strong></span> <span class='ocrx_word' id='word_1_106' title='bbox 661 1576 962 1630; x_wconf 85' lang='lat' dir='ltr'><strong>Gallicanis</strong></span> <span class='ocrx_word' id='word_1_107' title='bbox 987 1575 1201 1627; x_wconf 87' lang='lat' dir='ltr'><strong>nonnisi</strong></span> <span class='ocrx_word' id='word_1_108' title='bbox 1237 1589 1406 1641; x_wconf 88' lang='lat' dir='ltr'><strong>pauca</strong></span> <span class='ocrx_word' id='word_1_109' title='bbox 1431 1582 1484 1626; x_wconf 93' lang='lat' dir='ltr'><strong>et</strong></span> <span class='ocrx_word' id='word_1_110' title='bbox 1513 1572 1671 1625; x_wconf 92' lang='lat' dir='ltr'><strong>unius</strong></span> <span class='ocrx_word' id='word_1_111' title='bbox 1697 1570 1810 1624; x_wconf 84' lang='lat' dir='ltr'><strong>fere</strong></span> <span class='ocrx_word' id='word_1_112' title='bbox 1839 1570 2155 1638; x_wconf 84' lang='lat' dir='ltr'><strong>impressio-</strong></span> 
     </span>
    </p>
   </div>
   <div class='ocr_carea' id='block_1_17' title="bbox 568 1659 2153 1734">
    <p class='ocr_par' dir='ltr' id='par_1_17' title="bbox 568 1659 2153 1734">
     <span class='ocr_line' id='line_1_17' title="bbox 568 1659 2153 1734; baseline -0.006 -14"><span class='ocrx_word' id='word_1_113' title='bbox 568 1667 676 1730; x_wconf 91' lang='lat' dir='ltr'><strong>uis,</strong></span> <span class='ocrx_word' id='word_1_114' title='bbox 707 1667 898 1734; x_wconf 84' lang='lat' dir='ltr'><strong>primae</strong></span> <span class='ocrx_word' id='word_1_115' title='bbox 939 1665 1146 1718; x_wconf 89' lang='lat' dir='ltr'><strong>scilicet</strong></span> <span class='ocrx_word' id='word_1_116' title='bbox 1181 1679 1234 1716; x_wconf 92' lang='lat' dir='ltr'><strong>a.</strong></span> <span class='ocrx_word' id='word_1_117' title='bbox 1269 1663 1409 1718; x_wconf 78' lang='grc'>1586</span> <span class='ocrx_word' id='word_1_118' title='bbox 1440 1661 1657 1716; x_wconf 91' lang='lat' dir='ltr'><strong>ostendi</strong></span> <span class='ocrx_word' id='word_1_119' title='bbox 1691 1661 1889 1715; x_wconf 86' lang='lat' dir='ltr'><strong>solent.</strong></span> <span class='ocrx_word' id='word_1_120' title='bbox 1919 1659 1991 1715; x_wconf 87' lang='lat' dir='ltr'><strong>Ut</strong></span> <span class='ocrx_word' id='word_1_121' title='bbox 2020 1659 2153 1712; x_wconf 86' lang='lat' dir='ltr'><strong>nihil</strong></span> 
     </span>
    </p>
   </div>
   <div class='ocr_carea' id='block_1_18' title="bbox 2255 476 3806 548">
    <p class='ocr_par' dir='ltr' id='par_1_18' title="bbox 2255 476 3806 548">
     <span class='ocr_line' id='line_1_18' title="bbox 2255 476 3806 548; baseline 0.005 -17"><span class='ocrx_word' id='word_1_122' title='bbox 2255 478 2458 531; x_wconf 89' lang='lat' dir='ltr'><strong>laboris</strong></span> <span class='ocrx_word' id='word_1_123' title='bbox 2486 476 2608 546; x_wconf 89' lang='lat' dir='ltr'><strong>fuit,</strong></span> <span class='ocrx_word' id='word_1_124' title='bbox 2638 494 2798 547; x_wconf 87' lang='lat' dir='ltr'><strong>quam</strong></span> <span class='ocrx_word' id='word_1_125' title='bbox 2823 488 3001 532; x_wconf 91' lang='lat' dir='ltr'><strong>tamen</strong></span> <span class='ocrx_word' id='word_1_126' title='bbox 3027 478 3311 533; x_wconf 85' lang='lat' dir='ltr'><strong>Simonius</strong></span> <span class='ocrx_word' id='word_1_127' title='bbox 3341 492 3411 532; x_wconf 93' lang='lat' dir='ltr'><strong>ne</strong></span> <span class='ocrx_word' id='word_1_128' title='bbox 3437 478 3606 532; x_wconf 89' lang='lat' dir='ltr'><strong>verbo</strong></span> <span class='ocrx_word' id='word_1_129' title='bbox 3627 481 3806 548; x_wconf 88' lang='lat' dir='ltr'><strong>quidem</strong></span> 
     </span>
    </p>
   </div>
   <div class='ocr_carea' id='block_1_19' title="bbox 2254 570 3808 640">
    <p class='ocr_par' dir='ltr' id='par_1_19' title="bbox 2254 570 3808 640">
     <span class='ocr_line' id='line_1_19' title="bbox 2254 570 3808 640; baseline 0.006 -19"><span class='ocrx_word' id='word_1_130' title='bbox 2254 570 2453 639; x_wconf 87' lang='lat' dir='ltr'><strong>attigit,</strong></span> <span class='ocrx_word' id='word_1_131' title='bbox 2487 571 2615 639; x_wconf 89' lang='lat' dir='ltr'><strong>quis</strong></span> <span class='ocrx_word' id='word_1_132' title='bbox 2643 586 2829 640; x_wconf 69' lang='lat' dir='ltr'><strong>aequus</strong></span> <span class='ocrx_word' id='word_1_133' title='bbox 2853 571 3046 639; x_wconf 82' lang='lat' dir='ltr'><strong>judex,</strong></span> <span class='ocrx_word' id='word_1_134' title='bbox 3073 571 3164 625; x_wconf 89' lang='lat' dir='ltr'><strong>ubi</strong></span> <span class='ocrx_word' id='word_1_135' title='bbox 3189 571 3258 625; x_wconf 88' lang='lat' dir='ltr'><strong>ad</strong></span> <span class='ocrx_word' id='word_1_136' title='bbox 3288 572 3612 626; x_wconf 87' lang='lat' dir='ltr'><strong>sententiam</strong></span> <span class='ocrx_word' id='word_1_137' title='bbox 3633 572 3694 628; x_wconf 91' lang='lat' dir='ltr'><strong>de</strong></span> <span class='ocrx_word' id='word_1_138' title='bbox 3714 584 3808 631; x_wconf 89' lang='lat' dir='ltr'><strong>toto</strong></span> 
     </span>
    </p>
   </div>
   <div class='ocr_carea' id='block_1_20' title="bbox 2254 659 3730 730">
    <p class='ocr_par' dir='ltr' id='par_1_20' title="bbox 2254 659 3730 730">
     <span class='ocr_line' id='line_1_20' title="bbox 2254 659 3730 730; baseline 0.003 -16"><span class='ocrx_word' id='word_1_139' title='bbox 2254 673 2422 729; x_wconf 86' lang='lat' dir='ltr'><strong>Opere</strong></span> <span class='ocrx_word' id='word_1_140' title='bbox 2439 659 2720 716; x_wconf 80' lang='lat' dir='ltr'><strong>ferendam</strong></span> <span class='ocrx_word' id='word_1_141' title='bbox 2746 661 3083 725; x_wconf 88' lang='lat' dir='ltr'><strong>consederit,</strong></span> <span class='ocrx_word' id='word_1_142' title='bbox 3115 662 3541 730; x_wconf 69' lang='lat' dir='ltr'><strong>praetermittere</strong></span> <span class='ocrx_word' id='word_1_143' title='bbox 3565 664 3730 718; x_wconf 84' lang='lat' dir='ltr'><strong>ausit?</strong></span> 
     </span>
    </p>
   </div>
   <div class='ocr_carea' id='block_1_21' title="bbox 2881 750 3211 807">
    <p class='ocr_par' dir='ltr' id='par_1_21' title="bbox 2881 750 3211 807">
     <span class='ocr_line' id='line_1_21' title="bbox 2881 750 3211 807; baseline 0.006 -5"><span class='ocrx_word' id='word_1_144' title='bbox 2881 750 3211 807; x_wconf 68' lang='lat'><strong>1700-1703.</strong></span> 
     </span>
    </p>
   </div>
   <div class='ocr_carea' id='block_1_22' title="bbox 2324 840 3810 912">
    <p class='ocr_par' dir='ltr' id='par_1_22' title="bbox 2324 840 3810 912">
     <span class='ocr_line' id='line_1_22' title="bbox 2324 840 3810 912; baseline 0.007 -20"><span class='ocrx_word' id='word_1_145' title='bbox 2324 841 2625 910; x_wconf 77' lang='lat' dir='ltr'><strong>Antuerpia:</strong></span> <span class='ocrx_word' id='word_1_146' title='bbox 2652 841 2942 910; x_wconf 79' lang='lat' dir='ltr'><strong>sumptibus</strong></span> <span class='ocrx_word' id='word_1_147' title='bbox 2975 840 3252 896; x_wconf 84' lang='lat' dir='ltr'><strong>Societatis</strong></span> <span class='ocrx_word' id='word_1_148' title='bbox 3271 857 3290 906; x_wconf 87' lang='lat'><strong><em>;</em></strong></span> <span class='ocrx_word' id='word_1_149' title='bbox 3309 842 3514 912; x_wconf 81' lang='lat' dir='ltr'><strong>in-fol.,</strong></span> <span class='ocrx_word' id='word_1_150' title='bbox 3531 841 3647 896; x_wconf 75' lang='lat' dir='ltr'><strong>III</strong></span> <span class='ocrx_word' id='word_1_151' title='bbox 3666 850 3810 901; x_wconf 85' lang='lat' dir='ltr'><strong>tomis.</strong></span> 
     </span>
    </p>
   </div>
   <div class='ocr_carea' id='block_1_23' title="bbox 2254 930 3810 1003">
    <p class='ocr_par' dir='ltr' id='par_1_23' title="bbox 2254 930 3810 1003">
     <span class='ocr_line' id='line_1_23' title="bbox 2254 930 3810 1003; baseline 0.003 -17"><span class='ocrx_word' id='word_1_152' title='bbox 2254 930 2441 986; x_wconf 89' lang='lat' dir='ltr'><strong>Sancti</strong></span> <span class='ocrx_word' id='word_1_153' title='bbox 2491 932 2816 1002; x_wconf 86' lang='lat' dir='ltr'><strong>Augustini,</strong></span> <span class='ocrx_word' id='word_1_154' title='bbox 2874 932 3113 1001; x_wconf 88' lang='lat' dir='ltr'><strong>episcopi</strong></span> <span class='ocrx_word' id='word_1_155' title='bbox 3172 933 3536 1003; x_wconf 86' lang='lat' dir='ltr'><strong>Hipponensis</strong></span> <span class='ocrx_word' id='word_1_156' title='bbox 3603 933 3810 1000; x_wconf 84' lang='lat' dir='ltr'><strong>Operam</strong></span> 
     </span>
    </p>
   </div>
   <div class='ocr_carea' id='block_1_24' title="bbox 2254 1021 3814 1091">
    <p class='ocr_par' dir='ltr' id='par_1_24' title="bbox 2254 1021 3814 1091">
     <span class='ocr_line' id='line_1_24' title="bbox 2254 1021 3814 1091; baseline 0.003 -15"><span class='ocrx_word' id='word_1_157' title='bbox 2254 1021 2318 1076; x_wconf 83' lang='lat'><strong>&#39;1‘.</strong></span> <span class='ocrx_word' id='word_1_158' title='bbox 2342 1022 2480 1078; x_wconf 80' lang='lat' dir='ltr'><strong>l-Xl.</strong></span> <span class='ocrx_word' id='word_1_159' title='bbox 2497 1023 2624 1076; x_wconf 86' lang='lat' dir='ltr'><strong>Post</strong></span> <span class='ocrx_word' id='word_1_160' title='bbox 2637 1021 3054 1077; x_wconf 89' lang='lat' dir='ltr'><strong>Lovaniensium</strong></span> <span class='ocrx_word' id='word_1_161' title='bbox 3076 1022 3453 1091; x_wconf 84' lang='lat' dir='ltr'><strong>theologorum</strong></span> <span class='ocrx_word' id='word_1_162' title='bbox 3469 1024 3814 1081; x_wconf 86' lang='lat' dir='ltr'><strong>recensionem</strong></span> 
     </span>
    </p>
   </div>
   <div class='ocr_carea' id='block_1_25' title="bbox 2254 1112 3814 1184">
    <p class='ocr_par' dir='ltr' id='par_1_25' title="bbox 2254 1112 3814 1184">
     <span class='ocr_line' id='line_1_25' title="bbox 2254 1112 3814 1184; baseline 0.003 -18"><span class='ocrx_word' id='word_1_163' title='bbox 2254 1113 2549 1181; x_wconf 84' lang='lat' dir='ltr'><strong>castigatus</strong></span> <span class='ocrx_word' id='word_1_164' title='bbox 2571 1113 2771 1179; x_wconf 85' lang='lat' dir='ltr'><strong>denuo,</strong></span> <span class='ocrx_word' id='word_1_165' title='bbox 2802 1123 2908 1167; x_wconf 90' lang='lat' dir='ltr'><strong>etc.</strong></span> <span class='ocrx_word' id='word_1_166' title='bbox 2930 1153 2945 1177; x_wconf 98' lang='lat'><strong>,</strong></span> <span class='ocrx_word' id='word_1_167' title='bbox 2977 1122 3034 1165; x_wconf 85' lang='lat' dir='ltr'><strong>ut</strong></span> <span class='ocrx_word' id='word_1_168' title='bbox 3055 1112 3109 1166; x_wconf 89' lang='lat' dir='ltr'><strong>in</strong></span> <span class='ocrx_word' id='word_1_169' title='bbox 3136 1115 3462 1184; x_wconf 64' lang='lat' dir='ltr'><strong>pracedenti.</strong></span> <span class='ocrx_word' id='word_1_170' title='bbox 3498 1113 3672 1167; x_wconf 88' lang='lat' dir='ltr'><strong>Editio</strong></span> <span class='ocrx_word' id='word_1_171' title='bbox 3699 1132 3814 1171; x_wconf 84' lang='lat' dir='ltr'><strong>nova</strong></span> 
     </span>
    </p>
   </div>
   <div class='ocr_carea' id='block_1_26' title="bbox 2254 1202 3814 1275">
    <p class='ocr_par' dir='ltr' id='par_1_26' title="bbox 2254 1202 3814 1275">
     <span class='ocr_line' id='line_1_26' title="bbox 2254 1202 3814 1275; baseline 0.004 -19"><span class='ocrx_word' id='word_1_172' title='bbox 2254 1219 2282 1256; x_wconf 91' lang='lat' dir='ltr'><strong>a</strong></span> <span class='ocrx_word' id='word_1_173' title='bbox 2309 1205 2495 1258; x_wconf 88' lang='lat' dir='ltr'><strong>multis</strong></span> <span class='ocrx_word' id='word_1_174' title='bbox 2522 1205 2733 1259; x_wconf 90' lang='lat' dir='ltr'><strong>mendis</strong></span> <span class='ocrx_word' id='word_1_175' title='bbox 2759 1214 3003 1273; x_wconf 88' lang='lat' dir='ltr'><strong>purgata.</strong></span> <span class='ocrx_word' id='word_1_176' title='bbox 3033 1203 3348 1257; x_wconf 83' lang='lat' dir='ltr'><strong>Prodierunt</strong></span> <span class='ocrx_word' id='word_1_177' title='bbox 3377 1204 3444 1257; x_wconf 88' lang='grc' dir='ltr'><strong>Τ.</strong></span> <span class='ocrx_word' id='word_1_178' title='bbox 3475 1202 3585 1258; x_wconf 85' lang='lat' dir='ltr'><strong>l-V</strong></span> <span class='ocrx_word' id='word_1_179' title='bbox 3607 1208 3814 1275; x_wconf 68' lang='lat'><strong>0.1700,</strong></span> 
     </span>
    </p>
   </div>
   <div class='ocr_carea' id='block_1_27' title="bbox 2258 1292 3817 1361">
    <p class='ocr_par' dir='ltr' id='par_1_27' title="bbox 2258 1292 3817 1361">
     <span class='ocr_line' id='line_1_27' title="bbox 2258 1292 3817 1361; baseline 0.004 -14"><span class='ocrx_word' id='word_1_180' title='bbox 2258 1293 2412 1348; x_wconf 82' lang='lat' dir='ltr'><strong>T.VI</strong></span> <span class='ocrx_word' id='word_1_181' title='bbox 2438 1295 2599 1359; x_wconf 71' lang='lat'><strong>1701,</strong></span> <span class='ocrx_word' id='word_1_182' title='bbox 2617 1293 2678 1347; x_wconf 88' lang='grc' dir='ltr'><strong>Τ.</strong></span> <span class='ocrx_word' id='word_1_183' title='bbox 2704 1292 3068 1358; x_wconf 72' lang='lat' dir='ltr'><strong>VII-X1700,</strong></span> <span class='ocrx_word' id='word_1_184' title='bbox 3088 1294 3150 1349; x_wconf 90' lang='lat' dir='ltr'><strong>T.</strong></span> <span class='ocrx_word' id='word_1_185' title='bbox 3170 1293 3257 1347; x_wconf 84' lang='lat' dir='ltr'><strong><em>XI</em></strong></span> <span class='ocrx_word' id='word_1_186' title='bbox 3278 1295 3817 1361; x_wconf 71' lang='lat' dir='ltr'><strong>1702;1andemi705,</strong></span> 
     </span>
    </p>
   </div>
   <div class='ocr_carea' id='block_1_28' title="bbox 2257 1386 3821 1458">
    <p class='ocr_par' dir='ltr' id='par_1_28' title="bbox 2257 1386 3821 1458">
     <span class='ocr_line' id='line_1_28' title="bbox 2257 1386 3821 1458; baseline 0.002 -18"><span class='ocrx_word' id='word_1_187' title='bbox 2257 1388 2555 1458; x_wconf 70' lang='lat' dir='ltr'><strong>Antuerpia:</strong></span> <span class='ocrx_word' id='word_1_188' title='bbox 2581 1389 2721 1456; x_wconf 83' lang='lat' dir='ltr'><strong>apud</strong></span> <span class='ocrx_word' id='word_1_189' title='bbox 2753 1387 2965 1441; x_wconf 88' lang='lat' dir='ltr'><strong>Petrum</strong></span> <span class='ocrx_word' id='word_1_190' title='bbox 2994 1386 3247 1441; x_wconf 84' lang='lat' dir='ltr'><strong>Mortier:</strong></span> <span class='ocrx_word' id='word_1_191' title='bbox 3271 1387 3558 1456; x_wconf 80' lang='lat' dir='ltr'><strong>Appendix</strong></span> <span class='ocrx_word' id='word_1_192' title='bbox 3590 1389 3821 1456; x_wconf 85' lang='lat' dir='ltr'><strong>Augusti-</strong></span> 
     </span>
    </p>
   </div>
   <div class='ocr_carea' id='block_1_29' title="bbox 2257 1477 3817 1547">
    <p class='ocr_par' dir='ltr' id='par_1_29' title="bbox 2257 1477 3817 1547">
     <span class='ocr_line' id='line_1_29' title="bbox 2257 1477 3817 1547; baseline 0.001 -16"><span class='ocrx_word' id='word_1_193' title='bbox 2257 1478 2438 1543; x_wconf 90' lang='lat' dir='ltr'><strong>niana,</strong></span> <span class='ocrx_word' id='word_1_194' title='bbox 2461 1480 2514 1531; x_wconf 91' lang='lat' dir='ltr'><strong>in</strong></span> <span class='ocrx_word' id='word_1_195' title='bbox 2540 1493 2643 1547; x_wconf 88' lang='lat' dir='ltr'><strong>qua</strong></span> <span class='ocrx_word' id='word_1_196' title='bbox 2685 1488 2811 1532; x_wconf 92' lang='lat' dir='ltr'><strong>sunt</strong></span> <span class='ocrx_word' id='word_1_197' title='bbox 2843 1478 2904 1533; x_wconf 89' lang='lat' dir='ltr'><strong>S.</strong></span> <span class='ocrx_word' id='word_1_198' title='bbox 2949 1477 3192 1547; x_wconf 81' lang='lat' dir='ltr'><strong>Prosperi</strong></span> <span class='ocrx_word' id='word_1_199' title='bbox 3221 1493 3437 1532; x_wconf 84' lang='lat' dir='ltr'><strong>carmen</strong></span> <span class='ocrx_word' id='word_1_200' title='bbox 3479 1478 3549 1532; x_wconf 90' lang='lat' dir='ltr'><strong>de</strong></span> <span class='ocrx_word' id='word_1_201' title='bbox 3581 1479 3817 1547; x_wconf 86' lang='lat' dir='ltr'><strong>lngratis,</strong></span> 
     </span>
    </p>
   </div>
   <div class='ocr_carea' id='block_1_30' title="bbox 2255 1566 3821 1637">
    <p class='ocr_par' dir='ltr' id='par_1_30' title="bbox 2255 1566 3821 1637">
     <span class='ocr_line' id='line_1_30' title="bbox 2255 1566 3821 1637; baseline 0.002 -17"><span class='ocrx_word' id='word_1_202' title='bbox 2255 1581 2377 1621; x_wconf 90' lang='lat' dir='ltr'><strong>cum</strong></span> <span class='ocrx_word' id='word_1_203' title='bbox 2408 1568 2550 1621; x_wconf 91' lang='lat' dir='ltr'><strong>notis</strong></span> <span class='ocrx_word' id='word_1_204' title='bbox 2597 1568 2958 1622; x_wconf 84' lang='lat' dir='ltr'><strong>Lovaniensis</strong></span> <span class='ocrx_word' id='word_1_205' title='bbox 2998 1568 3273 1637; x_wconf 87' lang='lat' dir='ltr'><strong>theologi;</strong></span> <span class='ocrx_word' id='word_1_206' title='bbox 3316 1566 3351 1620; x_wconf 89' lang='lat' dir='ltr'><strong>J</strong></span> <span class='ocrx_word' id='word_1_207' title='bbox 3379 1570 3540 1621; x_wconf 86' lang='lat' dir='ltr'><strong>annis</strong></span> <span class='ocrx_word' id='word_1_208' title='bbox 3571 1566 3821 1633; x_wconf 81' lang='lat' dir='ltr'><strong>Garnerii,</strong></span> 
     </span>
    </p>
   </div>
   <div class='ocr_carea' id='block_1_31' title="bbox 2257 1659 3825 1733">
    <p class='ocr_par' dir='ltr' id='par_1_31' title="bbox 2257 1659 3825 1733">
     <span class='ocr_line' id='line_1_31' title="bbox 2257 1659 3825 1733; baseline 0.001 -19"><span class='ocrx_word' id='word_1_209' title='bbox 2257 1659 2546 1733; x_wconf 86' lang='lat' dir='ltr'><strong>Societatis</strong></span> <span class='ocrx_word' id='word_1_210' title='bbox 2573 1659 2700 1715; x_wconf 83' lang='lat' dir='ltr'><strong>Jesu</strong></span> <span class='ocrx_word' id='word_1_211' title='bbox 2731 1661 3033 1731; x_wconf 87' lang='lat' dir='ltr'><strong>presbyteri</strong></span> <span class='ocrx_word' id='word_1_212' title='bbox 3060 1703 3075 1730; x_wconf 93' lang='lat'><strong>,</strong></span> <span class='ocrx_word' id='word_1_213' title='bbox 3111 1661 3542 1715; x_wconf 89' lang='lat' dir='ltr'><strong>Dissertationes</strong></span> <span class='ocrx_word' id='word_1_214' title='bbox 3574 1663 3825 1729; x_wconf 91' lang='lat' dir='ltr'><strong>pertinen-</strong></span> 
     </span>
    </p>
   </div>
   <div class='ocr_carea' id='block_1_32' title="bbox 565 1741 3828 1827">
    <p class='ocr_par' dir='ltr' id='par_1_32' title="bbox 565 1741 3828 1827">
     <span class='ocr_line' id='line_1_32' title="bbox 565 1741 3828 1827; baseline -0 -17"><span class='ocrx_word' id='word_1_215' title='bbox 565 1757 744 1811; x_wconf 87' lang='lat' dir='ltr'><strong>dicam</strong></span> <span class='ocrx_word' id='word_1_216' title='bbox 771 1756 840 1810; x_wconf 90' lang='lat' dir='ltr'><strong>de</strong></span> <span class='ocrx_word' id='word_1_217' title='bbox 877 1755 1112 1827; x_wconf 88' lang='lat' dir='ltr'><strong>Vignerii</strong></span> <span class='ocrx_word' id='word_1_218' title='bbox 1157 1753 1532 1824; x_wconf 87' lang='lat' dir='ltr'><strong>Supplementa</strong></span> <span class='ocrx_word' id='word_1_219' title='bbox 1556 1792 1572 1817; x_wconf 90' lang='lat'><strong>,</strong></span> <span class='ocrx_word' id='word_1_220' title='bbox 1623 1751 1767 1820; x_wconf 84' lang='lat' dir='ltr'><strong>quod</strong></span> <span class='ocrx_word' id='word_1_221' title='bbox 1814 1764 1911 1819; x_wconf 89' lang='lat' dir='ltr'><strong>per</strong></span> <span class='ocrx_word' id='word_1_222' title='bbox 1955 1749 2156 1803; x_wconf 86' lang='lat' dir='ltr'><strong>multas</strong></span> <span class='ocrx_word' id='word_1_223' title='bbox 2183 1741 2235 1802; x_wconf 85' lang='grc' dir='ltr'><strong>Β</strong></span> <span class='ocrx_word' id='word_1_224' title='bbox 2261 1759 2344 1806; x_wconf 85' lang='lat' dir='ltr'><strong>tes</strong></span> <span class='ocrx_word' id='word_1_225' title='bbox 2369 1753 2436 1805; x_wconf 87' lang='lat' dir='ltr'><strong>ad</strong></span> <span class='ocrx_word' id='word_1_226' title='bbox 2467 1752 2754 1806; x_wconf 85' lang='lat' dir='ltr'><strong>Historiam</strong></span> <span class='ocrx_word' id='word_1_227' title='bbox 2786 1752 3158 1822; x_wconf 84' lang='lat' dir='ltr'><strong>Pelagianam;</strong></span> <span class='ocrx_word' id='word_1_228' title='bbox 3190 1753 3392 1822; x_wconf 80' lang='lat' dir='ltr'><strong>Pelagii</strong></span> <span class='ocrx_word' id='word_1_229' title='bbox 3418 1753 3657 1806; x_wconf 82' lang='lat' dir='ltr'><strong>Britanni</strong></span> <span class='ocrx_word' id='word_1_230' title='bbox 3681 1755 3828 1809; x_wconf 86' lang='lat' dir='ltr'><strong>Com-</strong></span> 
     </span>
    </p>
   </div>
   <div class='ocr_carea' id='block_1_33' title="bbox 566 1843 2158 1918">
    <p class='ocr_par' dir='ltr' id='par_1_33' title="bbox 566 1843 2158 1918">
     <span class='ocr_line' id='line_1_33' title="bbox 566 1843 2158 1918; baseline -0.005 -15"><span class='ocrx_word' id='word_1_231' title='bbox 566 1859 695 1918; x_wconf 89' lang='lat' dir='ltr'><strong>puto</strong></span> <span class='ocrx_word' id='word_1_232' title='bbox 724 1847 1083 1902; x_wconf 87' lang='lat' dir='ltr'><strong>bibliothecas</strong></span> <span class='ocrx_word' id='word_1_233' title='bbox 1141 1846 1341 1901; x_wconf 88' lang='lat' dir='ltr'><strong>frustra</strong></span> <span class='ocrx_word' id='word_1_234' title='bbox 1385 1845 1726 1914; x_wconf 66' lang='lat' dir='ltr'><strong>quaesiveris,</strong></span> <span class='ocrx_word' id='word_1_235' title='bbox 1772 1843 1893 1897; x_wconf 89' lang='lat' dir='ltr'><strong>sine</strong></span> <span class='ocrx_word' id='word_1_236' title='bbox 1931 1856 2038 1911; x_wconf 92' lang='lat' dir='ltr'><strong>quo</strong></span> <span class='ocrx_word' id='word_1_237' title='bbox 2075 1852 2158 1895; x_wconf 81' lang='lat' dir='ltr'><strong>ta-</strong></span> 
     </span>
    </p>
   </div>
   <div class='ocr_carea' id='block_1_34' title="bbox 569 1932 2158 2005">
    <p class='ocr_par' dir='ltr' id='par_1_34' title="bbox 569 1932 2158 2005">
     <span class='ocr_line' id='line_1_34' title="bbox 569 1932 2158 2005; baseline -0.005 -13"><span class='ocrx_word' id='word_1_238' title='bbox 569 1956 692 1994; x_wconf 91' lang='lat' dir='ltr'><strong>men</strong></span> <span class='ocrx_word' id='word_1_239' title='bbox 721 1940 904 1993; x_wconf 86' lang='lat' dir='ltr'><strong>omnia</strong></span> <span class='ocrx_word' id='word_1_240' title='bbox 935 1937 1296 1993; x_wconf 90' lang='lat' dir='ltr'><strong>Lovaniensis</strong></span> <span class='ocrx_word' id='word_1_241' title='bbox 1316 1937 1478 2005; x_wconf 88' lang='lat' dir='ltr'><strong>hujus</strong></span> <span class='ocrx_word' id='word_1_242' title='bbox 1503 1935 1839 1991; x_wconf 90' lang='lat' dir='ltr'><strong>recensionis</strong></span> <span class='ocrx_word' id='word_1_243' title='bbox 1852 1932 2158 2002; x_wconf 90' lang='lat' dir='ltr'><strong>apographa</strong></span> 
     </span>
    </p>
   </div>
   <div class='ocr_carea' id='block_1_35' title="bbox 570 2027 2159 2094">
    <p class='ocr_par' dir='ltr' id='par_1_35' title="bbox 570 2027 2159 2094">
     <span class='ocr_line' id='line_1_35' title="bbox 570 2027 2159 2094; baseline -0.005 -8"><span class='ocrx_word' id='word_1_244' title='bbox 570 2047 760 2086; x_wconf 88' lang='lat' dir='ltr'><strong>manca</strong></span> <span class='ocrx_word' id='word_1_245' title='bbox 784 2047 907 2085; x_wconf 87' lang='lat' dir='ltr'><strong>esse</strong></span> <span class='ocrx_word' id='word_1_246' title='bbox 948 2039 1183 2084; x_wconf 90' lang='lat' dir='ltr'><strong>constat.</strong></span> <span class='ocrx_word' id='word_1_247' title='bbox 1213 2029 1347 2082; x_wconf 89' lang='lat' dir='ltr'><strong>lllud</strong></span> <span class='ocrx_word' id='word_1_248' title='bbox 1379 2037 1562 2082; x_wconf 90' lang='lat' dir='ltr'><strong>autem</strong></span> <span class='ocrx_word' id='word_1_249' title='bbox 1590 2027 1816 2081; x_wconf 91' lang='lat' dir='ltr'><strong>omnino</strong></span> <span class='ocrx_word' id='word_1_250' title='bbox 1841 2035 2042 2094; x_wconf 69' lang='lat' dir='ltr'><strong>prmter</strong></span> <span class='ocrx_word' id='word_1_251' title='bbox 2068 2039 2159 2078; x_wconf 86' lang='lat' dir='ltr'><strong>ve-</strong></span> 
     </span>
    </p>
   </div>
   <div class='ocr_carea' id='block_1_36' title="bbox 568 2115 2162 2184">
    <p class='ocr_par' dir='ltr' id='par_1_36' title="bbox 568 2115 2162 2184">
     <span class='ocr_line' id='line_1_36' title="bbox 568 2115 2162 2184; baseline -0.006 -8"><span class='ocrx_word' id='word_1_252' title='bbox 568 2125 786 2176; x_wconf 88' lang='lat' dir='ltr'><strong>ritatem</strong></span> <span class='ocrx_word' id='word_1_253' title='bbox 819 2120 1102 2175; x_wconf 91' lang='lat' dir='ltr'><strong>contendit</strong></span> <span class='ocrx_word' id='word_1_254' title='bbox 1133 2120 1414 2175; x_wconf 91' lang='lat' dir='ltr'><strong>Simonius</strong></span> <span class='ocrx_word' id='word_1_255' title='bbox 1437 2161 1452 2182; x_wconf 97' lang='lat'><strong>,</strong></span> <span class='ocrx_word' id='word_1_256' title='bbox 1492 2132 1684 2172; x_wconf 92' lang='lat' dir='ltr'><strong>novam</strong></span> <span class='ocrx_word' id='word_1_257' title='bbox 1715 2115 2004 2184; x_wconf 83' lang='lat' dir='ltr'><strong>Augustini</strong></span> <span class='ocrx_word' id='word_1_258' title='bbox 2045 2115 2162 2168; x_wconf 83' lang='lat' dir='ltr'><strong>edi-</strong></span> 
     </span>
    </p>
   </div>
   <div class='ocr_carea' id='block_1_37' title="bbox 571 2206 2163 2281">
    <p class='ocr_par' dir='ltr' id='par_1_37' title="bbox 571 2206 2163 2281">
     <span class='ocr_line' id='line_1_37' title="bbox 571 2206 2163 2281; baseline -0.006 -15"><span class='ocrx_word' id='word_1_259' title='bbox 571 2216 777 2267; x_wconf 89' lang='lat' dir='ltr'><strong>tionem</strong></span> <span class='ocrx_word' id='word_1_260' title='bbox 823 2222 942 2281; x_wconf 89' lang='lat' dir='ltr'><strong>post</strong></span> <span class='ocrx_word' id='word_1_261' title='bbox 987 2212 1381 2266; x_wconf 88' lang='lat' dir='ltr'><strong>Lovaniensem</strong></span> <span class='ocrx_word' id='word_1_262' title='bbox 1435 2211 1611 2263; x_wconf 91' lang='lat' dir='ltr'><strong>locum</strong></span> <span class='ocrx_word' id='word_1_263' title='bbox 1659 2221 1766 2261; x_wconf 92' lang='lat' dir='ltr'><strong>non</strong></span> <span class='ocrx_word' id='word_1_264' title='bbox 1816 2206 2072 2260; x_wconf 87' lang='lat' dir='ltr'><strong>habuisse</strong></span> <span class='ocrx_word' id='word_1_265' title='bbox 2106 2213 2163 2258; x_wconf 90' lang='lat' dir='ltr'><strong>et</strong></span> 
     </span>
    </p>
   </div>
   <div class='ocr_carea' id='block_1_38' title="bbox 574 2296 2161 2373">
    <p class='ocr_par' dir='ltr' id='par_1_38' title="bbox 574 2296 2161 2373">
     <span class='ocr_line' id='line_1_38' title="bbox 574 2296 2161 2373; baseline -0.008 -14"><span class='ocrx_word' id='word_1_266' title='bbox 574 2305 816 2373; x_wconf 89' lang='lat' dir='ltr'><strong>iniquius</strong></span> <span class='ocrx_word' id='word_1_267' title='bbox 845 2303 1059 2366; x_wconf 86' lang='lat' dir='ltr'><strong>statuit,</strong></span> <span class='ocrx_word' id='word_1_268' title='bbox 1089 2302 1486 2356; x_wconf 88' lang='lat' dir='ltr'><strong>Lovaniensem</strong></span> <span class='ocrx_word' id='word_1_269' title='bbox 1518 2297 1870 2353; x_wconf 68' lang='lat' dir='ltr'><strong>Benidictinaa</strong></span> <span class='ocrx_word' id='word_1_270' title='bbox 1891 2296 2076 2350; x_wconf 91' lang='lat' dir='ltr'><strong>multis</strong></span> <span class='ocrx_word' id='word_1_271' title='bbox 2097 2310 2161 2348; x_wconf 80' lang='lat' dir='ltr'><strong>ex</strong></span> 
     </span>
    </p>
   </div>
   <div class='ocr_carea' id='block_1_39' title="bbox 577 2386 2165 2466">
    <p class='ocr_par' dir='ltr' id='par_1_39' title="bbox 577 2386 2165 2466">
     <span class='ocr_line' id='line_1_39' title="bbox 577 2386 2165 2466; baseline -0.009 -14"><span class='ocrx_word' id='word_1_272' title='bbox 577 2398 760 2452; x_wconf 89' lang='lat' dir='ltr'><strong>causis</strong></span> <span class='ocrx_word' id='word_1_273' title='bbox 787 2412 909 2450; x_wconf 82' lang='lat' dir='ltr'><strong>esse</strong></span> <span class='ocrx_word' id='word_1_274' title='bbox 943 2394 1332 2466; x_wconf 61' lang='lat' dir='ltr'><strong>praeferendam</strong></span> <span class='ocrx_word' id='word_1_275' title='bbox 1353 2433 1370 2459; x_wconf 93' lang='lat'><strong>,</strong></span> <span class='ocrx_word' id='word_1_276' title='bbox 1403 2393 1657 2459; x_wconf 91' lang='lat' dir='ltr'><strong>idemque</strong></span> <span class='ocrx_word' id='word_1_277' title='bbox 1696 2389 1972 2450; x_wconf 90' lang='lat' dir='ltr'><strong>dicemus,</strong></span> <span class='ocrx_word' id='word_1_278' title='bbox 2004 2387 2048 2440; x_wconf 89' lang='lat' dir='ltr'><strong>si</strong></span> <span class='ocrx_word' id='word_1_279' title='bbox 2080 2386 2165 2454; x_wconf 89' lang='lat' dir='ltr'><strong>ju-</strong></span> 
     </span>
    </p>
   </div>
   <div class='ocr_carea' id='block_1_40' title="bbox 577 2475 2162 2548">
    <p class='ocr_par' dir='ltr' id='par_1_40' title="bbox 577 2475 2162 2548">
     <span class='ocr_line' id='line_1_40' title="bbox 577 2475 2162 2548; baseline -0.009 -8"><span class='ocrx_word' id='word_1_280' title='bbox 577 2486 781 2541; x_wconf 91' lang='lat' dir='ltr'><strong>dicium</strong></span> <span class='ocrx_word' id='word_1_281' title='bbox 831 2485 1004 2538; x_wconf 91' lang='lat' dir='ltr'><strong>hocce</strong></span> <span class='ocrx_word' id='word_1_282' title='bbox 1049 2497 1205 2537; x_wconf 87' lang='lat' dir='ltr'><strong>suum</strong></span> <span class='ocrx_word' id='word_1_283' title='bbox 1262 2481 1330 2534; x_wconf 88' lang='lat' dir='ltr'><strong>ad</strong></span> <span class='ocrx_word' id='word_1_284' title='bbox 1385 2481 1624 2548; x_wconf 90' lang='lat' dir='ltr'><strong>reliquas</strong></span> <span class='ocrx_word' id='word_1_285' title='bbox 1682 2475 2162 2531; x_wconf 86' lang='lat' dir='ltr'><strong>Benedictinorum</strong></span> 
     </span>
    </p>
   </div>
   <div class='ocr_carea' id='block_1_41' title="bbox 570 2567 2165 2631">
    <p class='ocr_par' dir='ltr' id='par_1_41' title="bbox 570 2567 2165 2631">
     <span class='ocr_line' id='line_1_41' title="bbox 570 2567 2165 2631; baseline -0.008 -1"><span class='ocrx_word' id='word_1_286' title='bbox 570 2577 792 2631; x_wconf 86' lang='lat' dir='ltr'><strong>Patrum</strong></span> <span class='ocrx_word' id='word_1_287' title='bbox 836 2575 1156 2629; x_wconf 87' lang='lat' dir='ltr'><strong>Latinorum</strong></span> <span class='ocrx_word' id='word_1_288' title='bbox 1192 2573 1278 2627; x_wconf 85' lang='lat' dir='ltr'><strong>vel</strong></span> <span class='ocrx_word' id='word_1_289' title='bbox 1320 2571 1639 2626; x_wconf 69' lang='lat' dir='ltr'><strong>Graecorum</strong></span> <span class='ocrx_word' id='word_1_290' title='bbox 1679 2567 1946 2623; x_wconf 83' lang='lat' dir='ltr'><strong>editiones</strong></span> <span class='ocrx_word' id='word_1_291' title='bbox 1976 2574 2165 2619; x_wconf 87' lang='lat' dir='ltr'><strong>exten-</strong></span> 
     </span>
    </p>
   </div>
   <div class='ocr_carea' id='block_1_42' title="bbox 571 2654 2164 2732">
    <p class='ocr_par' dir='ltr' id='par_1_42' title="bbox 571 2654 2164 2732">
     <span class='ocr_line' id='line_1_42' title="bbox 571 2654 2164 2732; baseline -0.009 -12"><span class='ocrx_word' id='word_1_292' title='bbox 571 2668 702 2720; x_wconf 88' lang='lat' dir='ltr'><strong>dere</strong></span> <span class='ocrx_word' id='word_1_293' title='bbox 753 2665 906 2729; x_wconf 89' lang='lat' dir='ltr'><strong>velit,</strong></span> <span class='ocrx_word' id='word_1_294' title='bbox 959 2679 991 2717; x_wconf 87' lang='lat' dir='ltr'><strong>e</strong></span> <span class='ocrx_word' id='word_1_295' title='bbox 1040 2663 1237 2732; x_wconf 89' lang='lat' dir='ltr'><strong>quibus</strong></span> <span class='ocrx_word' id='word_1_296' title='bbox 1266 2663 1358 2714; x_wconf 86' lang='lat' dir='ltr'><strong>vix</strong></span> <span class='ocrx_word' id='word_1_297' title='bbox 1387 2661 1533 2714; x_wconf 93' lang='lat' dir='ltr'><strong>ullus</strong></span> <span class='ocrx_word' id='word_1_298' title='bbox 1563 2667 1681 2723; x_wconf 92' lang='lat' dir='ltr'><strong>est,</strong></span> <span class='ocrx_word' id='word_1_299' title='bbox 1732 2655 1997 2711; x_wconf 84' lang='lat' dir='ltr'><strong>Hilarium</strong></span> <span class='ocrx_word' id='word_1_300' title='bbox 2047 2654 2164 2722; x_wconf 91' lang='lat' dir='ltr'><strong>ipse</strong></span> 
     </span>
    </p>
   </div>
   <div class='ocr_carea' id='block_1_43' title="bbox 571 2744 2164 2825">
    <p class='ocr_par' dir='ltr' id='par_1_43' title="bbox 571 2744 2164 2825">
     <span class='ocr_line' id='line_1_43' title="bbox 571 2744 2164 2825; baseline -0.009 -14"><span class='ocrx_word' id='word_1_301' title='bbox 571 2757 791 2825; x_wconf 87' lang='lat' dir='ltr'><strong>excipit,</strong></span> <span class='ocrx_word' id='word_1_302' title='bbox 819 2755 956 2824; x_wconf 92' lang='lat' dir='ltr'><strong>quin</strong></span> <span class='ocrx_word' id='word_1_303' title='bbox 985 2763 1266 2807; x_wconf 88' lang='lat' dir='ltr'><strong>recentem</strong></span> <span class='ocrx_word' id='word_1_304' title='bbox 1296 2763 1424 2804; x_wconf 91' lang='lat' dir='ltr'><strong>tunc</strong></span> <span class='ocrx_word' id='word_1_305' title='bbox 1463 2751 1530 2804; x_wconf 90' lang='lat' dir='ltr'><strong>ab</strong></span> <span class='ocrx_word' id='word_1_306' title='bbox 1562 2749 1798 2818; x_wconf 88' lang='lat' dir='ltr'><strong>ingeniis</strong></span> <span class='ocrx_word' id='word_1_307' title='bbox 1828 2744 2164 2800; x_wconf 89' lang='lat' dir='ltr'><strong>eruditorum</strong></span> 
     </span>
    </p>
   </div>
   <div class='ocr_carea' id='block_1_44' title="bbox 574 2835 2168 2916">
    <p class='ocr_par' dir='ltr' id='par_1_44' title="bbox 574 2835 2168 2916">
     <span class='ocr_line' id='line_1_44' title="bbox 574 2835 2168 2916; baseline -0.01 -13"><span class='ocrx_word' id='word_1_308' title='bbox 574 2857 631 2904; x_wconf 91' lang='lat' dir='ltr'><strong>et</strong></span> <span class='ocrx_word' id='word_1_309' title='bbox 659 2845 798 2916; x_wconf 91' lang='lat' dir='ltr'><strong>preli</strong></span> <span class='ocrx_word' id='word_1_310' title='bbox 829 2843 1088 2899; x_wconf 62' lang='lat' dir='ltr'><strong>munditis</strong></span> <span class='ocrx_word' id='word_1_311' title='bbox 1117 2842 1328 2896; x_wconf 87' lang='lat' dir='ltr'><strong>cultum</strong></span> <span class='ocrx_word' id='word_1_312' title='bbox 1353 2841 1744 2894; x_wconf 79' lang='lat' dir='ltr'><strong>desiderasset.</strong></span> <span class='ocrx_word' id='word_1_313' title='bbox 1771 2837 1840 2892; x_wconf 89' lang='lat' dir='ltr'><strong>Ut</strong></span> <span class='ocrx_word' id='word_1_314' title='bbox 1862 2851 1993 2890; x_wconf 84' lang='lat' dir='ltr'><strong>vero</strong></span> <span class='ocrx_word' id='word_1_315' title='bbox 2014 2835 2077 2888; x_wconf 93' lang='lat' dir='ltr'><strong>ad</strong></span> <span class='ocrx_word' id='word_1_316' title='bbox 2106 2849 2168 2888; x_wconf 90' lang='lat' dir='ltr'><strong>ea</strong></span> 
     </span>
    </p>
   </div>
   <div class='ocr_carea' id='block_1_45' title="bbox 573 2924 2168 3000">
    <p class='ocr_par' dir='ltr' id='par_1_45' title="bbox 573 2924 2168 3000">
     <span class='ocr_line' id='line_1_45' title="bbox 573 2924 2168 3000; baseline -0.008 -10"><span class='ocrx_word' id='word_1_317' title='bbox 573 2937 791 2990; x_wconf 84' lang='lat' dir='ltr'><strong>tandem</strong></span> <span class='ocrx_word' id='word_1_318' title='bbox 820 2934 1163 2997; x_wconf 86' lang='lat' dir='ltr'><strong>accedamus,</strong></span> <span class='ocrx_word' id='word_1_319' title='bbox 1196 2947 1318 3000; x_wconf 70' lang='lat' dir='ltr'><strong>qum</strong></span> <span class='ocrx_word' id='word_1_320' title='bbox 1354 2932 1406 2984; x_wconf 91' lang='lat' dir='ltr'><strong>in</strong></span> <span class='ocrx_word' id='word_1_321' title='bbox 1443 2931 1558 2998; x_wconf 91' lang='lat' dir='ltr'><strong>ipsa</strong></span> <span class='ocrx_word' id='word_1_322' title='bbox 1591 2932 1691 2981; x_wconf 90' lang='lat' dir='ltr'><strong>hac</strong></span> <span class='ocrx_word' id='word_1_323' title='bbox 1713 2927 1937 2980; x_wconf 89' lang='lat' dir='ltr'><strong>Patrum</strong></span> <span class='ocrx_word' id='word_1_324' title='bbox 1969 2924 2168 2978; x_wconf 88' lang='lat' dir='ltr'><strong>Mauri-</strong></span> 
     </span>
    </p>
   </div>
   <div class='ocr_carea' id='block_1_46' title="bbox 577 3018 2167 3094">
    <p class='ocr_par' dir='ltr' id='par_1_46' title="bbox 577 3018 2167 3094">
     <span class='ocr_line' id='line_1_46' title="bbox 577 3018 2167 3094; baseline -0.009 -13"><span class='ocrx_word' id='word_1_325' title='bbox 577 3042 769 3082; x_wconf 91' lang='lat' dir='ltr'><strong>norum</strong></span> <span class='ocrx_word' id='word_1_326' title='bbox 801 3040 966 3094; x_wconf 89' lang='lat' dir='ltr'><strong>opera</strong></span> <span class='ocrx_word' id='word_1_327' title='bbox 1003 3023 1089 3078; x_wconf 88' lang='lat' dir='ltr'><strong>vel</strong></span> <span class='ocrx_word' id='word_1_328' title='bbox 1122 3037 1405 3092; x_wconf 89' lang='lat' dir='ltr'><strong>perperam</strong></span> <span class='ocrx_word' id='word_1_329' title='bbox 1428 3062 1441 3083; x_wconf 93' lang='lat'><strong>,</strong></span> <span class='ocrx_word' id='word_1_330' title='bbox 1471 3020 1554 3073; x_wconf 87' lang='lat' dir='ltr'><strong>vel</strong></span> <span class='ocrx_word' id='word_1_331' title='bbox 1588 3018 1841 3086; x_wconf 90' lang='lat' dir='ltr'><strong>imperite</strong></span> <span class='ocrx_word' id='word_1_332' title='bbox 1870 3018 2007 3069; x_wconf 75' lang='lat' dir='ltr'><strong>facta</strong></span> <span class='ocrx_word' id='word_1_333' title='bbox 2044 3029 2167 3070; x_wconf 89' lang='lat' dir='ltr'><strong>esse</strong></span> 
     </span>
    </p>
   </div>
   <div class='ocr_carea' id='block_1_47' title="bbox 2262 1841 3826 1913">
    <p class='ocr_par' dir='ltr' id='par_1_47' title="bbox 2262 1841 3826 1913">
     <span class='ocr_line' id='line_1_47' title="bbox 2262 1841 3826 1913; baseline 0.002 -18"><span class='ocrx_word' id='word_1_334' title='bbox 2262 1841 2513 1896; x_wconf 90' lang='lat' dir='ltr'><strong>mentarii</strong></span> <span class='ocrx_word' id='word_1_335' title='bbox 2539 1843 2590 1895; x_wconf 93' lang='lat' dir='ltr'><strong>in</strong></span> <span class='ocrx_word' id='word_1_336' title='bbox 2619 1842 2889 1911; x_wconf 84' lang='lat' dir='ltr'><strong>Epistolas</strong></span> <span class='ocrx_word' id='word_1_337' title='bbox 2915 1845 2971 1898; x_wconf 88' lang='lat' dir='ltr'><strong>S.</strong></span> <span class='ocrx_word' id='word_1_338' title='bbox 2994 1843 3144 1897; x_wconf 87' lang='lat' dir='ltr'><strong>Pauli</strong></span> <span class='ocrx_word' id='word_1_339' title='bbox 3171 1859 3185 1908; x_wconf 91' lang='lat'><strong>;</strong></span> <span class='ocrx_word' id='word_1_340' title='bbox 3218 1857 3280 1897; x_wconf 90' lang='lat' dir='ltr'><strong>ac</strong></span> <span class='ocrx_word' id='word_1_341' title='bbox 3305 1844 3536 1913; x_wconf 92' lang='lat' dir='ltr'><strong>denique</strong></span> <span class='ocrx_word' id='word_1_342' title='bbox 3566 1843 3686 1898; x_wconf 87' lang='lat' dir='ltr'><strong>Des.</strong></span> <span class='ocrx_word' id='word_1_343' title='bbox 3710 1842 3826 1898; x_wconf 82' lang='lat' dir='ltr'><strong>Era-</strong></span> 
     </span>
    </p>
   </div>
   <div class='ocr_carea' id='block_1_48' title="bbox 2261 1930 3831 1998">
    <p class='ocr_par' dir='ltr' id='par_1_48' title="bbox 2261 1930 3831 1998">
     <span class='ocr_line' id='line_1_48' title="bbox 2261 1930 3831 1998; baseline 0.001 -13"><span class='ocrx_word' id='word_1_344' title='bbox 2261 1933 2383 1997; x_wconf 87' lang='lat' dir='ltr'><strong>smi,</strong></span> <span class='ocrx_word' id='word_1_345' title='bbox 2407 1930 2496 1985; x_wconf 89' lang='lat' dir='ltr'><strong>Jo.</strong></span> <span class='ocrx_word' id='word_1_346' title='bbox 2529 1931 2668 1985; x_wconf 87' lang='lat' dir='ltr'><strong>Lud.</strong></span> <span class='ocrx_word' id='word_1_347' title='bbox 2709 1932 2873 1996; x_wconf 80' lang='lat' dir='ltr'><strong>Vivis,</strong></span> <span class='ocrx_word' id='word_1_348' title='bbox 2904 1931 3088 1986; x_wconf 81' lang='lat' dir='ltr'><strong>Jacobi</strong></span> <span class='ocrx_word' id='word_1_349' title='bbox 3117 1932 3383 1987; x_wconf 85' lang='lat' dir='ltr'><strong>Sirmondi</strong></span> <span class='ocrx_word' id='word_1_350' title='bbox 3402 1977 3416 1998; x_wconf 95' lang='lat'><strong>,</strong></span> <span class='ocrx_word' id='word_1_351' title='bbox 3449 1932 3663 1986; x_wconf 82' lang='lat' dir='ltr'><strong>Henrici</strong></span> <span class='ocrx_word' id='word_1_352' title='bbox 3692 1933 3831 1987; x_wconf 88' lang='lat' dir='ltr'><strong>Nori-</strong></span> 
     </span>
    </p>
   </div>
   <div class='ocr_carea' id='block_1_49' title="bbox 2264 2023 3833 2094">
    <p class='ocr_par' dir='ltr' id='par_1_49' title="bbox 2264 2023 3833 2094">
     <span class='ocr_line' id='line_1_49' title="bbox 2264 2023 3833 2094; baseline 0.001 -16"><span class='ocrx_word' id='word_1_353' title='bbox 2264 2025 2360 2091; x_wconf 88' lang='lat' dir='ltr'><strong>sii,</strong></span> <span class='ocrx_word' id='word_1_354' title='bbox 2392 2023 2613 2079; x_wconf 78' lang='lat' dir='ltr'><strong>Joannis</strong></span> <span class='ocrx_word' id='word_1_355' title='bbox 2641 2024 2937 2094; x_wconf 83' lang='lat' dir='ltr'><strong>Phereponi</strong></span> <span class='ocrx_word' id='word_1_356' title='bbox 2968 2033 3023 2079; x_wconf 88' lang='lat' dir='ltr'><strong>et</strong></span> <span class='ocrx_word' id='word_1_357' title='bbox 3048 2025 3278 2080; x_wconf 89' lang='lat' dir='ltr'><strong>aliorum</strong></span> <span class='ocrx_word' id='word_1_358' title='bbox 3311 2025 3658 2094; x_wconf 78' lang='lat' dir='ltr'><strong>przefationes</strong></span> <span class='ocrx_word' id='word_1_359' title='bbox 3679 2068 3692 2091; x_wconf 92' lang='lat'><strong>,</strong></span> <span class='ocrx_word' id='word_1_360' title='bbox 3721 2042 3833 2081; x_wconf 79' lang='lat' dir='ltr'><strong>ren-</strong></span> 
     </span>
    </p>
   </div>
   <div class='ocr_carea' id='block_1_50' title="bbox 2263 2115 3833 2185">
    <p class='ocr_par' dir='ltr' id='par_1_50' title="bbox 2263 2115 3833 2185">
     <span class='ocr_line' id='line_1_50' title="bbox 2263 2115 3833 2185; baseline -0.001 -17"><span class='ocrx_word' id='word_1_361' title='bbox 2263 2127 2437 2180; x_wconf 71' lang='lat' dir='ltr'><strong>surze,</strong></span> <span class='ocrx_word' id='word_1_362' title='bbox 2474 2122 2616 2168; x_wconf 68' lang='lat' dir='ltr'><strong>nota:</strong></span> <span class='ocrx_word' id='word_1_363' title='bbox 2656 2122 2710 2169; x_wconf 90' lang='lat' dir='ltr'><strong>et</strong></span> <span class='ocrx_word' id='word_1_364' title='bbox 2751 2115 3252 2169; x_wconf 87' lang='lat' dir='ltr'><strong>animadversiones</strong></span> <span class='ocrx_word' id='word_1_365' title='bbox 3291 2115 3346 2169; x_wconf 92' lang='lat' dir='ltr'><strong>in</strong></span> <span class='ocrx_word' id='word_1_366' title='bbox 3374 2115 3552 2169; x_wconf 88' lang='lat' dir='ltr'><strong>omnia</strong></span> <span class='ocrx_word' id='word_1_367' title='bbox 3583 2115 3640 2169; x_wconf 90' lang='lat' dir='ltr'><strong>S.</strong></span> <span class='ocrx_word' id='word_1_368' title='bbox 3673 2117 3833 2185; x_wconf 86' lang='lat' dir='ltr'><strong>Augu-</strong></span> 
     </span>
    </p>
   </div>
   <div class='ocr_carea' id='block_1_51' title="bbox 2265 2205 3836 2277">
    <p class='ocr_par' dir='ltr' id='par_1_51' title="bbox 2265 2205 3836 2277">
     <span class='ocr_line' id='line_1_51' title="bbox 2265 2205 3836 2277; baseline 0 -16"><span class='ocrx_word' id='word_1_369' title='bbox 2265 2207 2394 2261; x_wconf 90' lang='lat' dir='ltr'><strong>stini</strong></span> <span class='ocrx_word' id='word_1_370' title='bbox 2419 2221 2605 2276; x_wconf 82' lang='lat' dir='ltr'><strong>Opera.</strong></span> <span class='ocrx_word' id='word_1_371' title='bbox 2631 2207 2697 2260; x_wconf 88' lang='lat' dir='ltr'><strong>T.</strong></span> <span class='ocrx_word' id='word_1_372' title='bbox 2716 2205 2859 2271; x_wconf 83' lang='lat' dir='ltr'><strong>XII,</strong></span> <span class='ocrx_word' id='word_1_373' title='bbox 2886 2208 2974 2277; x_wconf 91' lang='lat' dir='ltr'><strong>qui</strong></span> <span class='ocrx_word' id='word_1_374' title='bbox 3003 2207 3128 2262; x_wconf 91' lang='lat' dir='ltr'><strong>huic</strong></span> <span class='ocrx_word' id='word_1_375' title='bbox 3157 2207 3384 2263; x_wconf 72' lang='lat' dir='ltr'><strong>editioni</strong></span> <span class='ocrx_word' id='word_1_376' title='bbox 3418 2208 3727 2276; x_wconf 87' lang='lat' dir='ltr'><strong>peculiaris,</strong></span> <span class='ocrx_word' id='word_1_377' title='bbox 3759 2223 3836 2261; x_wconf 90' lang='lat' dir='ltr'><strong>un-</strong></span> 
     </span>
    </p>
   </div>
   <div class='ocr_carea' id='block_1_52' title="bbox 2263 2299 3834 2368">
    <p class='ocr_par' dir='ltr' id='par_1_52' title="bbox 2263 2299 3834 2368">
     <span class='ocr_line' id='line_1_52' title="bbox 2263 2299 3834 2368; baseline -0.001 -14"><span class='ocrx_word' id='word_1_378' title='bbox 2263 2301 2441 2354; x_wconf 90' lang='lat' dir='ltr'><strong>decim</strong></span> <span class='ocrx_word' id='word_1_379' title='bbox 2466 2301 2743 2368; x_wconf 88' lang='lat' dir='ltr'><strong>prioribus</strong></span> <span class='ocrx_word' id='word_1_380' title='bbox 2769 2315 2835 2354; x_wconf 87' lang='lat' dir='ltr'><strong>ex</strong></span> <span class='ocrx_word' id='word_1_381' title='bbox 2862 2300 2978 2355; x_wconf 88' lang='lat' dir='ltr'><strong>sola</strong></span> <span class='ocrx_word' id='word_1_382' title='bbox 2998 2300 3238 2355; x_wconf 89' lang='lat' dir='ltr'><strong>editione</strong></span> <span class='ocrx_word' id='word_1_383' title='bbox 3264 2299 3554 2354; x_wconf 84' lang='lat' dir='ltr'><strong>Parisiensi</strong></span> <span class='ocrx_word' id='word_1_384' title='bbox 3586 2301 3705 2355; x_wconf 83' lang='lat' dir='ltr'><strong>sine</strong></span> <span class='ocrx_word' id='word_1_385' title='bbox 3728 2316 3834 2353; x_wconf 81' lang='lat' dir='ltr'><strong>tnu-</strong></span> 
     </span>
    </p>
   </div>
   <div class='ocr_carea' id='block_1_53' title="bbox 2266 2388 2788 2458">
    <p class='ocr_par' dir='ltr' id='par_1_53' title="bbox 2266 2388 2788 2458">
     <span class='ocr_line' id='line_1_53' title="bbox 2266 2388 2788 2458; baseline 0.004 -17"><span class='ocrx_word' id='word_1_386' title='bbox 2266 2388 2470 2443; x_wconf 92' lang='lat' dir='ltr'><strong>tatione</strong></span> <span class='ocrx_word' id='word_1_387' title='bbox 2494 2391 2788 2458; x_wconf 80' lang='lat' dir='ltr'><strong>expressis.</strong></span> 
     </span>
    </p>
   </div>
   <div class='ocr_carea' id='block_1_54' title="bbox 2336 2478 3843 2550">
    <p class='ocr_par' dir='ltr' id='par_1_54' title="bbox 2336 2478 3843 2550">
     <span class='ocr_line' id='line_1_54' title="bbox 2336 2478 3843 2550; baseline 0.002 -17"><span class='ocrx_word' id='word_1_388' title='bbox 2336 2478 2564 2533; x_wconf 89' lang='lat' dir='ltr'><strong>Constat</strong></span> <span class='ocrx_word' id='word_1_389' title='bbox 2607 2480 2745 2535; x_wconf 88' lang='lat' dir='ltr'><strong>hanc</strong></span> <span class='ocrx_word' id='word_1_390' title='bbox 2776 2481 3068 2536; x_wconf 90' lang='lat' dir='ltr'><strong>editionem</strong></span> <span class='ocrx_word' id='word_1_391' title='bbox 3111 2497 3217 2536; x_wconf 94' lang='lat' dir='ltr'><strong>non</strong></span> <span class='ocrx_word' id='word_1_392' title='bbox 3247 2483 3586 2550; x_wconf 69' lang='lat' dir='ltr'><strong>Antuerpim,</strong></span> <span class='ocrx_word' id='word_1_393' title='bbox 3612 2483 3705 2537; x_wconf 89' lang='lat' dir='ltr'><strong>sed</strong></span> <span class='ocrx_word' id='word_1_394' title='bbox 3729 2483 3843 2538; x_wconf 82' lang='lat' dir='ltr'><strong>Am-</strong></span> 
     </span>
    </p>
   </div>
   <div class='ocr_carea' id='block_1_55' title="bbox 2267 2570 3848 2643">
    <p class='ocr_par' dir='ltr' id='par_1_55' title="bbox 2267 2570 3848 2643">
     <span class='ocr_line' id='line_1_55' title="bbox 2267 2570 3848 2643; baseline 0.002 -18"><span class='ocrx_word' id='word_1_395' title='bbox 2267 2570 2548 2625; x_wconf 88' lang='lat' dir='ltr'><strong>stelodami</strong></span> <span class='ocrx_word' id='word_1_396' title='bbox 2591 2585 2686 2641; x_wconf 89' lang='lat' dir='ltr'><strong>per</strong></span> <span class='ocrx_word' id='word_1_397' title='bbox 2727 2571 2948 2627; x_wconf 90' lang='lat' dir='ltr'><strong>Petrum</strong></span> <span class='ocrx_word' id='word_1_398' title='bbox 2989 2573 3231 2640; x_wconf 86' lang='lat' dir='ltr'><strong>Mortier,</strong></span> <span class='ocrx_word' id='word_1_399' title='bbox 3262 2575 3614 2643; x_wconf 90' lang='lat' dir='ltr'><strong>bibliopolam</strong></span> <span class='ocrx_word' id='word_1_400' title='bbox 3644 2577 3848 2628; x_wconf 86' lang='lat' dir='ltr'><strong>Amste-</strong></span> 
     </span>
    </p>
   </div>
   <div class='ocr_carea' id='block_1_56' title="bbox 2269 2661 3847 2734">
    <p class='ocr_par' dir='ltr' id='par_1_56' title="bbox 2269 2661 3847 2734">
     <span class='ocr_line' id='line_1_56' title="bbox 2269 2661 3847 2734; baseline 0.002 -19"><span class='ocrx_word' id='word_1_401' title='bbox 2269 2661 2658 2726; x_wconf 88' lang='lat' dir='ltr'><strong>lodamensem,</strong></span> <span class='ocrx_word' id='word_1_402' title='bbox 2690 2665 2780 2732; x_wconf 92' lang='lat' dir='ltr'><strong>qui</strong></span> <span class='ocrx_word' id='word_1_403' title='bbox 2811 2680 2918 2718; x_wconf 90' lang='lat' dir='ltr'><strong>non</strong></span> <span class='ocrx_word' id='word_1_404' title='bbox 2947 2665 3122 2718; x_wconf 90' lang='lat' dir='ltr'><strong>solum</strong></span> <span class='ocrx_word' id='word_1_405' title='bbox 3152 2680 3345 2720; x_wconf 92' lang='lat' dir='ltr'><strong>nomen</strong></span> <span class='ocrx_word' id='word_1_406' title='bbox 3373 2680 3531 2719; x_wconf 91' lang='lat' dir='ltr'><strong>suum</strong></span> <span class='ocrx_word' id='word_1_407' title='bbox 3561 2666 3618 2719; x_wconf 92' lang='lat' dir='ltr'><strong>in</strong></span> <span class='ocrx_word' id='word_1_408' title='bbox 3642 2667 3847 2734; x_wconf 85' lang='lat' dir='ltr'><strong>Appen-</strong></span> 
     </span>
    </p>
   </div>
   <div class='ocr_carea' id='block_1_57' title="bbox 2268 2751 3851 2824">
    <p class='ocr_par' dir='ltr' id='par_1_57' title="bbox 2268 2751 3851 2824">
     <span class='ocr_line' id='line_1_57' title="bbox 2268 2751 3851 2824; baseline 0.002 -19"><span class='ocrx_word' id='word_1_409' title='bbox 2268 2751 2402 2806; x_wconf 91' lang='lat' dir='ltr'><strong>dicis</strong></span> <span class='ocrx_word' id='word_1_410' title='bbox 2428 2767 2525 2806; x_wconf 91' lang='lat' dir='ltr'><strong>seu</strong></span> <span class='ocrx_word' id='word_1_411' title='bbox 2557 2754 2684 2807; x_wconf 91' lang='lat' dir='ltr'><strong>tomi</strong></span> <span class='ocrx_word' id='word_1_412' title='bbox 2714 2753 2808 2807; x_wconf 83' lang='lat' dir='ltr'><strong>Xll</strong></span> <span class='ocrx_word' id='word_1_413' title='bbox 2839 2754 2995 2809; x_wconf 93' lang='lat' dir='ltr'><strong>titulo</strong></span> <span class='ocrx_word' id='word_1_414' title='bbox 3023 2755 3297 2824; x_wconf 86' lang='lat' dir='ltr'><strong>professus</strong></span> <span class='ocrx_word' id='word_1_415' title='bbox 3334 2765 3418 2810; x_wconf 85' lang='lat' dir='ltr'><strong>est</strong></span> <span class='ocrx_word' id='word_1_416' title='bbox 3439 2797 3456 2820; x_wconf 93' lang='lat'><strong>,</strong></span> <span class='ocrx_word' id='word_1_417' title='bbox 3493 2757 3591 2810; x_wconf 92' lang='lat' dir='ltr'><strong>sed</strong></span> <span class='ocrx_word' id='word_1_418' title='bbox 3633 2758 3701 2810; x_wconf 88' lang='lat' dir='ltr'><strong>ad</strong></span> <span class='ocrx_word' id='word_1_419' title='bbox 3745 2757 3851 2809; x_wconf 87' lang='lat' dir='ltr'><strong>cal-</strong></span> 
     </span>
    </p>
   </div>
   <div class='ocr_carea' id='block_1_58' title="bbox 2269 2842 3852 2915">
    <p class='ocr_par' dir='ltr' id='par_1_58' title="bbox 2269 2842 3852 2915">
     <span class='ocr_line' id='line_1_58' title="bbox 2269 2842 3852 2915; baseline 0.001 -19"><span class='ocrx_word' id='word_1_420' title='bbox 2269 2856 2387 2896; x_wconf 89' lang='lat' dir='ltr'><strong>cem</strong></span> <span class='ocrx_word' id='word_1_421' title='bbox 2410 2842 2481 2896; x_wconf 82' lang='lat' dir='ltr'><strong>Xl</strong></span> <span class='ocrx_word' id='word_1_422' title='bbox 2505 2844 2634 2897; x_wconf 91' lang='lat' dir='ltr'><strong>tomi</strong></span> <span class='ocrx_word' id='word_1_423' title='bbox 2658 2859 2871 2913; x_wconf 86' lang='lat' dir='ltr'><strong>quoque</strong></span> <span class='ocrx_word' id='word_1_424' title='bbox 2900 2845 3153 2914; x_wconf 90' lang='lat' dir='ltr'><strong>ascripsit</strong></span> <span class='ocrx_word' id='word_1_425' title='bbox 3173 2885 3190 2912; x_wconf 92' lang='lat'><strong>,</strong></span> <span class='ocrx_word' id='word_1_426' title='bbox 3223 2859 3345 2900; x_wconf 89' lang='lat' dir='ltr'><strong>esse</strong></span> <span class='ocrx_word' id='word_1_427' title='bbox 3385 2847 3686 2915; x_wconf 87' lang='lat' dir='ltr'><strong>perfectam</strong></span> <span class='ocrx_word' id='word_1_428' title='bbox 3709 2887 3723 2910; x_wconf 91' lang='lat'><strong>,</strong></span> <span class='ocrx_word' id='word_1_429' title='bbox 3755 2862 3852 2915; x_wconf 88' lang='lat' dir='ltr'><strong>qua</strong></span> 
     </span>
    </p>
   </div>
   <div class='ocr_carea' id='block_1_59' title="bbox 2269 2933 3856 3006">
    <p class='ocr_par' dir='ltr' id='par_1_59' title="bbox 2269 2933 3856 3006">
     <span class='ocr_line' id='line_1_59' title="bbox 2269 2933 3856 3006; baseline 0.003 -20"><span class='ocrx_word' id='word_1_430' title='bbox 2269 2933 2460 2988; x_wconf 90' lang='lat' dir='ltr'><strong>fraude</strong></span> <span class='ocrx_word' id='word_1_431' title='bbox 2485 2935 2538 2988; x_wconf 93' lang='lat' dir='ltr'><strong>in</strong></span> <span class='ocrx_word' id='word_1_432' title='bbox 2566 2945 2954 2989; x_wconf 90' lang='lat' dir='ltr'><strong>consecuturos</strong></span> <span class='ocrx_word' id='word_1_433' title='bbox 2983 2951 3108 2990; x_wconf 90' lang='lat' dir='ltr'><strong>sese</strong></span> <span class='ocrx_word' id='word_1_434' title='bbox 3131 2937 3426 3006; x_wconf 88' lang='lat' dir='ltr'><strong>sperabant</strong></span> <span class='ocrx_word' id='word_1_435' title='bbox 3451 2946 3743 2990; x_wconf 79' lang='lat' dir='ltr'><strong>curatores</strong></span> <span class='ocrx_word' id='word_1_436' title='bbox 3763 2979 3776 3000; x_wconf 86' lang='lat'><strong>,</strong></span> <span class='ocrx_word' id='word_1_437' title='bbox 3804 2946 3856 2990; x_wconf 92' lang='lat' dir='ltr'><strong>ut</strong></span> 
     </span>
    </p>
   </div>
   <div class='ocr_carea' id='block_1_60' title="bbox 2270 3022 3855 3091">
    <p class='ocr_par' dir='ltr' id='par_1_60' title="bbox 2270 3022 3855 3091">
     <span class='ocr_line' id='line_1_60' title="bbox 2270 3022 3855 3091; baseline 0.002 -16"><span class='ocrx_word' id='word_1_438' title='bbox 2270 3022 2322 3075; x_wconf 93' lang='lat' dir='ltr'><strong>in</strong></span> <span class='ocrx_word' id='word_1_439' title='bbox 2367 3024 2526 3078; x_wconf 88' lang='lat' dir='ltr'><strong>terris</strong></span> <span class='ocrx_word' id='word_1_440' title='bbox 2567 3023 2838 3091; x_wconf 80' lang='lat' dir='ltr'><strong>Pontificis</strong></span> <span class='ocrx_word' id='word_1_441' title='bbox 2877 3024 3160 3079; x_wconf 88' lang='lat' dir='ltr'><strong>formulam</strong></span> <span class='ocrx_word' id='word_1_442' title='bbox 3189 3024 3499 3080; x_wconf 87' lang='lat' dir='ltr'><strong>colentibus</strong></span> <span class='ocrx_word' id='word_1_443' title='bbox 3531 3025 3855 3079; x_wconf 88' lang='lat' dir='ltr'><strong>vendibilior</strong></span> 
     </span>
    </p>
   </div>
   <div class='ocr_carea' id='block_1_61' title="bbox 573 3097 3861 3188">
    <p class='ocr_par' dir='ltr' id='par_1_61' title="bbox 573 3097 3861 3188">
     <span class='ocr_line' id='line_1_61' title="bbox 573 3097 3861 3188; baseline -0.004 -17"><span class='ocrx_word' id='word_1_444' title='bbox 573 3120 847 3188; x_wconf 89' lang='lat' dir='ltr'><strong>queritur,</strong></span> <span class='ocrx_word' id='word_1_445' title='bbox 880 3113 1236 3184; x_wconf 84' lang='lat' dir='ltr'><strong>reprehendit</strong></span> <span class='ocrx_word' id='word_1_446' title='bbox 1267 3113 1536 3180; x_wconf 89' lang='lat' dir='ltr'><strong>primum,</strong></span> <span class='ocrx_word' id='word_1_447' title='bbox 1572 3110 1803 3163; x_wconf 84' lang='lat' dir='ltr'><strong>omissas</strong></span> <span class='ocrx_word' id='word_1_448' title='bbox 1849 3122 1974 3161; x_wconf 89' lang='lat' dir='ltr'><strong>esse</strong></span> <span class='ocrx_word' id='word_1_449' title='bbox 2014 3116 2170 3159; x_wconf 88' lang='lat' dir='ltr'><strong>n0tas</strong></span> <span class='ocrx_word' id='word_1_450' title='bbox 2197 3097 2242 3158; x_wconf 89' lang='lat' dir='ltr'>C</span> <span class='ocrx_word' id='word_1_451' title='bbox 2276 3123 2424 3168; x_wconf 68' lang='lat' dir='ltr'><strong>esset</strong></span> <span class='ocrx_word' id='word_1_452' title='bbox 2446 3154 2462 3180; x_wconf 73' lang='grc'><strong><em>,</em></strong></span> <span class='ocrx_word' id='word_1_453' title='bbox 2490 3115 2535 3168; x_wconf 82' lang='lat' dir='ltr'><strong>si</strong></span> <span class='ocrx_word' id='word_1_454' title='bbox 2575 3130 2637 3168; x_wconf 75' lang='grc' dir='ltr'><strong>εχ</strong></span> <span class='ocrx_word' id='word_1_455' title='bbox 2680 3116 2814 3170; x_wconf 69' lang='lat' dir='ltr'><strong>urbe</strong></span> <span class='ocrx_word' id='word_1_456' title='bbox 2857 3115 3146 3184; x_wconf 65' lang='grc' dir='ltr'><strong>ροηιίίιεῖα,</strong></span> <span class='ocrx_word' id='word_1_457' title='bbox 3173 3117 3438 3171; x_wconf 57' lang='lat' dir='ltr'><strong>dom-ina,</strong></span> <span class='ocrx_word' id='word_1_458' title='bbox 3467 3118 3692 3172; x_wconf 50' lang='lat' dir='ltr'><strong>addicta</strong></span> <span class='ocrx_word' id='word_1_459' title='bbox 3721 3118 3861 3173; x_wconf 62' lang='lat' dir='ltr'><strong>exire</strong></span> 
     </span>
    </p>
   </div>
   <div class='ocr_carea' id='block_1_62' title="bbox 574 3198 2164 3273">
    <p class='ocr_par' dir='ltr' id='par_1_62' title="bbox 574 3198 2164 3273">
     <span class='ocr_line' id='line_1_62' title="bbox 574 3198 2164 3273; baseline -0.01 -8"><span class='ocrx_word' id='word_1_460' title='bbox 574 3209 1000 3265; x_wconf 84' lang='lat' dir='ltr'><strong>Lovaniensium</strong></span> <span class='ocrx_word' id='word_1_461' title='bbox 1081 3205 1460 3273; x_wconf 84' lang='lat' dir='ltr'><strong>theologorum</strong></span> <span class='ocrx_word' id='word_1_462' title='bbox 1546 3201 1807 3256; x_wconf 78' lang='lat' dir='ltr'><strong>Ecclesia:</strong></span> <span class='ocrx_word' id='word_1_463' title='bbox 1881 3198 2164 3253; x_wconf 71' lang='lat' dir='ltr'><strong>catholica:</strong></span> 
     </span>
    </p>
   </div>
   <div class='ocr_carea' id='block_1_63' title="bbox 576 3289 2166 3367">
    <p class='ocr_par' dir='ltr' id='par_1_63' title="bbox 576 3289 2166 3367">
     <span class='ocr_line' id='line_1_63' title="bbox 576 3289 2166 3367; baseline -0.009 -13"><span class='ocrx_word' id='word_1_464' title='bbox 576 3315 756 3354; x_wconf 64' lang='lat' dir='ltr'><strong>causae</strong></span> <span class='ocrx_word' id='word_1_465' title='bbox 786 3310 892 3352; x_wconf 89' lang='lat' dir='ltr'><strong>tam</strong></span> <span class='ocrx_word' id='word_1_466' title='bbox 919 3298 1080 3350; x_wconf 89' lang='lat' dir='ltr'><strong>utiles</strong></span> <span class='ocrx_word' id='word_1_467' title='bbox 1105 3297 1251 3367; x_wconf 89' lang='lat' dir='ltr'><strong>(nam</strong></span> <span class='ocrx_word' id='word_1_468' title='bbox 1276 3296 1326 3348; x_wconf 88' lang='lat' dir='ltr'><strong>id</strong></span> <span class='ocrx_word' id='word_1_469' title='bbox 1358 3294 1463 3348; x_wconf 88' lang='lat' dir='ltr'><strong>sibi</strong></span> <span class='ocrx_word' id='word_1_470' title='bbox 1493 3293 1614 3347; x_wconf 86' lang='lat' dir='ltr'><strong>vult</strong></span> <span class='ocrx_word' id='word_1_471' title='bbox 1635 3292 1678 3344; x_wconf 87' lang='lat' dir='ltr'><strong>si</strong></span> <span class='ocrx_word' id='word_1_472' title='bbox 1704 3293 2042 3359; x_wconf 84' lang='lat' dir='ltr'><strong>importantes</strong></span> <span class='ocrx_word' id='word_1_473' title='bbox 2063 3289 2166 3340; x_wconf 76' lang='lat' dir='ltr'><strong>ala</strong></span> 
     </span>
    </p>
   </div>
   <div class='ocr_carea' id='block_1_64' title="bbox 579 3379 2165 3462">
    <p class='ocr_par' dir='ltr' id='par_1_64' title="bbox 579 3379 2165 3462">
     <span class='ocr_line' id='line_1_64' title="bbox 579 3379 2165 3462; baseline -0.008 -18"><span class='ocrx_word' id='word_1_474' title='bbox 579 3391 846 3462; x_wconf 80' lang='lat' dir='ltr'><strong>religion).</strong></span> <span class='ocrx_word' id='word_1_475' title='bbox 880 3389 988 3443; x_wconf 86' lang='lat' dir='ltr'><strong>Nec</strong></span> <span class='ocrx_word' id='word_1_476' title='bbox 1015 3403 1147 3444; x_wconf 91' lang='lat' dir='ltr'><strong>vero</strong></span> <span class='ocrx_word' id='word_1_477' title='bbox 1179 3403 1300 3442; x_wconf 90' lang='lat' dir='ltr'><strong>eam</strong></span> <span class='ocrx_word' id='word_1_478' title='bbox 1326 3386 1732 3440; x_wconf 87' lang='lat' dir='ltr'><strong>excusationem</strong></span> <span class='ocrx_word' id='word_1_479' title='bbox 1776 3379 2165 3436; x_wconf 88' lang='lat' dir='ltr'><strong>admittendam</strong></span> 
     </span>
    </p>
   </div>
   <div class='ocr_carea' id='block_1_65' title="bbox 579 3471 2169 3547">
    <p class='ocr_par' dir='ltr' id='par_1_65' title="bbox 579 3471 2169 3547">
     <span class='ocr_line' id='line_1_65' title="bbox 579 3471 2169 3547; baseline -0.006 -14"><span class='ocrx_word' id='word_1_480' title='bbox 579 3490 795 3546; x_wconf 90' lang='lat' dir='ltr'><strong>censet,</strong></span> <span class='ocrx_word' id='word_1_481' title='bbox 840 3494 946 3547; x_wconf 88' lang='lat' dir='ltr'><strong>qua</strong></span> <span class='ocrx_word' id='word_1_482' title='bbox 979 3479 1044 3534; x_wconf 87' lang='lat' dir='ltr'><strong>ab</strong></span> <span class='ocrx_word' id='word_1_483' title='bbox 1085 3477 1340 3531; x_wconf 89' lang='lat' dir='ltr'><strong>omnibus</strong></span> <span class='ocrx_word' id='word_1_484' title='bbox 1382 3475 1608 3528; x_wconf 87' lang='lat' dir='ltr'><strong>omnino</strong></span> <span class='ocrx_word' id='word_1_485' title='bbox 1659 3471 1979 3542; x_wconf 85' lang='lat' dir='ltr'><strong>theologicis</strong></span> <span class='ocrx_word' id='word_1_486' title='bbox 2026 3472 2169 3525; x_wconf 91' lang='lat' dir='ltr'><strong>notis</strong></span> 
     </span>
    </p>
   </div>
   <div class='ocr_carea' id='block_1_66' title="bbox 583 3564 2167 3634">
    <p class='ocr_par' dir='ltr' id='par_1_66' title="bbox 583 3564 2167 3634">
     <span class='ocr_line' id='line_1_66' title="bbox 583 3564 2167 3634; baseline -0.003 -12"><span class='ocrx_word' id='word_1_487' title='bbox 583 3585 707 3624; x_wconf 88' lang='lat' dir='ltr'><strong>sese</strong></span> <span class='ocrx_word' id='word_1_488' title='bbox 732 3570 1059 3623; x_wconf 86' lang='lat' dir='ltr'><strong>abstinuisse</strong></span> <span class='ocrx_word' id='word_1_489' title='bbox 1082 3568 1378 3622; x_wconf 83' lang='lat' dir='ltr'><strong>affirmant.</strong></span> <span class='ocrx_word' id='word_1_490' title='bbox 1419 3566 1631 3634; x_wconf 88' lang='lat' dir='ltr'><strong>Quippe</strong></span> <span class='ocrx_word' id='word_1_491' title='bbox 1673 3566 1819 3634; x_wconf 91' lang='lat' dir='ltr'><strong>quod</strong></span> <span class='ocrx_word' id='word_1_492' title='bbox 1862 3564 2055 3633; x_wconf 91' lang='lat' dir='ltr'><strong>partim</strong></span> <span class='ocrx_word' id='word_1_493' title='bbox 2099 3565 2167 3618; x_wconf 92' lang='lat' dir='ltr'><strong>ab</strong></span> 
     </span>
    </p>
   </div>
   <div class='ocr_carea' id='block_1_67' title="bbox 577 3655 2166 3727">
    <p class='ocr_par' dir='ltr' id='par_1_67' title="bbox 577 3655 2166 3727">
     <span class='ocr_line' id='line_1_67' title="bbox 577 3655 2166 3727; baseline -0.003 -13"><span class='ocrx_word' id='word_1_494' title='bbox 577 3662 645 3714; x_wconf 90' lang='lat' dir='ltr'><strong>iis</strong></span> <span class='ocrx_word' id='word_1_495' title='bbox 667 3659 867 3714; x_wconf 81' lang='lat' dir='ltr'><strong>factum</strong></span> <span class='ocrx_word' id='word_1_496' title='bbox 896 3675 1018 3713; x_wconf 85' lang='lat' dir='ltr'><strong>esse</strong></span> <span class='ocrx_word' id='word_1_497' title='bbox 1060 3668 1248 3727; x_wconf 87' lang='lat' dir='ltr'><strong>negat,</strong></span> <span class='ocrx_word' id='word_1_498' title='bbox 1277 3657 1472 3726; x_wconf 89' lang='lat' dir='ltr'><strong>partim</strong></span> <span class='ocrx_word' id='word_1_499' title='bbox 1497 3657 1742 3722; x_wconf 88' lang='lat' dir='ltr'><strong>damnat,</strong></span> <span class='ocrx_word' id='word_1_500' title='bbox 1779 3655 1922 3724; x_wconf 89' lang='lat' dir='ltr'><strong>quod</strong></span> <span class='ocrx_word' id='word_1_501' title='bbox 1963 3655 2166 3710; x_wconf 90' lang='lat' dir='ltr'><strong>criticis</strong></span> 
     </span>
    </p>
   </div>
   <div class='ocr_carea' id='block_1_68' title="bbox 577 3746 2164 3819">
    <p class='ocr_par' dir='ltr' id='par_1_68' title="bbox 577 3746 2164 3819">
     <span class='ocr_line' id='line_1_68' title="bbox 577 3746 2164 3819; baseline -0.003 -14"><span class='ocrx_word' id='word_1_502' title='bbox 577 3752 1054 3806; x_wconf 87' lang='lat' dir='ltr'><strong>observationibus</strong></span> <span class='ocrx_word' id='word_1_503' title='bbox 1085 3765 1237 3819; x_wconf 70' lang='lat' dir='ltr'><strong>teque</strong></span> <span class='ocrx_word' id='word_1_504' title='bbox 1270 3751 1324 3802; x_wconf 93' lang='lat' dir='ltr'><strong>in</strong></span> <span class='ocrx_word' id='word_1_505' title='bbox 1370 3747 1640 3815; x_wconf 83' lang='lat' dir='ltr'><strong>theologia</strong></span> <span class='ocrx_word' id='word_1_506' title='bbox 1677 3762 1740 3801; x_wconf 90' lang='lat' dir='ltr'><strong>ac</strong></span> <span class='ocrx_word' id='word_1_507' title='bbox 1791 3747 1844 3800; x_wconf 92' lang='lat' dir='ltr'><strong>in</strong></span> <span class='ocrx_word' id='word_1_508' title='bbox 1877 3746 2164 3802; x_wconf 86' lang='lat' dir='ltr'><strong>Gramma-</strong></span> 
     </span>
    </p>
   </div>
   <div class='ocr_carea' id='block_1_69' title="bbox 576 3837 2168 3911">
    <p class='ocr_par' dir='ltr' id='par_1_69' title="bbox 576 3837 2168 3911">
     <span class='ocr_line' id='line_1_69' title="bbox 576 3837 2168 3911; baseline -0.003 -15"><span class='ocrx_word' id='word_1_509' title='bbox 576 3845 705 3907; x_wconf 92' lang='lat' dir='ltr'><strong>tica,</strong></span> <span class='ocrx_word' id='word_1_510' title='bbox 730 3857 888 3911; x_wconf 86' lang='lat' dir='ltr'><strong>quam</strong></span> <span class='ocrx_word' id='word_1_511' title='bbox 917 3841 1087 3895; x_wconf 82' lang='lat' dir='ltr'><strong>solam</strong></span> <span class='ocrx_word' id='word_1_512' title='bbox 1112 3841 1486 3903; x_wconf 89' lang='lat' dir='ltr'><strong>cxercuerint,</strong></span> <span class='ocrx_word' id='word_1_513' title='bbox 1514 3839 1667 3893; x_wconf 91' lang='lat' dir='ltr'><strong>locus</strong></span> <span class='ocrx_word' id='word_1_514' title='bbox 1692 3837 1874 3892; x_wconf 83' lang='lat' dir='ltr'><strong>fuerit.</strong></span> <span class='ocrx_word' id='word_1_515' title='bbox 1907 3837 2168 3906; x_wconf 87' lang='lat' dir='ltr'><strong>Atmajus</strong></span> 
     </span>
    </p>
   </div>
   <div class='ocr_carea' id='block_1_70' title="bbox 584 3929 2166 4001">
    <p class='ocr_par' dir='ltr' id='par_1_70' title="bbox 584 3929 2166 4001">
     <span class='ocr_line' id='line_1_70' title="bbox 584 3929 2166 4001; baseline -0.003 -15"><span class='ocrx_word' id='word_1_516' title='bbox 584 3933 672 3986; x_wconf 90' lang='lat' dir='ltr'><strong>his</strong></span> <span class='ocrx_word' id='word_1_517' title='bbox 701 3934 953 3986; x_wconf 90' lang='lat' dir='ltr'><strong>omnibus</strong></span> <span class='ocrx_word' id='word_1_518' title='bbox 999 3932 1347 4001; x_wconf 87' lang='lat' dir='ltr'><strong>opprobrium</strong></span> <span class='ocrx_word' id='word_1_519' title='bbox 1385 3939 1506 3996; x_wconf 89' lang='lat' dir='ltr'><strong>est,</strong></span> <span class='ocrx_word' id='word_1_520' title='bbox 1541 3939 1594 3984; x_wconf 88' lang='lat' dir='ltr'><strong>ct</strong></span> <span class='ocrx_word' id='word_1_521' title='bbox 1639 3929 1782 3998; x_wconf 90' lang='lat' dir='ltr'><strong>quod</strong></span> <span class='ocrx_word' id='word_1_522' title='bbox 1828 3944 1932 3982; x_wconf 89' lang='lat' dir='ltr'><strong>non</strong></span> <span class='ocrx_word' id='word_1_523' title='bbox 1973 3943 2166 3997; x_wconf 90' lang='lat' dir='ltr'><strong>parum</strong></span> 
     </span>
    </p>
   </div>
   <div class='ocr_carea' id='block_1_71' title="bbox 578 4022 2165 4092">
    <p class='ocr_par' dir='ltr' id='par_1_71' title="bbox 578 4022 2165 4092">
     <span class='ocr_line' id='line_1_71' title="bbox 578 4022 2165 4092; baseline -0.001 -14"><span class='ocrx_word' id='word_1_524' title='bbox 578 4027 740 4092; x_wconf 86' lang='lat' dir='ltr'><strong>hujus</strong></span> <span class='ocrx_word' id='word_1_525' title='bbox 768 4025 1028 4078; x_wconf 92' lang='lat' dir='ltr'><strong>editionis</strong></span> <span class='ocrx_word' id='word_1_526' title='bbox 1054 4025 1283 4092; x_wconf 88' lang='lat' dir='ltr'><strong>pretium</strong></span> <span class='ocrx_word' id='word_1_527' title='bbox 1306 4023 1568 4089; x_wconf 90' lang='lat' dir='ltr'><strong>elevaret,</strong></span> <span class='ocrx_word' id='word_1_528' title='bbox 1600 4023 1644 4076; x_wconf 88' lang='lat' dir='ltr'><strong>si</strong></span> <span class='ocrx_word' id='word_1_529' title='bbox 1668 4022 1799 4076; x_wconf 85' lang='lat' dir='ltr'><strong>satis</strong></span> <span class='ocrx_word' id='word_1_530' title='bbox 1821 4022 1910 4076; x_wconf 89' lang='lat' dir='ltr'><strong>ille</strong></span> <span class='ocrx_word' id='word_1_531' title='bbox 1936 4022 2165 4091; x_wconf 84' lang='lat' dir='ltr'><strong>probas-</strong></span> 
     </span>
    </p>
   </div>
   <div class='ocr_carea' id='block_1_72' title="bbox 576 4115 2167 4183">
    <p class='ocr_par' dir='ltr' id='par_1_72' title="bbox 576 4115 2167 4183">
     <span class='ocr_line' id='line_1_72' title="bbox 576 4115 2167 4183; baseline -0.001 -13"><span class='ocrx_word' id='word_1_532' title='bbox 576 4125 696 4182; x_wconf 88' lang='lat' dir='ltr'><strong>set,</strong></span> <span class='ocrx_word' id='word_1_533' title='bbox 726 4116 971 4170; x_wconf 86' lang='lat' dir='ltr'><strong>defuisse</strong></span> <span class='ocrx_word' id='word_1_534' title='bbox 1014 4116 1298 4168; x_wconf 87' lang='lat' dir='ltr'><strong>monachis</strong></span> <span class='ocrx_word' id='word_1_535' title='bbox 1355 4115 1436 4168; x_wconf 88' lang='lat' dir='ltr'><strong>eis</strong></span> <span class='ocrx_word' id='word_1_536' title='bbox 1484 4129 1676 4168; x_wconf 88' lang='lat' dir='ltr'><strong>omnes</strong></span> <span class='ocrx_word' id='word_1_537' title='bbox 1704 4155 1718 4178; x_wconf 94' lang='lat'><strong>,</strong></span> <span class='ocrx_word' id='word_1_538' title='bbox 1769 4128 1902 4183; x_wconf 89' lang='lat' dir='ltr'><strong>quas</strong></span> <span class='ocrx_word' id='word_1_539' title='bbox 1948 4115 2167 4169; x_wconf 88' lang='lat' dir='ltr'><strong>critices</strong></span> 
     </span>
    </p>
   </div>
   <div class='ocr_carea' id='block_1_73' title="bbox 577 4203 2163 4273">
    <p class='ocr_par' dir='ltr' id='par_1_73' title="bbox 577 4203 2163 4273">
     <span class='ocr_line' id='line_1_73' title="bbox 577 4203 2163 4273; baseline 0.001 -17"><span class='ocrx_word' id='word_1_540' title='bbox 577 4219 775 4258; x_wconf 91' lang='lat' dir='ltr'><strong>munus</strong></span> <span class='ocrx_word' id='word_1_541' title='bbox 804 4205 905 4258; x_wconf 90' lang='lat' dir='ltr'><strong>sibi</strong></span> <span class='ocrx_word' id='word_1_542' title='bbox 939 4205 1192 4273; x_wconf 88' lang='lat' dir='ltr'><strong>postulet,</strong></span> <span class='ocrx_word' id='word_1_543' title='bbox 1218 4204 1530 4266; x_wconf 81' lang='lat' dir='ltr'><strong>facultates,</strong></span> <span class='ocrx_word' id='word_1_544' title='bbox 1550 4203 1876 4267; x_wconf 88' lang='lat' dir='ltr'><strong>doctrinam,</strong></span> <span class='ocrx_word' id='word_1_545' title='bbox 1903 4204 2163 4272; x_wconf 89' lang='lat' dir='ltr'><strong>judicium</strong></span> 
     </span>
    </p>
   </div>
   <div class='ocr_carea' id='block_1_74' title="bbox 577 4295 2166 4365">
    <p class='ocr_par' dir='ltr' id='par_1_74' title="bbox 577 4295 2166 4365">
     <span class='ocr_line' id='line_1_74' title="bbox 577 4295 2166 4365; baseline 0.001 -16"><span class='ocrx_word' id='word_1_546' title='bbox 577 4303 635 4349; x_wconf 93' lang='lat' dir='ltr'><strong>et</strong></span> <span class='ocrx_word' id='word_1_547' title='bbox 655 4309 908 4349; x_wconf 88' lang='lat' dir='ltr'><strong>acumen.</strong></span> <span class='ocrx_word' id='word_1_548' title='bbox 946 4296 1160 4348; x_wconf 72' lang='lat' dir='ltr'><strong>Prmbet</strong></span> <span class='ocrx_word' id='word_1_549' title='bbox 1187 4295 1437 4362; x_wconf 77' lang='lat' dir='ltr'><strong>exempla</strong></span> <span class='ocrx_word' id='word_1_550' title='bbox 1471 4295 1713 4363; x_wconf 90' lang='lat' dir='ltr'><strong>aliquot,</strong></span> <span class='ocrx_word' id='word_1_551' title='bbox 1748 4298 1800 4349; x_wconf 92' lang='lat' dir='ltr'><strong>in</strong></span> <span class='ocrx_word' id='word_1_552' title='bbox 1835 4296 2029 4365; x_wconf 90' lang='lat' dir='ltr'><strong>quibus</strong></span> <span class='ocrx_word' id='word_1_553' title='bbox 2060 4312 2166 4351; x_wconf 92' lang='lat' dir='ltr'><strong>non</strong></span> 
     </span>
    </p>
   </div>
   <div class='ocr_carea' id='block_1_75' title="bbox 576 4387 2162 4456">
    <p class='ocr_par' dir='ltr' id='par_1_75' title="bbox 576 4387 2162 4456">
     <span class='ocr_line' id='line_1_75' title="bbox 576 4387 2162 4456; baseline 0.003 -15"><span class='ocrx_word' id='word_1_554' title='bbox 576 4402 771 4456; x_wconf 89' lang='lat' dir='ltr'><strong>neges,</strong></span> <span class='ocrx_word' id='word_1_555' title='bbox 806 4403 914 4443; x_wconf 94' lang='lat' dir='ltr'><strong>non</strong></span> <span class='ocrx_word' id='word_1_556' title='bbox 952 4387 1249 4443; x_wconf 89' lang='lat' dir='ltr'><strong>admodum</strong></span> <span class='ocrx_word' id='word_1_557' title='bbox 1293 4388 1429 4442; x_wconf 88' lang='lat' dir='ltr'><strong>scite</strong></span> <span class='ocrx_word' id='word_1_558' title='bbox 1459 4404 1554 4441; x_wconf 87' lang='lat' dir='ltr'><strong>eos</strong></span> <span class='ocrx_word' id='word_1_559' title='bbox 1587 4403 1710 4442; x_wconf 88' lang='lat' dir='ltr'><strong>esse</strong></span> <span class='ocrx_word' id='word_1_560' title='bbox 1742 4398 1984 4444; x_wconf 89' lang='lat' dir='ltr'><strong>versatos</strong></span> <span class='ocrx_word' id='word_1_561' title='bbox 2007 4430 2021 4454; x_wconf 92' lang='lat'><strong>,</strong></span> <span class='ocrx_word' id='word_1_562' title='bbox 2066 4391 2162 4445; x_wconf 90' lang='lat' dir='ltr'><strong>sed</strong></span> 
     </span>
    </p>
   </div>
   <div class='ocr_carea' id='block_1_76' title="bbox 2267 3205 3862 3278">
    <p class='ocr_par' dir='ltr' id='par_1_76' title="bbox 2267 3205 3862 3278">
     <span class='ocr_line' id='line_1_76' title="bbox 2267 3205 3862 3278; baseline 0.003 -22"><span class='ocrx_word' id='word_1_563' title='bbox 2267 3205 2562 3271; x_wconf 91' lang='lat' dir='ltr'><strong>videretur,</strong></span> <span class='ocrx_word' id='word_1_564' title='bbox 2592 3221 2750 3273; x_wconf 86' lang='lat' dir='ltr'><strong>quam</strong></span> <span class='ocrx_word' id='word_1_565' title='bbox 2781 3207 2825 3259; x_wconf 90' lang='lat' dir='ltr'><strong>si</strong></span> <span class='ocrx_word' id='word_1_566' title='bbox 2855 3221 3050 3260; x_wconf 92' lang='lat' dir='ltr'><strong>nomen</strong></span> <span class='ocrx_word' id='word_1_567' title='bbox 3085 3206 3235 3260; x_wconf 90' lang='lat' dir='ltr'><strong>urbis</strong></span> <span class='ocrx_word' id='word_1_568' title='bbox 3257 3208 3619 3262; x_wconf 72' lang='lat' dir='ltr'><strong>heterodoxzn</strong></span> <span class='ocrx_word' id='word_1_569' title='bbox 3644 3209 3862 3278; x_wconf 62' lang='lat' dir='ltr'><strong>praefer-</strong></span> 
     </span>
    </p>
   </div>
   <div class='ocr_carea' id='block_1_77' title="bbox 2269 3295 3866 3367">
    <p class='ocr_par' dir='ltr' id='par_1_77' title="bbox 2269 3295 3866 3367">
     <span class='ocr_line' id='line_1_77' title="bbox 2269 3295 3866 3367; baseline 0.003 -19"><span class='ocrx_word' id='word_1_570' title='bbox 2269 3304 2372 3350; x_wconf 91' lang='lat' dir='ltr'><strong>ret.</strong></span> <span class='ocrx_word' id='word_1_571' title='bbox 2401 3295 2510 3350; x_wconf 83' lang='lat' dir='ltr'><strong>Nec</strong></span> <span class='ocrx_word' id='word_1_572' title='bbox 2541 3297 2720 3350; x_wconf 91' lang='lat' dir='ltr'><strong>minus</strong></span> <span class='ocrx_word' id='word_1_573' title='bbox 2742 3297 3120 3367; x_wconf 69' lang='lat' dir='ltr'><strong>peruulgatam</strong></span> <span class='ocrx_word' id='word_1_574' title='bbox 3150 3307 3255 3361; x_wconf 90' lang='lat' dir='ltr'><strong>est,</strong></span> <span class='ocrx_word' id='word_1_575' title='bbox 3279 3298 3550 3353; x_wconf 90' lang='lat' dir='ltr'><strong>editorem</strong></span> <span class='ocrx_word' id='word_1_576' title='bbox 3580 3299 3761 3354; x_wconf 83' lang='lat' dir='ltr'><strong>fuisse</strong></span> <span class='ocrx_word' id='word_1_577' title='bbox 3784 3314 3866 3353; x_wconf 60' lang='grc' dir='ltr'><strong>ρει</strong></span> 
     </span>
    </p>
   </div>
   <div class='ocr_carea' id='block_1_78' title="bbox 2268 3385 3866 3459">
    <p class='ocr_par' dir='ltr' id='par_1_78' title="bbox 2268 3385 3866 3459">
     <span class='ocr_line' id='line_1_78' title="bbox 2268 3385 3866 3459; baseline 0.003 -21"><span class='ocrx_word' id='word_1_578' title='bbox 2268 3385 2470 3440; x_wconf 90' lang='lat' dir='ltr'><strong>lebrem</strong></span> <span class='ocrx_word' id='word_1_579' title='bbox 2495 3386 2665 3452; x_wconf 92' lang='lat' dir='ltr'><strong>illum,</strong></span> <span class='ocrx_word' id='word_1_580' title='bbox 2689 3387 2783 3441; x_wconf 89' lang='lat' dir='ltr'><strong>sed</strong></span> <span class='ocrx_word' id='word_1_581' title='bbox 2811 3387 2951 3455; x_wconf 89' lang='lat' dir='ltr'><strong>apud</strong></span> <span class='ocrx_word' id='word_1_582' title='bbox 2983 3388 3284 3442; x_wconf 89' lang='lat' dir='ltr'><strong>catholicos</strong></span> <span class='ocrx_word' id='word_1_583' title='bbox 3311 3389 3451 3442; x_wconf 90' lang='lat' dir='ltr'><strong>male</strong></span> <span class='ocrx_word' id='word_1_584' title='bbox 3476 3391 3762 3459; x_wconf 89' lang='lat' dir='ltr'><strong>imprimis</strong></span> <span class='ocrx_word' id='word_1_585' title='bbox 3784 3406 3866 3442; x_wconf 85' lang='lat' dir='ltr'><strong>au-</strong></span> 
     </span>
    </p>
   </div>
   <div class='ocr_carea' id='block_1_79' title="bbox 2268 3475 3868 3547">
    <p class='ocr_par' dir='ltr' id='par_1_79' title="bbox 2268 3475 3868 3547">
     <span class='ocr_line' id='line_1_79' title="bbox 2268 3475 3868 3547; baseline 0.001 -16"><span class='ocrx_word' id='word_1_586' title='bbox 2268 3476 2504 3531; x_wconf 87' lang='lat' dir='ltr'><strong>dientem</strong></span> <span class='ocrx_word' id='word_1_587' title='bbox 2535 3475 2790 3529; x_wconf 84' lang='lat' dir='ltr'><strong>Joannem</strong></span> <span class='ocrx_word' id='word_1_588' title='bbox 2824 3476 3080 3531; x_wconf 85' lang='lat' dir='ltr'><strong>Clericum</strong></span> <span class='ocrx_word' id='word_1_589' title='bbox 3103 3518 3119 3541; x_wconf 94' lang='lat'><strong>,</strong></span> <span class='ocrx_word' id='word_1_590' title='bbox 3151 3480 3244 3547; x_wconf 89' lang='lat' dir='ltr'><strong>qui</strong></span> <span class='ocrx_word' id='word_1_591' title='bbox 3273 3478 3375 3533; x_wconf 88' lang='lat' dir='ltr'><strong>sub</strong></span> <span class='ocrx_word' id='word_1_592' title='bbox 3401 3477 3637 3533; x_wconf 84' lang='lat' dir='ltr'><strong>Joannis</strong></span> <span class='ocrx_word' id='word_1_593' title='bbox 3670 3479 3868 3534; x_wconf 76' lang='lat' dir='ltr'><strong>Phere-</strong></span> 
     </span>
    </p>
   </div>
   <div class='ocr_carea' id='block_1_80' title="bbox 2269 3569 2989 3639">
    <p class='ocr_par' dir='ltr' id='par_1_80' title="bbox 2269 3569 2989 3639">
     <span class='ocr_line' id='line_1_80' title="bbox 2269 3569 2989 3639; baseline 0 -17"><span class='ocrx_word' id='word_1_594' title='bbox 2269 3571 2393 3639; x_wconf 90' lang='lat' dir='ltr'><strong>poni</strong></span> <span class='ocrx_word' id='word_1_595' title='bbox 2421 3569 2568 3623; x_wconf 88' lang='lat' dir='ltr'><strong>larva</strong></span> <span class='ocrx_word' id='word_1_596' title='bbox 2597 3569 2770 3624; x_wconf 88' lang='lat' dir='ltr'><strong>latere</strong></span> <span class='ocrx_word' id='word_1_597' title='bbox 2797 3569 2989 3624; x_wconf 87' lang='lat' dir='ltr'><strong>voluit.</strong></span> 
     </span>
    </p>
   </div>
   <div class='ocr_carea' id='block_1_81' title="bbox 2339 3659 3871 3732">
    <p class='ocr_par' dir='ltr' id='par_1_81' title="bbox 2339 3659 3871 3732">
     <span class='ocr_line' id='line_1_81' title="bbox 2339 3659 3871 3732; baseline 0 -18"><span class='ocrx_word' id='word_1_598' title='bbox 2339 3659 2476 3714; x_wconf 88' lang='lat' dir='ltr'><strong>Sunt</strong></span> <span class='ocrx_word' id='word_1_599' title='bbox 2496 3671 2676 3713; x_wconf 90' lang='lat' dir='ltr'><strong>autem</strong></span> <span class='ocrx_word' id='word_1_600' title='bbox 2701 3659 2808 3713; x_wconf 91' lang='lat' dir='ltr'><strong>duo</strong></span> <span class='ocrx_word' id='word_1_601' title='bbox 2829 3675 3027 3728; x_wconf 88' lang='lat' dir='ltr'><strong>genera</strong></span> <span class='ocrx_word' id='word_1_602' title='bbox 3049 3661 3375 3729; x_wconf 91' lang='lat' dir='ltr'><strong>scriptorum</strong></span> <span class='ocrx_word' id='word_1_603' title='bbox 3409 3662 3461 3716; x_wconf 95' lang='lat' dir='ltr'><strong>in</strong></span> <span class='ocrx_word' id='word_1_604' title='bbox 3493 3661 3646 3718; x_wconf 89' lang='lat' dir='ltr'><strong>hanc</strong></span> <span class='ocrx_word' id='word_1_605' title='bbox 3675 3677 3871 3732; x_wconf 86' lang='lat' dir='ltr'><strong>appen-</strong></span> 
     </span>
    </p>
   </div>
   <div class='ocr_carea' id='block_1_82' title="bbox 2269 3750 3872 3820">
    <p class='ocr_par' dir='ltr' id='par_1_82' title="bbox 2269 3750 3872 3820">
     <span class='ocr_line' id='line_1_82' title="bbox 2269 3750 3872 3820; baseline 0 -15"><span class='ocrx_word' id='word_1_606' title='bbox 2269 3751 2443 3806; x_wconf 90' lang='lat' dir='ltr'><strong>dicem</strong></span> <span class='ocrx_word' id='word_1_607' title='bbox 2473 3766 2500 3804; x_wconf 93' lang='lat' dir='ltr'><strong>a</strong></span> <span class='ocrx_word' id='word_1_608' title='bbox 2530 3750 2749 3806; x_wconf 90' lang='lat' dir='ltr'><strong>Clerico</strong></span> <span class='ocrx_word' id='word_1_609' title='bbox 2778 3751 3045 3820; x_wconf 89' lang='lat' dir='ltr'><strong>conjecta,</strong></span> <span class='ocrx_word' id='word_1_610' title='bbox 3078 3751 3200 3805; x_wconf 89' lang='lat' dir='ltr'><strong>libri</strong></span> <span class='ocrx_word' id='word_1_611' title='bbox 3231 3751 3440 3806; x_wconf 90' lang='lat' dir='ltr'><strong>scilicet</strong></span> <span class='ocrx_word' id='word_1_612' title='bbox 3465 3760 3589 3807; x_wconf 93' lang='lat' dir='ltr'><strong>tum</strong></span> <span class='ocrx_word' id='word_1_613' title='bbox 3622 3764 3872 3808; x_wconf 89' lang='lat' dir='ltr'><strong>veterum</strong></span> 
     </span>
    </p>
   </div>
   <div class='ocr_carea' id='block_1_83' title="bbox 2267 3844 3873 3915">
    <p class='ocr_par' dir='ltr' id='par_1_83' title="bbox 2267 3844 3873 3915">
     <span class='ocr_line' id='line_1_83' title="bbox 2267 3844 3873 3915; baseline 0 -17"><span class='ocrx_word' id='word_1_614' title='bbox 2267 3846 2472 3915; x_wconf 88' lang='lat' dir='ltr'><strong>aliquot</strong></span> <span class='ocrx_word' id='word_1_615' title='bbox 2500 3853 2783 3899; x_wconf 89' lang='lat' dir='ltr'><strong>auctorum</strong></span> <span class='ocrx_word' id='word_1_616' title='bbox 2807 3885 2820 3907; x_wconf 94' lang='lat'><strong>,</strong></span> <span class='ocrx_word' id='word_1_617' title='bbox 2852 3853 2966 3898; x_wconf 89' lang='lat' dir='ltr'><strong>tum</strong></span> <span class='ocrx_word' id='word_1_618' title='bbox 2997 3844 3356 3898; x_wconf 83' lang='lat' dir='ltr'><strong>recentiorum</strong></span> <span class='ocrx_word' id='word_1_619' title='bbox 3383 3844 3740 3914; x_wconf 87' lang='lat' dir='ltr'><strong>scriptorum</strong></span> <span class='ocrx_word' id='word_1_620' title='bbox 3767 3845 3873 3899; x_wconf 85' lang='lat' dir='ltr'><strong>dis-</strong></span> 
     </span>
    </p>
   </div>
   <div class='ocr_carea' id='block_1_84' title="bbox 2268 3937 3878 4007">
    <p class='ocr_par' dir='ltr' id='par_1_84' title="bbox 2268 3937 3878 4007">
     <span class='ocr_line' id='line_1_84' title="bbox 2268 3937 3878 4007; baseline 0 -15"><span class='ocrx_word' id='word_1_621' title='bbox 2268 3939 2593 3992; x_wconf 90' lang='lat' dir='ltr'><strong>sertationes</strong></span> <span class='ocrx_word' id='word_1_622' title='bbox 2618 3937 3013 4006; x_wconf 87' lang='lat' dir='ltr'><strong>Augustiniana</strong></span> <span class='ocrx_word' id='word_1_623' title='bbox 3039 3938 3240 4006; x_wconf 89' lang='lat' dir='ltr'><strong>scripta</strong></span> <span class='ocrx_word' id='word_1_624' title='bbox 3270 3937 3648 4003; x_wconf 88' lang='lat' dir='ltr'><strong>illustrantes,</strong></span> <span class='ocrx_word' id='word_1_625' title='bbox 3679 3939 3878 4007; x_wconf 82' lang='lat' dir='ltr'><strong>quibus</strong></span> 
     </span>
    </p>
   </div>
   <div class='ocr_carea' id='block_1_85' title="bbox 2268 4029 3878 4097">
    <p class='ocr_par' dir='ltr' id='par_1_85' title="bbox 2268 4029 3878 4097">
     <span class='ocr_line' id='line_1_85' title="bbox 2268 4029 3878 4097; baseline -0.001 -13"><span class='ocrx_word' id='word_1_626' title='bbox 2268 4037 2324 4084; x_wconf 90' lang='lat' dir='ltr'><strong>et</strong></span> <span class='ocrx_word' id='word_1_627' title='bbox 2354 4029 2703 4097; x_wconf 74' lang='lat' dir='ltr'><strong>praefationes</strong></span> <span class='ocrx_word' id='word_1_628' title='bbox 2731 4037 2785 4082; x_wconf 91' lang='lat' dir='ltr'><strong>et</strong></span> <span class='ocrx_word' id='word_1_629' title='bbox 2814 4043 3059 4082; x_wconf 67' lang='lat' dir='ltr'><strong>censurae</strong></span> <span class='ocrx_word' id='word_1_630' title='bbox 3090 4029 3435 4097; x_wconf 90' lang='lat' dir='ltr'><strong>superiorum</strong></span> <span class='ocrx_word' id='word_1_631' title='bbox 3466 4029 3767 4083; x_wconf 90' lang='lat' dir='ltr'><strong>editorum</strong></span> <span class='ocrx_word' id='word_1_632' title='bbox 3794 4044 3878 4082; x_wconf 83' lang='lat' dir='ltr'><strong>ac-</strong></span> 
     </span>
    </p>
   </div>
   <div class='ocr_carea' id='block_1_86' title="bbox 2269 4120 3879 4191">
    <p class='ocr_par' dir='ltr' id='par_1_86' title="bbox 2269 4120 3879 4191">
     <span class='ocr_line' id='line_1_86' title="bbox 2269 4120 3879 4191; baseline -0.004 -15"><span class='ocrx_word' id='word_1_633' title='bbox 2269 4121 2486 4176; x_wconf 90' lang='lat' dir='ltr'><strong>censeri</strong></span> <span class='ocrx_word' id='word_1_634' title='bbox 2512 4131 2810 4188; x_wconf 90' lang='lat' dir='ltr'><strong>merentur,</strong></span> <span class='ocrx_word' id='word_1_635' title='bbox 2843 4128 2898 4174; x_wconf 92' lang='lat' dir='ltr'><strong>et</strong></span> <span class='ocrx_word' id='word_1_636' title='bbox 2927 4121 3094 4188; x_wconf 90' lang='lat' dir='ltr'><strong>ipsius</strong></span> <span class='ocrx_word' id='word_1_637' title='bbox 3122 4131 3268 4175; x_wconf 75' lang='lat' dir='ltr'><strong>noue</strong></span> <span class='ocrx_word' id='word_1_638' title='bbox 3299 4135 3489 4174; x_wconf 91' lang='lat' dir='ltr'><strong>recens</strong></span> <span class='ocrx_word' id='word_1_639' title='bbox 3522 4120 3586 4174; x_wconf 92' lang='lat' dir='ltr'><strong>in</strong></span> <span class='ocrx_word' id='word_1_640' title='bbox 3620 4121 3879 4191; x_wconf 91' lang='lat' dir='ltr'><strong>singulos</strong></span> 
     </span>
    </p>
   </div>
   <div class='ocr_carea' id='block_1_87' title="bbox 2269 4211 3882 4280">
    <p class='ocr_par' dir='ltr' id='par_1_87' title="bbox 2269 4211 3882 4280">
     <span class='ocr_line' id='line_1_87' title="bbox 2269 4211 3882 4280; baseline -0.001 -16"><span class='ocrx_word' id='word_1_641' title='bbox 2269 4221 2446 4265; x_wconf 91' lang='lat' dir='ltr'><strong>tomos</strong></span> <span class='ocrx_word' id='word_1_642' title='bbox 2482 4225 2704 4278; x_wconf 82' lang='lat' dir='ltr'><strong>aperum</strong></span> <span class='ocrx_word' id='word_1_643' title='bbox 2746 4211 3088 4278; x_wconf 80' lang='lat' dir='ltr'><strong>conscriptae.</strong></span> <span class='ocrx_word' id='word_1_644' title='bbox 3132 4211 3211 4264; x_wconf 82' lang='lat' dir='ltr'><strong>Ad</strong></span> <span class='ocrx_word' id='word_1_645' title='bbox 3252 4211 3403 4280; x_wconf 90' lang='lat' dir='ltr'><strong>prius</strong></span> <span class='ocrx_word' id='word_1_646' title='bbox 3441 4221 3716 4279; x_wconf 88' lang='lat' dir='ltr'><strong>spectant</strong></span> <span class='ocrx_word' id='word_1_647' title='bbox 3751 4211 3882 4263; x_wconf 84' lang='lat' dir='ltr'><strong>Pio-</strong></span> 
     </span>
    </p>
   </div>
   <div class='ocr_carea' id='block_1_88' title="bbox 2267 4303 3884 4374">
    <p class='ocr_par' dir='ltr' id='par_1_88' title="bbox 2267 4303 3884 4374">
     <span class='ocr_line' id='line_1_88' title="bbox 2267 4303 3884 4374; baseline -0.001 -17"><span class='ocrx_word' id='word_1_648' title='bbox 2267 4305 2403 4374; x_wconf 84' lang='lat' dir='ltr'><strong>speri</strong></span> <span class='ocrx_word' id='word_1_649' title='bbox 2432 4303 2648 4356; x_wconf 88' lang='lat' dir='ltr'><strong>Carmen</strong></span> <span class='ocrx_word' id='word_1_650' title='bbox 2688 4313 2742 4357; x_wconf 90' lang='lat' dir='ltr'><strong>et</strong></span> <span class='ocrx_word' id='word_1_651' title='bbox 2773 4303 2980 4373; x_wconf 83' lang='lat' dir='ltr'><strong>Pelagii</strong></span> <span class='ocrx_word' id='word_1_652' title='bbox 3001 4303 3369 4357; x_wconf 87' lang='lat' dir='ltr'><strong>Commentarii</strong></span> <span class='ocrx_word' id='word_1_653' title='bbox 3391 4343 3408 4368; x_wconf 97' lang='lat'><strong>,</strong></span> <span class='ocrx_word' id='word_1_654' title='bbox 3440 4304 3508 4357; x_wconf 90' lang='lat' dir='ltr'><strong>de</strong></span> <span class='ocrx_word' id='word_1_655' title='bbox 3539 4305 3768 4373; x_wconf 84' lang='lat' dir='ltr'><strong>quibus</strong></span> <span class='ocrx_word' id='word_1_656' title='bbox 3795 4305 3884 4372; x_wconf 85' lang='lat' dir='ltr'><strong>ju-</strong></span> 
     </span>
    </p>
   </div>
   <div class='ocr_carea' id='block_1_89' title="bbox 2270 4392 3886 4465">
    <p class='ocr_par' dir='ltr' id='par_1_89' title="bbox 2270 4392 3886 4465">
     <span class='ocr_line' id='line_1_89' title="bbox 2270 4392 3886 4465; baseline 0.001 -19"><span class='ocrx_word' id='word_1_657' title='bbox 2270 4394 2426 4457; x_wconf 92' lang='lat' dir='ltr'><strong>stior,</strong></span> <span class='ocrx_word' id='word_1_658' title='bbox 2449 4392 2539 4447; x_wconf 90' lang='lat' dir='ltr'><strong>ubi</strong></span> <span class='ocrx_word' id='word_1_659' title='bbox 2569 4393 2635 4446; x_wconf 91' lang='lat' dir='ltr'><strong>ad</strong></span> <span class='ocrx_word' id='word_1_660' title='bbox 2662 4394 2807 4462; x_wconf 90' lang='lat' dir='ltr'><strong>ipsos</strong></span> <span class='ocrx_word' id='word_1_661' title='bbox 2830 4393 2994 4447; x_wconf 90' lang='lat' dir='ltr'><strong>hosce</strong></span> <span class='ocrx_word' id='word_1_662' title='bbox 3023 4405 3273 4448; x_wconf 90' lang='lat' dir='ltr'><strong>auctores</strong></span> <span class='ocrx_word' id='word_1_663' title='bbox 3299 4397 3760 4465; x_wconf 86' lang='lat' dir='ltr'><strong>pervenerimus,</strong></span> <span class='ocrx_word' id='word_1_664' title='bbox 3787 4409 3886 4447; x_wconf 91' lang='lat' dir='ltr'><strong>no-</strong></span> 
     </span>
    </p>
   </div>
   <div class='ocr_carea' id='block_1_90' title="bbox 574 4452 3894 4556">
    <p class='ocr_par' dir='ltr' id='par_1_90' title="bbox 574 4452 3894 4556">
     <span class='ocr_line' id='line_1_90' title="bbox 574 4452 3894 4556; baseline 0.002 -23"><span class='ocrx_word' id='word_1_665' title='bbox 574 4480 833 4549; x_wconf 88' lang='lat' dir='ltr'><strong>pleraque</strong></span> <span class='ocrx_word' id='word_1_666' title='bbox 888 4480 1069 4534; x_wconf 89' lang='lat' dir='ltr'><strong>omnia</strong></span> <span class='ocrx_word' id='word_1_667' title='bbox 1132 4480 1442 4534; x_wconf 91' lang='lat' dir='ltr'><strong>versionem</strong></span> <span class='ocrx_word' id='word_1_668' title='bbox 1493 4481 1737 4535; x_wconf 92' lang='lat' dir='ltr'><strong>locorum</strong></span> <span class='ocrx_word' id='word_1_669' title='bbox 1806 4482 2007 4536; x_wconf 90' lang='lat' dir='ltr'><strong>veteris</strong></span> <span class='ocrx_word' id='word_1_670' title='bbox 2073 4492 2164 4535; x_wconf 88' lang='lat' dir='ltr'><strong>aut</strong></span> <span class='ocrx_word' id='word_1_671' title='bbox 2189 4452 2243 4511; x_wconf 68' lang='grc' dir='ltr'><strong>Β</strong></span> <span class='ocrx_word' id='word_1_672' title='bbox 2267 4482 2351 4536; x_wconf 91' lang='lat' dir='ltr'><strong>bis</strong></span> <span class='ocrx_word' id='word_1_673' title='bbox 2387 4482 2601 4537; x_wconf 91' lang='lat' dir='ltr'><strong>dicendi</strong></span> <span class='ocrx_word' id='word_1_674' title='bbox 2642 4484 2794 4538; x_wconf 90' lang='lat' dir='ltr'><strong>locus</strong></span> <span class='ocrx_word' id='word_1_675' title='bbox 2831 4485 2972 4548; x_wconf 91' lang='lat' dir='ltr'><strong>erit;</strong></span> <span class='ocrx_word' id='word_1_676' title='bbox 3015 4484 3256 4538; x_wconf 82' lang='lat' dir='ltr'><strong>Garnerii</strong></span> <span class='ocrx_word' id='word_1_677' title='bbox 3292 4452 3735 4552; x_wconf 68' lang='lat' dir='ltr'><strong>dissertationes,</strong></span> <span class='ocrx_word' id='word_1_678' title='bbox 3769 4502 3894 4556; x_wconf 65' lang='lat' dir='ltr'><strong>quas</strong></span> 
     </span>
    </p>
   </div>
   <div class='ocr_carea' id='block_1_91' title="bbox 576 4570 2162 4642">
    <p class='ocr_par' dir='ltr' id='par_1_91' title="bbox 576 4570 2162 4642">
     <span class='ocr_line' id='line_1_91' title="bbox 576 4570 2162 4642; baseline 0.003 -18"><span class='ocrx_word' id='word_1_679' title='bbox 576 4571 701 4625; x_wconf 91' lang='lat' dir='ltr'><strong>novi</strong></span> <span class='ocrx_word' id='word_1_680' title='bbox 732 4570 1070 4626; x_wconf 87' lang='lat' dir='ltr'><strong>Testamenti</strong></span> <span class='ocrx_word' id='word_1_681' title='bbox 1117 4583 1478 4636; x_wconf 89' lang='lat' dir='ltr'><strong>concernunt,</strong></span> <span class='ocrx_word' id='word_1_682' title='bbox 1512 4573 1563 4626; x_wconf 89' lang='lat' dir='ltr'><strong>in</strong></span> <span class='ocrx_word' id='word_1_683' title='bbox 1592 4573 1788 4642; x_wconf 91' lang='lat' dir='ltr'><strong>quibus</strong></span> <span class='ocrx_word' id='word_1_684' title='bbox 1828 4575 1874 4627; x_wconf 94' lang='lat' dir='ltr'><strong>si</strong></span> <span class='ocrx_word' id='word_1_685' title='bbox 1920 4573 2162 4630; x_wconf 88' lang='lat' dir='ltr'><strong>timidius</strong></span> 
     </span>
    </p>
   </div>
   <div class='ocr_carea' id='block_1_92' title="bbox 571 4662 2161 4734">
    <p class='ocr_par' dir='ltr' id='par_1_92' title="bbox 571 4662 2161 4734">
     <span class='ocr_line' id='line_1_92' title="bbox 571 4662 2161 4734; baseline 0.003 -19"><span class='ocrx_word' id='word_1_686' title='bbox 571 4671 667 4715; x_wconf 88' lang='lat' dir='ltr'><strong>aut</strong></span> <span class='ocrx_word' id='word_1_687' title='bbox 691 4663 857 4717; x_wconf 91' lang='lat' dir='ltr'><strong>etiam</strong></span> <span class='ocrx_word' id='word_1_688' title='bbox 890 4677 998 4716; x_wconf 92' lang='lat' dir='ltr'><strong>non</strong></span> <span class='ocrx_word' id='word_1_689' title='bbox 1045 4662 1204 4717; x_wconf 87' lang='lat' dir='ltr'><strong>docte</strong></span> <span class='ocrx_word' id='word_1_690' title='bbox 1229 4663 1366 4716; x_wconf 91' lang='lat' dir='ltr'><strong>satis</strong></span> <span class='ocrx_word' id='word_1_691' title='bbox 1397 4664 1600 4732; x_wconf 88' lang='lat' dir='ltr'><strong>aliquid</strong></span> <span class='ocrx_word' id='word_1_692' title='bbox 1633 4665 1836 4719; x_wconf 88' lang='lat' dir='ltr'><strong>elocuti</strong></span> <span class='ocrx_word' id='word_1_693' title='bbox 1861 4667 1999 4729; x_wconf 88' lang='lat' dir='ltr'><strong>sint,</strong></span> <span class='ocrx_word' id='word_1_694' title='bbox 2041 4666 2161 4734; x_wconf 87' lang='lat' dir='ltr'><strong>quis</strong></span> 
     </span>
    </p>
   </div>
   <div class='ocr_carea' id='block_1_93' title="bbox 577 4753 2162 4824">
    <p class='ocr_par' dir='ltr' id='par_1_93' title="bbox 577 4753 2162 4824">
     <span class='ocr_line' id='line_1_93' title="bbox 577 4753 2162 4824; baseline 0.002 -17"><span class='ocrx_word' id='word_1_695' title='bbox 577 4763 726 4807; x_wconf 91' lang='lat' dir='ltr'><strong>tanto</strong></span> <span class='ocrx_word' id='word_1_696' title='bbox 752 4753 1037 4808; x_wconf 89' lang='lat' dir='ltr'><strong>stomacho</strong></span> <span class='ocrx_word' id='word_1_697' title='bbox 1068 4753 1252 4807; x_wconf 85' lang='lat' dir='ltr'><strong>ferat?</strong></span> <span class='ocrx_word' id='word_1_698' title='bbox 1283 4754 1552 4809; x_wconf 82' lang='lat' dir='ltr'><strong>Praeterea</strong></span> <span class='ocrx_word' id='word_1_699' title='bbox 1581 4770 1752 4824; x_wconf 90' lang='lat' dir='ltr'><strong>pauca</strong></span> <span class='ocrx_word' id='word_1_700' title='bbox 1781 4765 1929 4820; x_wconf 90' lang='lat' dir='ltr'><strong>sunt,</strong></span> <span class='ocrx_word' id='word_1_701' title='bbox 1960 4765 2014 4810; x_wconf 90' lang='lat' dir='ltr'><strong>et</strong></span> <span class='ocrx_word' id='word_1_702' title='bbox 2034 4756 2162 4810; x_wconf 90' lang='lat' dir='ltr'><strong>licet</strong></span> 
     </span>
    </p>
   </div>
   <div class='ocr_carea' id='block_1_94' title="bbox 568 4846 2156 4916">
    <p class='ocr_par' dir='ltr' id='par_1_94' title="bbox 568 4846 2156 4916">
     <span class='ocr_line' id='line_1_94' title="bbox 568 4846 2156 4916; baseline 0.002 -17"><span class='ocrx_word' id='word_1_703' title='bbox 568 4847 634 4900; x_wconf 89' lang='lat' dir='ltr'><strong>de</strong></span> <span class='ocrx_word' id='word_1_704' title='bbox 664 4846 851 4900; x_wconf 91' lang='lat' dir='ltr'><strong>multis</strong></span> <span class='ocrx_word' id='word_1_705' title='bbox 893 4861 958 4901; x_wconf 91' lang='lat' dir='ltr'><strong>ea</strong></span> <span class='ocrx_word' id='word_1_706' title='bbox 1003 4848 1321 4915; x_wconf 90' lang='lat' dir='ltr'><strong>speciminis</strong></span> <span class='ocrx_word' id='word_1_707' title='bbox 1367 4849 1520 4916; x_wconf 90' lang='lat' dir='ltr'><strong>quasi</strong></span> <span class='ocrx_word' id='word_1_708' title='bbox 1555 4849 1675 4902; x_wconf 84' lang='lat' dir='ltr'><strong>loco</strong></span> <span class='ocrx_word' id='word_1_709' title='bbox 1703 4848 1961 4902; x_wconf 84' lang='lat' dir='ltr'><strong>exhibere</strong></span> <span class='ocrx_word' id='word_1_710' title='bbox 1987 4862 2047 4902; x_wconf 91' lang='lat' dir='ltr'><strong>se</strong></span> <span class='ocrx_word' id='word_1_711' title='bbox 2078 4849 2156 4903; x_wconf 88' lang='lat' dir='ltr'><strong>si-</strong></span> 
     </span>
    </p>
   </div>
   <div class='ocr_carea' id='block_1_95' title="bbox 565 4938 2159 5008">
    <p class='ocr_par' dir='ltr' id='par_1_95' title="bbox 565 4938 2159 5008">
     <span class='ocr_line' id='line_1_95' title="bbox 565 4938 2159 5008; baseline 0.004 -16"><span class='ocrx_word' id='word_1_712' title='bbox 565 4938 815 5008; x_wconf 86' lang='lat' dir='ltr'><strong>gnificat,</strong></span> <span class='ocrx_word' id='word_1_713' title='bbox 847 4941 978 4994; x_wconf 91' lang='lat' dir='ltr'><strong>etin</strong></span> <span class='ocrx_word' id='word_1_714' title='bbox 1007 4941 1174 4994; x_wconf 90' lang='lat' dir='ltr'><strong>altera</strong></span> <span class='ocrx_word' id='word_1_715' title='bbox 1213 4940 1432 5008; x_wconf 90' lang='lat' dir='ltr'><strong>quidem</strong></span> <span class='ocrx_word' id='word_1_716' title='bbox 1477 4942 1666 4995; x_wconf 88' lang='lat' dir='ltr'><strong>harum</strong></span> <span class='ocrx_word' id='word_1_717' title='bbox 1699 4957 2050 4996; x_wconf 90' lang='lat' dir='ltr'><strong>censurarum</strong></span> <span class='ocrx_word' id='word_1_718' title='bbox 2091 4943 2159 4998; x_wconf 88' lang='lat' dir='ltr'><strong>ad</strong></span> 
     </span>
    </p>
   </div>
   <div class='ocr_carea' id='block_1_96' title="bbox 566 5028 2157 5098">
    <p class='ocr_par' dir='ltr' id='par_1_96' title="bbox 566 5028 2157 5098">
     <span class='ocr_line' id='line_1_96' title="bbox 566 5028 2157 5098; baseline 0.005 -19"><span class='ocrx_word' id='word_1_719' title='bbox 566 5029 762 5080; x_wconf 88' lang='lat' dir='ltr'><strong>librum</strong></span> <span class='ocrx_word' id='word_1_720' title='bbox 809 5029 971 5096; x_wconf 61' lang='lat' dir='ltr'><strong>justas</strong></span> <span class='ocrx_word' id='word_1_721' title='bbox 998 5028 1393 5098; x_wconf 84' lang='lat' dir='ltr'><strong>magnitudinis</strong></span> <span class='ocrx_word' id='word_1_722' title='bbox 1424 5030 1827 5085; x_wconf 82' lang='lat' dir='ltr'><strong>conﬁciendum</strong></span> <span class='ocrx_word' id='word_1_723' title='bbox 1873 5033 2157 5087; x_wconf 87' lang='lat' dir='ltr'><strong>materiam</strong></span> 
     </span>
    </p>
   </div>
   <div class='ocr_carea' id='block_1_97' title="bbox 563 5119 2158 5192">
    <p class='ocr_par' dir='ltr' id='par_1_97' title="bbox 563 5119 2158 5192">
     <span class='ocr_line' id='line_1_97' title="bbox 563 5119 2158 5192; baseline 0.007 -23"><span class='ocrx_word' id='word_1_724' title='bbox 563 5119 633 5173; x_wconf 87' lang='lat' dir='ltr'><strong>de</strong></span> <span class='ocrx_word' id='word_1_725' title='bbox 667 5122 1045 5187; x_wconf 83' lang='lat' dir='ltr'><strong>praetermissis</strong></span> <span class='ocrx_word' id='word_1_726' title='bbox 1094 5129 1148 5175; x_wconf 92' lang='lat' dir='ltr'><strong>et</strong></span> <span class='ocrx_word' id='word_1_727' title='bbox 1180 5135 1468 5191; x_wconf 88' lang='lat' dir='ltr'><strong>perperam</strong></span> <span class='ocrx_word' id='word_1_728' title='bbox 1515 5122 1679 5176; x_wconf 91' lang='lat' dir='ltr'><strong>dictis</strong></span> <span class='ocrx_word' id='word_1_729' title='bbox 1718 5122 1824 5175; x_wconf 89' lang='lat' dir='ltr'><strong>sibi</strong></span> <span class='ocrx_word' id='word_1_730' title='bbox 1864 5132 2158 5192; x_wconf 88' lang='lat' dir='ltr'><strong>suppetere</strong></span> 
     </span>
    </p>
   </div>
   <div class='ocr_carea' id='block_1_98' title="bbox 563 5210 2153 5282">
    <p class='ocr_par' dir='ltr' id='par_1_98' title="bbox 563 5210 2153 5282">
     <span class='ocr_line' id='line_1_98' title="bbox 563 5210 2153 5282; baseline 0.005 -21"><span class='ocrx_word' id='word_1_731' title='bbox 563 5210 877 5278; x_wconf 88' lang='lat' dir='ltr'><strong>scripserit;</strong></span> <span class='ocrx_word' id='word_1_732' title='bbox 907 5223 1086 5266; x_wconf 87' lang='lat' dir='ltr'><strong>tamen</strong></span> <span class='ocrx_word' id='word_1_733' title='bbox 1124 5215 1385 5282; x_wconf 89' lang='lat' dir='ltr'><strong>quoniam</strong></span> <span class='ocrx_word' id='word_1_734' title='bbox 1431 5214 1572 5266; x_wconf 93' lang='lat' dir='ltr'><strong>hunc</strong></span> <span class='ocrx_word' id='word_1_735' title='bbox 1605 5213 1766 5266; x_wconf 91' lang='lat' dir='ltr'><strong>talem</strong></span> <span class='ocrx_word' id='word_1_736' title='bbox 1810 5213 2007 5266; x_wconf 88' lang='lat' dir='ltr'><strong>librum</strong></span> <span class='ocrx_word' id='word_1_737' title='bbox 2044 5231 2153 5269; x_wconf 92' lang='lat' dir='ltr'><strong>non</strong></span> 
     </span>
    </p>
   </div>
   <div class='ocr_carea' id='block_1_99' title="bbox 563 5301 2151 5373">
    <p class='ocr_par' dir='ltr' id='par_1_99' title="bbox 563 5301 2151 5373">
     <span class='ocr_line' id='line_1_99' title="bbox 563 5301 2151 5373; baseline 0.003 -20"><span class='ocrx_word' id='word_1_738' title='bbox 563 5301 807 5370; x_wconf 85' lang='lat' dir='ltr'><strong>scripslt,</strong></span> <span class='ocrx_word' id='word_1_739' title='bbox 840 5318 939 5357; x_wconf 92' lang='lat' dir='ltr'><strong>nec</strong></span> <span class='ocrx_word' id='word_1_740' title='bbox 966 5305 1345 5372; x_wconf 82' lang='lat' dir='ltr'><strong>exemplorum</strong></span> <span class='ocrx_word' id='word_1_741' title='bbox 1378 5319 1666 5358; x_wconf 90' lang='lat' dir='ltr'><strong>numerum</strong></span> <span class='ocrx_word' id='word_1_742' title='bbox 1706 5306 2114 5372; x_wconf 69' lang='lat' dir='ltr'><strong>usquam,auxit</strong></span> <span class='ocrx_word' id='word_1_743' title='bbox 2136 5349 2151 5373; x_wconf 94' lang='lat'><strong>,</strong></span> 
     </span>
    </p>
   </div>
   <div class='ocr_carea' id='block_1_100' title="bbox 565 5391 2154 5464">
    <p class='ocr_par' dir='ltr' id='par_1_100' title="bbox 565 5391 2154 5464">
     <span class='ocr_line' id='line_1_100' title="bbox 565 5391 2154 5464; baseline 0.004 -21"><span class='ocrx_word' id='word_1_744' title='bbox 565 5391 696 5446; x_wconf 86' lang='lat' dir='ltr'><strong>illud</strong></span> <span class='ocrx_word' id='word_1_745' title='bbox 725 5392 824 5447; x_wconf 90' lang='lat' dir='ltr'><strong>viri</strong></span> <span class='ocrx_word' id='word_1_746' title='bbox 856 5393 1013 5463; x_wconf 89' lang='lat' dir='ltr'><strong>hujus</strong></span> <span class='ocrx_word' id='word_1_747' title='bbox 1039 5395 1303 5464; x_wconf 90' lang='lat' dir='ltr'><strong>judicium</strong></span> <span class='ocrx_word' id='word_1_748' title='bbox 1331 5410 1438 5448; x_wconf 92' lang='lat' dir='ltr'><strong>non</strong></span> <span class='ocrx_word' id='word_1_749' title='bbox 1459 5405 1664 5450; x_wconf 90' lang='lat' dir='ltr'><strong>temere</strong></span> <span class='ocrx_word' id='word_1_750' title='bbox 1687 5394 1965 5462; x_wconf 90' lang='lat' dir='ltr'><strong>quisquam</strong></span> <span class='ocrx_word' id='word_1_751' title='bbox 1981 5397 2154 5450; x_wconf 89' lang='lat' dir='ltr'><strong>susci-</strong></span> 
     </span>
    </p>
   </div>
   <div class='ocr_carea' id='block_1_101' title="bbox 566 5484 2150 5556">
    <p class='ocr_par' dir='ltr' id='par_1_101' title="bbox 566 5484 2150 5556">
     <span class='ocr_line' id='line_1_101' title="bbox 566 5484 2150 5556; baseline 0.004 -21"><span class='ocrx_word' id='word_1_752' title='bbox 566 5485 695 5550; x_wconf 86' lang='lat' dir='ltr'><strong>piat.</strong></span> <span class='ocrx_word' id='word_1_753' title='bbox 725 5484 872 5540; x_wconf 89' lang='lat' dir='ltr'><strong>lllam</strong></span> <span class='ocrx_word' id='word_1_754' title='bbox 906 5503 1038 5542; x_wconf 84' lang='lat' dir='ltr'><strong>vero</strong></span> <span class='ocrx_word' id='word_1_755' title='bbox 1065 5488 1286 5541; x_wconf 90' lang='lat' dir='ltr'><strong>critices</strong></span> <span class='ocrx_word' id='word_1_756' title='bbox 1313 5495 1546 5556; x_wconf 89' lang='lat' dir='ltr'><strong>partem,</strong></span> <span class='ocrx_word' id='word_1_757' title='bbox 1572 5500 1696 5553; x_wconf 67' lang='lat' dir='ltr'><strong>qua:</strong></span> <span class='ocrx_word' id='word_1_758' title='bbox 1724 5484 1790 5538; x_wconf 89' lang='lat' dir='ltr'><strong>ad</strong></span> <span class='ocrx_word' id='word_1_759' title='bbox 1823 5485 2150 5552; x_wconf 82' lang='lat' dir='ltr'><strong>genuitatem</strong></span> 
     </span>
    </p>
   </div>
   <div class='ocr_carea' id='block_1_102' title="bbox 561 5577 2150 5647">
    <p class='ocr_par' dir='ltr' id='par_1_102' title="bbox 561 5577 2150 5647">
     <span class='ocr_line' id='line_1_102' title="bbox 561 5577 2150 5647; baseline 0.001 -17"><span class='ocrx_word' id='word_1_760' title='bbox 561 5586 614 5630; x_wconf 92' lang='lat' dir='ltr'><strong>et</strong></span> <span class='ocrx_word' id='word_1_761' title='bbox 646 5577 1004 5647; x_wconf 77' lang='lat' dir='ltr'><strong>integritatem</strong></span> <span class='ocrx_word' id='word_1_762' title='bbox 1041 5579 1306 5632; x_wconf 90' lang='lat' dir='ltr'><strong>librorum</strong></span> <span class='ocrx_word' id='word_1_763' title='bbox 1341 5577 1541 5644; x_wconf 90' lang='lat' dir='ltr'><strong>tendit,</strong></span> <span class='ocrx_word' id='word_1_764' title='bbox 1573 5577 1642 5630; x_wconf 90' lang='lat' dir='ltr'><strong>de</strong></span> <span class='ocrx_word' id='word_1_765' title='bbox 1675 5590 1777 5645; x_wconf 88' lang='lat' dir='ltr'><strong>qua</strong></span> <span class='ocrx_word' id='word_1_766' title='bbox 1806 5589 2025 5644; x_wconf 89' lang='lat' dir='ltr'><strong>semper</strong></span> <span class='ocrx_word' id='word_1_767' title='bbox 2052 5577 2150 5631; x_wconf 78' lang='lat' dir='ltr'><strong>hu-</strong></span> 
     </span>
    </p>
   </div>
   <div class='ocr_carea' id='block_1_103' title="bbox 554 5666 2148 5738">
    <p class='ocr_par' dir='ltr' id='par_1_103' title="bbox 554 5666 2148 5738">
     <span class='ocr_line' id='line_1_103' title="bbox 554 5666 2148 5738; baseline 0.003 -20"><span class='ocrx_word' id='word_1_768' title='bbox 554 5667 641 5730; x_wconf 84' lang='lat' dir='ltr'><strong>jus</strong></span> <span class='ocrx_word' id='word_1_769' title='bbox 672 5669 1115 5738; x_wconf 69' lang='lat' dir='ltr'><strong>c0ngregationis</strong></span> <span class='ocrx_word' id='word_1_770' title='bbox 1143 5667 1394 5722; x_wconf 85' lang='lat' dir='ltr'><strong>monachi</strong></span> <span class='ocrx_word' id='word_1_771' title='bbox 1439 5667 1704 5735; x_wconf 69' lang='lat' dir='ltr'><strong>praeclare</strong></span> <span class='ocrx_word' id='word_1_772' title='bbox 1743 5666 2008 5721; x_wconf 88' lang='lat' dir='ltr'><strong>meruisse</strong></span> <span class='ocrx_word' id='word_1_773' title='bbox 2034 5669 2148 5722; x_wconf 90' lang='lat' dir='ltr'><strong>exi-</strong></span> 
     </span>
    </p>
   </div>
   <div class='ocr_carea' id='block_1_104' title="bbox 2266 4563 3888 4646">
    <p class='ocr_par' dir='ltr' id='par_1_104' title="bbox 2266 4563 3888 4646">
     <span class='ocr_line' id='line_1_104' title="bbox 2266 4563 3888 4646; baseline 0.003 -19"><span class='ocrx_word' id='word_1_774' title='bbox 2266 4574 2407 4629; x_wconf 89' lang='lat' dir='ltr'><strong>inter</strong></span> <span class='ocrx_word' id='word_1_775' title='bbox 2432 4563 2683 4644; x_wconf 58' lang='lat' dir='ltr'><strong>Prosperi</strong></span> <span class='ocrx_word' id='word_1_776' title='bbox 2723 4584 2777 4630; x_wconf 91' lang='lat' dir='ltr'><strong>et</strong></span> <span class='ocrx_word' id='word_1_777' title='bbox 2817 4575 3018 4645; x_wconf 85' lang='lat' dir='ltr'><strong>Pelagii</strong></span> <span class='ocrx_word' id='word_1_778' title='bbox 3059 4579 3314 4646; x_wconf 88' lang='lat' dir='ltr'><strong>opuscula</strong></span> <span class='ocrx_word' id='word_1_779' title='bbox 3358 4579 3546 4633; x_wconf 93' lang='lat' dir='ltr'><strong>locum</strong></span> <span class='ocrx_word' id='word_1_780' title='bbox 3594 4579 3888 4642; x_wconf 85' lang='lat' dir='ltr'><strong>obtinent,</strong></span> 
     </span>
    </p>
   </div>
   <div class='ocr_carea' id='block_1_105' title="bbox 2263 4666 3895 4734">
    <p class='ocr_par' dir='ltr' id='par_1_105' title="bbox 2263 4666 3895 4734">
     <span class='ocr_line' id='line_1_105' title="bbox 2263 4666 3895 4734; baseline 0.004 -16"><span class='ocrx_word' id='word_1_781' title='bbox 2263 4680 2492 4734; x_wconf 63' lang='lat' dir='ltr'><strong>qumque</strong></span> <span class='ocrx_word' id='word_1_782' title='bbox 2534 4667 2785 4721; x_wconf 86' lang='lat' dir='ltr'><strong>similiter</strong></span> <span class='ocrx_word' id='word_1_783' title='bbox 2829 4666 2896 4720; x_wconf 87' lang='lat' dir='ltr'><strong>ad</strong></span> <span class='ocrx_word' id='word_1_784' title='bbox 2947 4667 3174 4721; x_wconf 80' lang='lat' dir='ltr'><strong>Marium</strong></span> <span class='ocrx_word' id='word_1_785' title='bbox 3224 4669 3586 4723; x_wconf 65' lang='grc' dir='ltr'><strong>Μενδαίου-ειη</strong></span> <span class='ocrx_word' id='word_1_786' title='bbox 3641 4688 3675 4725; x_wconf 84' lang='lat' dir='ltr'><strong>a</strong></span> <span class='ocrx_word' id='word_1_787' title='bbox 3732 4673 3895 4726; x_wconf 86' lang='lat' dir='ltr'><strong>nobis</strong></span> 
     </span>
    </p>
   </div>
   <div class='ocr_carea' id='block_1_106' title="bbox 2263 4753 3896 4827">
    <p class='ocr_par' dir='ltr' id='par_1_106' title="bbox 2263 4753 3896 4827">
     <span class='ocr_line' id='line_1_106' title="bbox 2263 4753 3896 4827; baseline 0.002 -18"><span class='ocrx_word' id='word_1_788' title='bbox 2263 4757 2856 4811; x_wconf 90' lang='lat' dir='ltr'><strong>commemorabuntur.</strong></span> <span class='ocrx_word' id='word_1_789' title='bbox 2895 4757 2975 4810; x_wconf 85' lang='lat' dir='ltr'><strong>Ad</strong></span> <span class='ocrx_word' id='word_1_790' title='bbox 3003 4772 3094 4811; x_wconf 89' lang='lat' dir='ltr'><strong>eas</strong></span> <span class='ocrx_word' id='word_1_791' title='bbox 3119 4766 3299 4812; x_wconf 90' lang='lat' dir='ltr'><strong>autem</strong></span> <span class='ocrx_word' id='word_1_792' title='bbox 3331 4761 3630 4827; x_wconf 89' lang='lat' dir='ltr'><strong>pertinent</strong></span> <span class='ocrx_word' id='word_1_793' title='bbox 3664 4753 3896 4815; x_wconf 77' lang='lat' dir='ltr'><strong>Ilenrici</strong></span> 
     </span>
    </p>
   </div>
   <div class='ocr_carea' id='block_1_107' title="bbox 2266 4845 3902 4920">
    <p class='ocr_par' dir='ltr' id='par_1_107' title="bbox 2266 4845 3902 4920">
     <span class='ocr_line' id='line_1_107' title="bbox 2266 4845 3902 4920; baseline 0.004 -22"><span class='ocrx_word' id='word_1_794' title='bbox 2266 4845 2467 4901; x_wconf 84' lang='lat' dir='ltr'><strong>Norisii</strong></span> <span class='ocrx_word' id='word_1_795' title='bbox 2508 4848 2790 4901; x_wconf 85' lang='lat' dir='ltr'><strong>cardinalis</strong></span> <span class='ocrx_word' id='word_1_796' title='bbox 2829 4849 3057 4919; x_wconf 88' lang='lat' dir='ltr'><strong>episc0pi</strong></span> <span class='ocrx_word' id='word_1_797' title='bbox 3095 4849 3353 4918; x_wconf 61' lang='lat' dir='ltr'><strong>epistolae,</strong></span> <span class='ocrx_word' id='word_1_798' title='bbox 3393 4851 3601 4920; x_wconf 82' lang='lat' dir='ltr'><strong>quibus</strong></span> <span class='ocrx_word' id='word_1_799' title='bbox 3638 4852 3902 4907; x_wconf 74' lang='grc' dir='ltr'><strong>ϐαι-πετὶί</strong></span> 
     </span>
    </p>
   </div>
   <div class='ocr_carea' id='block_1_108' title="bbox 2266 4938 3903 5012">
    <p class='ocr_par' dir='ltr' id='par_1_108' title="bbox 2266 4938 3903 5012">
     <span class='ocr_line' id='line_1_108' title="bbox 2266 4938 3903 5012; baseline 0.002 -20"><span class='ocrx_word' id='word_1_800' title='bbox 2266 4954 2462 4994; x_wconf 85' lang='lat' dir='ltr'><strong>errores</strong></span> <span class='ocrx_word' id='word_1_801' title='bbox 2500 4939 2555 4991; x_wconf 89' lang='lat' dir='ltr'><strong>in</strong></span> <span class='ocrx_word' id='word_1_802' title='bbox 2591 4938 2917 5009; x_wconf 83' lang='lat' dir='ltr'><strong>Geographia</strong></span> <span class='ocrx_word' id='word_1_803' title='bbox 2953 4955 3100 4993; x_wconf 84' lang='lat' dir='ltr'><strong>sacra</strong></span> <span class='ocrx_word' id='word_1_804' title='bbox 3140 4939 3369 5009; x_wconf 66' lang='lat' dir='ltr'><strong>Africus.</strong></span> <span class='ocrx_word' id='word_1_805' title='bbox 3407 4939 3546 4994; x_wconf 88' lang='lat' dir='ltr'><strong>dum</strong></span> <span class='ocrx_word' id='word_1_806' title='bbox 3597 4943 3903 5012; x_wconf 87' lang='lat' dir='ltr'><strong>episcopis</strong></span> 
     </span>
    </p>
   </div>
   <div class='ocr_carea' id='block_1_109' title="bbox 2263 5030 3902 5104">
    <p class='ocr_par' dir='ltr' id='par_1_109' title="bbox 2263 5030 3902 5104">
     <span class='ocr_line' id='line_1_109' title="bbox 2263 5030 3902 5104; baseline 0.002 -19"><span class='ocrx_word' id='word_1_807' title='bbox 2263 5032 2528 5101; x_wconf 87' lang='lat' dir='ltr'><strong>synodum</strong></span> <span class='ocrx_word' id='word_1_808' title='bbox 2556 5030 2824 5086; x_wconf 70' lang='lat' dir='ltr'><strong>Africana:</strong></span> <span class='ocrx_word' id='word_1_809' title='bbox 2853 5040 2911 5086; x_wconf 91' lang='lat' dir='ltr'><strong>et</strong></span> <span class='ocrx_word' id='word_1_810' title='bbox 2940 5031 3241 5086; x_wconf 80' lang='lat' dir='ltr'><strong>Numidicae</strong></span> <span class='ocrx_word' id='word_1_811' title='bbox 3269 5033 3419 5086; x_wconf 88' lang='lat' dir='ltr'><strong>sedis</strong></span> <span class='ocrx_word' id='word_1_812' title='bbox 3443 5033 3902 5104; x_wconf 83' lang='lat' dir='ltr'><strong>assignavcrat,</strong></span> 
     </span>
    </p>
   </div>
   <div class='ocr_carea' id='block_1_110' title="bbox 2263 5124 3903 5194">
    <p class='ocr_par' dir='ltr' id='par_1_110' title="bbox 2263 5124 3903 5194">
     <span class='ocr_line' id='line_1_110' title="bbox 2263 5124 3903 5194; baseline 0.003 -18"><span class='ocrx_word' id='word_1_813' title='bbox 2263 5124 2678 5194; x_wconf 81' lang='lat' dir='ltr'><strong>perstringuntur</strong></span> <span class='ocrx_word' id='word_1_814' title='bbox 2718 5133 2773 5178; x_wconf 83' lang='lat' dir='ltr'><strong>et</strong></span> <span class='ocrx_word' id='word_1_815' title='bbox 2811 5125 3170 5190; x_wconf 84' lang='lat' dir='ltr'><strong>emendantur,</strong></span> <span class='ocrx_word' id='word_1_816' title='bbox 3203 5125 3822 5183; x_wconf 85' lang='lat' dir='ltr'><strong>animadversionibus</strong></span> <span class='ocrx_word' id='word_1_817' title='bbox 3851 5131 3903 5182; x_wconf 90' lang='lat' dir='ltr'><strong>in</strong></span> 
     </span>
    </p>
   </div>
   <div class='ocr_carea' id='block_1_111' title="bbox 2261 5217 3909 5296">
    <p class='ocr_par' dir='ltr' id='par_1_111' title="bbox 2261 5217 3909 5296">
     <span class='ocr_line' id='line_1_111' title="bbox 2261 5217 3909 5296; baseline 0.006 -25"><span class='ocrx_word' id='word_1_818' title='bbox 2261 5226 2467 5272; x_wconf 91' lang='lat' dir='ltr'><strong>tomum</strong></span> <span class='ocrx_word' id='word_1_819' title='bbox 2484 5217 2526 5272; x_wconf 91' lang='lat' dir='ltr'><strong>Il</strong></span> <span class='ocrx_word' id='word_1_820' title='bbox 2544 5219 2822 5287; x_wconf 83' lang='lat' dir='ltr'><strong>subjectae.</strong></span> <span class='ocrx_word' id='word_1_821' title='bbox 2848 5218 2928 5273; x_wconf 85' lang='lat' dir='ltr'><strong>Ad</strong></span> <span class='ocrx_word' id='word_1_822' title='bbox 2951 5219 3227 5288; x_wconf 87' lang='lat' dir='ltr'><strong>Pelagium</strong></span> <span class='ocrx_word' id='word_1_823' title='bbox 3252 5222 3512 5276; x_wconf 88' lang='lat' dir='ltr'><strong>observat</strong></span> <span class='ocrx_word' id='word_1_824' title='bbox 3538 5224 3780 5296; x_wconf 90' lang='lat' dir='ltr'><strong>editor,</strong></span> <span class='ocrx_word' id='word_1_825' title='bbox 3807 5225 3909 5280; x_wconf 79' lang='lat' dir='ltr'><strong>ad-</strong></span> 
     </span>
    </p>
   </div>
   <div class='ocr_carea' id='block_1_112' title="bbox 2263 5306 3908 5384">
    <p class='ocr_par' dir='ltr' id='par_1_112' title="bbox 2263 5306 3908 5384">
     <span class='ocr_line' id='line_1_112' title="bbox 2263 5306 3908 5384; baseline 0.006 -24"><span class='ocrx_word' id='word_1_826' title='bbox 2263 5306 2500 5361; x_wconf 92' lang='lat' dir='ltr'><strong>diturum</strong></span> <span class='ocrx_word' id='word_1_827' title='bbox 2528 5321 2589 5361; x_wconf 93' lang='lat' dir='ltr'><strong>se</strong></span> <span class='ocrx_word' id='word_1_828' title='bbox 2615 5308 2780 5362; x_wconf 90' lang='lat' dir='ltr'><strong>fuisse</strong></span> <span class='ocrx_word' id='word_1_829' title='bbox 2809 5310 3037 5363; x_wconf 91' lang='lat' dir='ltr'><strong>seorsim</strong></span> <span class='ocrx_word' id='word_1_830' title='bbox 3072 5324 3264 5364; x_wconf 91' lang='lat' dir='ltr'><strong>omnes</strong></span> <span class='ocrx_word' id='word_1_831' title='bbox 3290 5310 3408 5379; x_wconf 90' lang='lat' dir='ltr'><strong>ejus</strong></span> <span class='ocrx_word' id='word_1_832' title='bbox 3436 5312 3769 5384; x_wconf 86' lang='lat' dir='ltr'><strong>reliquias,</strong></span> <span class='ocrx_word' id='word_1_833' title='bbox 3795 5316 3908 5370; x_wconf 90' lang='lat' dir='ltr'><strong>nisi</strong></span> 
     </span>
    </p>
   </div>
   <div class='ocr_carea' id='block_1_113' title="bbox 2262 5397 3911 5466">
    <p class='ocr_par' dir='ltr' id='par_1_113' title="bbox 2262 5397 3911 5466">
     <span class='ocr_line' id='line_1_113' title="bbox 2262 5397 3911 5466; baseline 0.008 -19"><span class='ocrx_word' id='word_1_834' title='bbox 2262 5410 2380 5466; x_wconf 72' lang='lat' dir='ltr'><strong>qum</strong></span> <span class='ocrx_word' id='word_1_835' title='bbox 2410 5406 2606 5464; x_wconf 70' lang='lat' dir='ltr'><strong>praeter</strong></span> <span class='ocrx_word' id='word_1_836' title='bbox 2630 5397 2916 5466; x_wconf 91' lang='lat' dir='ltr'><strong>epistolam</strong></span> <span class='ocrx_word' id='word_1_837' title='bbox 2949 5399 3014 5452; x_wconf 92' lang='lat' dir='ltr'><strong>ad</strong></span> <span class='ocrx_word' id='word_1_838' title='bbox 3047 5398 3448 5456; x_wconf 88' lang='lat' dir='ltr'><strong>Demetriadem</strong></span> <span class='ocrx_word' id='word_1_839' title='bbox 3478 5413 3820 5460; x_wconf 79' lang='lat' dir='ltr'><strong>exstarent</strong></span> <span class='ocrx_word' id='word_1_840' title='bbox 3851 5406 3911 5459; x_wconf 92' lang='lat' dir='ltr'><strong>in</strong></span> 
     </span>
    </p>
   </div>
   <div class='ocr_carea' id='block_1_114' title="bbox 2261 5486 3910 5558">
    <p class='ocr_par' dir='ltr' id='par_1_114' title="bbox 2261 5486 3910 5558">
     <span class='ocr_line' id='line_1_114' title="bbox 2261 5486 3910 5558; baseline 0.006 -19"><span class='ocrx_word' id='word_1_841' title='bbox 2261 5486 2392 5554; x_wconf 89' lang='lat' dir='ltr'><strong>ipsis</strong></span> <span class='ocrx_word' id='word_1_842' title='bbox 2420 5486 2770 5542; x_wconf 84' lang='lat' dir='ltr'><strong>Garnerianis</strong></span> <span class='ocrx_word' id='word_1_843' title='bbox 2796 5486 3276 5544; x_wconf 88' lang='lat' dir='ltr'><strong>dissertationibus</strong></span> <span class='ocrx_word' id='word_1_844' title='bbox 3295 5489 3408 5558; x_wconf 89' lang='lat' dir='ltr'><strong>jam</strong></span> <span class='ocrx_word' id='word_1_845' title='bbox 3438 5491 3734 5549; x_wconf 75' lang='lat' dir='ltr'><strong>collecta:</strong></span> <span class='ocrx_word' id='word_1_846' title='bbox 3771 5495 3910 5549; x_wconf 85' lang='lat' dir='ltr'><strong>fuis-</strong></span> 
     </span>
    </p>
   </div>
   <div class='ocr_carea' id='block_1_115' title="bbox 2258 5575 3910 5650">
    <p class='ocr_par' dir='ltr' id='par_1_115' title="bbox 2258 5575 3910 5650">
     <span class='ocr_line' id='line_1_115' title="bbox 2258 5575 3910 5650; baseline 0.006 -23"><span class='ocrx_word' id='word_1_847' title='bbox 2258 5585 2409 5640; x_wconf 91' lang='lat' dir='ltr'><strong>sent,</strong></span> <span class='ocrx_word' id='word_1_848' title='bbox 2438 5575 2526 5630; x_wconf 93' lang='lat' dir='ltr'><strong>illa</strong></span> <span class='ocrx_word' id='word_1_849' title='bbox 2549 5590 2678 5630; x_wconf 88' lang='lat' dir='ltr'><strong>vero</strong></span> <span class='ocrx_word' id='word_1_850' title='bbox 2706 5577 2758 5630; x_wconf 93' lang='lat' dir='ltr'><strong>in</strong></span> <span class='ocrx_word' id='word_1_851' title='bbox 2783 5584 2931 5631; x_wconf 94' lang='lat' dir='ltr'><strong>tomo</strong></span> <span class='ocrx_word' id='word_1_852' title='bbox 2955 5576 2998 5630; x_wconf 88' lang='lat' dir='ltr'><strong>ll</strong></span> <span class='ocrx_word' id='word_1_853' title='bbox 3028 5577 3416 5647; x_wconf 65' lang='lat' dir='ltr'><strong>Antuerpianaa</strong></span> <span class='ocrx_word' id='word_1_854' title='bbox 3452 5579 3652 5650; x_wconf 87' lang='lat' dir='ltr'><strong>hujus</strong></span> <span class='ocrx_word' id='word_1_855' title='bbox 3685 5584 3910 5639; x_wconf 88' lang='lat' dir='ltr'><strong>editio-</strong></span> 
     </span>
    </p>
   </div>
   <div class='ocr_carea' id='block_1_116' title="bbox 2259 5665 3908 5737">
    <p class='ocr_par' dir='ltr' id='par_1_116' title="bbox 2259 5665 3908 5737">
     <span class='ocr_line' id='line_1_116' title="bbox 2259 5665 3908 5737; baseline 0.005 -19"><span class='ocrx_word' id='word_1_856' title='bbox 2259 5665 2344 5720; x_wconf 90' lang='lat' dir='ltr'><strong>nis</strong></span> <span class='ocrx_word' id='word_1_857' title='bbox 2373 5666 2513 5721; x_wconf 87' lang='lat' dir='ltr'><strong>inter</strong></span> <span class='ocrx_word' id='word_1_858' title='bbox 2542 5666 2955 5735; x_wconf 80' lang='lat' dir='ltr'><strong>Augustinianas</strong></span> <span class='ocrx_word' id='word_1_859' title='bbox 2993 5667 3249 5737; x_wconf 87' lang='lat' dir='ltr'><strong>epistolas</strong></span> <span class='ocrx_word' id='word_1_860' title='bbox 3280 5669 3457 5724; x_wconf 92' lang='lat' dir='ltr'><strong>locum</strong></span> <span class='ocrx_word' id='word_1_861' title='bbox 3497 5671 3908 5730; x_wconf 87' lang='lat' dir='ltr'><strong>obtinuisset.</strong></span> 
     </span>
    </p>
   </div>
  </div>
