4010 6350
266 296 359 353 ἰο5

1154 278 1431 351 norma
1473 293 1897 351 unaunam
1938 292 2002 348 IN
2045 294 2101 350 s.
2145 289 2614 351 AUGUSTINUM.

3412 286 3516 343 106

260 410 405 479 Quod
434 411 776 481 prmfationes
797 410 1015 480 attinet,
1042 413 1215 480 prima
1238 424 1318 468 est
1340 414 1547 467 Erasmi
1568 413 1828 468 dedicatio
1857 416 1906 474 Α
1932 428 2053 468 esse
2080 422 2321 468 censent.
2354 413 2585 467 Necesse
2615 417 2697 465 est
2724 406 2964 480 profecto
3000 424 3431 480 unumquemque
3467 409 3523 464 id

262 505 325 557 ad
351 503 626 574 Alfousum
660 503 965 572 Fonsecam,
990 506 1461 577 archiepiscopum
1490 509 1835 576 Toletanum,

262 596 380 651 dein
412 598 657 666 praefatio
685 600 905 655 Joannis
928 600 1214 657 Vlintmerii
1232 645 1245 669 ,
1266 603 1611 659 sermonibus
1636 619 1665 658 a
1695 618 1755 658 se
1784 618 1838 658 a.

265 688 395 743 1564
415 690 576 744 editis
600 692 883 761 prtemissa
909 703 961 747 et
994 694 1046 747 in
1079 696 1324 764 sequenti
1356 696 1654 751 Basileensi
1685 710 1844 765 repe-

266 782 378 840 tita,
399 791 509 833 tum
551 782 665 850 ipsa
703 782 817 837 hme
846 784 1170 840 Basileensis
1200 802 1253 841 a.
1287 785 1424 842 1569
1453 787 1694 856 praefatio
1724 801 1843 841 ver-

266 870 405 923 sibus
426 881 685 940 eoncepta
714 889 777 927 ac
798 874 1032 947 denique
1054 876 1266 931 Erasmi
1299 878 1351 932 in
1377 878 1549 933 libros
1565 878 1844 934 Retracta-

269 962 469 1015 tionum
490 970 548 1016 et
576 962 993 1022 Confessionum
1017 983 1268 1023 censura.
1303 969 1641 1024 Postremum
1668 970 1838 1036 hanc,

267 1066 358 1107 cur
396 1058 626 1110 seorsim
663 1072 691 1110 a
742 1059 971 1128 reliquis
1014 1062 1259 1117 censuris
1305 1064 1664 1130 Erasmianis,
1710 1079 1843 1134 quas

268 1144 372 1199 suis
395 1147 966 1205 animadversionibus
1004 1152 1371 1223 interposuit,
1416 1153 1503 1209 hic
1526 1154 1845 1209 exscriben-

270 1237 381 1291 dam
409 1238 645 1305 dederit,
674 1243 875 1297 nullam
902 1244 1059 1300 video
1077 1260 1318 1301 causam.
1352 1246 1461 1301 Nec
1484 1247 1655 1317 magis
1683 1248 1847 1303 intel-

273 1328 387 1397 ligo,
413 1346 509 1385 cur
538 1346 700 1386 unam
730 1332 1030 1391 Vlimmerii
1055 1336 1424 1406 praafationem
1443 1337 1509 1393 ad
1532 1338 1843 1406 Pamelium,

280 1438 385 1489 qua:
422 1425 645 1493 proprie
695 1435 905 1481 tantum
958 1428 1189 1483 Possidii
1241 1430 1544 1484 indiculum
1575 1446 1679 1485 una
1722 1445 1846 1484 cum

280 1513 619 1572 Sermonibus
644 1519 956 1590 evulgatum
980 1523 1194 1587 attinet,
1227 1521 1331 1576 huc
1357 1524 1681 1591 reposuerit,
1713 1522 1850 1577 alte-

291 1622 395 1662 ram
434 1607 493 1662 ad
534 1607 827 1665 Martinam
876 1613 1210 1680 Rithovium,
1262 1616 1496 1684 primum
1544 1614 1847 1684 Yprensem

298 1702 603 1770 episcopum,
640 1719 745 1758 una
775 1720 899 1760 cum
940 1705 1213 1761 Sirmondi
1257 1707 1579 1777 praefatione
1622 1708 1847 1763 Sermo-

1939 503 2139 572 facere,
2164 503 2324 574 quod
2369 504 2629 578 Optimum
2661 500 2804 556 factu
2828 502 2875 555 ei
2907 500 3134 556 videtur.
3172 500 3278 558 Sed
3302 501 3403 557 erit
3429 516 3525 570 po-

1940 604 2055 650 stea
2078 596 2315 650 omnium
2337 595 2509 650 Judex
2532 608 2837 664 supremus,
2860 592 2949 663 qui
2972 592 3260 664 aliquando
3286 593 3523 663 tandem,

1941 690 2158 758 quinam
2189 691 2387 745 rectius
2417 690 2704 754 senserint,
2733 698 2881 745 certo
2908 689 3143 744 docebit.
3176 689 3314 756 Quin
3345 700 3399 744 et
3427 704 3529 744 no-

1942 791 2053 836 stra
2074 791 2225 849 astas,
2253 797 2319 837 ne
2340 791 2589 852 posteros
2609 780 2804 843 dicam,
2823 780 3083 850 judicium
3106 784 3206 836 hac
3222 781 3289 836 de
3308 797 3366 836 re
3390 782 3531 835 ferre

1942 877 2174 944 poterit;
2206 890 2327 943 nec,
2355 878 2399 929 si
2443 874 2740 929 rationibus
2788 875 2925 930 meis
2969 880 3233 931 assentire
3277 883 3530 945 nequeat,

1945 968 2265 1023 auctoritate
2296 982 2437 1030 mea,
2462 980 2582 1035 qua}
2609 966 2751 1020 nulla
2782 967 2935 1035 plane
2958 974 3062 1033 est,
3090 978 3399 1022 transversa
3427 967 3538 1020 sal-

1946 1058 2041 1111 tim
2070 1059 2153 1127 agi
2184 1057 2399 1127 peterit.
2436 1057 2587 1125 Erat,
2635 1072 2732 1112 cur
2783 1057 3050 1123 timerem,
3097 1073 3169 1113 ne
3217 1060 3537 1113 auctoritate

1948 1149 2010 1205 S.
2056 1150 2327 1223 Augustini
2377 1150 2665 1215 obruerer,
2720 1151 2966 1219 quamvis
3012 1150 3311 1207 rationibus
3356 1167 3536 1206 essem

1948 1248 2224 1313 superior;
2256 1255 2311 1298 at
2341 1242 2473 1298 nihil
2501 1243 2678 1298 simile
2721 1259 2752 1298 a
2795 1260 2882 1299 me
2930 1255 3154 1314 possunt
3202 1247 3397 1311 vereri,
3448 1246 3540 1314 qui

1949 1340 2051 1393 nisi
2081 1338 2403 1395 ﬁrmissimis
2429 1339 2762 1409 argumentis
2792 1356 2980 1394 verum
3007 1354 3132 1396 esse
3154 1340 3369 1396 evicero
3395 1341 3541 1412 quod

1951 1430 2203 1496 defendo,
2236 1432 2354 1487 sine
2382 1431 2547 1486 dubio
2579 1431 2897 1486 damnabor.
2932 1451 2952 1485 ι

2022 1521 2333 1577 Generatim
2389 1522 2660 1591 diximus,
2724 1538 2982 1579 censuras
3040 1534 3095 1581 et
3148 1525 3546 1581 admonitiones

1953 1612 2161 1668 Erasmi
2190 1616 2418 1669 insertas
2445 1630 2563 1670 esse
2602 1616 3186 1684 animadversionibus,
3231 1618 3325 1673 sed
3364 1632 3546 1673 acces-

1955 1708 2024 1761 sit
2051 1708 2210 1762 etiam
2240 1708 2306 1762 ad
2339 1718 2540 1762 tomum
2569 1708 2613 1763 II
2655 1709 2771 1777 ejus
2820 1709 3065 1777 praefatio
3113 1711 3360 1780 epistolis
3412 1726 3549 1780 prte-

286 1790 419 1844 nibus
442 1790 534 1846 XL
578 1795 803 1850 Parisiis
833 1811 883 1850 a.
920 1794 1049 1852 1651
1086 1797 1375 1867 publicatis
1418 1798 1626 1868 adjecta
1653 1837 1669 1862 ,
1716 1808 1845 1854 ante
1874 1799 1924 1861 B
1948 1799 2130 1866 missa,
2152 1815 2283 1869 quas
2308 1799 2429 1855 ideo
2460 1808 2740 1867 tantopere
2767 1800 2837 1855 ab
2859 1816 2926 1855 eo
2950 1802 3190 1857 laudatas
3213 1817 3333 1856 esse
3359 1803 3551 1857 scribit

280 1885 759 1943 animadversiones
810 1888 865 1944 in
917 1888 982 1944 Τ.
1024 1889 1066 1943 γ
1114 1890 1482 1946 recudendam
1540 1890 1845 1946 tradiderit.

278 1974 417 2032 Certe
442 1980 497 2033 in
520 1980 606 2035 his
625 1964 1034 2040 festinationem
1055 1986 1344 2055 quamdam
1369 1983 1847 2057 cognosceremihi

276 2068 461 2135 videor,
478 2074 788 2143 cujusmodi
810 2092 916 2132 non
940 2092 1064 2132 raro
1091 2077 1382 2146 Clericum,
1408 2082 1451 2135 si
1480 2080 1625 2150 typis
1648 2079 1848 2148 aliquid

278 2164 559 2231 parandum
590 2177 752 2233 esset,
784 2170 1013 2239 urgebat
1048 2170 1150 2243 (a).
1184 2172 1291 2228 Sed
1342 2182 1400 2227 ut
1429 2172 1595 2242 ipsius
1628 2174 1847 2229 tandem

281 2253 735 2313 Animadversiones
762 2262 1111 2332 attingamus,
1136 2262 1202 2318 de
1230 2264 1419 2319 iisdem
1450 2265 1700 2321 universe
1725 2280 1851 2335 pro—

280 2347 555 2417 nuntiavit,
604 2365 664 2406 se
710 2366 817 2406 non
864 2369 1175 2422 aggressum
1226 2371 1348 2411 esse
1390 2356 1850 2413 Commentarium

278 2448 356 2492 aut
381 2450 532 2496 notas
562 2453 843 2513 perpetuas
874 2445 927 2499 in
958 2446 1018 2502 S.
1050 2446 1408 2518 Augustinum
1448 2449 1710 2517 scribere,
1753 2451 1852 2507 sed

280 2540 462 2587 tantum
514 2537 741 2605 sparsim
789 2539 1032 2609 quaedam
1079 2542 1131 2595 in
1164 2543 1310 2596 varia
1348 2542 1462 2613 ejus
1489 2558 1653 2614 opera
1682 2559 1854 2599 anno-

279 2631 398 2690 tare,
425 2640 675 2697 quorum,
704 2630 748 2684 si
792 2646 911 2701 quae
954 2632 1074 2688 aliis
1120 2633 1390 2703 debuerit,
1432 2647 1711 2691 auctorum
1754 2653 1855 2692 no—

276 2715 404 2773 mina
430 2734 489 2774 se
511 2720 803 2793 diligenter
834 2724 1031 2794 ubique
1069 2729 1404 2796 apposuisse,
1454 2739 1515 2783 ut
1563 2730 1854 2800 unicuique

276 2809 380 2866 laus
407 2826 499 2867 sua
528 2825 837 2884 constaret;
868 2819 971 2873 alia
1000 2820 1218 2887 intacta,
1252 2830 1344 2874 aut
1366 2837 1506 2890 quas,
1542 2838 1606 2877 an
1639 2822 1732 2879 alii
1767 2833 1850 2878 at-

274 2903 523 2975 tigissent,
557 2910 865 2974 nesciverit,
897 2926 996 2966 suo
1022 2913 1241 2968 nomine
1265 2914 1571 2983 protulisse.
1597 2913 1738 2970 Esse
1758 2930 1856 2970 au-

276 3005 369 3052 tem
399 3008 507 3053 tum
533 3004 867 3071 grammatici
895 3016 986 3059 aut
1016 3005 1190 3061 critici
1242 3008 1475 3075 generis,
1525 3016 1639 3063 tum
1683 3008 1856 3063 multa

277 3089 627 3163 philOSOphica
673 3111 741 3157 ac
780 3096 1082 3167 theologica
1108 3098 1409 3169 permistim
1437 3116 1467 3154 a
1499 3116 1558 3156 se
1587 3101 1851 3167 exhibita,

1912 1894 1913 1897 ‘
1949 1886 2208 1957 Clericus,
2237 1890 2374 1944 nein
2397 1890 2840 1945 consuetudinem
2872 1902 3142 1961 peccaret.
3187 1892 3342 1948 Varia
3385 1909 3550 1961 porro

1950 1980 2037 2035 his
2063 1981 2623 2037 animadversionibus
2646 1983 2831 2037 insunt
2860 1983 2925 2037 ad
2952 1984 3259 2039 versionem
3292 1984 3435 2039 LXX
3465 1986 3549 2039 ln-

1951 2082 2271 2143 terpretum,
2304 2074 2650 2129 vexationem
2680 2074 3100 2141 Donatistarum,
3124 2076 3351 2132 aliorum
3379 2078 3552 2132 luere-

1954 2166 2184 2221 ticorum
2215 2175 2273 2223 et
2295 2166 2692 2223 damnationem
2714 2167 3058 2239 Pelagianam
3080 2171 3400 2239 spectantia,
3432 2185 3553 2239 qua:

1952 2258 2211 2317 lectorem
2260 2261 2693 2331 praejudiciorum
2742 2277 2974 2317 vacuum
3023 2266 3329 2334 expendere
3376 2266 3551 2334 jubet.

1953 2351 2470 2407 Animadversiones
2499 2352 2567 2406 ad
2596 2351 2658 2407 T.
2697 2351 2787 2422 Ill,
2813 2353 2905 2424 qui
2932 2354 3096 2409 libros
3123 2355 3191 2411 de
3226 2355 3554 2425 interpreta-

1956 2444 2101 2499 tione
2126 2442 2419 2513 Scriptura;
2455 2443 2516 2499 S.
2572 2444 2970 2512 complectitur,
3018 2447 3326 2516 frequentes
3371 2449 3554 2517 Augu-

1955 2538 2081 2593 stini
2128 2544 2347 2608 propter
2384 2536 2589 2593 Graecae
2615 2546 2667 2591 et
2692 2536 2970 2592 llebraica:
2999 2539 3192 2609 linguae
3224 2540 3552 2609 imperitiam

1954 2631 2010 2685 in
2037 2630 2441 2699 interpretando
2464 2630 2645 2699 lapsus
2665 2630 2977 2695 ostendunt,
3001 2647 3109 2702 quo
3130 2631 3552 2703 Castigationum

1956 2738 2157 2794 genere
2186 2732 2240 2778 et
2269 2722 2599 2794 Hieronymo
2629 2738 2845 2792 gravem
2875 2739 2936 2780 se
2967 2726 3260 2793 praebuisse
3288 2728 3556 2783 Clericnm

1957 2818 2226 2872 novimus.
2256 2816 2333 2871 De
2362 2826 2546 2882 quarto
2592 2825 2756 2881 tome,
2806 2819 2895 2887 qui
2944 2834 3224 2875 sermones
3268 2822 3558 2892 Augustini

1957 2908 2013 2963 in
2062 2908 2307 2964 Psalmos
2348 2907 2531 2975 habet,
2566 2908 2735 2976 ipsius
2764 2908 2962 2964 Clerici
2994 2912 3156 2966 verba
3182 2912 3421 2980 proferre
3449 2929 3556 2969 non

1958 3004 2160 3074 pigeat,
2189 3002 2549 3068 verissimum,
2585 3002 2681 3058 sed
2732 3019 2931 3059 novum
2983 3012 3109 3060 tunc
3155 3016 3210 3061 et
3257 3009 3556 3065 inauditum

1955 3096 2216 3167 judicium
2243 3094 2543 3164 complexa.
2579 3112 2597 3145 ι
2626 3094 2919 3151 Sermones
2963 3098 3247 3167 Augustini
3298 3101 3350 3154 in
3396 3100 3556 3155 Psal-

279 3184 531 3253 quodnon
564 3195 767 3243 tantum
802 3192 1149 3261 interpretem
1186 3194 1470 3264 Augustini
1524 3210 1704 3265 agere,
1753 3194 1852 3251 sed

1960 3203 2099 3257 mos,
2143 3186 2336 3257 inquit,
2386 3185 2541 3241 valde
2591 3186 2772 3240 laudat
2820 3187 3108 3254 Erasmus;
3160 3196 3216 3243 et
3261 3190 3327 3244 ad
3375 3207 3559 3247 eorum

270 3277 696 3337 ratiocinationes
722 3283 840 3353 ejus
870 3286 1177 3355 expendere
1205 3288 1502 3343 statuisset.
1554 3307 1573 3339 ι
1604 3289 1721 3343 Non
1760 3304 1856 3344 vo-

271 3366 475 3435 luimus,
510 3372 704 3443 inquit,
727 3374 1010 3431 dumtaxat
1034 3378 1261 3433 obseura
1286 3380 1531 3449 quaedam
1554 3381 1850 3452 explicare,

268 3468 353 3513 aut
377 3461 477 3516 alia
505 3463 813 3532 illustrare;
845 3469 939 3522 sed
967 3477 1023 3523 et
1050 3484 1178 3524 vere
1200 3487 1261 3525 ac
1290 3480 1437 3527 recte
1459 3471 1601 3526 dicta
1630 3473 1857 3529 subinde

267 3554 463 3607 meritis
491 3555 735 3612 laudibus
768 3557 1020 3631 afﬁcere;
1052 3576 1239 3631 eaque,
1284 3563 1337 3616 in
1388 3564 1586 3634 quibus
1632 3564 1860 3621 halluci-

263 3655 415 3702 natus
444 3664 564 3704 esse
602 3650 903 3715 videbatur,
951 3664 1172 3722 notare;
1206 3671 1273 3711 ne
1302 3657 1441 3712 alios
1472 3659 1738 3727 incautos,
1774 3660 1859 3715 vel

262 3738 362 3792 viri
404 3743 719 3799 auctoritate
767 3746 1007 3813 territos,
1063 3747 1330 3805 fallerent.
1378 3749 1711 3807 Noveramus
1749 3768 1860 3808 non

261 3828 365 3901 legi
398 3830 561 3889 hosce
591 3835 772 3900 libros,
807 3848 863 3893 ut
890 3854 955 3894 ex
979 3841 1043 3896 iis
1071 3841 1304 3896 eruditio
1336 3842 1525 3897 critica
1549 3842 1858 3914 colligatur,

260 3924 353 3979 sed
379 3928 557 3994 potius
582 3929 1051 3987 ratiocinationum
1072 3948 1135 3988 ac
1154 3934 1464 4005 dogmatutn
1489 3949 1678 4000 causa;
1709 3934 1865 3991 ideo-

261 4033 361 4087 que
390 4019 505 4075 harc
534 4022 872 4092 potissimum
906 4026 1140 4096 expendi
1170 4042 1201 4082 a
1226 4028 1381 4083 nobis
1411 4037 1666 4098 oportere
1691 4030 1866 4085 credi-

263 4107 458 4177 dimus,
490 4121 548 4165 ut
576 4123 760 4169 essent
785 4117 1296 4173 Animadversiones
1326 4128 1526 4174 nostra:
1556 4119 1718 4174 veluti
1746 4134 1866 4174 ma-

262 4204 520 4260 nuductio
548 4207 793 4273 qumdam
827 4208 878 4263 in
914 4224 1099 4265 eorum
1127 4227 1309 4279 usum,
1341 4213 1432 4283 qui
1461 4214 1687 4267 multum
1721 4223 1826 4268 tem
1847 4244 1864 4255 -

256 4310 362 4365 pus
390 4298 539 4355 hisee
568 4300 811 4371 legendis
851 4303 1168 4374 impendere
1217 4317 1520 4374 nequeunt;
1567 4304 1865 4375 judicium-

254 4404 363 4459 que
392 4394 583 4464 magis,
606 4410 763 4464 quam
787 4398 1121 4466 memoriam,
1158 4398 1406 4459 Veterum
1438 4400 1670 4456 lectione
1701 4416 1865 4456 exco-

250 4480 369 4539 lere
409 4496 570 4556 atque
607 4503 802 4544 acuere
828 4504 889 4545 se
915 4490 1120 4546 debere
1150 4492 1347 4547 merito
1374 4491 1703 4547 existimant.
1743 4491 1855 4548 Ve-

1962 3280 2266 3351 exemplum
2314 3280 2476 3335 etiam
2519 3279 2634 3345 ipse
2681 3280 2861 3334 varios
2902 3280 3145 3336 Psalmos
3176 3283 3564 3352 interpretatus

1962 3384 2046 3431 est
2069 3383 2214 3429 torno
2246 3373 2286 3427 V
2319 3376 2578 3443 Operum.
2608 3373 2805 3429 Verum
2829 3376 2940 3442 jam
2971 3374 3225 3440 exolevit,
3267 3385 3322 3431 et
3348 3378 3563 3447 quidem

1964 3468 2181 3531 merito,
2229 3482 2291 3522 ea
2338 3466 2476 3521 ratio
2508 3465 2897 3533 interpretandi
2925 3466 3284 3536 Scripturam,
3317 3468 3565 3524 ubicum-

1964 3574 2068 3629 que
2098 3558 2294 3628 linguas
2321 3558 2621 3627 praesertim
2652 3557 2933 3613 llebraicae
2976 3559 3152 3614 studia
3199 3560 3500 3617 floruerunt
3533 3578 3566 3618 a

1967 3650 2214 3706 ducentis
2267 3648 2652 3720 propemodum
2709 3650 2885 3705 annis.
2942 3650 3109 3720 Igitur
3170 3654 3567 3723 prwfatiuncula

1967 3742 2174 3797 Erasmi
2204 3742 2269 3795 ad
2294 3758 2504 3795 examen
2534 3740 2617 3796 hic
2641 3759 2674 3795 a
2704 3742 2852 3796 nobis
2880 3756 3168 3809 revocatur,
3200 3745 3568 3802 ostendimus-

1967 3850 2073 3906 que
2097 3834 2286 3891 eadem
2316 3849 2498 3902 opera,
2530 3834 2650 3904 quis
2701 3834 2871 3903 possit
2913 3850 3033 3890 esse
3079 3850 3210 3890 usus
3257 3837 3449 3892 borum
3502 3838 3563 3893 S.

1970 3926 2255 3999 Augustini
2301 3941 2641 3992 sermonum;
2689 3927 2933 3996 quamvis
2973 3926 3040 3981 ad
3069 3927 3451 3998 intelligendos
3476 3944 3569 3984 ac-

1970 4028 2157 4075 curate
2184 4018 2428 4073 Psalmos
2476 4017 2611 4072 nihil
2658 4025 2751 4072 aut
2802 4033 2989 4088 parum
3038 4018 3286 4074 conferre
3338 4033 3564 4090 queant.

1970 4110 2076 4179 Qui
2103 4125 2197 4166 eos
2220 4109 2402 4180 legere
2432 4115 2656 4178 possunt
2690 4108 2971 4178 Hebraice,
3013 4124 3113 4165 nec
3152 4110 3355 4166 criticae
3396 4127 3568 4168 sacrae

1972 4212 2099 4259 sunt
2122 4218 2347 4273 prorsus
2374 4202 2625 4271 imperiti,
2657 4217 2721 4256 ex
2756 4202 2870 4257 sola
2897 4202 3127 4259 lectione
3152 4204 3340 4258 horum
3364 4205 3571 4273 aliquot

1972 4313 2284 4354 sermonum
2314 4295 2640 4366 intelligent,
2674 4295 2807 4349 nihil
2831 4309 2952 4350 esse
2980 4296 3183 4350 verius.
3216 4296 3368 4363 Quod
3395 4306 3447 4352 et
3476 4297 3571 4352 alii

1971 4389 2421 4453 animadvertent,
2453 4389 2497 4443 si
2547 4388 2793 4442 veritatis
2837 4387 3015 4443 studio
3063 4388 3208 4444 ducti
3255 4390 3570 4458 expendant

1974 4500 2187 4538 examen
2215 4481 2649 4553 interpretationis
2680 4479 3074 4551 Augustiniame
3100 4481 3255 4534 trium
3278 4483 3571 4550 primorum

246 4586 378 4628 rum
426 4577 617 4633 audire
661 4578 794 4633 mihi
840 4580 1032 4636 videor
1063 4581 1312 4639 homines
1344 4583 1632 4639 nonnullos
1661 4584 1852 4639 clami-
1883 4560 1943 4623 D
1974 4577 2328 4650 psalmorum;
2376 4592 2496 4631 nam
2546 4576 2727 4644 Plures
2767 4582 3022 4630 θιουίετθ
3052 4590 3158 4630 ηοη
3190 4575 3436 4638 πλαδδίη»
3470 4589 3572 4631 nec

245 4673 457 4739 tantes,
493 4688 612 4737 qua:
642 4688 671 4727 a
699 4687 785 4727 me
815 4672 952 4729 dicta
984 4686 1107 4731 sunt
1136 4678 1304 4733 variis
1330 4677 1383 4732 in
1415 4678 1570 4745 locis,
1620 4693 1683 4733 ea
1729 4688 1856 4748 apta

235 4773 379 4816 esse
423 4763 490 4817 ad
536 4768 988 4837 corrumpendum
1038 4770 1234 4840 potius,
1285 4787 1445 4841 quam
1495 4772 1855 4830 excolendum

226 4853 536 4921 judicium.
579 4860 784 4927 Quibus
822 4864 1150 4932 respondeo,
1184 4880 1292 4932 me,
1326 4866 1374 4921 si
1405 4866 1456 4919 in
1486 4866 1698 4920 illorum
1725 4882 1856 4922 seu-

230 4954 423 5007 tentia
453 4953 703 5025 fuissem,
733 4972 795 5011 ea
824 4956 1155 5013 omissurum
1182 4959 1380 5027 fuisse;
1410 4961 1503 5015 sed
1534 4976 1657 5015 cum
1699 4960 1859 5016 aliter

225 5046 540 5110 senserim,
572 5062 679 5102 non
708 5049 947 5118 potuisse
975 5052 1335 5118 committere,
1366 5060 1423 5106 ut
1450 5067 1533 5117 ea,
1569 5067 1688 5122 quae
1716 5053 1854 5109 mihi

229 5138 458 5205 optima
489 5139 637 5195 dictu
666 5141 1011 5211 videbantur,
1045 5144 1535 5214 prtetermitterem.
1578 5144 1656 5200 Ita
1701 5161 1760 5201 se
1800 5152 1859 5202 et

229 5226 348 5298 ipsi
380 5244 615 5303 gerunt;
646 5250 820 5306 neque
848 5238 993 5292 enim
1023 5254 1085 5294 ea
1114 5240 1349 5295 scribere
1376 5239 1576 5307 solent,
1603 5255 1722 5310 qua:
1755 5256 1857 5310 pu-

230 5329 368 5378 tant
407 5326 537 5382 mihi
565 5337 657 5382 aut
682 5328 802 5383 aliis
832 5330 1119 5400 probatum
1153 5332 1237 5399 iri,
1277 5333 1372 5389 sed
1416 5348 1534 5403 quae
1578 5333 1678 5402 ipsi
1728 5349 1858 5389 vera

316 5487 410 5557 (α)
442 5488 573 5543 Eam
614 5490 732 5558 ipse
769 5492 970 5547 fatetur
1014 5492 1067 5546 in
1111 5491 1481 5548 admonitione
1513 5491 1851 5547 animadver-

231 5556 507 5632 sionibus
528 5562 582 5614 in
612 5556 674 5614 T.
701 5560 747 5615 Χ
776 5565 1077 5632 prmmissa.
1111 5564 1216 5619 Sed
1249 5564 1421 5630 major
1443 5563 1602 5618 etiam
1633 5572 1855 5618 cuntur.

234 5626 414 5703 batio
466 5626 848 5703 perieamdem
898 5634 1046 5687 illata
1089 5646 1193 5689 est.
1250 5626 1462 5703 Quippe
1507 5633 1856 5702 praafationes

236 5696 689 5774 Loy'aniensium
711 5743 727 5768 ,
776 5719 911 5773 quas
934 5704 1040 5758 hoc
1071 5706 1193 5761 loco
1224 5696 1458 5760 insertas
1487 5696 1606 5761 esse
1634 5707 1685 5759 in
1722 5722 1860 5774 prae-

238 5770 466 5828 fatione
496 5773 655 5842 hujus
683 5770 1003 5843 appendieis
1033 5774 1185 5841 dicit,
1212 5776 1563 5845 exciderunt,
1601 5770 1733 5834 dum
1759 5790 1857 5847 per

572 5932 587 5947 κ
627 5864 904 5928 ΡΔτιιοι..
951 5864 1202 5928 XLVII.

1971 4689 2105 4732 vero
2135 4688 2270 4742 opus
2301 4682 2436 4727 erat.
2464 4691 2485 4724 ι
2521 4669 3091 4727 Animadversionibus
3118 4668 3168 4721 in
3204 4669 3438 4739 quintum
3483 4676 3569 4722 to—

1972 4783 2119 4823 mum
2150 4764 2425 4822 Sirmondi
2458 4774 2636 4830 notas,
2666 4778 2893 4828 quarum
2924 4761 3213 4816 nonnullas
3238 4768 3443 4814 tantum
3468 4760 3570 4814 Be-

1974 4861 2231 4917 nedictini
2257 4858 2559 4925 ediderant,
2588 4858 2823 4925 integras
2850 4852 3212 4922 interspersit,
3233 4852 3329 4906 sed
3352 4852 3571 4908 nomine

1975 4953 2161 5010 addito
2191 4967 2220 5005 a
2248 4951 2361 5006 suis
2386 4948 2638 5017 secrevit,
2669 4947 2751 5001 Ad
2794 4955 2984 4999 tomum
3026 4943 3103 4999 γι
3147 4944 3572 4999 animadversio-

1977 5062 2077 5102 nes
2106 5045 2379 5115 pleraaque
2401 5038 2789 5111 quaestionibus
2811 5046 2866 5093 et
2885 5035 3277 5106 objectionibus
3295 5044 3567 5091 constant.

1972 5137 2226 5195 Continet
2245 5136 2388 5191 enim
2416 5133 2502 5189 hic
2526 5142 2702 5187 tomus
2728 5130 3053 5199 theologica,
3079 5128 3270 5198 quibus
3295 5132 3443 5183 varia
3474 5144 3572 5198 ap-

1972 5233 2155 5304 posuit
2183 5229 2446 5293 Clericus,
2479 5241 2598 5297 quze
2628 5240 2693 5279 ex
2722 5221 2997 5294 principiis
3024 5223 3075 5276 in
3106 5221 3212 5276 illis
3244 5221 3393 5277 libris
3426 5223 3574 5290 posi-

1976 5331 2049 5387 tis
2093 5330 2184 5385 vix
2226 5326 2364 5383 solvi
2403 5337 2561 5394 posse
2587 5321 2929 5377 videbantur.
2959 5316 3228 5389 Imprimis
3255 5316 3309 5371 in
3340 5317 3424 5385 iis,
3453 5329 3574 5385 qum

1974 5489 2245 5547 incuriam
2276 5483 2577 5563 Vlimmerii
2626 5479 2912 5563 epistolam
2947 5478 3020 5563 ad
3065 5476 3417 5563 Pam‘elium,
3450 5489 3571 5563 (ωε

1966 5563 2118 5618 infra
2148 5561 2292 5615 inter
2322 5547 2823 5630 animadversiones
2848 5552 2914 5630 a_d
2945 5561 3151 5606 tomum
3175 5547 3274 5630 .X‘,
3318 5560 3439 5630 pag.
3472 5547 3574 5629 ti?!

1978 5649 2167 5703 seqq.,
2194 5632 2411 5703 iterum,
2444 5626 2537 5703 sed
2571 5626 2658 5679 hic
2683 5625 2834 5695 justo
2865 5623 2985 5680 loco
3014 5623 3286 5689 exscripta
3315 5627 3422 5682 est,
3474 5623 3576 5671 ini-

1977 5699 2321 5775 prin-tendam
2352 5699 2714 5770 designasset.

3064 5859 3101 5920 L’t
