  <div class='ocr_page' id='page_1' title='image "/cluster/home/n/w/nwhite01/storage/ocr_20150623/47/hvd.32044015471527/059.png"; bbox 0 0 4010 6350; ppageno 0'>
   <div class='ocr_carea' id='block_1_1' title="bbox 492 349 590 404">
    <p class='ocr_par' dir='ltr' id='par_1_1' title="bbox 492 349 590 404">
     <span class='ocr_line' id='line_1_1' title="bbox 492 349 590 404; baseline -0.01 0"><span class='ocrx_word' id='word_1_1' title='bbox 492 349 590 404; x_wconf 77' lang='grc'><strong>107</strong></span> 
     </span>
    </p>
   </div>
   <div class='ocr_carea' id='block_1_2' title="bbox 1303 310 2887 413">
    <p class='ocr_par' dir='ltr' id='par_1_2' title="bbox 1303 310 2887 413">
     <span class='ocr_line' id='line_1_2' title="bbox 1303 310 2887 413; baseline 0.001 -6"><span class='ocrx_word' id='word_1_2' title='bbox 1303 310 1306 314; x_wconf 22' lang='grc' dir='ltr'>λ</span> <span class='ocrx_word' id='word_1_3' title='bbox 1396 316 1950 409; x_wconf 76' lang='lat' dir='ltr'><strong>sUPPLEMENTUM</strong></span> <span class='ocrx_word' id='word_1_4' title='bbox 1989 351 2084 408; x_wconf 89' lang='lat' dir='ltr'><strong>AD</strong></span> <span class='ocrx_word' id='word_1_5' title='bbox 2123 354 2352 410; x_wconf 84' lang='lat' dir='ltr'><strong>OPERA</strong></span> <span class='ocrx_word' id='word_1_6' title='bbox 2398 357 2454 409; x_wconf 90' lang='lat' dir='ltr'><strong>s.</strong></span> <span class='ocrx_word' id='word_1_7' title='bbox 2500 356 2887 413; x_wconf 80' lang='lat' dir='ltr'><strong>AUGUSTINI.</strong></span> 
     </span>
    </p>
   </div>
   <div class='ocr_carea' id='block_1_3' title="bbox 3661 362 3754 421">
    <p class='ocr_par' dir='ltr' id='par_1_3' title="bbox 3661 362 3754 421">
     <span class='ocr_line' id='line_1_3' title="bbox 3661 362 3754 421; baseline 0.043 -5"><span class='ocrx_word' id='word_1_8' title='bbox 3661 362 3754 421; x_wconf 71' lang='lat'><strong>108</strong></span> 
     </span>
    </p>
   </div>
   <div class='ocr_carea' id='block_1_4' title="bbox 462 448 3755 543">
    <p class='ocr_par' dir='ltr' id='par_1_4' title="bbox 462 448 3755 543">
     <span class='ocr_line' id='line_1_4' title="bbox 462 448 3755 543; baseline 0.003 -22"><span class='ocrx_word' id='word_1_9' title='bbox 462 461 555 521; x_wconf 54' lang='lat' dir='ltr'><strong>&#39;ad</strong></span> <span class='ocrx_word' id='word_1_10' title='bbox 586 467 929 522; x_wconf 86' lang='lat' dir='ltr'><strong>Enchiridion</strong></span> <span class='ocrx_word' id='word_1_11' title='bbox 962 466 1028 522; x_wconf 90' lang='lat' dir='ltr'><strong>ad</strong></span> <span class='ocrx_word' id='word_1_12' title='bbox 1054 467 1398 523; x_wconf 74' lang='lat' dir='ltr'><strong>Laurentium</strong></span> <span class='ocrx_word' id='word_1_13' title='bbox 1438 469 1663 534; x_wconf 90' lang='lat' dir='ltr'><strong>notavit,</strong></span> <span class='ocrx_word' id='word_1_14' title='bbox 1713 468 2085 525; x_wconf 89' lang='lat' dir='ltr'><strong>demonstrare</strong></span> <span class='ocrx_word' id='word_1_15' title='bbox 2190 472 2329 541; x_wconf 92' lang='lat' dir='ltr'><strong>quod</strong></span> <span class='ocrx_word' id='word_1_16' title='bbox 2363 482 2641 543; x_wconf 89' lang='lat' dir='ltr'><strong>tantopere</strong></span> <span class='ocrx_word' id='word_1_17' title='bbox 2670 488 2728 527; x_wconf 92' lang='lat' dir='ltr'><strong>se</strong></span> <span class='ocrx_word' id='word_1_18' title='bbox 2769 474 2980 543; x_wconf 85' lang='lat' dir='ltr'><strong>cepisse</strong></span> <span class='ocrx_word' id='word_1_19' title='bbox 3018 472 3272 541; x_wconf 89' lang='lat' dir='ltr'><strong>affirmat,</strong></span> <span class='ocrx_word' id='word_1_20' title='bbox 3304 482 3362 528; x_wconf 91' lang='lat' dir='ltr'><strong>ut</strong></span> <span class='ocrx_word' id='word_1_21' title='bbox 3388 489 3482 528; x_wconf 93' lang='lat' dir='ltr'><strong>eas</strong></span> <span class='ocrx_word' id='word_1_22' title='bbox 3514 476 3622 541; x_wconf 89' lang='lat' dir='ltr'><strong>vix,</strong></span> <span class='ocrx_word' id='word_1_23' title='bbox 3670 491 3755 535; x_wconf 89' lang='lat' dir='ltr'><strong>aut</strong></span> 
     </span>
    </p>
   </div>
   <div class='ocr_carea' id='block_1_5' title="bbox 491 552 2086 629">
    <p class='ocr_par' dir='ltr' id='par_1_5' title="bbox 491 552 2086 629">
     <span class='ocr_line' id='line_1_5' title="bbox 491 552 2086 629; baseline 0.003 -19"><span class='ocrx_word' id='word_1_24' title='bbox 491 557 713 623; x_wconf 87' lang='lat' dir='ltr'><strong>studuit,</strong></span> <span class='ocrx_word' id='word_1_25' title='bbox 766 552 1045 629; x_wconf 73' lang='lat' dir='ltr'><strong>Augustini</strong></span> <span class='ocrx_word' id='word_1_26' title='bbox 1094 558 1160 613; x_wconf 91' lang='lat' dir='ltr'><strong>de</strong></span> <span class='ocrx_word' id='word_1_27' title='bbox 1202 558 1369 614; x_wconf 87' lang='lat' dir='ltr'><strong>libero</strong></span> <span class='ocrx_word' id='word_1_28' title='bbox 1396 559 1621 614; x_wconf 89' lang='lat' dir='ltr'><strong>arbitrio</strong></span> <span class='ocrx_word' id='word_1_29' title='bbox 1652 562 1973 616; x_wconf 89' lang='lat' dir='ltr'><strong>sententiam</strong></span> <span class='ocrx_word' id='word_1_30' title='bbox 2005 562 2086 615; x_wconf 92' lang='lat' dir='ltr'><strong>in-</strong></span> 
     </span>
    </p>
   </div>
   <div class='ocr_carea' id='block_1_6' title="bbox 493 650 2086 727">
    <p class='ocr_par' dir='ltr' id='par_1_6' title="bbox 493 650 2086 727">
     <span class='ocr_line' id='line_1_6' title="bbox 493 650 2086 727; baseline 0.003 -24"><span class='ocrx_word' id='word_1_31' title='bbox 493 653 700 706; x_wconf 87' lang='lat' dir='ltr'><strong>terdum</strong></span> <span class='ocrx_word' id='word_1_32' title='bbox 734 667 838 706; x_wconf 94' lang='lat' dir='ltr'><strong>non</strong></span> <span class='ocrx_word' id='word_1_33' title='bbox 869 650 1022 706; x_wconf 82' lang='lat' dir='ltr'><strong>facile</strong></span> <span class='ocrx_word' id='word_1_34' title='bbox 1052 652 1295 720; x_wconf 71' lang='lat' dir='ltr'><strong>intelligi,</strong></span> <span class='ocrx_word' id='word_1_35' title='bbox 1325 653 1450 723; x_wconf 91' lang='lat' dir='ltr'><strong>quia</strong></span> <span class='ocrx_word' id='word_1_36' title='bbox 1482 656 1703 707; x_wconf 83' lang='lat' dir='ltr'><strong>vocibus</strong></span> <span class='ocrx_word' id='word_1_37' title='bbox 1746 652 1992 707; x_wconf 85' lang='lat' dir='ltr'><strong>libertatis</strong></span> <span class='ocrx_word' id='word_1_38' title='bbox 2031 662 2086 727; x_wconf 88' lang='lat' dir='ltr'><strong>et</strong></span> 
     </span>
    </p>
   </div>
   <div class='ocr_carea' id='block_1_7' title="bbox 488 742 2087 815">
    <p class='ocr_par' dir='ltr' id='par_1_7' title="bbox 488 742 2087 815">
     <span class='ocr_line' id='line_1_7' title="bbox 488 742 2087 815; baseline 0.004 -20"><span class='ocrx_word' id='word_1_39' title='bbox 488 742 640 796; x_wconf 79' lang='lat' dir='ltr'><strong>liberi</strong></span> <span class='ocrx_word' id='word_1_40' title='bbox 671 745 869 797; x_wconf 81' lang='lat' dir='ltr'><strong>arbitrii</strong></span> <span class='ocrx_word' id='word_1_41' title='bbox 891 744 1034 798; x_wconf 80' lang='lat' dir='ltr'><strong>aliud</strong></span> <span class='ocrx_word' id='word_1_42' title='bbox 1062 744 1344 813; x_wconf 82' lang='lat' dir='ltr'><strong>intelligat,</strong></span> <span class='ocrx_word' id='word_1_43' title='bbox 1376 762 1535 815; x_wconf 89' lang='lat' dir='ltr'><strong>quam</strong></span> <span class='ocrx_word' id='word_1_44' title='bbox 1562 747 1705 814; x_wconf 90' lang='lat' dir='ltr'><strong>quod</strong></span> <span class='ocrx_word' id='word_1_45' title='bbox 1739 748 1805 800; x_wconf 90' lang='lat' dir='ltr'><strong>iis</strong></span> <span class='ocrx_word' id='word_1_46' title='bbox 1834 748 1971 802; x_wconf 85' lang='lat' dir='ltr'><strong>solet</strong></span> <span class='ocrx_word' id='word_1_47' title='bbox 2013 749 2087 802; x_wconf 87' lang='lat' dir='ltr'><strong>si-</strong></span> 
     </span>
    </p>
   </div>
   <div class='ocr_carea' id='block_1_8' title="bbox 488 835 2081 906">
    <p class='ocr_par' dir='ltr' id='par_1_8' title="bbox 488 835 2081 906">
     <span class='ocr_line' id='line_1_8' title="bbox 488 835 2081 906; baseline 0.003 -20"><span class='ocrx_word' id='word_1_48' title='bbox 488 836 751 906; x_wconf 87' lang='lat' dir='ltr'><strong>gniﬁcari.</strong></span> <span class='ocrx_word' id='word_1_49' title='bbox 785 835 1293 891; x_wconf 80' lang='lat' dir='ltr'><strong>Animadversiones</strong></span> <span class='ocrx_word' id='word_1_50' title='bbox 1321 837 1373 891; x_wconf 93' lang='lat' dir='ltr'><strong>in</strong></span> <span class='ocrx_word' id='word_1_51' title='bbox 1409 838 1571 892; x_wconf 91' lang='lat' dir='ltr'><strong>libros</strong></span> <span class='ocrx_word' id='word_1_52' title='bbox 1599 838 1667 893; x_wconf 94' lang='lat' dir='ltr'><strong>de</strong></span> <span class='ocrx_word' id='word_1_53' title='bbox 1696 837 1923 893; x_wconf 89' lang='lat' dir='ltr'><strong>Civitate</strong></span> <span class='ocrx_word' id='word_1_54' title='bbox 1966 840 2081 905; x_wconf 85' lang='lat' dir='ltr'><strong>Dei,</strong></span> 
     </span>
    </p>
   </div>
   <div class='ocr_carea' id='block_1_9' title="bbox 492 920 2083 998">
    <p class='ocr_par' dir='ltr' id='par_1_9' title="bbox 492 920 2083 998">
     <span class='ocr_line' id='line_1_9' title="bbox 492 920 2083 998; baseline 0.003 -20"><span class='ocrx_word' id='word_1_55' title='bbox 492 927 582 995; x_wconf 89' lang='lat' dir='ltr'><strong>qui</strong></span> <span class='ocrx_word' id='word_1_56' title='bbox 605 937 795 979; x_wconf 89' lang='lat' dir='ltr'><strong>tomum</strong></span> <span class='ocrx_word' id='word_1_57' title='bbox 828 920 933 979; x_wconf 83' lang='lat' dir='ltr'><strong>VII</strong></span> <span class='ocrx_word' id='word_1_58' title='bbox 959 926 1309 994; x_wconf 71' lang='lat' dir='ltr'><strong>consumunt,</strong></span> <span class='ocrx_word' id='word_1_59' title='bbox 1340 928 1557 998; x_wconf 85' lang='lat' dir='ltr'><strong>reliquis</strong></span> <span class='ocrx_word' id='word_1_60' title='bbox 1580 930 1912 997; x_wconf 83' lang='lat' dir='ltr'><strong>capiosiores</strong></span> <span class='ocrx_word' id='word_1_61' title='bbox 1934 941 2083 995; x_wconf 87' lang='lat' dir='ltr'><strong>sunt,</strong></span> 
     </span>
    </p>
   </div>
   <div class='ocr_carea' id='block_1_10' title="bbox 489 1019 2082 1089">
    <p class='ocr_par' dir='ltr' id='par_1_10' title="bbox 489 1019 2082 1089">
     <span class='ocr_line' id='line_1_10' title="bbox 489 1019 2082 1089; baseline 0.006 -19"><span class='ocrx_word' id='word_1_62' title='bbox 489 1019 582 1071; x_wconf 88' lang='lat' dir='ltr'><strong>sed</strong></span> <span class='ocrx_word' id='word_1_63' title='bbox 624 1020 823 1072; x_wconf 73' lang='lat' dir='ltr'><strong>eredeut</strong></span> <span class='ocrx_word' id='word_1_64' title='bbox 876 1019 1074 1074; x_wconf 86' lang='lat' dir='ltr'><strong>diversi</strong></span> <span class='ocrx_word' id='word_1_65' title='bbox 1128 1021 1361 1089; x_wconf 86' lang='lat' dir='ltr'><strong>generis.</strong></span> <span class='ocrx_word' id='word_1_66' title='bbox 1412 1019 1762 1076; x_wconf 74' lang='lat' dir='ltr'><strong>Przemittitur</strong></span> <span class='ocrx_word' id='word_1_67' title='bbox 1807 1023 1895 1078; x_wconf 86' lang='lat' dir='ltr'><strong>Jo.</strong></span> <span class='ocrx_word' id='word_1_68' title='bbox 1945 1024 2082 1079; x_wconf 88' lang='lat' dir='ltr'><strong>Lud.</strong></span> 
     </span>
    </p>
   </div>
   <div class='ocr_carea' id='block_1_11' title="bbox 490 1109 2084 1185">
    <p class='ocr_par' dir='ltr' id='par_1_11' title="bbox 490 1109 2084 1185">
     <span class='ocr_line' id='line_1_11' title="bbox 490 1109 2084 1185; baseline 0.006 -24"><span class='ocrx_word' id='word_1_69' title='bbox 490 1109 640 1163; x_wconf 82' lang='lat' dir='ltr'><strong>Vivis</strong></span> <span class='ocrx_word' id='word_1_70' title='bbox 670 1109 935 1178; x_wconf 66' lang='lat' dir='ltr'><strong>praefatio.</strong></span> <span class='ocrx_word' id='word_1_71' title='bbox 974 1111 1268 1167; x_wconf 85' lang='lat' dir='ltr'><strong>Additurus</strong></span> <span class='ocrx_word' id='word_1_72' title='bbox 1297 1123 1413 1167; x_wconf 85' lang='lat' dir='ltr'><strong>erat</strong></span> <span class='ocrx_word' id='word_1_73' title='bbox 1442 1114 1605 1169; x_wconf 89' lang='lat' dir='ltr'><strong>etiam</strong></span> <span class='ocrx_word' id='word_1_74' title='bbox 1644 1115 1864 1185; x_wconf 65' lang='lat' dir='ltr'><strong>(loquaci</strong></span> <span class='ocrx_word' id='word_1_75' title='bbox 1908 1128 2084 1180; x_wconf 90' lang='lat' dir='ltr'><strong>notas,</strong></span> 
     </span>
    </p>
   </div>
   <div class='ocr_carea' id='block_1_12' title="bbox 488 1202 2088 1275">
    <p class='ocr_par' dir='ltr' id='par_1_12' title="bbox 488 1202 2088 1275">
     <span class='ocr_line' id='line_1_12' title="bbox 488 1202 2088 1275; baseline 0.004 -20"><span class='ocrx_word' id='word_1_76' title='bbox 488 1202 582 1255; x_wconf 88' lang='lat' dir='ltr'><strong>sed</strong></span> <span class='ocrx_word' id='word_1_77' title='bbox 617 1203 896 1271; x_wconf 82' lang='lat' dir='ltr'><strong>prolixitas</strong></span> <span class='ocrx_word' id='word_1_78' title='bbox 923 1219 1107 1258; x_wconf 89' lang='lat' dir='ltr'><strong>earum</strong></span> <span class='ocrx_word' id='word_1_79' title='bbox 1138 1212 1194 1258; x_wconf 89' lang='lat' dir='ltr'><strong>et</strong></span> <span class='ocrx_word' id='word_1_80' title='bbox 1222 1203 1344 1259; x_wconf 88' lang='lat' dir='ltr'><strong>belli</strong></span> <span class='ocrx_word' id='word_1_81' title='bbox 1388 1216 1510 1260; x_wconf 92' lang='lat' dir='ltr'><strong>tunc</strong></span> <span class='ocrx_word' id='word_1_82' title='bbox 1557 1222 1653 1275; x_wconf 92' lang='lat' dir='ltr'><strong>per</strong></span> <span class='ocrx_word' id='word_1_83' title='bbox 1700 1217 1865 1260; x_wconf 86' lang='lat' dir='ltr'><strong>totam</strong></span> <span class='ocrx_word' id='word_1_84' title='bbox 1913 1207 2088 1262; x_wconf 86' lang='lat' dir='ltr'><strong>Euro-</strong></span> 
     </span>
    </p>
   </div>
   <div class='ocr_carea' id='block_1_13' title="bbox 487 1294 2087 1365">
    <p class='ocr_par' dir='ltr' id='par_1_13' title="bbox 487 1294 2087 1365">
     <span class='ocr_line' id='line_1_13' title="bbox 487 1294 2087 1365; baseline 0.005 -20"><span class='ocrx_word' id='word_1_85' title='bbox 487 1306 609 1359; x_wconf 84' lang='lat' dir='ltr'><strong>pam</strong></span> <span class='ocrx_word' id='word_1_86' title='bbox 659 1294 981 1361; x_wconf 82' lang='lat' dir='ltr'><strong>ingruentis,</strong></span> <span class='ocrx_word' id='word_1_87' title='bbox 1031 1296 1237 1350; x_wconf 88' lang='lat' dir='ltr'><strong>librarii</strong></span> <span class='ocrx_word' id='word_1_88' title='bbox 1285 1298 1595 1351; x_wconf 89' lang='lat' dir='ltr'><strong>commercii</strong></span> <span class='ocrx_word' id='word_1_89' title='bbox 1648 1299 1887 1353; x_wconf 83' lang='lat' dir='ltr'><strong>rationes</strong></span> <span class='ocrx_word' id='word_1_90' title='bbox 1935 1300 2087 1365; x_wconf 79' lang='lat' dir='ltr'><strong>juxta</strong></span> 
     </span>
    </p>
   </div>
   <div class='ocr_carea' id='block_1_14' title="bbox 488 1384 2089 1458">
    <p class='ocr_par' dir='ltr' id='par_1_14' title="bbox 488 1384 2089 1458">
     <span class='ocr_line' id='line_1_14' title="bbox 488 1384 2089 1458; baseline 0.005 -22"><span class='ocrx_word' id='word_1_91' title='bbox 488 1384 861 1439; x_wconf 88' lang='lat' dir='ltr'><strong>conturbantis</strong></span> <span class='ocrx_word' id='word_1_92' title='bbox 909 1386 1205 1455; x_wconf 76' lang='lat' dir='ltr'><strong>calamitas,</strong></span> <span class='ocrx_word' id='word_1_93' title='bbox 1256 1387 1521 1443; x_wconf 78' lang='lat' dir='ltr'><strong>deterruit</strong></span> <span class='ocrx_word' id='word_1_94' title='bbox 1568 1388 1909 1458; x_wconf 84' lang='lat' dir='ltr'><strong>bibliopolas.</strong></span> <span class='ocrx_word' id='word_1_95' title='bbox 1958 1391 2089 1458; x_wconf 72' lang='lat' dir='ltr'><strong>Qua:</strong></span> 
     </span>
    </p>
   </div>
   <div class='ocr_carea' id='block_1_15' title="bbox 488 1472 2083 1551">
    <p class='ocr_par' dir='ltr' id='par_1_15' title="bbox 488 1472 2083 1551">
     <span class='ocr_line' id='line_1_15' title="bbox 488 1472 2083 1551; baseline 0.007 -24"><span class='ocrx_word' id='word_1_96' title='bbox 488 1476 1014 1532; x_wconf 85' lang='lat' dir='ltr'><strong>animadversionum</strong></span> <span class='ocrx_word' id='word_1_97' title='bbox 1046 1472 1111 1532; x_wconf 87' lang='lat' dir='ltr'><strong>ad</strong></span> <span class='ocrx_word' id='word_1_98' title='bbox 1145 1490 1333 1533; x_wconf 88' lang='lat' dir='ltr'><strong>tomum</strong></span> <span class='ocrx_word' id='word_1_99' title='bbox 1373 1478 1524 1535; x_wconf 85' lang='lat' dir='ltr'><strong>VIII</strong></span> <span class='ocrx_word' id='word_1_100' title='bbox 1549 1492 1603 1537; x_wconf 93' lang='lat' dir='ltr'><strong>et</strong></span> <span class='ocrx_word' id='word_1_101' title='bbox 1632 1479 1715 1535; x_wconf 79' lang='lat' dir='ltr'><strong>IX</strong></span> <span class='ocrx_word' id='word_1_102' title='bbox 1748 1482 1958 1537; x_wconf 81' lang='lat' dir='ltr'><strong>indoles</strong></span> <span class='ocrx_word' id='word_1_103' title='bbox 1993 1485 2083 1551; x_wconf 87' lang='lat' dir='ltr'><strong>sit,</strong></span> 
     </span>
    </p>
   </div>
   <div class='ocr_carea' id='block_1_16' title="bbox 488 1568 2090 1636">
    <p class='ocr_par' dir='ltr' id='par_1_16' title="bbox 488 1568 2090 1636">
     <span class='ocr_line' id='line_1_16' title="bbox 488 1568 2090 1636; baseline 0.008 -17"><span class='ocrx_word' id='word_1_104' title='bbox 488 1568 556 1621; x_wconf 91' lang='lat' dir='ltr'><strong>ab</strong></span> <span class='ocrx_word' id='word_1_105' title='bbox 606 1568 724 1636; x_wconf 92' lang='lat' dir='ltr'><strong>ipso</strong></span> <span class='ocrx_word' id='word_1_106' title='bbox 771 1570 965 1625; x_wconf 88' lang='lat' dir='ltr'><strong>iterum</strong></span> <span class='ocrx_word' id='word_1_107' title='bbox 1012 1571 1218 1628; x_wconf 91' lang='lat' dir='ltr'><strong>Clerico</strong></span> <span class='ocrx_word' id='word_1_108' title='bbox 1265 1573 1430 1629; x_wconf 90' lang='lat' dir='ltr'><strong>disce.</strong></span> <span class='ocrx_word' id='word_1_109' title='bbox 1488 1593 1507 1626; x_wconf 86' lang='grc'><strong>‹</strong></span> <span class='ocrx_word' id='word_1_110' title='bbox 1541 1574 1729 1629; x_wconf 84' lang='lat' dir='ltr'><strong>Tomtts</strong></span> <span class='ocrx_word' id='word_1_111' title='bbox 1765 1572 1915 1630; x_wconf 85' lang='lat' dir='ltr'><em>VIII</em></span> <span class='ocrx_word' id='word_1_112' title='bbox 1946 1586 2090 1632; x_wconf 86' lang='lat' dir='ltr'><strong>totus</strong></span> 
     </span>
    </p>
   </div>
   <div class='ocr_carea' id='block_1_17' title="bbox 491 1661 2089 1735">
    <p class='ocr_par' dir='ltr' id='par_1_17' title="bbox 491 1661 2089 1735">
     <span class='ocr_line' id='line_1_17' title="bbox 491 1661 2089 1735; baseline 0.008 -23"><span class='ocrx_word' id='word_1_113' title='bbox 491 1668 576 1713; x_wconf 92' lang='lat' dir='ltr'><strong>est</strong></span> <span class='ocrx_word' id='word_1_114' title='bbox 600 1672 786 1715; x_wconf 88' lang='lat' dir='ltr'><strong>contra</strong></span> <span class='ocrx_word' id='word_1_115' title='bbox 811 1661 1116 1731; x_wconf 72' lang='lat' dir='ltr'><strong>litereticos,</strong></span> <span class='ocrx_word' id='word_1_116' title='bbox 1142 1670 1196 1719; x_wconf 91' lang='lat' dir='ltr'><strong>et</strong></span> <span class='ocrx_word' id='word_1_117' title='bbox 1226 1669 1523 1735; x_wconf 67' lang='lat' dir='ltr'><strong>prtesertim</strong></span> <span class='ocrx_word' id='word_1_118' title='bbox 1554 1678 1738 1722; x_wconf 90' lang='lat' dir='ltr'><strong>contra</strong></span> <span class='ocrx_word' id='word_1_119' title='bbox 1763 1669 2089 1725; x_wconf 69' lang='lat' dir='ltr'><strong>Manichaeos</strong></span> 
     </span>
    </p>
   </div>
   <div class='ocr_carea' id='block_1_18' title="bbox 490 1753 2137 1831">
    <p class='ocr_par' dir='ltr' id='par_1_18' title="bbox 490 1753 2137 1831">
     <span class='ocr_line' id='line_1_18' title="bbox 490 1753 2137 1831; baseline 0.009 -26"><span class='ocrx_word' id='word_1_120' title='bbox 490 1760 546 1805; x_wconf 92' lang='lat' dir='ltr'><strong>et</strong></span> <span class='ocrx_word' id='word_1_121' title='bbox 574 1753 825 1809; x_wconf 90' lang='lat' dir='ltr'><strong>Arianos.</strong></span> <span class='ocrx_word' id='word_1_122' title='bbox 860 1754 966 1809; x_wconf 91' lang='lat' dir='ltr'><strong>Eos</strong></span> <span class='ocrx_word' id='word_1_123' title='bbox 995 1757 1208 1826; x_wconf 85' lang='lat' dir='ltr'><strong>quidem</strong></span> <span class='ocrx_word' id='word_1_124' title='bbox 1240 1760 1381 1814; x_wconf 89' lang='lat' dir='ltr'><strong>nulla</strong></span> <span class='ocrx_word' id='word_1_125' title='bbox 1412 1762 1620 1815; x_wconf 86' lang='lat' dir='ltr'><strong>ratione</strong></span> <span class='ocrx_word' id='word_1_126' title='bbox 1650 1761 1900 1817; x_wconf 89' lang='lat' dir='ltr'><strong>defensos</strong></span> <span class='ocrx_word' id='word_1_127' title='bbox 1940 1765 2092 1831; x_wconf 90' lang='lat' dir='ltr'><strong>cupi-</strong></span> <span class='ocrx_word' id='word_1_128' title='bbox 2130 1810 2137 1825; x_wconf 76' lang='grc'>,</span> 
     </span>
    </p>
   </div>
   <div class='ocr_carea' id='block_1_19' title="bbox 2187 564 3756 635">
    <p class='ocr_par' dir='ltr' id='par_1_19' title="bbox 2187 564 3756 635">
     <span class='ocr_line' id='line_1_19' title="bbox 2187 564 3756 635; baseline 0.004 -18"><span class='ocrx_word' id='word_1_129' title='bbox 2187 580 2253 617; x_wconf 92' lang='lat' dir='ltr'><strong>ne</strong></span> <span class='ocrx_word' id='word_1_130' title='bbox 2280 564 2369 618; x_wconf 88' lang='lat' dir='ltr'><strong>vix</strong></span> <span class='ocrx_word' id='word_1_131' title='bbox 2400 564 2613 635; x_wconf 91' lang='lat' dir='ltr'><strong>quidem</strong></span> <span class='ocrx_word' id='word_1_132' title='bbox 2647 565 2789 619; x_wconf 83' lang='lat' dir='ltr'><strong>ferre</strong></span> <span class='ocrx_word' id='word_1_133' title='bbox 2820 574 3021 632; x_wconf 85' lang='lat' dir='ltr'><strong>posset.</strong></span> <span class='ocrx_word' id='word_1_134' title='bbox 3051 564 3149 618; x_wconf 85' lang='lat' dir='ltr'><strong>Cui</strong></span> <span class='ocrx_word' id='word_1_135' title='bbox 3177 581 3294 619; x_wconf 87' lang='lat' dir='ltr'><strong>vero</strong></span> <span class='ocrx_word' id='word_1_136' title='bbox 3319 568 3477 620; x_wconf 84' lang='lat' dir='ltr'><strong>etiam</strong></span> <span class='ocrx_word' id='word_1_137' title='bbox 3522 585 3756 624; x_wconf 75' lang='lat' dir='ltr'><strong>nauseam</strong></span> 
     </span>
    </p>
   </div>
   <div class='ocr_carea' id='block_1_20' title="bbox 2186 661 3755 732">
    <p class='ocr_par' dir='ltr' id='par_1_20' title="bbox 2186 661 3755 732">
     <span class='ocr_line' id='line_1_20' title="bbox 2186 661 3755 732; baseline 0.004 -20"><span class='ocrx_word' id='word_1_138' title='bbox 2186 676 2289 712; x_wconf 88' lang='lat' dir='ltr'><strong>non</strong></span> <span class='ocrx_word' id='word_1_139' title='bbox 2325 670 2581 725; x_wconf 86' lang='lat' dir='ltr'><strong>moveant,</strong></span> <span class='ocrx_word' id='word_1_140' title='bbox 2615 661 2901 725; x_wconf 80' lang='lat' dir='ltr'><strong>exclamat,</strong></span> <span class='ocrx_word' id='word_1_141' title='bbox 2939 669 3015 713; x_wconf 93' lang='lat' dir='ltr'><strong>tot</strong></span> <span class='ocrx_word' id='word_1_142' title='bbox 3047 670 3091 713; x_wconf 92' lang='lat' dir='ltr'><strong>et</strong></span> <span class='ocrx_word' id='word_1_143' title='bbox 3116 672 3221 715; x_wconf 89' lang='lat' dir='ltr'><strong>tam</strong></span> <span class='ocrx_word' id='word_1_144' title='bbox 3250 662 3438 732; x_wconf 71' lang='lat' dir='ltr'><strong>longe,</strong></span> <span class='ocrx_word' id='word_1_145' title='bbox 3469 672 3523 716; x_wconf 92' lang='lat' dir='ltr'><strong>ut</strong></span> <span class='ocrx_word' id='word_1_146' title='bbox 3545 680 3659 717; x_wconf 83' lang='lat' dir='ltr'><strong>voce</strong></span> <span class='ocrx_word' id='word_1_147' title='bbox 3679 681 3755 719; x_wconf 79' lang='lat' dir='ltr'><strong>se-</strong></span> 
     </span>
    </p>
   </div>
   <div class='ocr_carea' id='block_1_21' title="bbox 2186 751 3755 820">
    <p class='ocr_par' dir='ltr' id='par_1_21' title="bbox 2186 751 3755 820">
     <span class='ocr_line' id='line_1_21' title="bbox 2186 751 3755 820; baseline 0.003 -15"><span class='ocrx_word' id='word_1_148' title='bbox 2186 753 2381 820; x_wconf 86' lang='lat' dir='ltr'><strong>quioris</strong></span> <span class='ocrx_word' id='word_1_149' title='bbox 2409 753 2502 806; x_wconf 67' lang='lat' dir='ltr'><strong>levi</strong></span> <span class='ocrx_word' id='word_1_150' title='bbox 2541 764 2676 817; x_wconf 90' lang='lat' dir='ltr'><strong>utar,</strong></span> <span class='ocrx_word' id='word_1_151' title='bbox 2713 751 3157 816; x_wconf 84' lang='lat' dir='ltr'><strong>rhetoricationes,</strong></span> <span class='ocrx_word' id='word_1_152' title='bbox 3183 761 3277 806; x_wconf 89' lang='lat' dir='ltr'><strong>aut</strong></span> <span class='ocrx_word' id='word_1_153' title='bbox 3304 756 3371 807; x_wconf 91' lang='lat' dir='ltr'><strong>ad</strong></span> <span class='ocrx_word' id='word_1_154' title='bbox 3403 755 3755 809; x_wconf 72' lang='lat' dir='ltr'><strong>declinandum</strong></span> 
     </span>
    </p>
   </div>
   <div class='ocr_carea' id='block_1_22' title="bbox 2192 845 3754 910">
    <p class='ocr_par' dir='ltr' id='par_1_22' title="bbox 2192 845 3754 910">
     <span class='ocr_line' id='line_1_22' title="bbox 2192 845 3754 910; baseline 0.003 -13"><span class='ocrx_word' id='word_1_155' title='bbox 2192 845 2474 899; x_wconf 75' lang='lat' dir='ltr'><strong>adversarii</strong></span> <span class='ocrx_word' id='word_1_156' title='bbox 2502 846 2680 907; x_wconf 83' lang='lat' dir='ltr'><strong>ictum,</strong></span> <span class='ocrx_word' id='word_1_157' title='bbox 2714 856 2801 898; x_wconf 90' lang='lat' dir='ltr'><strong>aut</strong></span> <span class='ocrx_word' id='word_1_158' title='bbox 2842 846 2911 898; x_wconf 90' lang='lat' dir='ltr'><strong>ad</strong></span> <span class='ocrx_word' id='word_1_159' title='bbox 2945 862 3063 899; x_wconf 88' lang='lat' dir='ltr'><strong>eum</strong></span> <span class='ocrx_word' id='word_1_160' title='bbox 3098 847 3471 910; x_wconf 80' lang='lat' dir='ltr'><strong>insectandum,</strong></span> <span class='ocrx_word' id='word_1_161' title='bbox 3506 858 3592 899; x_wconf 87' lang='lat' dir='ltr'><strong>aut</strong></span> <span class='ocrx_word' id='word_1_162' title='bbox 3620 848 3754 901; x_wconf 86' lang='lat' dir='ltr'><strong>deni-</strong></span> 
     </span>
    </p>
   </div>
   <div class='ocr_carea' id='block_1_23' title="bbox 2194 934 3762 1007">
    <p class='ocr_par' dir='ltr' id='par_1_23' title="bbox 2194 934 3762 1007">
     <span class='ocr_line' id='line_1_23' title="bbox 2194 934 3762 1007; baseline 0.001 -20"><span class='ocrx_word' id='word_1_163' title='bbox 2194 952 2288 1001; x_wconf 88' lang='lat' dir='ltr'><strong>que</strong></span> <span class='ocrx_word' id='word_1_164' title='bbox 2317 937 2386 988; x_wconf 92' lang='lat' dir='ltr'><strong>ad</strong></span> <span class='ocrx_word' id='word_1_165' title='bbox 2415 936 2663 989; x_wconf 82' lang='lat' dir='ltr'><strong>invidiam</strong></span> <span class='ocrx_word' id='word_1_166' title='bbox 2708 936 2787 990; x_wconf 81' lang='lat' dir='ltr'><strong>vel</strong></span> <span class='ocrx_word' id='word_1_167' title='bbox 2818 939 3134 1001; x_wconf 85' lang='lat' dir='ltr'><strong>movendam,</strong></span> <span class='ocrx_word' id='word_1_168' title='bbox 3169 935 3241 989; x_wconf 87' lang='lat' dir='ltr'><strong>vel</strong></span> <span class='ocrx_word' id='word_1_169' title='bbox 3276 936 3611 1007; x_wconf 78' lang='lat' dir='ltr'><strong>fugiendam?</strong></span> <span class='ocrx_word' id='word_1_170' title='bbox 3636 934 3762 989; x_wconf 75' lang='lat' dir='ltr'><strong>Mihi</strong></span> 
     </span>
    </p>
   </div>
   <div class='ocr_carea' id='block_1_24' title="bbox 2188 1028 3765 1098">
    <p class='ocr_par' dir='ltr' id='par_1_24' title="bbox 2188 1028 3765 1098">
     <span class='ocr_line' id='line_1_24' title="bbox 2188 1028 3765 1098; baseline 0 -17"><span class='ocrx_word' id='word_1_171' title='bbox 2188 1039 2323 1081; x_wconf 85' lang='lat' dir='ltr'><strong>certe</strong></span> <span class='ocrx_word' id='word_1_172' title='bbox 2362 1038 2558 1082; x_wconf 87' lang='lat' dir='ltr'><strong>tantum</strong></span> <span class='ocrx_word' id='word_1_173' title='bbox 2607 1039 2849 1082; x_wconf 85' lang='lat' dir='ltr'><strong>crearunt</strong></span> <span class='ocrx_word' id='word_1_174' title='bbox 2896 1029 3029 1081; x_wconf 84' lang='lat' dir='ltr'><strong>inter</strong></span> <span class='ocrx_word' id='word_1_175' title='bbox 3071 1028 3342 1098; x_wconf 83' lang='lat' dir='ltr'><strong>legendum</strong></span> <span class='ocrx_word' id='word_1_176' title='bbox 3389 1028 3670 1098; x_wconf 81' lang='lat' dir='ltr'><strong>fastidium,</strong></span> <span class='ocrx_word' id='word_1_177' title='bbox 3712 1038 3765 1081; x_wconf 83' lang='lat' dir='ltr'><strong>ut</strong></span> 
     </span>
    </p>
   </div>
   <div class='ocr_carea' id='block_1_25' title="bbox 2189 1122 3765 1193">
    <p class='ocr_par' dir='ltr' id='par_1_25' title="bbox 2189 1122 3765 1193">
     <span class='ocr_line' id='line_1_25' title="bbox 2189 1122 3765 1193; baseline 0.001 -19"><span class='ocrx_word' id='word_1_178' title='bbox 2189 1122 2343 1193; x_wconf 84' lang='lat' dir='ltr'><strong>plane</strong></span> <span class='ocrx_word' id='word_1_179' title='bbox 2369 1123 2689 1177; x_wconf 84' lang='lat' dir='ltr'><strong>recreatione</strong></span> <span class='ocrx_word' id='word_1_180' title='bbox 2708 1123 2994 1193; x_wconf 87' lang='lat' dir='ltr'><strong>gratiarum</strong></span> <span class='ocrx_word' id='word_1_181' title='bbox 3018 1132 3064 1175; x_wconf 91' lang='lat' dir='ltr'><strong>et</strong></span> <span class='ocrx_word' id='word_1_182' title='bbox 3087 1122 3357 1176; x_wconf 82' lang='lat' dir='ltr'><strong>utiliorum</strong></span> <span class='ocrx_word' id='word_1_183' title='bbox 3374 1122 3664 1175; x_wconf 82' lang='lat' dir='ltr'><strong>studiorum</strong></span> <span class='ocrx_word' id='word_1_184' title='bbox 3691 1123 3765 1175; x_wconf 88' lang='lat' dir='ltr'><strong>in-</strong></span> 
     </span>
    </p>
   </div>
   <div class='ocr_carea' id='block_1_26' title="bbox 2191 1210 3767 1283">
    <p class='ocr_par' dir='ltr' id='par_1_26' title="bbox 2191 1210 3767 1283">
     <span class='ocr_line' id='line_1_26' title="bbox 2191 1210 3767 1283; baseline 0.002 -19"><span class='ocrx_word' id='word_1_185' title='bbox 2191 1213 2415 1283; x_wconf 85' lang='lat' dir='ltr'><strong>digeam.</strong></span> <span class='ocrx_word' id='word_1_186' title='bbox 2463 1212 2553 1268; x_wconf 90' lang='lat' dir='ltr'><strong>Sic</strong></span> <span class='ocrx_word' id='word_1_187' title='bbox 2594 1210 2839 1267; x_wconf 86' lang='lat' dir='ltr'><strong>Clericus</strong></span> <span class='ocrx_word' id='word_1_188' title='bbox 2891 1223 3041 1267; x_wconf 87' lang='lat' dir='ltr'><strong>cocta</strong></span> <span class='ocrx_word' id='word_1_189' title='bbox 3094 1214 3408 1280; x_wconf 86' lang='lat' dir='ltr'><strong>incoctaque</strong></span> <span class='ocrx_word' id='word_1_190' title='bbox 3442 1213 3594 1281; x_wconf 86' lang='lat' dir='ltr'><strong>juxta</strong></span> <span class='ocrx_word' id='word_1_191' title='bbox 3624 1212 3767 1267; x_wconf 88' lang='lat' dir='ltr'><strong>lance</strong></span> 
     </span>
    </p>
   </div>
   <div class='ocr_carea' id='block_1_27' title="bbox 2193 1302 3765 1374">
    <p class='ocr_par' dir='ltr' id='par_1_27' title="bbox 2193 1302 3765 1374">
     <span class='ocr_line' id='line_1_27' title="bbox 2193 1302 3765 1374; baseline -0.001 -16"><span class='ocrx_word' id='word_1_192' title='bbox 2193 1314 2373 1358; x_wconf 78' lang='lat' dir='ltr'><strong>satura</strong></span> <span class='ocrx_word' id='word_1_193' title='bbox 2407 1304 2705 1359; x_wconf 83' lang='lat' dir='ltr'><strong>leCtoribus</strong></span> <span class='ocrx_word' id='word_1_194' title='bbox 2734 1318 3033 1374; x_wconf 88' lang='lat' dir='ltr'><strong>apponens.</strong></span> <span class='ocrx_word' id='word_1_195' title='bbox 3084 1302 3381 1358; x_wconf 80' lang='lat' dir='ltr'><strong>Fatendum</strong></span> <span class='ocrx_word' id='word_1_196' title='bbox 3424 1306 3593 1367; x_wconf 88' lang='lat' dir='ltr'><strong>enim,</strong></span> <span class='ocrx_word' id='word_1_197' title='bbox 3626 1319 3765 1369; x_wconf 88' lang='lat' dir='ltr'><strong>eum,</strong></span> 
     </span>
    </p>
   </div>
   <div class='ocr_carea' id='block_1_28' title="bbox 2192 1394 3771 1464">
    <p class='ocr_par' dir='ltr' id='par_1_28' title="bbox 2192 1394 3771 1464">
     <span class='ocr_line' id='line_1_28' title="bbox 2192 1394 3771 1464; baseline 0 -16"><span class='ocrx_word' id='word_1_198' title='bbox 2192 1411 2311 1463; x_wconf 61' lang='lat' dir='ltr'><strong>quae</strong></span> <span class='ocrx_word' id='word_1_199' title='bbox 2333 1397 2412 1449; x_wconf 86' lang='lat' dir='ltr'><strong>sic</strong></span> <span class='ocrx_word' id='word_1_200' title='bbox 2432 1395 2657 1449; x_wconf 75' lang='lat' dir='ltr'><strong>allectus</strong></span> <span class='ocrx_word' id='word_1_201' title='bbox 2687 1396 2975 1461; x_wconf 89' lang='lat' dir='ltr'><strong>scriberet,</strong></span> <span class='ocrx_word' id='word_1_202' title='bbox 3010 1410 3116 1449; x_wconf 89' lang='lat' dir='ltr'><strong>non</strong></span> <span class='ocrx_word' id='word_1_203' title='bbox 3149 1410 3365 1464; x_wconf 87' lang='lat' dir='ltr'><strong>semper</strong></span> <span class='ocrx_word' id='word_1_204' title='bbox 3384 1394 3518 1449; x_wconf 87' lang='lat' dir='ltr'><strong>satis</strong></span> <span class='ocrx_word' id='word_1_205' title='bbox 3549 1395 3771 1448; x_wconf 90' lang='lat' dir='ltr'><strong>medita-</strong></span> 
     </span>
    </p>
   </div>
   <div class='ocr_carea' id='block_1_29' title="bbox 2195 1488 3771 1558">
    <p class='ocr_par' dir='ltr' id='par_1_29' title="bbox 2195 1488 3771 1558">
     <span class='ocr_line' id='line_1_29' title="bbox 2195 1488 3771 1558; baseline 0 -16"><span class='ocrx_word' id='word_1_206' title='bbox 2195 1497 2307 1542; x_wconf 88' lang='lat' dir='ltr'><strong>tum</strong></span> <span class='ocrx_word' id='word_1_207' title='bbox 2360 1488 2550 1550; x_wconf 89' lang='lat' dir='ltr'><strong>fuisse,</strong></span> <span class='ocrx_word' id='word_1_208' title='bbox 2607 1488 2955 1558; x_wconf 82' lang='lat' dir='ltr'><strong>linguamque</strong></span> <span class='ocrx_word' id='word_1_209' title='bbox 3008 1489 3445 1556; x_wconf 89' lang='lat' dir='ltr'><strong>lmpotentiorem</strong></span> <span class='ocrx_word' id='word_1_210' title='bbox 3500 1503 3604 1542; x_wconf 91' lang='lat' dir='ltr'><strong>non</strong></span> <span class='ocrx_word' id='word_1_211' title='bbox 3654 1503 3771 1542; x_wconf 90' lang='lat' dir='ltr'><strong>raro</strong></span> 
     </span>
    </p>
   </div>
   <div class='ocr_carea' id='block_1_30' title="bbox 2196 1579 3776 1649">
    <p class='ocr_par' dir='ltr' id='par_1_30' title="bbox 2196 1579 3776 1649">
     <span class='ocr_line' id='line_1_30' title="bbox 2196 1579 3776 1649; baseline 0.001 -18"><span class='ocrx_word' id='word_1_212' title='bbox 2196 1580 2548 1648; x_wconf 76' lang='lat' dir='ltr'><strong>przecurrisse</strong></span> <span class='ocrx_word' id='word_1_213' title='bbox 2590 1590 2848 1634; x_wconf 87' lang='lat' dir='ltr'><strong>mentem.</strong></span> <span class='ocrx_word' id='word_1_214' title='bbox 2896 1579 2954 1633; x_wconf 92' lang='lat' dir='ltr'><strong>Id</strong></span> <span class='ocrx_word' id='word_1_215' title='bbox 2986 1579 3131 1649; x_wconf 91' lang='lat' dir='ltr'><strong>quod</strong></span> <span class='ocrx_word' id='word_1_216' title='bbox 3165 1594 3355 1647; x_wconf 81' lang='lat' dir='ltr'><strong>graves</strong></span> <span class='ocrx_word' id='word_1_217' title='bbox 3399 1579 3477 1644; x_wconf 88' lang='lat' dir='ltr'><strong>ei,</strong></span> <span class='ocrx_word' id='word_1_218' title='bbox 3526 1594 3625 1634; x_wconf 89' lang='lat' dir='ltr'><strong>nec</strong></span> <span class='ocrx_word' id='word_1_219' title='bbox 3664 1594 3776 1634; x_wconf 90' lang='lat' dir='ltr'><strong>om-</strong></span> 
     </span>
    </p>
   </div>
   <div class='ocr_carea' id='block_1_31' title="bbox 2196 1667 3775 1740">
    <p class='ocr_par' dir='ltr' id='par_1_31' title="bbox 2196 1667 3775 1740">
     <span class='ocr_line' id='line_1_31' title="bbox 2196 1667 3775 1740; baseline 0.001 -17"><span class='ocrx_word' id='word_1_220' title='bbox 2196 1672 2325 1724; x_wconf 90' lang='lat' dir='ltr'><strong>nino</strong></span> <span class='ocrx_word' id='word_1_221' title='bbox 2350 1668 2580 1738; x_wconf 84' lang='lat' dir='ltr'><strong>injustas</strong></span> <span class='ocrx_word' id='word_1_222' title='bbox 2606 1667 3062 1740; x_wconf 79' lang='lat' dir='ltr'><strong>reprebensiones</strong></span> <span class='ocrx_word' id='word_1_223' title='bbox 3089 1670 3417 1725; x_wconf 84' lang='lat' dir='ltr'><strong>conciliavit.</strong></span> <span class='ocrx_word' id='word_1_224' title='bbox 3450 1669 3581 1723; x_wconf 85' lang='lat' dir='ltr'><strong>Nam</strong></span> <span class='ocrx_word' id='word_1_225' title='bbox 3613 1684 3775 1738; x_wconf 89' lang='lat' dir='ltr'><strong>pecu-</strong></span> 
     </span>
    </p>
   </div>
   <div class='ocr_carea' id='block_1_32' title="bbox 2162 1764 3773 1831">
    <p class='ocr_par' dir='ltr' id='par_1_32' title="bbox 2162 1764 3773 1831">
     <span class='ocr_line' id='line_1_32' title="bbox 2162 1764 3773 1831; baseline 0 -15"><span class='ocrx_word' id='word_1_226' title='bbox 2162 1764 2384 1825; x_wconf 81' lang='lat' dir='ltr'><strong>_liarem</strong></span> <span class='ocrx_word' id='word_1_227' title='bbox 2431 1771 2618 1818; x_wconf 90' lang='lat' dir='ltr'><strong>contra</strong></span> <span class='ocrx_word' id='word_1_228' title='bbox 2664 1764 2758 1817; x_wconf 81' lang='lat' dir='ltr'><strong>has</strong></span> <span class='ocrx_word' id='word_1_229' title='bbox 2789 1764 2907 1831; x_wconf 87' lang='lat' dir='ltr'><strong>ejus</strong></span> <span class='ocrx_word' id='word_1_230' title='bbox 2950 1764 3446 1818; x_wconf 84' lang='lat' dir='ltr'><strong>animadversiones</strong></span> <span class='ocrx_word' id='word_1_231' title='bbox 3494 1777 3773 1817; x_wconf 86' lang='lat' dir='ltr'><strong>censuram</strong></span> 
     </span>
    </p>
   </div>
   <div class='ocr_carea' id='block_1_33' title="bbox 491 1834 3775 1924">
    <p class='ocr_par' dir='ltr' id='par_1_33' title="bbox 491 1834 3775 1924">
     <span class='ocr_line' id='line_1_33' title="bbox 491 1834 3775 1924; baseline 0.002 -27"><span class='ocrx_word' id='word_1_232' title='bbox 491 1861 635 1909; x_wconf 82' lang='lat' dir='ltr'><strong>mus,</strong></span> <span class='ocrx_word' id='word_1_233' title='bbox 663 1862 761 1902; x_wconf 93' lang='lat' dir='ltr'><strong>nec</strong></span> <span class='ocrx_word' id='word_1_234' title='bbox 785 1849 853 1902; x_wconf 84' lang='lat' dir='ltr'><strong>ab</strong></span> <span class='ocrx_word' id='word_1_235' title='bbox 875 1863 1064 1904; x_wconf 90' lang='lat' dir='ltr'><strong>eorum</strong></span> <span class='ocrx_word' id='word_1_236' title='bbox 1085 1850 1287 1905; x_wconf 90' lang='lat' dir='ltr'><strong>deliriis</strong></span> <span class='ocrx_word' id='word_1_237' title='bbox 1307 1868 1626 1922; x_wconf 86' lang='lat' dir='ltr'><strong>quemquam</strong></span> <span class='ocrx_word' id='word_1_238' title='bbox 1648 1856 1854 1924; x_wconf 88' lang='lat' dir='ltr'><strong>longius</strong></span> <span class='ocrx_word' id='word_1_239' title='bbox 1875 1857 2089 1923; x_wconf 87' lang='lat' dir='ltr'><strong>abesse,</strong></span> <span class='ocrx_word' id='word_1_240' title='bbox 2121 1834 2170 1906; x_wconf 75' lang='grc' dir='ltr'><strong>Β</strong></span> <span class='ocrx_word' id='word_1_241' title='bbox 2196 1853 2377 1908; x_wconf 88' lang='lat' dir='ltr'><strong>emisit</strong></span> <span class='ocrx_word' id='word_1_242' title='bbox 2418 1855 2625 1923; x_wconf 83' lang='lat' dir='ltr'><strong>Anglus</strong></span> <span class='ocrx_word' id='word_1_243' title='bbox 2665 1854 2881 1924; x_wconf 88' lang='lat' dir='ltr'><strong>quidam</strong></span> <span class='ocrx_word' id='word_1_244' title='bbox 2927 1853 3182 1921; x_wconf 82' lang='lat' dir='ltr'><strong>Robertus</strong></span> <span class='ocrx_word' id='word_1_245' title='bbox 3212 1853 3449 1917; x_wconf 76' lang='lat' dir='ltr'><strong>Jenltins,</strong></span> <span class='ocrx_word' id='word_1_246' title='bbox 3496 1853 3775 1908; x_wconf 83' lang='lat' dir='ltr'><strong>Cantabri-</strong></span> 
     </span>
    </p>
   </div>
   <div class='ocr_carea' id='block_1_34' title="bbox 488 1942 2088 2016">
    <p class='ocr_par' dir='ltr' id='par_1_34' title="bbox 488 1942 2088 2016">
     <span class='ocr_line' id='line_1_34' title="bbox 488 1942 2088 2016; baseline 0.005 -25"><span class='ocrx_word' id='word_1_247' title='bbox 488 1953 647 2005; x_wconf 87' lang='lat' dir='ltr'><strong>quam</strong></span> <span class='ocrx_word' id='word_1_248' title='bbox 682 1948 784 1994; x_wconf 76' lang='lat' dir='ltr'><strong>nos“</strong></span> <span class='ocrx_word' id='word_1_249' title='bbox 810 1949 1090 2009; x_wconf 87' lang='lat' dir='ltr'><strong>putamus;</strong></span> <span class='ocrx_word' id='word_1_250' title='bbox 1126 1942 1221 1997; x_wconf 90' lang='lat' dir='ltr'><strong>sed</strong></span> <span class='ocrx_word' id='word_1_251' title='bbox 1250 1954 1590 2011; x_wconf 81' lang='lat' dir='ltr'><strong>Optassemus</strong></span> <span class='ocrx_word' id='word_1_252' title='bbox 1638 1960 1785 2015; x_wconf 65' lang='lat' dir='ltr'><strong>saepe</strong></span> <span class='ocrx_word' id='word_1_253' title='bbox 1829 1948 1931 1999; x_wconf 91' lang='lat' dir='ltr'><strong>alia</strong></span> <span class='ocrx_word' id='word_1_254' title='bbox 1982 1950 2088 2016; x_wconf 87' lang='lat' dir='ltr'><strong>via,</strong></span> 
     </span>
    </p>
   </div>
   <div class='ocr_carea' id='block_1_35' title="bbox 489 2031 2094 2107">
    <p class='ocr_par' dir='ltr' id='par_1_35' title="bbox 489 2031 2094 2107">
     <span class='ocr_line' id='line_1_35' title="bbox 489 2031 2094 2107; baseline 0.007 -24"><span class='ocrx_word' id='word_1_255' title='bbox 489 2031 677 2085; x_wconf 85' lang='lat' dir='ltr'><strong>aliisve</strong></span> <span class='ocrx_word' id='word_1_256' title='bbox 708 2034 873 2087; x_wconf 89' lang='lat' dir='ltr'><strong>armis</strong></span> <span class='ocrx_word' id='word_1_257' title='bbox 901 2045 1258 2103; x_wconf 90' lang='lat' dir='ltr'><strong>oppugnatos,</strong></span> <span class='ocrx_word' id='word_1_258' title='bbox 1301 2047 1359 2091; x_wconf 89' lang='lat' dir='ltr'><strong>ut</strong></span> <span class='ocrx_word' id='word_1_259' title='bbox 1392 2036 1692 2107; x_wconf 87' lang='lat' dir='ltr'><strong>intelligere</strong></span> <span class='ocrx_word' id='word_1_260' title='bbox 1738 2039 1915 2093; x_wconf 88' lang='lat' dir='ltr'><strong>licebit</strong></span> <span class='ocrx_word' id='word_1_261' title='bbox 1954 2056 2094 2107; x_wconf 63' lang='lat' dir='ltr'><strong>prae-</strong></span> 
     </span>
    </p>
   </div>
   <div class='ocr_carea' id='block_1_36' title="bbox 490 2126 2096 2195">
    <p class='ocr_par' dir='ltr' id='par_1_36' title="bbox 490 2126 2096 2195">
     <span class='ocr_line' id='line_1_36' title="bbox 490 2126 2096 2195; baseline 0.006 -19"><span class='ocrx_word' id='word_1_262' title='bbox 490 2128 674 2177; x_wconf 87' lang='lat' dir='ltr'><strong>sertim</strong></span> <span class='ocrx_word' id='word_1_263' title='bbox 726 2141 790 2180; x_wconf 89' lang='lat' dir='ltr'><strong>ex</strong></span> <span class='ocrx_word' id='word_1_264' title='bbox 838 2126 926 2191; x_wconf 90' lang='lat' dir='ltr'><strong>iis,</strong></span> <span class='ocrx_word' id='word_1_265' title='bbox 978 2142 1096 2195; x_wconf 71' lang='lat' dir='ltr'><strong>qua:</strong></span> <span class='ocrx_word' id='word_1_266' title='bbox 1149 2130 1409 2183; x_wconf 90' lang='lat' dir='ltr'><strong>habemus</strong></span> <span class='ocrx_word' id='word_1_267' title='bbox 1436 2131 1500 2183; x_wconf 86' lang='lat' dir='ltr'><strong>ad</strong></span> <span class='ocrx_word' id='word_1_268' title='bbox 1532 2130 1728 2184; x_wconf 91' lang='lat' dir='ltr'><strong>librum</strong></span> <span class='ocrx_word' id='word_1_269' title='bbox 1767 2128 1829 2184; x_wconf 87' lang='lat' dir='ltr'><strong>de</strong></span> <span class='ocrx_word' id='word_1_270' title='bbox 1860 2129 2096 2185; x_wconf 82' lang='lat' dir='ltr'><strong>Utilitate</strong></span> 
     </span>
    </p>
   </div>
   <div class='ocr_carea' id='block_1_37' title="bbox 492 2213 2091 2293">
    <p class='ocr_par' dir='ltr' id='par_1_37' title="bbox 492 2213 2091 2293">
     <span class='ocr_line' id='line_1_37' title="bbox 492 2213 2091 2293; baseline 0.006 -24"><span class='ocrx_word' id='word_1_271' title='bbox 492 2213 744 2269; x_wconf 87' lang='lat' dir='ltr'><strong>Credendi</strong></span> <span class='ocrx_word' id='word_1_272' title='bbox 772 2229 935 2288; x_wconf 91' lang='lat' dir='ltr'><strong>atque</strong></span> <span class='ocrx_word' id='word_1_273' title='bbox 963 2218 1027 2272; x_wconf 88' lang='lat' dir='ltr'><strong>ad</strong></span> <span class='ocrx_word' id='word_1_274' title='bbox 1062 2218 1233 2274; x_wconf 91' lang='lat' dir='ltr'><strong>libros</strong></span> <span class='ocrx_word' id='word_1_275' title='bbox 1270 2222 1333 2273; x_wconf 89' lang='lat' dir='ltr'><strong>de</strong></span> <span class='ocrx_word' id='word_1_276' title='bbox 1382 2221 1657 2275; x_wconf 86' lang='lat' dir='ltr'><strong>&#39;I&#39;rinitate.</strong></span> <span class='ocrx_word' id='word_1_277' title='bbox 1711 2222 1921 2293; x_wconf 91' lang='lat' dir='ltr'><strong>Alioqui</strong></span> <span class='ocrx_word' id='word_1_278' title='bbox 1970 2238 2091 2277; x_wconf 92' lang='lat' dir='ltr'><strong>cum</strong></span> 
     </span>
    </p>
   </div>
   <div class='ocr_carea' id='block_1_38' title="bbox 492 2307 2096 2385">
    <p class='ocr_par' dir='ltr' id='par_1_38' title="bbox 492 2307 2096 2385">
     <span class='ocr_line' id='line_1_38' title="bbox 492 2307 2096 2385; baseline 0.007 -27"><span class='ocrx_word' id='word_1_279' title='bbox 492 2307 631 2361; x_wconf 84' lang='lat' dir='ltr'><strong>bene</strong></span> <span class='ocrx_word' id='word_1_280' title='bbox 664 2324 757 2363; x_wconf 92' lang='lat' dir='ltr'><strong>eos</strong></span> <span class='ocrx_word' id='word_1_281' title='bbox 786 2325 1098 2379; x_wconf 75' lang='lat' dir='ltr'><strong>aggressum</strong></span> <span class='ocrx_word' id='word_1_282' title='bbox 1127 2327 1246 2367; x_wconf 90' lang='lat' dir='ltr'><strong>esse</strong></span> <span class='ocrx_word' id='word_1_283' title='bbox 1279 2314 1341 2369; x_wconf 82' lang='lat' dir='ltr'><strong>S.</strong></span> <span class='ocrx_word' id='word_1_284' title='bbox 1372 2315 1713 2385; x_wconf 83' lang='lat' dir='ltr'><strong>Augustinum</strong></span> <span class='ocrx_word' id='word_1_285' title='bbox 1762 2316 2096 2370; x_wconf 85' lang='lat' dir='ltr'><strong>existimavi-</strong></span> 
     </span>
    </p>
   </div>
   <div class='ocr_carea' id='block_1_39' title="bbox 493 2399 2092 2476">
    <p class='ocr_par' dir='ltr' id='par_1_39' title="bbox 493 2399 2092 2476">
     <span class='ocr_line' id='line_1_39' title="bbox 493 2399 2092 2476; baseline 0.008 -27"><span class='ocrx_word' id='word_1_286' title='bbox 493 2412 634 2463; x_wconf 89' lang='lat' dir='ltr'><strong>mus,</strong></span> <span class='ocrx_word' id='word_1_287' title='bbox 661 2399 847 2455; x_wconf 89' lang='lat' dir='ltr'><strong>laudes</strong></span> <span class='ocrx_word' id='word_1_288' title='bbox 874 2403 926 2455; x_wconf 93' lang='lat' dir='ltr'><strong>in</strong></span> <span class='ocrx_word' id='word_1_289' title='bbox 949 2417 1071 2456; x_wconf 91' lang='lat' dir='ltr'><strong>eum</strong></span> <span class='ocrx_word' id='word_1_290' title='bbox 1105 2405 1262 2471; x_wconf 88' lang='lat' dir='ltr'><strong>pleno</strong></span> <span class='ocrx_word' id='word_1_291' title='bbox 1291 2406 1493 2471; x_wconf 90' lang='lat' dir='ltr'><strong>modio,</strong></span> <span class='ocrx_word' id='word_1_292' title='bbox 1520 2416 1576 2460; x_wconf 92' lang='lat' dir='ltr'><strong>ut</strong></span> <span class='ocrx_word' id='word_1_293' title='bbox 1602 2406 1752 2473; x_wconf 81' lang='lat' dir='ltr'><strong>alibi,</strong></span> <span class='ocrx_word' id='word_1_294' title='bbox 1779 2408 2092 2476; x_wconf 70' lang='lat' dir='ltr'><strong>effudimus,</strong></span> 
     </span>
    </p>
   </div>
   <div class='ocr_carea' id='block_1_40' title="bbox 494 2493 2099 2564">
    <p class='ocr_par' dir='ltr' id='par_1_40' title="bbox 494 2493 2099 2564">
     <span class='ocr_line' id='line_1_40' title="bbox 494 2493 2099 2564; baseline 0.006 -21"><span class='ocrx_word' id='word_1_295' title='bbox 494 2501 547 2543; x_wconf 89' lang='lat' dir='ltr'><strong>et</strong></span> <span class='ocrx_word' id='word_1_296' title='bbox 577 2493 836 2547; x_wconf 83' lang='lat' dir='ltr'><strong>ambabus</strong></span> <span class='ocrx_word' id='word_1_297' title='bbox 863 2494 1004 2548; x_wconf 90' lang='lat' dir='ltr'><strong>ulnis</strong></span> <span class='ocrx_word' id='word_1_298' title='bbox 1034 2497 1268 2550; x_wconf 86' lang='lat' dir='ltr'><strong>rationes</strong></span> <span class='ocrx_word' id='word_1_299' title='bbox 1295 2496 1411 2564; x_wconf 87' lang='lat' dir='ltr'><strong>ejus</strong></span> <span class='ocrx_word' id='word_1_300' title='bbox 1441 2497 1671 2563; x_wconf 76' lang='lat' dir='ltr'><strong>amplexi</strong></span> <span class='ocrx_word' id='word_1_301' title='bbox 1706 2514 1912 2563; x_wconf 89' lang='lat' dir='ltr'><strong>sumus,</strong></span> <span class='ocrx_word' id='word_1_302' title='bbox 1957 2498 2099 2553; x_wconf 83' lang='lat' dir='ltr'><strong>sicut</strong></span> 
     </span>
    </p>
   </div>
   <div class='ocr_carea' id='block_1_41' title="bbox 494 2582 2097 2645">
    <p class='ocr_par' dir='ltr' id='par_1_41' title="bbox 494 2582 2097 2645">
     <span class='ocr_line' id='line_1_41' title="bbox 494 2582 2097 2645; baseline 0.006 -11"><span class='ocrx_word' id='word_1_303' title='bbox 494 2582 561 2634; x_wconf 89' lang='lat' dir='ltr'><strong>ad</strong></span> <span class='ocrx_word' id='word_1_304' title='bbox 594 2582 687 2636; x_wconf 90' lang='lat' dir='ltr'><strong>lib.</strong></span> <span class='ocrx_word' id='word_1_305' title='bbox 721 2583 942 2639; x_wconf 79' lang='lat' dir='ltr'><strong>XXXIII</strong></span> <span class='ocrx_word' id='word_1_306' title='bbox 974 2597 1162 2640; x_wconf 88' lang='lat' dir='ltr'><strong>contra</strong></span> <span class='ocrx_word' id='word_1_307' title='bbox 1194 2585 1455 2640; x_wconf 82' lang='lat' dir='ltr'><strong>Faustum</strong></span> <span class='ocrx_word' id='word_1_308' title='bbox 1485 2584 1860 2643; x_wconf 73' lang='lat' dir='ltr'><strong>Mauicbmum.</strong></span> <span class='ocrx_word' id='word_1_309' title='bbox 1906 2586 2097 2645; x_wconf 86' lang='lat' dir='ltr'><strong>Tomus</strong></span> 
     </span>
    </p>
   </div>
   <div class='ocr_carea' id='block_1_42' title="bbox 494 2675 2094 2751">
    <p class='ocr_par' dir='ltr' id='par_1_42' title="bbox 494 2675 2094 2751">
     <span class='ocr_line' id='line_1_42' title="bbox 494 2675 2094 2751; baseline 0.007 -26"><span class='ocrx_word' id='word_1_310' title='bbox 494 2690 680 2742; x_wconf 88' lang='lat' dir='ltr'><strong>nonus,</strong></span> <span class='ocrx_word' id='word_1_311' title='bbox 712 2675 765 2729; x_wconf 88' lang='lat' dir='ltr'><strong>in</strong></span> <span class='ocrx_word' id='word_1_312' title='bbox 794 2693 901 2743; x_wconf 94' lang='lat' dir='ltr'><strong>quo</strong></span> <span class='ocrx_word' id='word_1_313' title='bbox 928 2692 1048 2731; x_wconf 92' lang='lat' dir='ltr'><strong>cum</strong></span> <span class='ocrx_word' id='word_1_314' title='bbox 1078 2678 1374 2733; x_wconf 88' lang='lat' dir='ltr'><strong>Donatistis</strong></span> <span class='ocrx_word' id='word_1_315' title='bbox 1404 2686 1605 2748; x_wconf 83' lang='lat' dir='ltr'><strong>pugnat</strong></span> <span class='ocrx_word' id='word_1_316' title='bbox 1644 2680 1703 2735; x_wconf 90' lang='lat' dir='ltr'><strong>S.</strong></span> <span class='ocrx_word' id='word_1_317' title='bbox 1756 2682 2094 2751; x_wconf 81' lang='lat' dir='ltr'><strong>Augustinus,</strong></span> 
     </span>
    </p>
   </div>
   <div class='ocr_carea' id='block_1_43' title="bbox 493 2766 2098 2841">
    <p class='ocr_par' dir='ltr' id='par_1_43' title="bbox 493 2766 2098 2841">
     <span class='ocr_line' id='line_1_43' title="bbox 493 2766 2098 2841; baseline 0.006 -23"><span class='ocrx_word' id='word_1_318' title='bbox 493 2780 593 2819; x_wconf 90' lang='lat' dir='ltr'><strong>nos</strong></span> <span class='ocrx_word' id='word_1_319' title='bbox 625 2766 928 2823; x_wconf 36' lang='lat' dir='ltr'><strong>non‘valde</strong></span> <span class='ocrx_word' id='word_1_320' title='bbox 968 2770 1233 2824; x_wconf 78' lang='lat' dir='ltr'><strong>exercitus</strong></span> <span class='ocrx_word' id='word_1_321' title='bbox 1270 2769 1479 2835; x_wconf 90' lang='lat' dir='ltr'><strong>habuit,</strong></span> <span class='ocrx_word' id='word_1_322' title='bbox 1528 2773 1651 2841; x_wconf 86' lang='lat' dir='ltr'><strong>quia</strong></span> <span class='ocrx_word' id='word_1_323' title='bbox 1688 2771 1875 2826; x_wconf 90' lang='lat' dir='ltr'><strong>eadem</strong></span> <span class='ocrx_word' id='word_1_324' title='bbox 1926 2774 2098 2829; x_wconf 82' lang='lat' dir='ltr'><strong>ferme</strong></span> 
     </span>
    </p>
   </div>
   <div class='ocr_carea' id='block_1_44' title="bbox 493 2858 2097 2934">
    <p class='ocr_par' dir='ltr' id='par_1_44' title="bbox 493 2858 2097 2934">
     <span class='ocr_line' id='line_1_44' title="bbox 493 2858 2097 2934; baseline 0.006 -22"><span class='ocrx_word' id='word_1_325' title='bbox 493 2858 566 2912; x_wconf 87' lang='lat' dir='ltr'><strong>ibi</strong></span> <span class='ocrx_word' id='word_1_326' title='bbox 597 2862 813 2929; x_wconf 90' lang='lat' dir='ltr'><strong>repetit,</strong></span> <span class='ocrx_word' id='word_1_327' title='bbox 850 2876 973 2915; x_wconf 91' lang='lat' dir='ltr'><strong>cum</strong></span> <span class='ocrx_word' id='word_1_328' title='bbox 1014 2862 1307 2917; x_wconf 80' lang='lat' dir='ltr'><strong>Donatistae</strong></span> <span class='ocrx_word' id='word_1_329' title='bbox 1337 2864 1557 2919; x_wconf 90' lang='lat' dir='ltr'><strong>easdem</strong></span> <span class='ocrx_word' id='word_1_330' title='bbox 1589 2864 1942 2934; x_wconf 89' lang='lat' dir='ltr'><strong>objectiones,</strong></span> <span class='ocrx_word' id='word_1_331' title='bbox 1976 2881 2097 2921; x_wconf 89' lang='lat' dir='ltr'><strong>eos-</strong></span> 
     </span>
    </p>
   </div>
   <div class='ocr_carea' id='block_1_45' title="bbox 492 2953 2098 3029">
    <p class='ocr_par' dir='ltr' id='par_1_45' title="bbox 492 2953 2098 3029">
     <span class='ocr_line' id='line_1_45' title="bbox 492 2953 2098 3029; baseline 0.005 -24"><span class='ocrx_word' id='word_1_332' title='bbox 492 2953 684 3007; x_wconf 90' lang='lat' dir='ltr'><strong>demve</strong></span> <span class='ocrx_word' id='word_1_333' title='bbox 716 2956 1107 3024; x_wconf 88' lang='lat' dir='ltr'><strong>paralogismos</strong></span> <span class='ocrx_word' id='word_1_334' title='bbox 1135 2955 1465 3011; x_wconf 80' lang='lat' dir='ltr'><strong>adversariis</strong></span> <span class='ocrx_word' id='word_1_335' title='bbox 1497 2958 1560 3011; x_wconf 83' lang='lat' dir='ltr'><strong>ad</strong></span> <span class='ocrx_word' id='word_1_336' title='bbox 1610 2956 1881 3012; x_wconf 84' lang='lat' dir='ltr'><strong>fastidium</strong></span> <span class='ocrx_word' id='word_1_337' title='bbox 1926 2974 2098 3029; x_wconf 91' lang='lat' dir='ltr'><strong>usque</strong></span> 
     </span>
    </p>
   </div>
   <div class='ocr_carea' id='block_1_46' title="bbox 493 3048 2095 3121">
    <p class='ocr_par' dir='ltr' id='par_1_46' title="bbox 493 3048 2095 3121">
     <span class='ocr_line' id='line_1_46' title="bbox 493 3048 2095 3121; baseline 0.004 -21"><span class='ocrx_word' id='word_1_338' title='bbox 493 3055 829 3116; x_wconf 80' lang='lat' dir='ltr'><strong>oggererent.</strong></span> <span class='ocrx_word' id='word_1_339' title='bbox 884 3048 1075 3103; x_wconf 86' lang='lat' dir='ltr'><strong>Mirum</strong></span> <span class='ocrx_word' id='word_1_340' title='bbox 1121 3058 1298 3104; x_wconf 88' lang='lat' dir='ltr'><strong>tamen</strong></span> <span class='ocrx_word' id='word_1_341' title='bbox 1337 3060 1419 3105; x_wconf 91' lang='lat' dir='ltr'><strong>est</strong></span> <span class='ocrx_word' id='word_1_342' title='bbox 1462 3052 1521 3106; x_wconf 84' lang='lat' dir='ltr'><strong>S.</strong></span> <span class='ocrx_word' id='word_1_343' title='bbox 1564 3052 1850 3121; x_wconf 81' lang='lat' dir='ltr'><strong>Augustino</strong></span> <span class='ocrx_word' id='word_1_344' title='bbox 1880 3052 2095 3107; x_wconf 65' lang='lat' dir='ltr'><strong>ttedium</strong></span> 
     </span>
    </p>
   </div>
   <div class='ocr_carea' id='block_1_47' title="bbox 493 3142 2097 3211">
    <p class='ocr_par' dir='ltr' id='par_1_47' title="bbox 493 3142 2097 3211">
     <span class='ocr_line' id='line_1_47' title="bbox 493 3142 2097 3211; baseline 0.005 -21"><span class='ocrx_word' id='word_1_345' title='bbox 493 3148 585 3193; x_wconf 88' lang='lat' dir='ltr'><strong>aut</strong></span> <span class='ocrx_word' id='word_1_346' title='bbox 615 3154 861 3194; x_wconf 89' lang='lat' dir='ltr'><strong>soumum</strong></span> <span class='ocrx_word' id='word_1_347' title='bbox 896 3156 1000 3194; x_wconf 90' lang='lat' dir='ltr'><strong>non</strong></span> <span class='ocrx_word' id='word_1_348' title='bbox 1029 3142 1357 3211; x_wconf 85' lang='lat' dir='ltr'><strong>Obrepsisse,</strong></span> <span class='ocrx_word' id='word_1_349' title='bbox 1393 3143 1533 3197; x_wconf 91' lang='lat' dir='ltr'><strong>idem</strong></span> <span class='ocrx_word' id='word_1_350' title='bbox 1567 3145 1722 3198; x_wconf 87' lang='lat' dir='ltr'><strong>toties</strong></span> <span class='ocrx_word' id='word_1_351' title='bbox 1769 3145 1987 3199; x_wconf 90' lang='lat' dir='ltr'><strong>dicenti.</strong></span> <span class='ocrx_word' id='word_1_352' title='bbox 2039 3144 2097 3199; x_wconf 94' lang='lat' dir='ltr'><strong>In</strong></span> 
     </span>
    </p>
   </div>
   <div class='ocr_carea' id='block_1_48' title="bbox 493 3326 2095 3397">
    <p class='ocr_par' dir='ltr' id='par_1_48' title="bbox 493 3326 2095 3397">
     <span class='ocr_line' id='line_1_48' title="bbox 493 3326 2095 3397; baseline 0.001 -18"><span class='ocrx_word' id='word_1_353' title='bbox 493 3339 612 3379; x_wconf 91' lang='lat' dir='ltr'><strong>rum</strong></span> <span class='ocrx_word' id='word_1_354' title='bbox 634 3327 842 3395; x_wconf 86' lang='lat' dir='ltr'><strong>egimus</strong></span> <span class='ocrx_word' id='word_1_355' title='bbox 864 3326 931 3381; x_wconf 91' lang='lat' dir='ltr'><strong>de</strong></span> <span class='ocrx_word' id='word_1_356' title='bbox 957 3328 1330 3393; x_wconf 86' lang='lat' dir='ltr'><strong>persecutione</strong></span> <span class='ocrx_word' id='word_1_357' title='bbox 1354 3330 1753 3397; x_wconf 71' lang='lat' dir='ltr'><strong>th-reticorum,</strong></span> <span class='ocrx_word' id='word_1_358' title='bbox 1788 3328 1856 3383; x_wconf 92' lang='lat' dir='ltr'><strong>de</strong></span> <span class='ocrx_word' id='word_1_359' title='bbox 1884 3344 1984 3397; x_wconf 90' lang='lat' dir='ltr'><strong>qua</strong></span> <span class='ocrx_word' id='word_1_360' title='bbox 2011 3340 2095 3383; x_wconf 87' lang='lat' dir='ltr'><strong>sat</strong></span> 
     </span>
    </p>
   </div>
   <div class='ocr_carea' id='block_1_49' title="bbox 494 3417 2091 3487">
    <p class='ocr_par' dir='ltr' id='par_1_49' title="bbox 494 3417 2091 3487">
     <span class='ocr_line' id='line_1_49' title="bbox 494 3417 2091 3487; baseline 0.004 -18"><span class='ocrx_word' id='word_1_361' title='bbox 494 3417 679 3471; x_wconf 88' lang='lat' dir='ltr'><strong>multis</strong></span> <span class='ocrx_word' id='word_1_362' title='bbox 710 3418 763 3472; x_wconf 91' lang='lat' dir='ltr'><strong>in</strong></span> <span class='ocrx_word' id='word_1_363' title='bbox 792 3418 1352 3473; x_wconf 87' lang='lat' dir='ltr'><strong>animadversionibus</strong></span> <span class='ocrx_word' id='word_1_364' title='bbox 1388 3418 1453 3473; x_wconf 91' lang='lat' dir='ltr'><strong>ad</strong></span> <span class='ocrx_word' id='word_1_365' title='bbox 1499 3426 1629 3473; x_wconf 91' lang='lat' dir='ltr'><strong>tom.</strong></span> <span class='ocrx_word' id='word_1_366' title='bbox 1673 3420 1715 3476; x_wconf 93' lang='lat' dir='ltr'><strong>ll</strong></span> <span class='ocrx_word' id='word_1_367' title='bbox 1753 3421 2091 3487; x_wconf 78' lang='lat' dir='ltr'><strong>dixeramus;</strong></span> 
     </span>
    </p>
   </div>
   <div class='ocr_carea' id='block_1_50' title="bbox 496 3509 2092 3580">
    <p class='ocr_par' dir='ltr' id='par_1_50' title="bbox 496 3509 2092 3580">
     <span class='ocr_line' id='line_1_50' title="bbox 496 3509 2092 3580; baseline 0.002 -19"><span class='ocrx_word' id='word_1_368' title='bbox 496 3522 671 3577; x_wconf 89' lang='lat' dir='ltr'><strong>neque</strong></span> <span class='ocrx_word' id='word_1_369' title='bbox 703 3509 1034 3578; x_wconf 85' lang='lat' dir='ltr'><strong>synodorum</strong></span> <span class='ocrx_word' id='word_1_370' title='bbox 1069 3512 1389 3566; x_wconf 88' lang='lat' dir='ltr'><strong>auctoritate</strong></span> <span class='ocrx_word' id='word_1_371' title='bbox 1422 3513 1473 3564; x_wconf 94' lang='lat' dir='ltr'><strong>in</strong></span> <span class='ocrx_word' id='word_1_372' title='bbox 1501 3511 1667 3566; x_wconf 86' lang='lat' dir='ltr'><strong>libros</strong></span> <span class='ocrx_word' id='word_1_373' title='bbox 1699 3512 1765 3565; x_wconf 90' lang='lat' dir='ltr'><strong>de</strong></span> <span class='ocrx_word' id='word_1_374' title='bbox 1797 3512 2092 3580; x_wconf 75' lang='lat' dir='ltr'><strong>Baptismo,</strong></span> 
     </span>
    </p>
   </div>
   <div class='ocr_carea' id='block_1_51' title="bbox 495 3601 2095 3674">
    <p class='ocr_par' dir='ltr' id='par_1_51' title="bbox 495 3601 2095 3674">
     <span class='ocr_line' id='line_1_51' title="bbox 495 3601 2095 3674; baseline 0.003 -20"><span class='ocrx_word' id='word_1_375' title='bbox 495 3601 585 3654; x_wconf 87' lang='lat' dir='ltr'><strong>ubi</strong></span> <span class='ocrx_word' id='word_1_376' title='bbox 634 3610 811 3656; x_wconf 87' lang='lat' dir='ltr'><strong>tamen</strong></span> <span class='ocrx_word' id='word_1_377' title='bbox 854 3603 1161 3657; x_wconf 80' lang='lat' dir='ltr'><strong>summatim</strong></span> <span class='ocrx_word' id='word_1_378' title='bbox 1203 3604 1481 3657; x_wconf 87' lang='lat' dir='ltr'><strong>dumtaxat</strong></span> <span class='ocrx_word' id='word_1_379' title='bbox 1520 3620 1633 3657; x_wconf 90' lang='lat' dir='ltr'><strong>rem</strong></span> <span class='ocrx_word' id='word_1_380' title='bbox 1658 3605 2002 3674; x_wconf 66' lang='lat' dir='ltr'><strong>attigimus.»</strong></span> <span class='ocrx_word' id='word_1_381' title='bbox 2035 3604 2095 3659; x_wconf 89' lang='lat' dir='ltr'><strong>In</strong></span> 
     </span>
    </p>
   </div>
   <div class='ocr_carea' id='block_1_52' title="bbox 497 3695 2092 3754">
    <p class='ocr_par' dir='ltr' id='par_1_52' title="bbox 497 3695 2092 3754">
     <span class='ocr_line' id='line_1_52' title="bbox 497 3695 2092 3754; baseline 0.004 -8"><span class='ocrx_word' id='word_1_382' title='bbox 497 3704 703 3748; x_wconf 88' lang='lat' dir='ltr'><strong>tomum</strong></span> <span class='ocrx_word' id='word_1_383' title='bbox 729 3695 996 3750; x_wconf 90' lang='lat' dir='ltr'><strong>decimum</strong></span> <span class='ocrx_word' id='word_1_384' title='bbox 1028 3697 1208 3751; x_wconf 91' lang='lat' dir='ltr'><strong>minus</strong></span> <span class='ocrx_word' id='word_1_385' title='bbox 1230 3697 1471 3751; x_wconf 90' lang='lat' dir='ltr'><strong>studium</strong></span> <span class='ocrx_word' id='word_1_386' title='bbox 1515 3698 1768 3752; x_wconf 89' lang='lat' dir='ltr'><strong>collatum</strong></span> <span class='ocrx_word' id='word_1_387' title='bbox 1813 3707 1917 3753; x_wconf 93' lang='lat' dir='ltr'><strong>est.</strong></span> <span class='ocrx_word' id='word_1_388' title='bbox 1960 3698 2092 3754; x_wconf 85' lang='lat' dir='ltr'><strong>Nam</strong></span> 
     </span>
    </p>
   </div>
   <div class='ocr_carea' id='block_1_53' title="bbox 498 3785 2093 3858">
    <p class='ocr_par' dir='ltr' id='par_1_53' title="bbox 498 3785 2093 3858">
     <span class='ocr_line' id='line_1_53' title="bbox 498 3785 2093 3858; baseline 0.004 -21"><span class='ocrx_word' id='word_1_389' title='bbox 498 3785 820 3839; x_wconf 88' lang='lat' dir='ltr'><strong>exhibentur</strong></span> <span class='ocrx_word' id='word_1_390' title='bbox 860 3802 964 3839; x_wconf 93' lang='lat' dir='ltr'><strong>non</strong></span> <span class='ocrx_word' id='word_1_391' title='bbox 995 3785 1097 3840; x_wconf 89' lang='lat' dir='ltr'><strong>nisi</strong></span> <span class='ocrx_word' id='word_1_392' title='bbox 1123 3785 1237 3842; x_wconf 71' lang='lat' dir='ltr'><strong>haec</strong></span> <span class='ocrx_word' id='word_1_393' title='bbox 1263 3805 1273 3839; x_wconf 77' lang='grc' dir='ltr'><strong>ε</strong></span> <span class='ocrx_word' id='word_1_394' title='bbox 1308 3785 1560 3858; x_wconf 72' lang='grc' dir='ltr'><strong>ΡνιεῙαιὶο</strong></span> <span class='ocrx_word' id='word_1_395' title='bbox 1583 3789 1663 3841; x_wconf 89' lang='lat' dir='ltr'><strong>ed.</strong></span> <span class='ocrx_word' id='word_1_396' title='bbox 1693 3789 1811 3843; x_wconf 87' lang='lat' dir='ltr'><strong>libri</strong></span> <span class='ocrx_word' id='word_1_397' title='bbox 1836 3791 1900 3843; x_wconf 86' lang='lat' dir='ltr'><strong>de</strong></span> <span class='ocrx_word' id='word_1_398' title='bbox 1925 3789 2093 3845; x_wconf 73' lang='lat' dir='ltr'><strong>Gesti:</strong></span> 
     </span>
    </p>
   </div>
   <div class='ocr_carea' id='block_1_54' title="bbox 499 3876 2089 3957">
    <p class='ocr_par' dir='ltr' id='par_1_54' title="bbox 499 3876 2089 3957">
     <span class='ocr_line' id='line_1_54' title="bbox 499 3876 2089 3957; baseline 0.006 -30"><span class='ocrx_word' id='word_1_399' title='bbox 499 3876 700 3948; x_wconf 88' lang='lat' dir='ltr'><strong>Pelagii</strong></span> <span class='ocrx_word' id='word_1_400' title='bbox 722 3892 863 3931; x_wconf 90' lang='lat' dir='ltr'><strong>anno</strong></span> <span class='ocrx_word' id='word_1_401' title='bbox 899 3878 1054 3943; x_wconf 86' lang='grc'><strong>1611,</strong></span> <span class='ocrx_word' id='word_1_402' title='bbox 1083 3881 1328 3949; x_wconf 74' lang='lat' dir='ltr'><strong>Augustae</strong></span> <span class='ocrx_word' id='word_1_403' title='bbox 1372 3880 1754 3957; x_wconf 71' lang='lat' dir='ltr'><strong>Yindelicornm</strong></span> <span class='ocrx_word' id='word_1_404' title='bbox 1794 3884 2089 3952; x_wconf 73' lang='lat' dir='ltr'><strong>evulgatze;</strong></span> 
     </span>
    </p>
   </div>
   <div class='ocr_carea' id='block_1_55' title="bbox 499 3965 2095 4033">
    <p class='ocr_par' dir='ltr' id='par_1_55' title="bbox 499 3965 2095 4033">
     <span class='ocr_line' id='line_1_55' title="bbox 499 3965 2095 4033; baseline 0.005 -14"><span class='ocrx_word' id='word_1_405' title='bbox 499 3965 663 4020; x_wconf 83' lang='lat' dir='ltr'><strong>Henr.</strong></span> <span class='ocrx_word' id='word_1_406' title='bbox 696 3968 914 4033; x_wconf 73' lang='lat' dir='ltr'><strong>Naristi,</strong></span> <span class='ocrx_word' id='word_1_407' title='bbox 937 3967 1179 4024; x_wconf 72' lang='lat' dir='ltr'><strong>historia:</strong></span> <span class='ocrx_word' id='word_1_408' title='bbox 1200 3972 1587 4027; x_wconf 63' lang='lat' dir='ltr'><strong>ecclesiasticae</strong></span> <span class='ocrx_word' id='word_1_409' title='bbox 1611 3974 1663 4026; x_wconf 92' lang='lat' dir='ltr'><strong>in</strong></span> <span class='ocrx_word' id='word_1_410' title='bbox 1689 3973 1977 4028; x_wconf 83' lang='lat' dir='ltr'><strong>Academia</strong></span> <span class='ocrx_word' id='word_1_411' title='bbox 2008 3973 2095 4027; x_wconf 88' lang='lat' dir='ltr'><strong>Pi-</strong></span> 
     </span>
    </p>
   </div>
   <div class='ocr_carea' id='block_1_56' title="bbox 501 4062 2099 4131">
    <p class='ocr_par' dir='ltr' id='par_1_56' title="bbox 501 4062 2099 4131">
     <span class='ocr_line' id='line_1_56' title="bbox 501 4062 2099 4131; baseline 0.006 -19"><span class='ocrx_word' id='word_1_412' title='bbox 501 4074 631 4113; x_wconf 89' lang='lat' dir='ltr'><strong>sana</strong></span> <span class='ocrx_word' id='word_1_413' title='bbox 657 4062 995 4129; x_wconf 81' lang='lat' dir='ltr'><strong>professoris,</strong></span> <span class='ocrx_word' id='word_1_414' title='bbox 1024 4072 1142 4131; x_wconf 89' lang='lat' dir='ltr'><strong>post</strong></span> <span class='ocrx_word' id='word_1_415' title='bbox 1164 4066 1472 4130; x_wconf 86' lang='lat' dir='ltr'><strong>cardinalis,</strong></span> <span class='ocrx_word' id='word_1_416' title='bbox 1499 4065 1806 4119; x_wconf 71' lang='lat' dir='ltr'><strong>Advenloria</strong></span> <span class='ocrx_word' id='word_1_417' title='bbox 1838 4067 1903 4121; x_wconf 91' lang='lat' dir='ltr'><strong>ad</strong></span> <span class='ocrx_word' id='word_1_418' title='bbox 1930 4067 2099 4121; x_wconf 87' lang='lat' dir='ltr'><strong>Fran-</strong></span> 
     </span>
    </p>
   </div>
   <div class='ocr_carea' id='block_1_57' title="bbox 502 4138 2095 4231">
    <p class='ocr_par' dir='ltr' id='par_1_57' title="bbox 502 4138 2095 4231">
     <span class='ocr_line' id='line_1_57' title="bbox 502 4138 2095 4231; baseline 0.005 -25"><span class='ocrx_word' id='word_1_419' title='bbox 502 4154 705 4209; x_wconf 89' lang='lat' dir='ltr'><strong>ciscum</strong></span> <span class='ocrx_word' id='word_1_420' title='bbox 737 4154 1080 4210; x_wconf 83' lang='lat' dir='ltr'><strong>Macedonem</strong></span> <span class='ocrx_word' id='word_1_421' title='bbox 1114 4159 1163 4211; x_wconf 91' lang='lat' dir='ltr'><strong>in</strong></span> <span class='ocrx_word' id='word_1_422' title='bbox 1197 4155 1451 4212; x_wconf 74' lang='lat' dir='ltr'><strong>Patavina</strong></span> <span class='ocrx_word' id='word_1_423' title='bbox 1476 4138 1639 4214; x_wconf 83' lang='lat' dir='ltr'><strong>Acad.</strong></span> <span class='ocrx_word' id='word_1_424' title='bbox 1677 4163 1880 4214; x_wconf 84' lang='lat' dir='ltr'><strong>ethices</strong></span> <span class='ocrx_word' id='word_1_425' title='bbox 1915 4161 2095 4231; x_wconf 80' lang='lat' dir='ltr'><strong>inter-</strong></span> 
     </span>
    </p>
   </div>
   <div class='ocr_carea' id='block_1_58' title="bbox 503 4249 2099 4324">
    <p class='ocr_par' dir='ltr' id='par_1_58' title="bbox 503 4249 2099 4324">
     <span class='ocr_line' id='line_1_58' title="bbox 503 4249 2099 4324; baseline 0.003 -24"><span class='ocrx_word' id='word_1_426' title='bbox 503 4258 734 4315; x_wconf 89' lang='lat' dir='ltr'><strong>pretem,</strong></span> <span class='ocrx_word' id='word_1_427' title='bbox 782 4249 837 4301; x_wconf 86' lang='lat' dir='ltr'><strong>in</strong></span> <span class='ocrx_word' id='word_1_428' title='bbox 864 4265 967 4319; x_wconf 89' lang='lat' dir='ltr'><strong>qua</strong></span> <span class='ocrx_word' id='word_1_429' title='bbox 1003 4249 1068 4302; x_wconf 84' lang='lat' dir='ltr'><strong>de</strong></span> <span class='ocrx_word' id='word_1_430' title='bbox 1107 4251 1444 4321; x_wconf 80' lang='lat' dir='ltr'><strong>inscriptione</strong></span> <span class='ocrx_word' id='word_1_431' title='bbox 1474 4251 1593 4305; x_wconf 85' lang='lat' dir='ltr'><strong>libri</strong></span> <span class='ocrx_word' id='word_1_432' title='bbox 1639 4252 1700 4306; x_wconf 91' lang='lat' dir='ltr'><strong>S.</strong></span> <span class='ocrx_word' id='word_1_433' title='bbox 1734 4253 2009 4324; x_wconf 84' lang='lat' dir='ltr'><strong>Augustini</strong></span> <span class='ocrx_word' id='word_1_434' title='bbox 2034 4256 2099 4305; x_wconf 81' lang='lat' dir='ltr'><strong>de</strong></span> 
     </span>
    </p>
   </div>
   <div class='ocr_carea' id='block_1_59' title="bbox 506 4336 2093 4405">
    <p class='ocr_par' dir='ltr' id='par_1_59' title="bbox 506 4336 2093 4405">
     <span class='ocr_line' id='line_1_59' title="bbox 506 4336 2093 4405; baseline 0.003 -12"><span class='ocrx_word' id='word_1_435' title='bbox 506 4338 688 4393; x_wconf 84' lang='lat' dir='ltr'><strong>Gratia</strong></span> <span class='ocrx_word' id='word_1_436' title='bbox 713 4336 930 4405; x_wconf 75' lang='lat' dir='ltr'><strong>Christi,</strong></span> <span class='ocrx_word' id='word_1_437' title='bbox 959 4341 1165 4405; x_wconf 84' lang='lat' dir='ltr'><strong>Albine,</strong></span> <span class='ocrx_word' id='word_1_438' title='bbox 1196 4338 1418 4395; x_wconf 85' lang='lat' dir='ltr'><strong>Piniane</strong></span> <span class='ocrx_word' id='word_1_439' title='bbox 1466 4352 1511 4395; x_wconf 86' lang='lat' dir='ltr'><strong>et</strong></span> <span class='ocrx_word' id='word_1_440' title='bbox 1540 4342 1770 4397; x_wconf 82' lang='lat' dir='ltr'><strong>Melania</strong></span> <span class='ocrx_word' id='word_1_441' title='bbox 1801 4342 2093 4397; x_wconf 84' lang='lat' dir='ltr'><strong>disseritur.</strong></span> 
     </span>
    </p>
   </div>
   <div class='ocr_carea' id='block_1_60' title="bbox 506 4430 2096 4503">
    <p class='ocr_par' dir='ltr' id='par_1_60' title="bbox 506 4430 2096 4503">
     <span class='ocr_line' id='line_1_60' title="bbox 506 4430 2096 4503; baseline 0.001 -16"><span class='ocrx_word' id='word_1_442' title='bbox 506 4432 986 4487; x_wconf 81' lang='lat' dir='ltr'><strong>Animadversiones</strong></span> <span class='ocrx_word' id='word_1_443' title='bbox 1018 4449 1198 4500; x_wconf 70' lang='lat' dir='ltr'><strong>pauca:</strong></span> <span class='ocrx_word' id='word_1_444' title='bbox 1241 4436 1293 4486; x_wconf 89' lang='lat' dir='ltr'><strong>in</strong></span> <span class='ocrx_word' id='word_1_445' title='bbox 1323 4430 1514 4487; x_wconf 87' lang='lat' dir='ltr'><strong>librum</strong></span> <span class='ocrx_word' id='word_1_446' title='bbox 1558 4435 1622 4487; x_wconf 82' lang='lat' dir='ltr'><strong>de</strong></span> <span class='ocrx_word' id='word_1_447' title='bbox 1664 4433 2006 4503; x_wconf 86' lang='lat' dir='ltr'><strong>Correptione</strong></span> <span class='ocrx_word' id='word_1_448' title='bbox 2048 4443 2096 4488; x_wconf 89' lang='lat' dir='ltr'><strong>et</strong></span> 
     </span>
    </p>
   </div>
   <div class='ocr_carea' id='block_1_61' title="bbox 508 4522 2093 4595">
    <p class='ocr_par' dir='ltr' id='par_1_61' title="bbox 508 4522 2093 4595">
     <span class='ocr_line' id='line_1_61' title="bbox 508 4522 2093 4595; baseline -0.001 -13"><span class='ocrx_word' id='word_1_449' title='bbox 508 4526 724 4592; x_wconf 85' lang='lat' dir='ltr'><strong>Gratia;</strong></span> <span class='ocrx_word' id='word_1_450' title='bbox 755 4525 966 4581; x_wconf 84' lang='lat' dir='ltr'><strong>Claudii</strong></span> <span class='ocrx_word' id='word_1_451' title='bbox 998 4525 1240 4580; x_wconf 83' lang='lat' dir='ltr'><strong>Mcnardi</strong></span> <span class='ocrx_word' id='word_1_452' title='bbox 1274 4525 1528 4595; x_wconf 73' lang='lat' dir='ltr'><strong>Prwfatio</strong></span> <span class='ocrx_word' id='word_1_453' title='bbox 1562 4528 1613 4579; x_wconf 89' lang='lat' dir='ltr'><strong>in</strong></span> <span class='ocrx_word' id='word_1_454' title='bbox 1645 4526 1728 4579; x_wconf 90' lang='lat' dir='ltr'><strong>ed.</strong></span> <span class='ocrx_word' id='word_1_455' title='bbox 1761 4526 2012 4580; x_wconf 89' lang='lat' dir='ltr'><strong>librorum</strong></span> <span class='ocrx_word' id='word_1_456' title='bbox 2030 4522 2093 4580; x_wconf 95' lang='lat' dir='ltr'><em>II</em></span> 
     </span>
    </p>
   </div>
   <div class='ocr_carea' id='block_1_62' title="bbox 508 4707 2100 4781">
    <p class='ocr_par' dir='ltr' id='par_1_62' title="bbox 508 4707 2100 4781">
     <span class='ocr_line' id='line_1_62' title="bbox 508 4707 2100 4781; baseline 0.002 -17"><span class='ocrx_word' id='word_1_457' title='bbox 508 4712 564 4764; x_wconf 87' lang='lat' dir='ltr'><strong>in</strong></span> <span class='ocrx_word' id='word_1_458' title='bbox 585 4710 820 4764; x_wconf 84' lang='lat' dir='ltr'><strong>eumdem</strong></span> <span class='ocrx_word' id='word_1_459' title='bbox 845 4709 1053 4776; x_wconf 85' lang='lat' dir='ltr'><strong>librum,</strong></span> <span class='ocrx_word' id='word_1_460' title='bbox 1095 4707 1383 4764; x_wconf 82' lang='lat' dir='ltr'><strong>Vlimmerii</strong></span> <span class='ocrx_word' id='word_1_461' title='bbox 1404 4710 1644 4781; x_wconf 74' lang='lat' dir='ltr'><strong>prwfatio</strong></span> <span class='ocrx_word' id='word_1_462' title='bbox 1677 4712 1744 4764; x_wconf 90' lang='lat' dir='ltr'><strong>ad</strong></span> <span class='ocrx_word' id='word_1_463' title='bbox 1766 4712 1965 4766; x_wconf 83' lang='lat' dir='ltr'><strong>editum</strong></span> <span class='ocrx_word' id='word_1_464' title='bbox 1991 4729 2023 4766; x_wconf 93' lang='lat' dir='ltr'><strong>a</strong></span> <span class='ocrx_word' id='word_1_465' title='bbox 2044 4731 2100 4767; x_wconf 89' lang='lat' dir='ltr'><strong>se</strong></span> 
     </span>
    </p>
   </div>
   <div class='ocr_carea' id='block_1_63' title="bbox 502 4801 2099 4874">
    <p class='ocr_par' dir='ltr' id='par_1_63' title="bbox 502 4801 2099 4874">
     <span class='ocr_line' id='line_1_63' title="bbox 502 4801 2099 4874; baseline 0.002 -18"><span class='ocrx_word' id='word_1_466' title='bbox 502 4805 728 4874; x_wconf 86' lang='lat' dir='ltr'><strong>primum</strong></span> <span class='ocrx_word' id='word_1_467' title='bbox 759 4802 990 4859; x_wconf 82' lang='lat' dir='ltr'><strong>Possidii</strong></span> <span class='ocrx_word' id='word_1_468' title='bbox 1030 4801 1344 4867; x_wconf 86' lang='lat' dir='ltr'><strong>indiculum,</strong></span> <span class='ocrx_word' id='word_1_469' title='bbox 1374 4803 1547 4858; x_wconf 88' lang='lat' dir='ltr'><strong>altera</strong></span> <span class='ocrx_word' id='word_1_470' title='bbox 1583 4804 1703 4858; x_wconf 80' lang='lat' dir='ltr'><strong>vice</strong></span> <span class='ocrx_word' id='word_1_471' title='bbox 1731 4802 1819 4859; x_wconf 89' lang='lat' dir='ltr'><strong>hic</strong></span> <span class='ocrx_word' id='word_1_472' title='bbox 1858 4819 2053 4859; x_wconf 87' lang='lat' dir='ltr'><strong>excusa</strong></span> <span class='ocrx_word' id='word_1_473' title='bbox 2083 4823 2099 4871; x_wconf 93' lang='lat'><strong>;</strong></span> 
     </span>
    </p>
   </div>
   <div class='ocr_carea' id='block_1_64' title="bbox 511 4894 2101 4968">
    <p class='ocr_par' dir='ltr' id='par_1_64' title="bbox 511 4894 2101 4968">
     <span class='ocr_line' id='line_1_64' title="bbox 511 4894 2101 4968; baseline -0.001 -15"><span class='ocrx_word' id='word_1_474' title='bbox 511 4897 904 4953; x_wconf 83' lang='lat' dir='ltr'><strong>Animadversio</strong></span> <span class='ocrx_word' id='word_1_475' title='bbox 941 4897 998 4949; x_wconf 87' lang='lat' dir='ltr'><strong>in</strong></span> <span class='ocrx_word' id='word_1_476' title='bbox 1052 4894 1225 4950; x_wconf 87' lang='lat' dir='ltr'><strong>Vitam</strong></span> <span class='ocrx_word' id='word_1_477' title='bbox 1265 4895 1559 4966; x_wconf 74' lang='lat' dir='ltr'><strong>Augustini.</strong></span> <span class='ocrx_word' id='word_1_478' title='bbox 1599 4896 1755 4950; x_wconf 88' lang='lat' dir='ltr'><strong>Plura</strong></span> <span class='ocrx_word' id='word_1_479' title='bbox 1808 4901 2101 4968; x_wconf 84' lang='lat' dir='ltr'><strong>quominus</strong></span> 
     </span>
    </p>
   </div>
   <div class='ocr_carea' id='block_1_65' title="bbox 509 4987 2101 5059">
    <p class='ocr_par' dir='ltr' id='par_1_65' title="bbox 509 4987 2101 5059">
     <span class='ocr_line' id='line_1_65' title="bbox 509 4987 2101 5059; baseline 0 -17"><span class='ocrx_word' id='word_1_480' title='bbox 509 4987 779 5043; x_wconf 87' lang='lat' dir='ltr'><strong>addiderit</strong></span> <span class='ocrx_word' id='word_1_481' title='bbox 822 4989 928 5042; x_wconf 86' lang='lat' dir='ltr'><strong>tria</strong></span> <span class='ocrx_word' id='word_1_482' title='bbox 966 4987 1243 5041; x_wconf 91' lang='lat' dir='ltr'><strong>obstitisse</strong></span> <span class='ocrx_word' id='word_1_483' title='bbox 1297 4996 1504 5053; x_wconf 91' lang='lat' dir='ltr'><strong>monet,</strong></span> <span class='ocrx_word' id='word_1_484' title='bbox 1549 4987 1801 5043; x_wconf 88' lang='lat' dir='ltr'><strong>videlicet</strong></span> <span class='ocrx_word' id='word_1_485' title='bbox 1841 4996 2101 5059; x_wconf 85' lang='lat' dir='ltr'><strong>typogra-</strong></span> 
     </span>
    </p>
   </div>
   <div class='ocr_carea' id='block_1_66' title="bbox 508 5078 2097 5151">
    <p class='ocr_par' dir='ltr' id='par_1_66' title="bbox 508 5078 2097 5151">
     <span class='ocr_line' id='line_1_66' title="bbox 508 5078 2097 5151; baseline 0.002 -18"><span class='ocrx_word' id='word_1_486' title='bbox 508 5081 742 5149; x_wconf 91' lang='lat' dir='ltr'><strong>phorum</strong></span> <span class='ocrx_word' id='word_1_487' title='bbox 769 5078 1194 5145; x_wconf 83' lang='lat' dir='ltr'><strong>festinationem,</strong></span> <span class='ocrx_word' id='word_1_488' title='bbox 1234 5080 1475 5148; x_wconf 90' lang='lat' dir='ltr'><strong>ipsorum</strong></span> <span class='ocrx_word' id='word_1_489' title='bbox 1507 5079 1771 5135; x_wconf 88' lang='lat' dir='ltr'><strong>librorum</strong></span> <span class='ocrx_word' id='word_1_490' title='bbox 1806 5081 2097 5151; x_wconf 82' lang='lat' dir='ltr'><strong>Augustini</strong></span> 
     </span>
    </p>
   </div>
   <div class='ocr_carea' id='block_1_67' title="bbox 508 5172 2103 5244">
    <p class='ocr_par' dir='ltr' id='par_1_67' title="bbox 508 5172 2103 5244">
     <span class='ocr_line' id='line_1_67' title="bbox 508 5172 2103 5244; baseline 0.003 -17"><span class='ocrx_word' id='word_1_491' title='bbox 508 5185 698 5228; x_wconf 87' lang='lat' dir='ltr'><strong>contra</strong></span> <span class='ocrx_word' id='word_1_492' title='bbox 752 5172 1074 5244; x_wconf 84' lang='lat' dir='ltr'><strong>Pelagianos</strong></span> <span class='ocrx_word' id='word_1_493' title='bbox 1118 5173 1388 5237; x_wconf 89' lang='lat' dir='ltr'><strong>indolem,</strong></span> <span class='ocrx_word' id='word_1_494' title='bbox 1441 5173 1496 5229; x_wconf 93' lang='lat' dir='ltr'><strong>in</strong></span> <span class='ocrx_word' id='word_1_495' title='bbox 1553 5175 1748 5243; x_wconf 90' lang='lat' dir='ltr'><strong>quibus</strong></span> <span class='ocrx_word' id='word_1_496' title='bbox 1796 5175 2103 5231; x_wconf 68' lang='lat' dir='ltr'><strong>innumera:</strong></span> 
     </span>
    </p>
   </div>
   <div class='ocr_carea' id='block_1_68' title="bbox 506 5266 2094 5338">
    <p class='ocr_par' dir='ltr' id='par_1_68' title="bbox 506 5266 2094 5338">
     <span class='ocr_line' id='line_1_68' title="bbox 506 5266 2094 5338; baseline 0.001 -17"><span class='ocrx_word' id='word_1_497' title='bbox 506 5266 885 5335; x_wconf 90' lang='lat' dir='ltr'><strong>repetitiones,</strong></span> <span class='ocrx_word' id='word_1_498' title='bbox 918 5276 973 5321; x_wconf 92' lang='lat' dir='ltr'><strong>ut</strong></span> <span class='ocrx_word' id='word_1_499' title='bbox 991 5282 1110 5337; x_wconf 85' lang='lat' dir='ltr'><strong>quae</strong></span> <span class='ocrx_word' id='word_1_500' title='bbox 1128 5267 1303 5321; x_wconf 81' lang='lat' dir='ltr'><strong>tribus</strong></span> <span class='ocrx_word' id='word_1_501' title='bbox 1325 5266 1501 5322; x_wconf 89' lang='lat' dir='ltr'><strong>verbis</strong></span> <span class='ocrx_word' id='word_1_502' title='bbox 1526 5268 1736 5323; x_wconf 87' lang='lat' dir='ltr'><strong>absolvi</strong></span> <span class='ocrx_word' id='word_1_503' title='bbox 1763 5268 2094 5338; x_wconf 85' lang='lat' dir='ltr'><strong>potuissent,</strong></span> 
     </span>
    </p>
   </div>
   <div class='ocr_carea' id='block_1_69' title="bbox 510 5359 2103 5431">
    <p class='ocr_par' dir='ltr' id='par_1_69' title="bbox 510 5359 2103 5431">
     <span class='ocr_line' id='line_1_69' title="bbox 510 5359 2103 5431; baseline 0.002 -19"><span class='ocrx_word' id='word_1_504' title='bbox 510 5359 751 5415; x_wconf 89' lang='lat' dir='ltr'><strong>millenis</strong></span> <span class='ocrx_word' id='word_1_505' title='bbox 798 5359 944 5415; x_wconf 89' lang='lat' dir='ltr'><strong>dicta</strong></span> <span class='ocrx_word' id='word_1_506' title='bbox 996 5360 1126 5425; x_wconf 89' lang='lat' dir='ltr'><strong>sint,</strong></span> <span class='ocrx_word' id='word_1_507' title='bbox 1173 5360 1449 5431; x_wconf 88' lang='lat' dir='ltr'><strong>multaque</strong></span> <span class='ocrx_word' id='word_1_508' title='bbox 1496 5371 1760 5431; x_wconf 66' lang='lat' dir='ltr'><strong>praeterea</strong></span> <span class='ocrx_word' id='word_1_509' title='bbox 1794 5362 1971 5416; x_wconf 90' lang='lat' dir='ltr'><strong>aliena</strong></span> <span class='ocrx_word' id='word_1_510' title='bbox 2016 5361 2103 5415; x_wconf 92' lang='lat' dir='ltr'><strong>in-</strong></span> 
     </span>
    </p>
   </div>
   <div class='ocr_carea' id='block_1_70' title="bbox 508 5452 2097 5524">
    <p class='ocr_par' dir='ltr' id='par_1_70' title="bbox 508 5452 2097 5524">
     <span class='ocr_line' id='line_1_70' title="bbox 508 5452 2097 5524; baseline 0.003 -19"><span class='ocrx_word' id='word_1_511' title='bbox 508 5452 679 5519; x_wconf 88' lang='lat' dir='ltr'><strong>farta;</strong></span> <span class='ocrx_word' id='word_1_512' title='bbox 734 5453 953 5509; x_wconf 70' lang='lat' dir='ltr'><strong>taedium</strong></span> <span class='ocrx_word' id='word_1_513' title='bbox 1004 5454 1239 5524; x_wconf 89' lang='lat' dir='ltr'><strong>denique</strong></span> <span class='ocrx_word' id='word_1_514' title='bbox 1288 5454 1529 5509; x_wconf 91' lang='lat' dir='ltr'><strong>omnium</strong></span> <span class='ocrx_word' id='word_1_515' title='bbox 1585 5458 1775 5510; x_wconf 90' lang='lat' dir='ltr'><strong>harum</strong></span> <span class='ocrx_word' id='word_1_516' title='bbox 1834 5456 2097 5522; x_wconf 88' lang='lat' dir='ltr'><strong>rixarum,</strong></span> 
     </span>
    </p>
   </div>
   <div class='ocr_carea' id='block_1_71' title="bbox 585 5612 2098 5699">
    <p class='ocr_par' dir='ltr' id='par_1_71' title="bbox 585 5612 2098 5699">
     <span class='ocr_line' id='line_1_71' title="bbox 585 5612 2098 5699; baseline -0.001 -29"><span class='ocrx_word' id='word_1_517' title='bbox 585 5616 666 5688; x_wconf 89' lang='lat' dir='ltr'><strong>(a)</strong></span> <span class='ocrx_word' id='word_1_518' title='bbox 702 5612 919 5699; x_wconf 69' lang='lat' dir='ltr'><strong>Integer</strong></span> <span class='ocrx_word' id='word_1_519' title='bbox 937 5616 1060 5699; x_wconf 81' lang='lat' dir='ltr'><strong>libri</strong></span> <span class='ocrx_word' id='word_1_520' title='bbox 1075 5616 1274 5699; x_wconf 49' lang='lat' dir='ltr'><strong>&#39;ti&#39;tulus</strong></span> <span class='ocrx_word' id='word_1_521' title='bbox 1302 5627 1384 5698; x_wconf 75' lang='lat' dir='ltr'><strong>est</strong></span> <span class='ocrx_word' id='word_1_522' title='bbox 1404 5635 1420 5699; x_wconf 60' lang='grc' dir='ltr'><em>ε</em></span> <span class='ocrx_word' id='word_1_523' title='bbox 1452 5615 1698 5699; x_wconf 57' lang='lat' dir='ltr'><strong>Defensio</strong></span> <span class='ocrx_word' id='word_1_524' title='bbox 1727 5615 1787 5672; x_wconf 92' lang='lat' dir='ltr'><strong>S.</strong></span> <span class='ocrx_word' id='word_1_525' title='bbox 1817 5616 2098 5699; x_wconf 80' lang='lat' dir='ltr'><strong>Augustini</strong></span> 
     </span>
    </p>
   </div>
   <div class='ocr_carea' id='block_1_72' title="bbox 513 5684 2093 5769">
    <p class='ocr_par' dir='ltr' id='par_1_72' title="bbox 513 5684 2093 5769">
     <span class='ocr_line' id='line_1_72' title="bbox 513 5684 2093 5769; baseline -0.001 -29"><span class='ocrx_word' id='word_1_526' title='bbox 513 5684 761 5769; x_wconf 62' lang='lat' dir='ltr'><strong>adversus</strong></span> <span class='ocrx_word' id='word_1_527' title='bbox 799 5684 1026 5769; x_wconf 52' lang='lat' dir='ltr'><strong>{cannis</strong></span> <span class='ocrx_word' id='word_1_528' title='bbox 1060 5684 1368 5769; x_wconf 68' lang='lat' dir='ltr'><strong>_Pltereponi</strong></span> <span class='ocrx_word' id='word_1_529' title='bbox 1398 5687 1451 5769; x_wconf 70' lang='lat' dir='ltr'><strong>in</strong></span> <span class='ocrx_word' id='word_1_530' title='bbox 1494 5684 1605 5769; x_wconf 82' lang='lat' dir='ltr'><strong>ejus</strong></span> <span class='ocrx_word' id='word_1_531' title='bbox 1636 5688 1806 5769; x_wconf 72' lang='lat' dir='ltr'><strong>Opera</strong></span> <span class='ocrx_word' id='word_1_532' title='bbox 1835 5684 2093 5769; x_wconf 44' lang='lat' dir='ltr'><strong>.animad-</strong></span> 
     </span>
    </p>
   </div>
   <div class='ocr_carea' id='block_1_73' title="bbox 513 5758 2095 5838">
    <p class='ocr_par' dir='ltr' id='par_1_73' title="bbox 513 5758 2095 5838">
     <span class='ocr_line' id='line_1_73' title="bbox 513 5758 2095 5838; baseline -0.002 -25"><span class='ocrx_word' id='word_1_533' title='bbox 513 5759 1199 5838; x_wconf 39' lang='lat' dir='ltr'><strong>tersiones.§antabrigi:e,</strong></span> <span class='ocrx_word' id='word_1_534' title='bbox 1244 5759 1382 5838; x_wconf 60' lang='lat' dir='ltr'><strong>typis</strong></span> <span class='ocrx_word' id='word_1_535' title='bbox 1426 5758 1790 5838; x_wconf 72' lang='lat' dir='ltr'><strong>Academicis,</strong></span> <span class='ocrx_word' id='word_1_536' title='bbox 1834 5758 2095 5838; x_wconf 48' lang='lat' dir='ltr'><strong>ihmpensis</strong></span> 
     </span>
    </p>
   </div>
   <div class='ocr_carea' id='block_1_74' title="bbox 510 5827 2097 5891">
    <p class='ocr_par' dir='ltr' id='par_1_74' title="bbox 510 5827 2097 5891">
     <span class='ocr_line' id='line_1_74' title="bbox 510 5827 2097 5891; baseline -0.001 -5"><span class='ocrx_word' id='word_1_537' title='bbox 510 5827 770 5887; x_wconf 69' lang='lat' dir='ltr'><strong>Bis/tardi</strong></span> <span class='ocrx_word' id='word_1_538' title='bbox 816 5827 1207 5891; x_wconf 49' lang='lat' dir='ltr'><strong>Thurlbou&#39;rne.</strong></span> <span class='ocrx_word' id='word_1_539' title='bbox 1248 5827 1478 5890; x_wconf 79' lang='lat' dir='ltr'><strong>Biblioo.</strong></span> <span class='ocrx_word' id='word_1_540' title='bbox 1530 5832 1782 5887; x_wconf 83' lang='lat' dir='ltr'><strong>Cantabr.</strong></span> <span class='ocrx_word' id='word_1_541' title='bbox 1838 5830 2097 5886; x_wconf 86' lang='lat' dir='ltr'><strong>Prostant</strong></span> 
     </span>
    </p>
   </div>
   <div class='ocr_carea' id='block_1_75' title="bbox 2200 1943 3777 2019">
    <p class='ocr_par' dir='ltr' id='par_1_75' title="bbox 2200 1943 3777 2019">
     <span class='ocr_line' id='line_1_75' title="bbox 2200 1943 3777 2019; baseline 0 -21"><span class='ocrx_word' id='word_1_542' title='bbox 2200 1948 2301 2019; x_wconf 72' lang='lat' dir='ltr'><strong>gizn</strong></span> <span class='ocrx_word' id='word_1_543' title='bbox 2331 1946 2465 2000; x_wconf 85' lang='grc'><strong>1707</strong></span> <span class='ocrx_word' id='word_1_544' title='bbox 2494 1943 2592 2017; x_wconf 89' lang='lat' dir='ltr'><strong>(a),</strong></span> <span class='ocrx_word' id='word_1_545' title='bbox 2621 1955 2674 2000; x_wconf 88' lang='lat' dir='ltr'><strong>et</strong></span> <span class='ocrx_word' id='word_1_546' title='bbox 2704 1946 2904 1998; x_wconf 84' lang='lat' dir='ltr'><strong>Ludov.</strong></span> <span class='ocrx_word' id='word_1_547' title='bbox 2935 1950 3056 1999; x_wconf 88' lang='lat' dir='ltr'><strong>Ant.</strong></span> <span class='ocrx_word' id='word_1_548' title='bbox 3091 1944 3411 1999; x_wconf 82' lang='lat' dir='ltr'><strong>Muratorius</strong></span> <span class='ocrx_word' id='word_1_549' title='bbox 3461 1945 3513 1998; x_wconf 91' lang='lat' dir='ltr'><strong>in</strong></span> <span class='ocrx_word' id='word_1_550' title='bbox 3557 1944 3696 1997; x_wconf 92' lang='lat' dir='ltr'><strong>libro</strong></span> <span class='ocrx_word' id='word_1_551' title='bbox 3724 1959 3777 1998; x_wconf 88' lang='grc' dir='ltr'><strong>ιιι</strong></span> 
     </span>
    </p>
   </div>
   <div class='ocr_carea' id='block_1_76' title="bbox 2197 2035 3773 2108">
    <p class='ocr_par' dir='ltr' id='par_1_76' title="bbox 2197 2035 3773 2108">
     <span class='ocr_line' id='line_1_76' title="bbox 2197 2035 3773 2108; baseline -0.004 -17"><span class='ocrx_word' id='word_1_552' title='bbox 2197 2038 2381 2105; x_wconf 88' lang='lat' dir='ltr'><strong>operis</strong></span> <span class='ocrx_word' id='word_1_553' title='bbox 2408 2036 2474 2089; x_wconf 88' lang='lat' dir='ltr'><strong>de</strong></span> <span class='ocrx_word' id='word_1_554' title='bbox 2500 2038 2828 2108; x_wconf 86' lang='lat' dir='ltr'><strong>ingeniorum</strong></span> <span class='ocrx_word' id='word_1_555' title='bbox 2861 2035 3219 2089; x_wconf 82' lang='lat' dir='ltr'><strong>Moderatione</strong></span> <span class='ocrx_word' id='word_1_556' title='bbox 3251 2036 3302 2087; x_wconf 92' lang='lat' dir='ltr'><strong>in</strong></span> <span class='ocrx_word' id='word_1_557' title='bbox 3326 2035 3593 2105; x_wconf 80' lang='lat' dir='ltr'><strong>religionis</strong></span> <span class='ocrx_word' id='word_1_558' title='bbox 3619 2050 3773 2104; x_wconf 79' lang='lat' dir='ltr'><strong>nego-</strong></span> 
     </span>
    </p>
   </div>
   <div class='ocr_carea' id='block_1_77' title="bbox 2198 2126 3776 2195">
    <p class='ocr_par' dir='ltr' id='par_1_77' title="bbox 2198 2126 3776 2195">
     <span class='ocr_line' id='line_1_77' title="bbox 2198 2126 3776 2195; baseline -0.001 -15"><span class='ocrx_word' id='word_1_559' title='bbox 2198 2129 2290 2192; x_wconf 89' lang='lat' dir='ltr'><strong>tio,</strong></span> <span class='ocrx_word' id='word_1_560' title='bbox 2322 2127 2421 2182; x_wconf 90' lang='lat' dir='ltr'><strong>sub</strong></span> <span class='ocrx_word' id='word_1_561' title='bbox 2460 2127 2699 2180; x_wconf 89' lang='lat' dir='ltr'><strong>Lamindi</strong></span> <span class='ocrx_word' id='word_1_562' title='bbox 2729 2128 2952 2181; x_wconf 84' lang='lat' dir='ltr'><strong>Pritanii</strong></span> <span class='ocrx_word' id='word_1_563' title='bbox 2980 2142 3212 2195; x_wconf 89' lang='lat' dir='ltr'><strong>persona</strong></span> <span class='ocrx_word' id='word_1_564' title='bbox 3241 2143 3289 2179; x_wconf 85' lang='lat' dir='ltr'><strong>a.</strong></span> <span class='ocrx_word' id='word_1_565' title='bbox 3324 2126 3463 2180; x_wconf 73' lang='lat' dir='ltr'><strong>17M</strong></span> <span class='ocrx_word' id='word_1_566' title='bbox 3492 2128 3641 2191; x_wconf 89' lang='lat' dir='ltr'><strong>editi,</strong></span> <span class='ocrx_word' id='word_1_567' title='bbox 3675 2128 3776 2179; x_wconf 83' lang='lat' dir='ltr'><strong>Au-</strong></span> 
     </span>
    </p>
   </div>
   <div class='ocr_carea' id='block_1_78' title="bbox 2197 2220 3781 2291">
    <p class='ocr_par' dir='ltr' id='par_1_78' title="bbox 2197 2220 3781 2291">
     <span class='ocr_line' id='line_1_78' title="bbox 2197 2220 3781 2291; baseline -0.001 -18"><span class='ocrx_word' id='word_1_568' title='bbox 2197 2221 2397 2291; x_wconf 90' lang='lat' dir='ltr'><strong>gustini</strong></span> <span class='ocrx_word' id='word_1_569' title='bbox 2434 2223 2797 2290; x_wconf 87' lang='lat' dir='ltr'><strong>patrocinium</strong></span> <span class='ocrx_word' id='word_1_570' title='bbox 2828 2233 3011 2275; x_wconf 75' lang='lat' dir='ltr'><strong>contra</strong></span> <span class='ocrx_word' id='word_1_571' title='bbox 3044 2220 3290 2275; x_wconf 90' lang='lat' dir='ltr'><strong>eumdem</strong></span> <span class='ocrx_word' id='word_1_572' title='bbox 3318 2222 3573 2287; x_wconf 83' lang='lat' dir='ltr'><strong>suscepit.</strong></span> <span class='ocrx_word' id='word_1_573' title='bbox 3599 2220 3781 2274; x_wconf 76' lang='lat' dir='ltr'><strong>[itania</strong></span> 
     </span>
    </p>
   </div>
   <div class='ocr_carea' id='block_1_79' title="bbox 2201 2312 3780 2383">
    <p class='ocr_par' dir='ltr' id='par_1_79' title="bbox 2201 2312 3780 2383">
     <span class='ocr_line' id='line_1_79' title="bbox 2201 2312 3780 2383; baseline 0 -16"><span class='ocrx_word' id='word_1_574' title='bbox 2201 2323 2379 2368; x_wconf 79' lang='lat' dir='ltr'><strong>autem</strong></span> <span class='ocrx_word' id='word_1_575' title='bbox 2414 2324 2538 2367; x_wconf 91' lang='lat' dir='ltr'><strong>sunt</strong></span> <span class='ocrx_word' id='word_1_576' title='bbox 2566 2324 2620 2367; x_wconf 91' lang='lat' dir='ltr'><strong>et</strong></span> <span class='ocrx_word' id='word_1_577' title='bbox 2652 2314 2850 2369; x_wconf 89' lang='lat' dir='ltr'><strong>insulsa</strong></span> <span class='ocrx_word' id='word_1_578' title='bbox 2883 2316 3057 2383; x_wconf 89' lang='lat' dir='ltr'><strong>plane,</strong></span> <span class='ocrx_word' id='word_1_579' title='bbox 3088 2327 3209 2383; x_wconf 64' lang='lat' dir='ltr'><strong>quae</strong></span> <span class='ocrx_word' id='word_1_580' title='bbox 3249 2314 3304 2367; x_wconf 90' lang='lat' dir='ltr'><strong>in</strong></span> <span class='ocrx_word' id='word_1_581' title='bbox 3332 2312 3422 2367; x_wconf 82' lang='lat' dir='ltr'><strong>Jo.</strong></span> <span class='ocrx_word' id='word_1_582' title='bbox 3444 2313 3705 2368; x_wconf 83' lang='lat' dir='ltr'><strong>Clericum</strong></span> <span class='ocrx_word' id='word_1_583' title='bbox 3731 2314 3780 2368; x_wconf 90' lang='lat' dir='ltr'><strong>in</strong></span> 
     </span>
    </p>
   </div>
   <div class='ocr_carea' id='block_1_80' title="bbox 2201 2405 3786 2475">
    <p class='ocr_par' dir='ltr' id='par_1_80' title="bbox 2201 2405 3786 2475">
     <span class='ocr_line' id='line_1_80' title="bbox 2201 2405 3786 2475; baseline -0.002 -16"><span class='ocrx_word' id='word_1_584' title='bbox 2201 2405 2363 2475; x_wconf 91' lang='lat' dir='ltr'><strong>hujus</strong></span> <span class='ocrx_word' id='word_1_585' title='bbox 2393 2406 2648 2460; x_wconf 88' lang='lat' dir='ltr'><strong>editionis</strong></span> <span class='ocrx_word' id='word_1_586' title='bbox 2678 2418 2733 2460; x_wconf 92' lang='lat' dir='ltr'><strong>et</strong></span> <span class='ocrx_word' id='word_1_587' title='bbox 2758 2408 3029 2475; x_wconf 72' lang='lat' dir='ltr'><strong>prmcipue</strong></span> <span class='ocrx_word' id='word_1_588' title='bbox 3052 2405 3361 2474; x_wconf 89' lang='lat' dir='ltr'><strong>appendicis</strong></span> <span class='ocrx_word' id='word_1_589' title='bbox 3388 2418 3786 2459; x_wconf 82' lang='lat' dir='ltr'><strong>commemora-</strong></span> 
     </span>
    </p>
   </div>
   <div class='ocr_carea' id='block_1_81' title="bbox 2201 2494 3785 2565">
    <p class='ocr_par' dir='ltr' id='par_1_81' title="bbox 2201 2494 3785 2565">
     <span class='ocr_line' id='line_1_81' title="bbox 2201 2494 3785 2565; baseline -0.001 -16"><span class='ocrx_word' id='word_1_590' title='bbox 2201 2495 2346 2550; x_wconf 89' lang='lat' dir='ltr'><strong>tione</strong></span> <span class='ocrx_word' id='word_1_591' title='bbox 2373 2496 2606 2565; x_wconf 88' lang='lat' dir='ltr'><strong>conjecit</strong></span> <span class='ocrx_word' id='word_1_592' title='bbox 2634 2498 2879 2551; x_wconf 89' lang='lat' dir='ltr'><strong>convicia</strong></span> <span class='ocrx_word' id='word_1_593' title='bbox 2909 2496 3191 2549; x_wconf 86' lang='lat' dir='ltr'><strong>Casimirus</strong></span> <span class='ocrx_word' id='word_1_594' title='bbox 3224 2495 3457 2550; x_wconf 83' lang='lat' dir='ltr'><strong>Oudinus</strong></span> <span class='ocrx_word' id='word_1_595' title='bbox 3488 2495 3552 2550; x_wconf 89' lang='lat' dir='ltr'><strong>T.</strong></span> <span class='ocrx_word' id='word_1_596' title='bbox 3586 2495 3603 2549; x_wconf 95' lang='lat' dir='ltr'><strong>I</strong></span> <span class='ocrx_word' id='word_1_597' title='bbox 3631 2494 3785 2550; x_wconf 84' lang='lat' dir='ltr'><strong>Com-</strong></span> 
     </span>
    </p>
   </div>
   <div class='ocr_carea' id='block_1_82' title="bbox 2202 2580 3783 2658">
    <p class='ocr_par' dir='ltr' id='par_1_82' title="bbox 2202 2580 3783 2658">
     <span class='ocr_line' id='line_1_82' title="bbox 2202 2580 3783 2658; baseline -0.001 -16"><span class='ocrx_word' id='word_1_598' title='bbox 2202 2580 2418 2642; x_wconf 86' lang='lat' dir='ltr'><strong>mentar.</strong></span> <span class='ocrx_word' id='word_1_599' title='bbox 2452 2604 2506 2658; x_wconf 90' lang='lat' dir='ltr'><strong>p.</strong></span> <span class='ocrx_word' id='word_1_600' title='bbox 2549 2588 2653 2643; x_wconf 75' lang='lat'><strong>986</strong></span> <span class='ocrx_word' id='word_1_601' title='bbox 2685 2588 3105 2658; x_wconf 77' lang='lat' dir='ltr'><strong>seqq._Coronat</strong></span> <span class='ocrx_word' id='word_1_602' title='bbox 3133 2602 3269 2656; x_wconf 92' lang='lat' dir='ltr'><strong>opus</strong></span> <span class='ocrx_word' id='word_1_603' title='bbox 3294 2588 3453 2641; x_wconf 73' lang='lat' dir='ltr'><strong>index</strong></span> <span class='ocrx_word' id='word_1_604' title='bbox 3490 2586 3783 2642; x_wconf 91' lang='lat' dir='ltr'><strong>admodum</strong></span> 
     </span>
    </p>
   </div>
   <div class='ocr_carea' id='block_1_83' title="bbox 2202 2676 3783 2750">
    <p class='ocr_par' dir='ltr' id='par_1_83' title="bbox 2202 2676 3783 2750">
     <span class='ocr_line' id='line_1_83' title="bbox 2202 2676 3783 2750; baseline -0.001 -15"><span class='ocrx_word' id='word_1_605' title='bbox 2202 2681 2341 2735; x_wconf 90' lang='lat' dir='ltr'><strong>scite</strong></span> <span class='ocrx_word' id='word_1_606' title='bbox 2364 2680 2641 2735; x_wconf 84' lang='lat' dir='ltr'><strong>confectus</strong></span> <span class='ocrx_word' id='word_1_607' title='bbox 2669 2676 2721 2735; x_wconf 82' lang='lat' dir='ltr'><strong>et</strong></span> <span class='ocrx_word' id='word_1_608' title='bbox 2752 2680 3062 2748; x_wconf 71' lang='lat' dir='ltr'><strong>bibliopola:</strong></span> <span class='ocrx_word' id='word_1_609' title='bbox 3098 2679 3382 2745; x_wconf 88' lang='lat' dir='ltr'><strong>monitum,</strong></span> <span class='ocrx_word' id='word_1_610' title='bbox 3414 2695 3523 2750; x_wconf 91' lang='lat' dir='ltr'><strong>quo</strong></span> <span class='ocrx_word' id='word_1_611' title='bbox 3554 2680 3783 2734; x_wconf 90' lang='lat' dir='ltr'><strong>seorsim</strong></span> 
     </span>
    </p>
   </div>
   <div class='ocr_carea' id='block_1_84' title="bbox 2202 2759 3784 2845">
    <p class='ocr_par' dir='ltr' id='par_1_84' title="bbox 2202 2759 3784 2845">
     <span class='ocr_line' id='line_1_84' title="bbox 2202 2759 3784 2845; baseline -0.002 -18"><span class='ocrx_word' id='word_1_612' title='bbox 2202 2790 2417 2845; x_wconf 90' lang='lat' dir='ltr'><strong>quoque</strong></span> <span class='ocrx_word' id='word_1_613' title='bbox 2444 2774 2584 2829; x_wconf 90' lang='lat' dir='ltr'><strong>hunc</strong></span> <span class='ocrx_word' id='word_1_614' title='bbox 2616 2774 2708 2829; x_wconf 81' lang='lat' dir='ltr'><strong>XII</strong></span> <span class='ocrx_word' id='word_1_615' title='bbox 2734 2784 2959 2839; x_wconf 91' lang='lat' dir='ltr'><strong>tomum,</strong></span> <span class='ocrx_word' id='word_1_616' title='bbox 2994 2788 3116 2828; x_wconf 91' lang='lat' dir='ltr'><strong>cum</strong></span> <span class='ocrx_word' id='word_1_617' title='bbox 3143 2776 3193 2826; x_wconf 90' lang='lat' dir='ltr'><strong>in</strong></span> <span class='ocrx_word' id='word_1_618' title='bbox 3228 2759 3445 2839; x_wconf 85' lang='lat' dir='ltr'><strong>minori,</strong></span> <span class='ocrx_word' id='word_1_619' title='bbox 3481 2783 3592 2827; x_wconf 94' lang='lat' dir='ltr'><strong>tum</strong></span> <span class='ocrx_word' id='word_1_620' title='bbox 3619 2774 3784 2828; x_wconf 87' lang='lat' dir='ltr'><strong>etiam</strong></span> 
     </span>
    </p>
   </div>
   <div class='ocr_carea' id='block_1_85' title="bbox 2203 2865 3784 2937">
    <p class='ocr_par' dir='ltr' id='par_1_85' title="bbox 2203 2865 3784 2937">
     <span class='ocr_line' id='line_1_85' title="bbox 2203 2865 3784 2937; baseline -0.002 -15"><span class='ocrx_word' id='word_1_621' title='bbox 2203 2869 2394 2936; x_wconf 88' lang='lat' dir='ltr'><strong>majori</strong></span> <span class='ocrx_word' id='word_1_622' title='bbox 2436 2867 2647 2932; x_wconf 86' lang='lat' dir='ltr'><strong>charta,</strong></span> <span class='ocrx_word' id='word_1_623' title='bbox 2690 2876 2749 2921; x_wconf 92' lang='lat' dir='ltr'><strong>ut</strong></span> <span class='ocrx_word' id='word_1_624' title='bbox 2797 2877 2979 2937; x_wconf 90' lang='lat' dir='ltr'><strong>posset</strong></span> <span class='ocrx_word' id='word_1_625' title='bbox 3033 2882 3153 2922; x_wconf 92' lang='lat' dir='ltr'><strong>cum</strong></span> <span class='ocrx_word' id='word_1_626' title='bbox 3207 2866 3501 2922; x_wconf 89' lang='lat' dir='ltr'><strong>Parisiensi</strong></span> <span class='ocrx_word' id='word_1_627' title='bbox 3541 2865 3784 2921; x_wconf 88' lang='lat' dir='ltr'><strong>editione</strong></span> 
     </span>
    </p>
   </div>
   <div class='ocr_carea' id='block_1_86' title="bbox 2203 2957 3783 3028">
    <p class='ocr_par' dir='ltr' id='par_1_86' title="bbox 2203 2957 3783 3028">
     <span class='ocr_line' id='line_1_86' title="bbox 2203 2957 3783 3028; baseline -0.004 -12"><span class='ocrx_word' id='word_1_628' title='bbox 2203 2960 2480 3028; x_wconf 79' lang='lat' dir='ltr'><strong>Conjungi,</strong></span> <span class='ocrx_word' id='word_1_629' title='bbox 2507 2960 2850 3013; x_wconf 85' lang='lat' dir='ltr'><strong>venditurum</strong></span> <span class='ocrx_word' id='word_1_630' title='bbox 2875 2974 2934 3014; x_wconf 91' lang='lat' dir='ltr'><strong>se</strong></span> <span class='ocrx_word' id='word_1_631' title='bbox 2960 2958 3224 3028; x_wconf 90' lang='lat' dir='ltr'><strong>promisit.</strong></span> <span class='ocrx_word' id='word_1_632' title='bbox 3257 2957 3561 3014; x_wconf 79' lang='lat' dir='ltr'><strong>Recensent</strong></span> <span class='ocrx_word' id='word_1_633' title='bbox 3583 2972 3783 3026; x_wconf 82' lang='lat' dir='ltr'><strong>appen-</strong></span> 
     </span>
    </p>
   </div>
   <div class='ocr_carea' id='block_1_87' title="bbox 2202 3047 3780 3119">
    <p class='ocr_par' dir='ltr' id='par_1_87' title="bbox 2202 3047 3780 3119">
     <span class='ocr_line' id='line_1_87' title="bbox 2202 3047 3780 3119; baseline -0.001 -15"><span class='ocrx_word' id='word_1_634' title='bbox 2202 3048 2376 3104; x_wconf 88' lang='lat' dir='ltr'><strong>dicem</strong></span> <span class='ocrx_word' id='word_1_635' title='bbox 2424 3050 2867 3119; x_wconf 85' lang='lat' dir='ltr'><strong>Augustinianam</strong></span> <span class='ocrx_word' id='word_1_636' title='bbox 2898 3050 3029 3104; x_wconf 86' lang='lat' dir='ltr'><strong>Acta</strong></span> <span class='ocrx_word' id='word_1_637' title='bbox 3062 3048 3406 3103; x_wconf 81' lang='lat' dir='ltr'><strong>Eruditorum</strong></span> <span class='ocrx_word' id='word_1_638' title='bbox 3440 3047 3589 3119; x_wconf 89' lang='lat' dir='ltr'><strong>Lips.</strong></span> <span class='ocrx_word' id='word_1_639' title='bbox 3620 3048 3780 3115; x_wconf 81' lang='grc'><strong>1705,</strong></span> 
     </span>
    </p>
   </div>
   <div class='ocr_carea' id='block_1_88' title="bbox 2154 3140 2860 3212">
    <p class='ocr_par' dir='ltr' id='par_1_88' title="bbox 2154 3140 2860 3212">
     <span class='ocr_line' id='line_1_88' title="bbox 2154 3140 2860 3212; baseline 0 -17"><span class='ocrx_word' id='word_1_640' title='bbox 2154 3184 2157 3185; x_wconf 43' lang='grc' dir='ltr'><em>ν</em></span> <span class='ocrx_word' id='word_1_641' title='bbox 2205 3157 2278 3196; x_wconf 93' lang='lat' dir='ltr'><strong>m.</strong></span> <span class='ocrx_word' id='word_1_642' title='bbox 2304 3140 2410 3197; x_wconf 91' lang='lat' dir='ltr'><strong>Jul.</strong></span> <span class='ocrx_word' id='word_1_643' title='bbox 2445 3157 2603 3212; x_wconf 87' lang='lat' dir='ltr'><strong>pagg.</strong></span> <span class='ocrx_word' id='word_1_644' title='bbox 2632 3141 2860 3197; x_wconf 70' lang='lat'><strong>289-92.</strong></span> 
     </span>
    </p>
   </div>
   <div class='ocr_carea' id='block_1_89' title="bbox 493 3214 2167 3305">
    <p class='ocr_par' dir='ltr' id='par_1_89' title="bbox 493 3214 2167 3305">
     <span class='ocr_line' id='line_1_89' title="bbox 493 3214 2167 3305; baseline 0.004 -20"><span class='ocrx_word' id='word_1_645' title='bbox 493 3228 663 3286; x_wconf 84' lang='lat' dir='ltr'><strong>libros</strong></span> <span class='ocrx_word' id='word_1_646' title='bbox 688 3240 875 3286; x_wconf 89' lang='lat' dir='ltr'><strong>contra</strong></span> <span class='ocrx_word' id='word_1_647' title='bbox 909 3233 1202 3301; x_wconf 80' lang='lat' dir='ltr'><strong>Epistulam</strong></span> <span class='ocrx_word' id='word_1_648' title='bbox 1236 3232 1572 3288; x_wconf 85' lang='lat' dir='ltr'><strong>Parmeniani</strong></span> <span class='ocrx_word' id='word_1_649' title='bbox 1608 3250 1705 3290; x_wconf 90' lang='lat' dir='ltr'><strong>nos</strong></span> <span class='ocrx_word' id='word_1_650' title='bbox 1729 3251 1945 3305; x_wconf 89' lang='lat' dir='ltr'><strong>quoque</strong></span> <span class='ocrx_word' id='word_1_651' title='bbox 1991 3236 2095 3290; x_wconf 85' lang='lat' dir='ltr'><strong>ite-</strong></span> <span class='ocrx_word' id='word_1_652' title='bbox 2118 3214 2167 3281; x_wconf 61' lang='grc' dir='ltr'><strong>(ἶ</strong></span> 
     </span>
    </p>
   </div>
   <div class='ocr_carea' id='block_1_90' title="bbox 2862 3234 3117 3291">
    <p class='ocr_par' dir='ltr' id='par_1_90' title="bbox 2862 3234 3117 3291">
     <span class='ocr_line' id='line_1_90' title="bbox 2862 3234 3117 3291; baseline 0.004 -2"><span class='ocrx_word' id='word_1_653' title='bbox 2862 3234 3117 3291; x_wconf 70' lang='grc'><strong>1729-52.</strong></span> 
     </span>
    </p>
   </div>
   <div class='ocr_carea' id='block_1_91' title="bbox 2278 3326 3792 3400">
    <p class='ocr_par' dir='ltr' id='par_1_91' title="bbox 2278 3326 3792 3400">
     <span class='ocr_line' id='line_1_91' title="bbox 2278 3326 3792 3400; baseline -0.003 -17"><span class='ocrx_word' id='word_1_654' title='bbox 2278 3328 2508 3383; x_wconf 86' lang='lat' dir='ltr'><strong>Venetiis</strong></span> <span class='ocrx_word' id='word_1_655' title='bbox 2532 3328 2814 3384; x_wconf 72' lang='lat' dir='ltr'><strong>excutiebat</strong></span> <span class='ocrx_word' id='word_1_656' title='bbox 2844 3328 2932 3383; x_wconf 83' lang='lat' dir='ltr'><strong>Jo.</strong></span> <span class='ocrx_word' id='word_1_657' title='bbox 2960 3328 3119 3400; x_wconf 86' lang='lat' dir='ltr'><strong>Bapt.</strong></span> <span class='ocrx_word' id='word_1_658' title='bbox 3163 3327 3390 3383; x_wconf 77' lang='lat' dir='ltr'><strong>Albrizzi</strong></span> <span class='ocrx_word' id='word_1_659' title='bbox 3422 3327 3632 3380; x_wconf 81' lang='lat' dir='ltr'><strong>Hieron.</strong></span> <span class='ocrx_word' id='word_1_660' title='bbox 3669 3326 3792 3395; x_wconf 64' lang='lat' dir='ltr'><strong>ﬁt;</strong></span> 
     </span>
    </p>
   </div>
   <div class='ocr_carea' id='block_1_92' title="bbox 2202 3420 3788 3492">
    <p class='ocr_par' dir='ltr' id='par_1_92' title="bbox 2202 3420 3788 3492">
     <span class='ocr_line' id='line_1_92' title="bbox 2202 3420 3788 3492; baseline -0.002 -17"><span class='ocrx_word' id='word_1_661' title='bbox 2202 3422 2391 3490; x_wconf 75' lang='lat' dir='ltr'><strong>iri-fol.</strong></span> <span class='ocrx_word' id='word_1_662' title='bbox 2422 3421 2604 3476; x_wconf 88' lang='lat' dir='ltr'><strong>Sancti</strong></span> <span class='ocrx_word' id='word_1_663' title='bbox 2635 3423 2939 3492; x_wconf 88' lang='lat' dir='ltr'><strong>Augustini,</strong></span> <span class='ocrx_word' id='word_1_664' title='bbox 2975 3422 3133 3492; x_wconf 79' lang='lat' dir='ltr'><strong>Hipp.</strong></span> <span class='ocrx_word' id='word_1_665' title='bbox 3165 3420 3407 3491; x_wconf 83' lang='lat' dir='ltr'><strong>episcopi</strong></span> <span class='ocrx_word' id='word_1_666' title='bbox 3435 3421 3672 3490; x_wconf 90' lang='lat' dir='ltr'><strong>Operum</strong></span> <span class='ocrx_word' id='word_1_667' title='bbox 3708 3429 3788 3473; x_wconf 85' lang='lat' dir='ltr'><strong>to-</strong></span> 
     </span>
    </p>
   </div>
   <div class='ocr_carea' id='block_1_93' title="bbox 2204 3510 3795 3584">
    <p class='ocr_par' dir='ltr' id='par_1_93' title="bbox 2204 3510 3795 3584">
     <span class='ocr_line' id='line_1_93' title="bbox 2204 3510 3795 3584; baseline -0.004 -15"><span class='ocrx_word' id='word_1_668' title='bbox 2204 3529 2327 3569; x_wconf 91' lang='lat' dir='ltr'><strong>mus</strong></span> <span class='ocrx_word' id='word_1_669' title='bbox 2359 3512 2452 3568; x_wconf 86' lang='lat' dir='ltr'><strong>l-V</strong></span> <span class='ocrx_word' id='word_1_670' title='bbox 2482 3523 2607 3583; x_wconf 89' lang='lat' dir='ltr'><strong>post</strong></span> <span class='ocrx_word' id='word_1_671' title='bbox 2643 3513 3053 3568; x_wconf 88' lang='lat' dir='ltr'><strong>Lovaniensium</strong></span> <span class='ocrx_word' id='word_1_672' title='bbox 3103 3514 3472 3584; x_wconf 87' lang='lat' dir='ltr'><strong>theologorum</strong></span> <span class='ocrx_word' id='word_1_673' title='bbox 3517 3510 3795 3573; x_wconf 88' lang='lat' dir='ltr'><strong>recensio-</strong></span> 
     </span>
    </p>
   </div>
   <div class='ocr_carea' id='block_1_94' title="bbox 2203 3600 3795 3673">
    <p class='ocr_par' dir='ltr' id='par_1_94' title="bbox 2203 3600 3795 3673">
     <span class='ocr_line' id='line_1_94' title="bbox 2203 3600 3795 3673; baseline -0.003 -15"><span class='ocrx_word' id='word_1_674' title='bbox 2203 3620 2327 3659; x_wconf 88' lang='lat' dir='ltr'><strong>nem</strong></span> <span class='ocrx_word' id='word_1_675' title='bbox 2356 3604 2646 3673; x_wconf 85' lang='lat' dir='ltr'><strong>castigatus</strong></span> <span class='ocrx_word' id='word_1_676' title='bbox 2675 3605 2853 3659; x_wconf 93' lang='lat' dir='ltr'><strong>denuo</strong></span> <span class='ocrx_word' id='word_1_677' title='bbox 2884 3603 2951 3658; x_wconf 91' lang='lat' dir='ltr'><strong>ad</strong></span> <span class='ocrx_word' id='word_1_678' title='bbox 2978 3605 3374 3672; x_wconf 88' lang='lat' dir='ltr'><strong>manuscriptos</strong></span> <span class='ocrx_word' id='word_1_679' title='bbox 3401 3603 3615 3658; x_wconf 90' lang='lat' dir='ltr'><strong>codices</strong></span> <span class='ocrx_word' id='word_1_680' title='bbox 3654 3600 3795 3657; x_wconf 86' lang='lat' dir='ltr'><strong>Gal-</strong></span> 
     </span>
    </p>
   </div>
   <div class='ocr_carea' id='block_1_95' title="bbox 2203 3694 3796 3765">
    <p class='ocr_par' dir='ltr' id='par_1_95' title="bbox 2203 3694 3796 3765">
     <span class='ocr_line' id='line_1_95' title="bbox 2203 3694 3796 3765; baseline -0.003 -14"><span class='ocrx_word' id='word_1_681' title='bbox 2203 3696 2429 3763; x_wconf 86' lang='lat' dir='ltr'><strong>licanos,</strong></span> <span class='ocrx_word' id='word_1_682' title='bbox 2463 3696 2768 3764; x_wconf 81' lang='lat' dir='ltr'><strong>Vaticanos,</strong></span> <span class='ocrx_word' id='word_1_683' title='bbox 2812 3706 2943 3763; x_wconf 89' lang='lat' dir='ltr'><strong>etc.,</strong></span> <span class='ocrx_word' id='word_1_684' title='bbox 2996 3705 3101 3751; x_wconf 89' lang='lat' dir='ltr'><strong>ctc.</strong></span> <span class='ocrx_word' id='word_1_685' title='bbox 3131 3698 3307 3765; x_wconf 89' lang='lat' dir='ltr'><strong>Opera</strong></span> <span class='ocrx_word' id='word_1_686' title='bbox 3356 3706 3409 3750; x_wconf 91' lang='lat' dir='ltr'><strong>et</strong></span> <span class='ocrx_word' id='word_1_687' title='bbox 3449 3694 3630 3749; x_wconf 92' lang='lat' dir='ltr'><strong>studio</strong></span> <span class='ocrx_word' id='word_1_688' title='bbox 3673 3710 3796 3748; x_wconf 82' lang='lat' dir='ltr'><strong>mo-</strong></span> 
     </span>
    </p>
   </div>
   <div class='ocr_carea' id='block_1_96' title="bbox 2204 3786 3792 3859">
    <p class='ocr_par' dir='ltr' id='par_1_96' title="bbox 2204 3786 3792 3859">
     <span class='ocr_line' id='line_1_96' title="bbox 2204 3786 3792 3859; baseline -0.002 -16"><span class='ocrx_word' id='word_1_689' title='bbox 2204 3789 2497 3843; x_wconf 88' lang='lat' dir='ltr'><strong>nachorum</strong></span> <span class='ocrx_word' id='word_1_690' title='bbox 2544 3789 2749 3844; x_wconf 90' lang='lat' dir='ltr'><strong>ordinis</strong></span> <span class='ocrx_word' id='word_1_691' title='bbox 2798 3789 2978 3844; x_wconf 87' lang='lat' dir='ltr'><strong>Sancti</strong></span> <span class='ocrx_word' id='word_1_692' title='bbox 3024 3789 3296 3844; x_wconf 89' lang='lat' dir='ltr'><strong>Benedicti</strong></span> <span class='ocrx_word' id='word_1_693' title='bbox 3342 3803 3373 3844; x_wconf 89' lang='lat' dir='ltr'><strong>e</strong></span> <span class='ocrx_word' id='word_1_694' title='bbox 3420 3802 3680 3859; x_wconf 81' lang='lat' dir='ltr'><strong>congreg.</strong></span> <span class='ocrx_word' id='word_1_695' title='bbox 3732 3786 3792 3842; x_wconf 92' lang='lat' dir='ltr'><strong>S.</strong></span> 
     </span>
    </p>
   </div>
   <div class='ocr_carea' id='block_1_97' title="bbox 2205 3882 2396 3936">
    <p class='ocr_par' dir='ltr' id='par_1_97' title="bbox 2205 3882 2396 3936">
     <span class='ocr_line' id='line_1_97' title="bbox 2205 3882 2396 3936; baseline -0.005 0"><span class='ocrx_word' id='word_1_696' title='bbox 2205 3882 2396 3936; x_wconf 87' lang='lat' dir='ltr'><strong>Mauri.</strong></span> 
     </span>
    </p>
   </div>
   <div class='ocr_carea' id='block_1_98' title="bbox 2276 3964 3798 4042">
    <p class='ocr_par' dir='ltr' id='par_1_98' title="bbox 2276 3964 3798 4042">
     <span class='ocr_line' id='line_1_98' title="bbox 2276 3964 3798 4042; baseline -0.002 -14"><span class='ocrx_word' id='word_1_697' title='bbox 2276 3964 2427 4029; x_wconf 82' lang='lat' dir='ltr'><strong>Nuda</strong></span> <span class='ocrx_word' id='word_1_698' title='bbox 2452 3974 2745 4042; x_wconf 85' lang='lat' dir='ltr'><strong>descriptio</strong></span> <span class='ocrx_word' id='word_1_699' title='bbox 2774 3975 3028 4029; x_wconf 78' lang='lat' dir='ltr'><strong>editionis</strong></span> <span class='ocrx_word' id='word_1_700' title='bbox 3052 3976 3394 4031; x_wconf 87' lang='lat' dir='ltr'><strong>Parisiensis.</strong></span> <span class='ocrx_word' id='word_1_701' title='bbox 3428 3976 3517 4030; x_wconf 89' lang='lat' dir='ltr'><strong>Sic</strong></span> <span class='ocrx_word' id='word_1_702' title='bbox 3540 3973 3689 4029; x_wconf 85' lang='lat' dir='ltr'><strong>enim</strong></span> <span class='ocrx_word' id='word_1_703' title='bbox 3726 3972 3798 4026; x_wconf 88' lang='lat' dir='ltr'><strong>ab</strong></span> 
     </span>
    </p>
   </div>
   <div class='ocr_carea' id='block_1_99' title="bbox 2204 4065 3803 4139">
    <p class='ocr_par' dir='ltr' id='par_1_99' title="bbox 2204 4065 3803 4139">
     <span class='ocr_line' id='line_1_99' title="bbox 2204 4065 3803 4139; baseline -0.002 -20"><span class='ocrx_word' id='word_1_704' title='bbox 2204 4065 2359 4120; x_wconf 87' lang='lat' dir='ltr'><strong>initio</strong></span> <span class='ocrx_word' id='word_1_705' title='bbox 2402 4066 2677 4135; x_wconf 80' lang='lat' dir='ltr'><strong>professus</strong></span> <span class='ocrx_word' id='word_1_706' title='bbox 2723 4078 2839 4121; x_wconf 91' lang='lat' dir='ltr'><strong>erat</strong></span> <span class='ocrx_word' id='word_1_707' title='bbox 2890 4067 3273 4139; x_wconf 83' lang='lat' dir='ltr'><strong>typographus.</strong></span> <span class='ocrx_word' id='word_1_708' title='bbox 3320 4066 3405 4122; x_wconf 81' lang='lat' dir='ltr'><strong>Cf.</strong></span> <span class='ocrx_word' id='word_1_709' title='bbox 3464 4065 3601 4120; x_wconf 78' lang='lat' dir='ltr'><strong>Nov.</strong></span> <span class='ocrx_word' id='word_1_710' title='bbox 3648 4065 3803 4117; x_wconf 82' lang='lat' dir='ltr'><strong>della</strong></span> 
     </span>
    </p>
   </div>
   <div class='ocr_carea' id='block_1_100' title="bbox 2205 4148 3801 4227">
    <p class='ocr_par' dir='ltr' id='par_1_100' title="bbox 2205 4148 3801 4227">
     <span class='ocr_line' id='line_1_100' title="bbox 2205 4148 3801 4227; baseline -0.001 -17"><span class='ocrx_word' id='word_1_711' title='bbox 2205 4154 2340 4227; x_wconf 89' lang='lat' dir='ltr'><strong>Rep.</strong></span> <span class='ocrx_word' id='word_1_712' title='bbox 2370 4158 2501 4210; x_wconf 83' lang='lat' dir='ltr'><strong>delle</strong></span> <span class='ocrx_word' id='word_1_713' title='bbox 2531 4157 2731 4211; x_wconf 82' lang='lat' dir='ltr'><strong>Lettere</strong></span> <span class='ocrx_word' id='word_1_714' title='bbox 2770 4148 2941 4211; x_wconf 83' lang='lat' dir='ltr'><strong>Martii</strong></span> <span class='ocrx_word' id='word_1_715' title='bbox 2986 4160 3145 4220; x_wconf 69' lang='grc'><strong>1729,</strong></span> <span class='ocrx_word' id='word_1_716' title='bbox 3177 4173 3299 4227; x_wconf 85' lang='lat' dir='ltr'><strong>pag.</strong></span> <span class='ocrx_word' id='word_1_717' title='bbox 3349 4160 3439 4213; x_wconf 71' lang='grc'>94.</span> <span class='ocrx_word' id='word_1_718' title='bbox 3472 4157 3801 4224; x_wconf 88' lang='lat' dir='ltr'><strong>Ibidemque</strong></span> 
     </span>
    </p>
   </div>
   <div class='ocr_carea' id='block_1_101' title="bbox 2205 4249 3801 4322">
    <p class='ocr_par' dir='ltr' id='par_1_101' title="bbox 2205 4249 3801 4322">
     <span class='ocr_line' id='line_1_101' title="bbox 2205 4249 3801 4322; baseline -0.002 -18"><span class='ocrx_word' id='word_1_719' title='bbox 2205 4267 2282 4305; x_wconf 82' lang='grc' dir='ltr'><strong><em>ιιι.</em></strong></span> <span class='ocrx_word' id='word_1_720' title='bbox 2301 4252 2462 4305; x_wconf 89' lang='lat' dir='ltr'><strong>.lunio</strong></span> <span class='ocrx_word' id='word_1_721' title='bbox 2485 4266 2606 4321; x_wconf 91' lang='lat' dir='ltr'><strong>pag.</strong></span> <span class='ocrx_word' id='word_1_722' title='bbox 2636 4250 2735 4307; x_wconf 82' lang='lat' dir='ltr'><strong>I99</strong></span> <span class='ocrx_word' id='word_1_723' title='bbox 2768 4253 3008 4305; x_wconf 91' lang='lat' dir='ltr'><strong>inuuitur</strong></span> <span class='ocrx_word' id='word_1_724' title='bbox 3037 4261 3227 4305; x_wconf 88' lang='lat' dir='ltr'><strong>tomum</strong></span> <span class='ocrx_word' id='word_1_725' title='bbox 3252 4253 3469 4322; x_wconf 88' lang='lat' dir='ltr'><strong>primum</strong></span> <span class='ocrx_word' id='word_1_726' title='bbox 3497 4249 3801 4319; x_wconf 85' lang='lat' dir='ltr'><strong>prodiisse.</strong></span> 
     </span>
    </p>
   </div>
   <div class='ocr_carea' id='block_1_102' title="bbox 2204 4338 3800 4408">
    <p class='ocr_par' dir='ltr' id='par_1_102' title="bbox 2204 4338 3800 4408">
     <span class='ocr_line' id='line_1_102' title="bbox 2204 4338 3800 4408; baseline -0.001 -13"><span class='ocrx_word' id='word_1_727' title='bbox 2204 4338 2407 4395; x_wconf 83' lang='lat' dir='ltr'><strong>Tertius</strong></span> <span class='ocrx_word' id='word_1_728' title='bbox 2427 4342 2583 4408; x_wconf 89' lang='lat' dir='ltr'><strong>pleno</strong></span> <span class='ocrx_word' id='word_1_729' title='bbox 2614 4341 2765 4395; x_wconf 87' lang='lat' dir='ltr'><strong>titulo</strong></span> <span class='ocrx_word' id='word_1_730' title='bbox 2789 4341 3054 4396; x_wconf 86' lang='lat' dir='ltr'><strong>indicatur</strong></span> <span class='ocrx_word' id='word_1_731' title='bbox 3083 4343 3279 4396; x_wconf 68' lang='lat' dir='ltr'><strong>ibIlIelll</strong></span> <span class='ocrx_word' id='word_1_732' title='bbox 3304 4359 3354 4396; x_wconf 93' lang='lat' dir='ltr'><strong>a.</strong></span> <span class='ocrx_word' id='word_1_733' title='bbox 3387 4342 3523 4396; x_wconf 80' lang='grc'><strong>1750</strong></span> <span class='ocrx_word' id='word_1_734' title='bbox 3551 4357 3621 4394; x_wconf 89' lang='lat' dir='ltr'><strong>m.</strong></span> <span class='ocrx_word' id='word_1_735' title='bbox 3652 4341 3800 4394; x_wconf 79' lang='lat' dir='ltr'><strong>Jun.</strong></span> 
     </span>
    </p>
   </div>
   <div class='ocr_carea' id='block_1_103' title="bbox 2202 4434 3803 4505">
    <p class='ocr_par' dir='ltr' id='par_1_103' title="bbox 2202 4434 3803 4505">
     <span class='ocr_line' id='line_1_103' title="bbox 2202 4434 3803 4505; baseline -0.002 -16"><span class='ocrx_word' id='word_1_736' title='bbox 2202 4450 2327 4505; x_wconf 88' lang='lat' dir='ltr'><strong>pag.</strong></span> <span class='ocrx_word' id='word_1_737' title='bbox 2386 4435 2507 4491; x_wconf 78' lang='grc'><strong>195.</strong></span> <span class='ocrx_word' id='word_1_738' title='bbox 2572 4434 2795 4500; x_wconf 78' lang='lat' dir='ltr'><strong>Quintus</strong></span> <span class='ocrx_word' id='word_1_739' title='bbox 2855 4434 3050 4490; x_wconf 90' lang='lat' dir='ltr'><strong>ibidem</strong></span> <span class='ocrx_word' id='word_1_740' title='bbox 3115 4435 3243 4489; x_wconf 79' lang='grc'><strong>1751</strong></span> <span class='ocrx_word' id='word_1_741' title='bbox 3284 4480 3298 4501; x_wconf 90' lang='grc'><em>,</em></span> <span class='ocrx_word' id='word_1_742' title='bbox 3379 4451 3451 4488; x_wconf 87' lang='grc' dir='ltr'><strong>ιη.</strong></span> <span class='ocrx_word' id='word_1_743' title='bbox 3517 4434 3803 4501; x_wconf 87' lang='lat' dir='ltr'><strong>August.,</strong></span> 
     </span>
    </p>
   </div>
   <div class='ocr_carea' id='block_1_104' title="bbox 2160 4525 3806 4598">
    <p class='ocr_par' dir='ltr' id='par_1_104' title="bbox 2160 4525 3806 4598">
     <span class='ocr_line' id='line_1_104' title="bbox 2160 4525 3806 4598; baseline -0.001 -18"><span class='ocrx_word' id='word_1_744' title='bbox 2160 4568 2167 4598; x_wconf 52' lang='grc' dir='ltr'>ε</span> <span class='ocrx_word' id='word_1_745' title='bbox 2204 4542 2327 4597; x_wconf 90' lang='lat' dir='ltr'><strong>pag.</strong></span> <span class='ocrx_word' id='word_1_746' title='bbox 2359 4527 2484 4581; x_wconf 72' lang='lat'><strong>2&#39;57.</strong></span> <span class='ocrx_word' id='word_1_747' title='bbox 2513 4526 2724 4595; x_wconf 78' lang='lat' dir='ltr'><strong>Reliqui</strong></span> <span class='ocrx_word' id='word_1_748' title='bbox 2755 4526 2884 4581; x_wconf 93' lang='lat' dir='ltr'><strong>tomi</strong></span> <span class='ocrx_word' id='word_1_749' title='bbox 2922 4543 2989 4582; x_wconf 88' lang='lat' dir='ltr'><strong>an</strong></span> <span class='ocrx_word' id='word_1_750' title='bbox 3017 4525 3339 4598; x_wconf 89' lang='lat' dir='ltr'><strong>prodierint,</strong></span> <span class='ocrx_word' id='word_1_751' title='bbox 3385 4541 3485 4581; x_wconf 89' lang='lat' dir='ltr'><strong>nec</strong></span> <span class='ocrx_word' id='word_1_752' title='bbox 3514 4541 3600 4590; x_wconf 87' lang='lat' dir='ltr'><strong>ne,</strong></span> <span class='ocrx_word' id='word_1_753' title='bbox 3635 4527 3806 4594; x_wconf 82' lang='lat' dir='ltr'><strong>igno—</strong></span> 
     </span>
    </p>
   </div>
   <div class='ocr_carea' id='block_1_105' title="bbox 511 4584 2175 4689">
    <p class='ocr_par' dir='ltr' id='par_1_105' title="bbox 511 4584 2175 4689">
     <span class='ocr_line' id='line_1_105' title="bbox 511 4584 2175 4689; baseline 0.001 -18"><span class='ocrx_word' id='word_1_754' title='bbox 511 4617 698 4689; x_wconf 84' lang='lat' dir='ltr'><strong>Operis</strong></span> <span class='ocrx_word' id='word_1_755' title='bbox 738 4618 1028 4687; x_wconf 74' lang='lat' dir='ltr'><strong>imperfecti</strong></span> <span class='ocrx_word' id='word_1_756' title='bbox 1055 4628 1233 4671; x_wconf 87' lang='lat' dir='ltr'><strong>contra</strong></span> <span class='ocrx_word' id='word_1_757' title='bbox 1257 4614 1533 4670; x_wconf 76' lang='lat' dir='ltr'><strong>Iulianum</strong></span> <span class='ocrx_word' id='word_1_758' title='bbox 1550 4634 1569 4684; x_wconf 88' lang='lat'><em>;</em></span> <span class='ocrx_word' id='word_1_759' title='bbox 1614 4617 2094 4673; x_wconf 84' lang='lat' dir='ltr'><strong>Animadversiones</strong></span> <span class='ocrx_word' id='word_1_760' title='bbox 2120 4584 2175 4657; x_wconf 65' lang='grc' dir='ltr'><strong>Π</strong></span> 
     </span>
    </p>
   </div>
   <div class='ocr_carea' id='block_1_106' title="bbox 2205 4619 2661 4677">
    <p class='ocr_par' dir='ltr' id='par_1_106' title="bbox 2205 4619 2661 4677">
     <span class='ocr_line' id='line_1_106' title="bbox 2205 4619 2661 4677; baseline 0.004 -3"><span class='ocrx_word' id='word_1_761' title='bbox 2205 4635 2328 4674; x_wconf 87' lang='lat' dir='ltr'><strong>rare</strong></span> <span class='ocrx_word' id='word_1_762' title='bbox 2358 4635 2444 4674; x_wconf 91' lang='lat' dir='ltr'><strong>me</strong></span> <span class='ocrx_word' id='word_1_763' title='bbox 2468 4619 2661 4677; x_wconf 84' lang='lat' dir='ltr'><strong>fateor.</strong></span> 
     </span>
    </p>
   </div>
   <div class='ocr_carea' id='block_1_107' title="bbox 2918 4708 3078 4765">
    <p class='ocr_par' dir='ltr' id='par_1_107' title="bbox 2918 4708 3078 4765">
     <span class='ocr_line' id='line_1_107' title="bbox 2918 4708 3078 4765; baseline -0.013 0"><span class='ocrx_word' id='word_1_764' title='bbox 2918 4708 3078 4765; x_wconf 71' lang='grc'><strong>1754.</strong></span> 
     </span>
    </p>
   </div>
   <div class='ocr_carea' id='block_1_108' title="bbox 2284 4799 3801 4870">
    <p class='ocr_par' dir='ltr' id='par_1_108' title="bbox 2284 4799 3801 4870">
     <span class='ocr_line' id='line_1_108' title="bbox 2284 4799 3801 4870; baseline -0.004 -10"><span class='ocrx_word' id='word_1_765' title='bbox 2284 4804 2465 4860; x_wconf 75' lang='lat' dir='ltr'><strong>Roma:</strong></span> <span class='ocrx_word' id='word_1_766' title='bbox 2508 4804 2650 4870; x_wconf 85' lang='lat' dir='ltr'><strong>apud</strong></span> <span class='ocrx_word' id='word_1_767' title='bbox 2687 4800 2903 4856; x_wconf 83' lang='lat' dir='ltr'><strong>Fratres</strong></span> <span class='ocrx_word' id='word_1_768' title='bbox 2938 4799 3305 4867; x_wconf 87' lang='lat' dir='ltr'><strong>Palearinios;</strong></span> <span class='ocrx_word' id='word_1_769' title='bbox 3345 4802 3513 4867; x_wconf 87' lang='lat' dir='ltr'><strong>in-8°,</strong></span> <span class='ocrx_word' id='word_1_770' title='bbox 3548 4802 3673 4854; x_wconf 79' lang='lat' dir='ltr'><strong>torni</strong></span> <span class='ocrx_word' id='word_1_771' title='bbox 3707 4800 3801 4859; x_wconf 87' lang='lat' dir='ltr'><strong>Il.</strong></span> 
     </span>
    </p>
   </div>
   <div class='ocr_carea' id='block_1_109' title="bbox 2210 4893 3805 4963">
    <p class='ocr_par' dir='ltr' id='par_1_109' title="bbox 2210 4893 3805 4963">
     <span class='ocr_line' id='line_1_109' title="bbox 2210 4893 3805 4963; baseline -0.004 -11"><span class='ocrx_word' id='word_1_772' title='bbox 2210 4899 2270 4952; x_wconf 88' lang='lat' dir='ltr'><strong>S.</strong></span> <span class='ocrx_word' id='word_1_773' title='bbox 2304 4899 2437 4951; x_wconf 89' lang='lat' dir='ltr'><strong>Aur.</strong></span> <span class='ocrx_word' id='word_1_774' title='bbox 2485 4894 2787 4963; x_wconf 89' lang='lat' dir='ltr'><strong>Augustini,</strong></span> <span class='ocrx_word' id='word_1_775' title='bbox 2826 4893 3184 4963; x_wconf 86' lang='lat' dir='ltr'><strong>Hipponensis</strong></span> <span class='ocrx_word' id='word_1_776' title='bbox 3214 4894 3476 4963; x_wconf 81' lang='lat' dir='ltr'><strong>episcopi,</strong></span> <span class='ocrx_word' id='word_1_777' title='bbox 3508 4893 3577 4948; x_wconf 88' lang='lat' dir='ltr'><strong>de</strong></span> <span class='ocrx_word' id='word_1_778' title='bbox 3607 4893 3805 4947; x_wconf 80' lang='lat' dir='ltr'><strong>Gratia</strong></span> 
     </span>
    </p>
   </div>
   <div class='ocr_carea' id='block_1_110' title="bbox 2211 4985 3811 5044">
    <p class='ocr_par' dir='ltr' id='par_1_110' title="bbox 2211 4985 3811 5044">
     <span class='ocr_line' id='line_1_110' title="bbox 2211 4985 3811 5044; baseline -0.003 -3"><span class='ocrx_word' id='word_1_779' title='bbox 2211 4990 2305 5044; x_wconf 85' lang='lat' dir='ltr'><strong>Dei</strong></span> <span class='ocrx_word' id='word_1_780' title='bbox 2337 4998 2392 5043; x_wconf 90' lang='lat' dir='ltr'><strong>et</strong></span> <span class='ocrx_word' id='word_1_781' title='bbox 2436 4989 2608 5042; x_wconf 89' lang='lat' dir='ltr'><strong>libero</strong></span> <span class='ocrx_word' id='word_1_782' title='bbox 2649 4986 2887 5040; x_wconf 86' lang='lat' dir='ltr'><strong>Arbitrio</strong></span> <span class='ocrx_word' id='word_1_783' title='bbox 2935 4985 3166 5039; x_wconf 90' lang='lat' dir='ltr'><strong>hominis</strong></span> <span class='ocrx_word' id='word_1_784' title='bbox 3212 4997 3264 5039; x_wconf 90' lang='lat' dir='ltr'><strong>et</strong></span> <span class='ocrx_word' id='word_1_785' title='bbox 3309 4985 3811 5039; x_wconf 70' lang='lat' dir='ltr'><strong>Przedestinatiune</strong></span> 
     </span>
    </p>
   </div>
   <div class='ocr_carea' id='block_1_111' title="bbox 2212 5077 3784 5151">
    <p class='ocr_par' dir='ltr' id='par_1_111' title="bbox 2212 5077 3784 5151">
     <span class='ocr_line' id='line_1_111' title="bbox 2212 5077 3784 5151; baseline -0.006 -11"><span class='ocrx_word' id='word_1_786' title='bbox 2212 5093 2520 5140; x_wconf 90' lang='lat' dir='ltr'><strong>sanctorum</strong></span> <span class='ocrx_word' id='word_1_787' title='bbox 2571 5097 2734 5151; x_wconf 80' lang='lat' dir='ltr'><strong>opera</strong></span> <span class='ocrx_word' id='word_1_788' title='bbox 2788 5082 3007 5134; x_wconf 86' lang='lat' dir='ltr'><strong>selecta.</strong></span> <span class='ocrx_word' id='word_1_789' title='bbox 3066 5079 3367 5133; x_wconf 89' lang='lat' dir='ltr'><strong>Editionem</strong></span> <span class='ocrx_word' id='word_1_790' title='bbox 3418 5077 3784 5133; x_wconf 87' lang='lat' dir='ltr'><strong>emendatissi</strong></span> 
     </span>
    </p>
   </div>
   <div class='ocr_carea' id='block_1_112' title="bbox 2212 5168 3811 5241">
    <p class='ocr_par' dir='ltr' id='par_1_112' title="bbox 2212 5168 3811 5241">
     <span class='ocr_line' id='line_1_112' title="bbox 2212 5168 3811 5241; baseline -0.006 -12"><span class='ocrx_word' id='word_1_791' title='bbox 2212 5188 2375 5241; x_wconf 84' lang='lat' dir='ltr'><strong>main,</strong></span> <span class='ocrx_word' id='word_1_792' title='bbox 2408 5182 2461 5228; x_wconf 91' lang='lat' dir='ltr'><strong>et</strong></span> <span class='ocrx_word' id='word_1_793' title='bbox 2492 5174 2655 5227; x_wconf 85' lang='lat' dir='ltr'><strong>variis</strong></span> <span class='ocrx_word' id='word_1_794' title='bbox 2684 5173 3006 5226; x_wconf 89' lang='lat' dir='ltr'><strong>lectionibus</strong></span> <span class='ocrx_word' id='word_1_795' title='bbox 3034 5170 3269 5236; x_wconf 87' lang='lat' dir='ltr'><strong>undique</strong></span> <span class='ocrx_word' id='word_1_796' title='bbox 3310 5170 3576 5230; x_wconf 78' lang='lat' dir='ltr'><strong>coIIeCIis,</strong></span> <span class='ocrx_word' id='word_1_797' title='bbox 3610 5168 3811 5235; x_wconf 72' lang='lat' dir='ltr'><strong>pr:eci«</strong></span> 
     </span>
    </p>
   </div>
   <div class='ocr_carea' id='block_1_113' title="bbox 2215 5260 3813 5337">
    <p class='ocr_par' dir='ltr' id='par_1_113' title="bbox 2215 5260 3813 5337">
     <span class='ocr_line' id='line_1_113' title="bbox 2215 5260 3813 5337; baseline -0.006 -18"><span class='ocrx_word' id='word_1_798' title='bbox 2215 5272 2316 5337; x_wconf 90' lang='lat' dir='ltr'><strong>pue</strong></span> <span class='ocrx_word' id='word_1_799' title='bbox 2350 5280 2477 5320; x_wconf 89' lang='lat' dir='ltr'><strong>vero</strong></span> <span class='ocrx_word' id='word_1_800' title='bbox 2507 5280 2570 5319; x_wconf 86' lang='lat' dir='ltr'><strong>ex</strong></span> <span class='ocrx_word' id='word_1_801' title='bbox 2614 5263 2773 5317; x_wconf 73' lang='lat' dir='ltr'><strong>Codd.</strong></span> <span class='ocrx_word' id='word_1_802' title='bbox 2808 5276 2938 5315; x_wconf 89' lang='lat' dir='ltr'><strong>mss.</strong></span> <span class='ocrx_word' id='word_1_803' title='bbox 2978 5260 3253 5314; x_wconf 80' lang='lat' dir='ltr'><strong>Vaticanis</strong></span> <span class='ocrx_word' id='word_1_804' title='bbox 3294 5260 3609 5315; x_wconf 89' lang='lat' dir='ltr'><strong>adornatam</strong></span> <span class='ocrx_word' id='word_1_805' title='bbox 3644 5275 3813 5313; x_wconf 83' lang='lat' dir='ltr'><strong>cura-</strong></span> 
     </span>
    </p>
   </div>
   <div class='ocr_carea' id='block_1_114' title="bbox 2212 5352 3485 5427">
    <p class='ocr_par' dir='ltr' id='par_1_114' title="bbox 2212 5352 3485 5427">
     <span class='ocr_line' id='line_1_114' title="bbox 2212 5352 3485 5427; baseline -0.006 -14"><span class='ocrx_word' id='word_1_806' title='bbox 2212 5360 2292 5413; x_wconf 78' lang='lat' dir='ltr'><strong>vit</strong></span> <span class='ocrx_word' id='word_1_807' title='bbox 2319 5356 2387 5412; x_wconf 88' lang='lat' dir='ltr'><strong>P.</strong></span> <span class='ocrx_word' id='word_1_808' title='bbox 2418 5355 2485 5410; x_wconf 82' lang='lat' dir='ltr'><strong>F.</strong></span> <span class='ocrx_word' id='word_1_809' title='bbox 2521 5354 2587 5412; x_wconf 83' lang='lat' dir='ltr'><strong>F.</strong></span> <span class='ocrx_word' id='word_1_810' title='bbox 2621 5353 2835 5427; x_wconf 87' lang='lat' dir='ltr'><strong>(Petrus</strong></span> <span class='ocrx_word' id='word_1_811' title='bbox 2866 5352 3185 5407; x_wconf 86' lang='lat' dir='ltr'><strong>Franciscus</strong></span> <span class='ocrx_word' id='word_1_812' title='bbox 3212 5352 3485 5424; x_wconf 87' lang='lat' dir='ltr'><strong>Foggini.)</strong></span> 
     </span>
    </p>
   </div>
   <div class='ocr_carea' id='block_1_115' title="bbox 2289 5444 3815 5518">
    <p class='ocr_par' dir='ltr' id='par_1_115' title="bbox 2289 5444 3815 5518">
     <span class='ocr_line' id='line_1_115' title="bbox 2289 5444 3815 5518; baseline -0.007 -11"><span class='ocrx_word' id='word_1_813' title='bbox 2289 5454 2404 5507; x_wconf 92' lang='lat' dir='ltr'><strong>Duo</strong></span> <span class='ocrx_word' id='word_1_814' title='bbox 2436 5451 2553 5505; x_wconf 76' lang='lat' dir='ltr'><strong>Itzec</strong></span> <span class='ocrx_word' id='word_1_815' title='bbox 2575 5448 2875 5514; x_wconf 89' lang='lat' dir='ltr'><strong>volumina,</strong></span> <span class='ocrx_word' id='word_1_816' title='bbox 2907 5462 3028 5518; x_wconf 64' lang='lat' dir='ltr'><strong>qua:</strong></span> <span class='ocrx_word' id='word_1_817' title='bbox 3068 5448 3296 5501; x_wconf 89' lang='lat' dir='ltr'><strong>seorsim</strong></span> <span class='ocrx_word' id='word_1_818' title='bbox 3325 5453 3582 5510; x_wconf 87' lang='lat' dir='ltr'><strong>veneunt,</strong></span> <span class='ocrx_word' id='word_1_819' title='bbox 3625 5444 3702 5498; x_wconf 91' lang='lat' dir='ltr'><strong>uti</strong></span> <span class='ocrx_word' id='word_1_820' title='bbox 3740 5444 3815 5497; x_wconf 86' lang='lat' dir='ltr'><strong>ti-</strong></span> 
     </span>
    </p>
   </div>
   <div class='ocr_carea' id='block_1_116' title="bbox 2212 5601 3813 5677">
    <p class='ocr_par' dir='ltr' id='par_1_116' title="bbox 2212 5601 3813 5677">
     <span class='ocr_line' id='line_1_116' title="bbox 2212 5601 3813 5677; baseline -0.006 -12"><span class='ocrx_word' id='word_1_821' title='bbox 2212 5610 2433 5668; x_wconf 80' lang='lat' dir='ltr'><strong>venales</strong></span> <span class='ocrx_word' id='word_1_822' title='bbox 2471 5608 2611 5677; x_wconf 86' lang='lat' dir='ltr'><strong>apud</strong></span> <span class='ocrx_word' id='word_1_823' title='bbox 2650 5607 2787 5677; x_wconf 79' lang='lat' dir='ltr'><strong>Rob.</strong></span> <span class='ocrx_word' id='word_1_824' title='bbox 2832 5604 3237 5677; x_wconf 19' lang='lat' dir='ltr'><strong>Knaplockuad</strong></span> <span class='ocrx_word' id='word_1_825' title='bbox 3280 5602 3545 5677; x_wconf 76' lang='lat' dir='ltr'><strong>Angelum</strong></span> <span class='ocrx_word' id='word_1_826' title='bbox 3587 5601 3813 5677; x_wconf 65' lang='lat' dir='ltr'><strong>incae-</strong></span> 
     </span>
    </p>
   </div>
   <div class='ocr_carea' id='block_1_117' title="bbox 2214 5672 3815 5742">
    <p class='ocr_par' dir='ltr' id='par_1_117' title="bbox 2214 5672 3815 5742">
     <span class='ocr_line' id='line_1_117' title="bbox 2214 5672 3815 5742; baseline -0.01 -4"><span class='ocrx_word' id='word_1_827' title='bbox 2214 5682 2442 5737; x_wconf 86' lang='lat' dir='ltr'><strong>meterio</strong></span> <span class='ocrx_word' id='word_1_828' title='bbox 2476 5672 2534 5733; x_wconf 79' lang='lat' dir='ltr'><strong>D.</strong></span> <span class='ocrx_word' id='word_1_829' title='bbox 2571 5680 2738 5742; x_wconf 82' lang='lat' dir='ltr'><strong>Pauli,</strong></span> <span class='ocrx_word' id='word_1_830' title='bbox 2766 5672 2991 5731; x_wconf 84' lang='lat' dir='ltr'><strong>Londin.</strong></span> <span class='ocrx_word' id='word_1_831' title='bbox 3034 5674 3194 5738; x_wconf 84' lang='grc'>1707,</span> <span class='ocrx_word' id='word_1_832' title='bbox 3229 5674 3396 5729; x_wconf 69' lang='lat' dir='ltr'><strong>iit-8°.</strong></span> <span class='ocrx_word' id='word_1_833' title='bbox 3442 5672 3815 5742; x_wconf 77' lang='lat' dir='ltr'><strong>Augustinum</strong></span> 
     </span>
    </p>
   </div>
   <div class='ocr_carea' id='block_1_118' title="bbox 2214 5744 3814 5812">
    <p class='ocr_par' dir='ltr' id='par_1_118' title="bbox 2214 5744 3814 5812">
     <span class='ocr_line' id='line_1_118' title="bbox 2214 5744 3814 5812; baseline -0.005 -5"><span class='ocrx_word' id='word_1_834' title='bbox 2214 5754 2479 5808; x_wconf 81' lang='lat' dir='ltr'><strong>interdum</strong></span> <span class='ocrx_word' id='word_1_835' title='bbox 2522 5750 2657 5805; x_wconf 87' lang='lat' dir='ltr'><strong>bene</strong></span> <span class='ocrx_word' id='word_1_836' title='bbox 2702 5762 2904 5810; x_wconf 89' lang='lat' dir='ltr'><strong>tuetur,</strong></span> <span class='ocrx_word' id='word_1_837' title='bbox 2937 5765 3040 5801; x_wconf 88' lang='lat' dir='ltr'><strong>non</strong></span> <span class='ocrx_word' id='word_1_838' title='bbox 3087 5761 3239 5812; x_wconf 63' lang='lat' dir='ltr'><strong>mque</strong></span> <span class='ocrx_word' id='word_1_839' title='bbox 3268 5744 3512 5800; x_wconf 81' lang='lat' dir='ltr'><strong>secundo</strong></span> <span class='ocrx_word' id='word_1_840' title='bbox 3539 5757 3814 5801; x_wconf 76' lang='lat' dir='ltr'><strong>successu</strong></span> 
     </span>
    </p>
   </div>
   <div class='ocr_carea' id='block_1_119' title="bbox 2211 5820 3366 5886">
    <p class='ocr_par' dir='ltr' id='par_1_119' title="bbox 2211 5820 3366 5886">
     <span class='ocr_line' id='line_1_119' title="bbox 2211 5820 3366 5886; baseline -0.011 -2"><span class='ocrx_word' id='word_1_841' title='bbox 2211 5826 2450 5886; x_wconf 76' lang='lat' dir='ltr'><strong>reliquas</strong></span> <span class='ocrx_word' id='word_1_842' title='bbox 2483 5822 2676 5877; x_wconf 86' lang='lat' dir='ltr'><strong>Clerici</strong></span> <span class='ocrx_word' id='word_1_843' title='bbox 2706 5820 3003 5876; x_wconf 83' lang='lat' dir='ltr'><strong>sententias</strong></span> <span class='ocrx_word' id='word_1_844' title='bbox 3027 5822 3366 5884; x_wconf 68' lang='lat' dir='ltr'><strong>impugnans.</strong></span> 
     </span>
    </p>
   </div>
  </div>
