4010 6350
550 401 651 457 Hi

1440 408 1995 467 SUPPLEMENTUM
2034 409 2127 463 AD
2164 407 2391 463 OPERA
2434 410 2491 463 S.
2532 410 2921 467 AUGUSTINI.
3688 422 3770 476 ll!

546 522 812 593 recogniti
862 522 1094 591 fuerint,
1122 526 1482 582 adduxerunt.
1514 528 1745 583 Tantum
1777 541 1905 582 vero
1953 525 2125 587 abest.

2305 521 2837 590 FLOBEFHACBSSES,
2872 524 3106 579 coenobii
3137 523 3323 578 nescio
3346 526 3492 595 cujus
3530 527 3771 604 Florrlﬁc,

547 624 609 669 ut
634 615 1016 687 descriptionis
1034 618 1237 689 aliquid
1259 621 1331 674 sit
1345 619 1607 687 additum,
1632 632 1688 675 ut
1709 620 1888 689 potius
1911 619 1999 672 illa
2023 619 2137 688 ipsa

546 707 765 762 nomina
797 723 905 763 non
950 711 1192 780 singulos
1216 711 1455 777 codices,
1482 712 1565 766 vel
1609 712 1781 765 aztalis
1805 711 1982 777 aliqua
2013 720 2137 764 nota

546 810 639 853 aut
662 800 1109 857 bibliothecarum
1140 804 1383 858 numeris
1414 804 1598 857 aliisve
1629 804 1794 873 signis
1816 803 2136 864 distinctos,

545 892 641 948 sed
665 894 866 948 classes
897 894 1128 963 plurium
1160 896 1318 951 unius
1362 898 1459 951 loci
1493 898 1749 951 librorum
1782 894 2061 959 denotent,
2086 905 2140 948 et

544 983 593 1037 si
641 985 762 1053 quis
810 985 1069 1056 indagare
1120 989 1319 1052 vellet,
1352 1004 1471 1058 qua:
1517 988 1797 1056 Augustini
1844 988 2045 1053 scripta
2071 984 2137 1037 ad

545 1089 988 1147 unumquemque
1031 1080 1367 1147 pertineant,
1407 1079 1604 1133 frustra
1656 1080 1881 1133 multum
1940 1080 2141 1131 laboris

545 1178 692 1223 esset
718 1180 1161 1240 consumpturus.
1208 1172 1477 1226 Fortassis
1506 1173 1687 1240 itaque
1734 1188 1838 1225 non
1870 1171 2051 1239 inepte
2075 1185 2137 1223 ea

544 1259 662 1329 ipsa
693 1261 972 1317 nominum
1023 1278 1122 1331 per
1150 1264 1358 1331 singula
1402 1264 1458 1317 S.
1494 1263 1741 1317 Doctoris
1773 1262 1974 1329 scripta
2008 1275 2139 1312 enn-

544 1353 778 1406 meratio
808 1368 837 1405 a
871 1354 1027 1408 nobis
1054 1354 1289 1408 exhibita
1329 1354 1537 1419 luisset,
1571 1371 1671 1423 qua
1696 1354 1748 1406 id
1788 1353 1978 1407 saltem
2010 1367 2141 1413 con-

544 1453 831 1498 secuturos
861 1458 959 1496 nos
984 1443 1309 1513 sperandum
1339 1454 1476 1510 erat,
1511 1456 1567 1497 ut
1587 1445 1677 1514 qui
1706 1444 1758 1497 in
1788 1442 2140 1497 bibliotheca-

545 1547 665 1587 rum
716 1548 848 1588 mss.
877 1534 1267 1588 abundantium
1318 1536 1595 1604 catalogus
1641 1535 1964 1599 inciderent,
2012 1535 2139 1589 dum

544 1636 740 1678 omnes
780 1624 896 1679 fere
927 1626 1149 1695 paginas
1186 1626 1594 1696 Augustinianis
1640 1627 1855 1696 scriptis
1904 1627 2140 1697 repletas

545 1717 829 1783 viderent,
858 1728 951 1773 aut
977 1719 1024 1774 si
1077 1720 1223 1788 ipsas
1253 1720 1611 1774 biblimhecas
1648 1720 2003 1776 accessissent
2029 1762 2044 1785 ,
2086 1728 2143 1773 et

544 1810 796 1867 eumdem
834 1826 1027 1866 omnes
1058 1828 1198 1881 pene
1225 1812 1431 1867 forulos
1451 1814 1833 1868 ecclesiasticis
1862 1812 2140 1882 scriptori-

2245 613 2394 668 Octo.

2309 706 2746 770 Geuscscusss.
2764 708 2804 763 i.
2834 723 2886 762 e.
2910 708 3128 762 abbatia
3148 705 3540 764 Gemblacensis.
3556 711 3775 786 Triginta,

2237 813 2426 854 omnes
2450 816 2516 854 ex
2540 804 2872 855 membrana.

2310 894 2693 949 Lovsstnxses.
2750 894 2950 948 florum
3001 894 3139 949 alios
3184 905 3500 963 acceperant
3527 912 3557 951 e
3599 901 3783 971 collegio

2242 984 2637 1056 Theologorum,
2669 986 2806 1040 alios
2834 1002 2864 1040 e
2892 987 3107 1056 collegio
3135 986 3408 1040 Societatis
3436 985 3586 1054 Iesu,
3614 992 3731 1045 alios
3763 1010 3789 1047 a

2240 1074 2619 1143 Carthasianis,
2650 1077 2982 1131 Martinianis
3010 1077 3586 1133 Prmonslratensibus
3609 1082 3654 1133 in
3684 1082 3791 1135 Par-

2238 1172 2381 1223 censi
2408 1172 2715 1223 monasterio
2741 1181 2794 1224 et
2825 1168 3237 1223 Bethleltemiris.
3259 1168 3547 1223 Numerum
3578 1172 3792 1241 singulo-

2241 1277 2359 1315 rum
2379 1272 2672 1316 tamennon
2694 1262 3021 1316 indicarunt.
3046 1262 3117 1315 Es
3145 1263 3226 1315 his
3252 1263 3303 1315 in
3330 1260 3791 1334 Bibl.BelgicaMS.

2240 1366 2591 1409 recensentur
2628 1355 2843 1409 Codices
2886 1356 3089 1424 collegii
3132 1354 3410 1409 Societatis
3434 1354 3591 1422 Iesu,
3631 1371 3799 1427 partet

2242 1463 2367 1517 pag.
2399 1447 2538 1511 326;
2570 1449 2799 1501 Abbatia:
2828 1446 3131 1512 Parcensis,
3172 1465 3225 1517 p.
3259 1464 3321 1512 tt,
3360 1466 3414 1518 p.
3460 1452 3576 1516 166,
3605 1463 3657 1506 et
3684 1452 3796 1507 Bibl.

2244 1538 2441 1593 Canon.
2472 1539 2657 1609 Regul.
2692 1540 2754 1593 S.
2782 1543 3055 1610 Augustini
3084 1543 3134 1593 in
3176 1541 3325 1595 Valle
3356 1542 3418 1596 S.
3453 1543 3683 1613 Martini,
3704 1564 3751 1615 p.
3772 1563 3804 1601 ιι

2243 1645 2298 1699 p.
2322 1632 2429 1685 9.10
2455 1646 2606 1698 seqq.

2316 1722 2727 1789 Touuaceuszs,
2761 1725 2798 1778 i.
2827 1742 2877 1779 e.
2906 1728 3207 1779 monasterii
3231 1727 3292 1781 S.
3328 1727 3544 1781 Martini
3590 1728 3805 1794 Tornaci,

2244 1816 2388 1869 unde
2420 1817 2627 1885 triginta
2652 1826 2708 1870 et
2748 1834 2880 1870 unus
2915 1819 3065 1871 allati
3090 1829 3267 1872 erant.
3323 1820 3395 1872 De
3439 1822 3522 1873 his
3548 1823 3666 1876 vide
3692 1821 3804 1876 Bibl.

544 1905 647 1961 bus
675 1907 982 1965 destinatos
1028 1910 1312 1966 obsedisse
1338 1920 1754 1981 cognoscerent,
1785 1909 1998 1979 parcius
2042 1909 2138 1962 has
2166 1892 2216 1951 Β
2246 1904 2395 1977 Belg.
2429 1906 2552 1961 MS.
2588 1917 2726 1972 part.
2768 1924 2806 1976 ι,
2843 1925 2894 1976 p.
2926 1910 2995 1963 93
3024 1926 3178 1979 seqq.

544 2014 704 2071 gazas
728 2000 1155 2068 admirarentur,
1182 2002 1394 2069 moniti,
1421 2003 1533 2071 jam
1562 2003 1697 2057 satis
1726 2002 2050 2072 optimorum
2083 2000 2146 2053 li-

543 2089 766 2146 brorum
815 2108 937 2148 cum
980 2093 1085 2149 hoc
1116 2095 1201 2149 vel
1232 2094 1326 2149 illo
1362 2096 1568 2163 scripto
1603 2102 1974 2162 comparatum
1999 2105 2140 2147 esse.

545 2184 651 2240 Sed
692 2186 855 2243 facile
886 2188 1049 2243 etiam
1082 2187 1419 2252 videbamus,
1442 2196 1524 2242 tot
1555 2188 1835 2242 nominum
1861 2185 2136 2240 introduc‘

546 2281 750 2336 tionem
779 2296 971 2336 vanam
1003 2298 1067 2338 ac
1107 2284 1323 2338 inanem
1372 2284 1524 2349 fore,
1558 2282 1663 2337 nisi
1692 2282 1946 2336 disertior
1971 2279 2142 2348 expli-

547 2375 690 2429 catio
734 2376 1093 2444 accessisset,
1140 2391 1259 2447 qua:
1297 2375 1569 2430 domicilia
1593 2375 1928 2443 singulorum
1952 2414 1966 2438 ,
2000 2372 2143 2427 unde

547 2464 655 2521 illa:
684 2468 1078 2537 appellationes
1112 2468 1294 2537 petitae
1323 2475 1530 2532 essent,
1564 2466 1981 2521 demonstraret.
2004 2465 2147 2519 Tan-

548 2559 672 2615 dem
696 2560 813 2616 haec
833 2562 1143 2631 expeditior
1172 2562 1256 2615 via
1287 2562 1399 2617 visa
1431 2573 1533 2624 εει,
1565 2560 1693 2615 licet
1722 2560 1943 2629 ingrata:
1963 2572 2147 2627 opera:

550 2652 779 2707 multum
820 2652 877 2708 in
909 2668 971 2709 ea
1000 2654 1343 2710 subeundum
1378 2664 1542 2721 esset,
1574 2662 1633 2707 ut
1661 2652 1911 2706 omnibus
1932 2651 2145 2705 illorum

551 2744 832 2800 nominum
880 2746 1112 2801 indicem
1143 2747 1542 2816 alphabeticum
1588 2746 2060 2810 concinnaremus,
2092 2755 2148 2799 et

552 2835 621 2891 ad
649 2838 1075 2908 unumquodque
1103 2839 1249 2893 velut
1292 2839 1358 2893 ad
1390 2839 1617 2894 classem
1648 2838 1933 2907 quamdam
1964 2847 2018 2893 et
2057 2852 2147 2891 or-

553 2928 760 2997 dinem,
794 2939 1056 3000 quantum
1086 2931 1206 2987 fieri
1235 2941 1468 3001 poterat,
1495 2941 1842 2999 notaremus,
1873 2939 2022 2998 quot,
2054 2938 2151 2983 aut

554 3025 669 3093 qui,
690 3033 782 3078 aut
802 3024 991 3093 quales
1019 3023 1073 3078 in
1096 3023 1319 3095 singulis
1342 3024 1564 3079 adhibiti
1590 3036 1793 3089 essent,
1814 3040 1919 3094 quo
1949 3023 2146 3077 factum

554 3122 661 3181 est,
706 3125 784 3181 ut,
816 3114 865 3169 si
896 3130 1001 3170 non
1024 3116 1219 3185 singuli
1247 3117 1482 3182 codices,
1508 3116 1651 3185 quod
1682 3117 1771 3169 vix
1805 3130 2057 3183 umquam
2092 3116 2146 3167 in

555 3207 863 3277 Augustino
889 3207 1234 3277 sperandum,
1268 3224 1368 3264 nec
1398 3208 1691 3278 Optandum
1726 3206 1881 3261 valde
1911 3206 2146 3273 videtur,

555 3306 706 3353 certe
733 3297 1096 3366 bibliothecae,
1125 3300 1176 3353 in
1194 3301 1389 3370 quibus
1411 3301 1633 3370 repositi
1667 3299 1887 3364 fuerint,
1921 3314 2150 3353 noscan-

556 3396 663 3443 tur.
701 3388 944 3445 Pertinet
966 3400 1145 3446 autem
1169 3391 1287 3447 haec
1308 3407 1473 3461 opera
1503 3394 1615 3446 sola
1648 3391 1713 3445 ad
1744 3390 2147 3445 Benedictinam

558 3480 850 3536 editionem
876 3500 887 3535 :
918 3482 987 3538 de
1024 3483 1343 3539 Lovaniensi
1370 3486 1513 3540 enim
1541 3483 1795 3539 sufficere
1823 3485 2147 3553 putavimus,

557 3574 604 3629 si
634 3578 930 3646 generatim
970 3578 1188 3632 nomina
1220 3578 1698 3643 bibliothecarum,
1730 3577 1796 3631 ad
1822 3592 1953 3647 quas
1980 3578 2151 3647 perti-

557 3670 779 3736 nebant,
808 3679 863 3726 et
900 3687 1181 3735 numerus,
1211 3670 1665 3742 quemadmodum
1697 3670 1765 3723 ab
1809 3669 1939 3739 ipsis
1966 3671 2155 3739 prodi-

557 3766 670 3815 tum
695 3770 797 3831 est,
829 3763 1216 3817 recitarentur.
1239 3764 1505 3817 Caeterum
1540 3761 1878 3815 Benedictini
1908 3762 2156 3829 Belgicus

557 3860 651 3905 aut
678 3851 1048 3908 Lovanienses
1096 3854 1315 3909 codices
1368 3852 1433 3907 ad
1488 3854 1728 3922 singulos
1772 3855 1932 3908 etiam
1983 3855 2155 3911 libros

557 3944 737 4001 denuo
780 3962 808 3999 a
838 3963 898 4003 se
935 3963 1201 4005 excussos
1229 3948 1520 4018 diligenter
1548 3946 1853 4003 laudarunt.
1899 3949 2157 4021 Sequitur

558 4035 667 4105 iam
690 4038 869 4094 index.

665 4128 731 4198 A)
761 4127 973 4183 Codices
996 4146 1027 4182 a
1060 4129 1477 4184 LOVANIENSIBUS
1501 4128 1775 4199 Theologis
1796 4134 2018 4187 excussi.

627 4228 928 4287 ALNENSBS,
953 4222 990 4275 i.
1018 4237 1068 4276 e.
1093 4221 1312 4276 codices
1343 4222 1660 4276 bibliotheca:
1680 4224 1919 4278 Alnensis
1941 4224 2159 4280 abbaliw

559 4311 907 4367 Cisterciensis
956 4314 1011 4366 in
1065 4313 1261 4367 ditione
1312 4312 1604 4366 Leodiensi.
1658 4314 1897 4370 Aderant
1948 4317 2153 4386 viginti.

560 4404 730 4473 llujus
770 4404 1117 4460 bibliothecae
1143 4405 1357 4459 codices
1392 4414 1448 4459 et
1476 4407 1617 4461 inter
1644 4422 1738 4462 eos
1766 4409 1926 4461 etiam
1976 4410 2159 4480 Augu-

558 4497 825 4551 stittianos
853 4505 1098 4550 recenset
1127 4496 1356 4550 strictim
1389 4497 1641 4551 Antonius
1666 4499 1953 4553 'Sanderus
1984 4501 2033 4554 itt
2064 4502 2160 4555 Bi-

2321 2022 2383 2091 Β)
2410 2022 2650 2089 Codices,
2678 2023 2765 2087 qui
2795 2022 3268 2161 Βεκιῗιιοτιιιοιιωι
3310 2026 3494 2080 usibus
3523 2030 3732 2082 concessi

2954 2106 3159 2148 uerunt.

2954 2106 3159 2148 uerunt.

2822 2188 2874 2249 α)
2899 2186 3135 2236 Gallicani
3163 2188 3253 2250 (α).

2321 2277 2649 2331 ALBINENSES
2665 2277 2803 2346 apud
2816 2279 3143 2349 Andegavos,
3162 2280 3198 2332 i.
3214 2280 3511 2333 e.Abbatiw
3522 2281 3821 2351 Andegaren-

2247 2368 2318 2423 sis
2339 2368 2399 2423 S.
2415 2370 2589 2423 Albini
2603 2371 2836 2425 codices.
2854 2370 3023 2425 Unum
3046 2374 3156 2427 fere
3168 2374 3348 2427 citant
3369 2374 3423 2426 in
3441 2374 3685 2444 plurimis
3698 2373 3825 2443 primi

2249 2462 2381 2516 tomi
2410 2462 2579 2525 libris,
2606 2464 2745 2517 inter
2765 2478 2902 2533 quos
2926 2463 3348 2519 Retractationes
3378 2475 3436 2520 et
3464 2466 3831 2535 Confessiones;

2249 2554 2378 2609 item
2405 2564 2553 2609 tomo
2571 2564 2715 2609 sexto
2744 2566 2799 2610 et
2827 2555 3047 2619 decimo,
3073 2572 3176 2611 nec
3204 2572 3318 2611 non
3352 2558 3423 2612 ad
3448 2559 3620 2614 libros
3638 2561 3699 2611 de
3720 2558 3838 2612 Cirt-

2250 2652 2355 2699 tate
2398 2644 2496 2699 Dei
2521 2656 2667 2699 tomo
2707 2648 2945 2713 septimo,
2989 2656 3045 2702 et
3083 2648 3250 2703 libros
3280 2649 3358 2702 de
3414 2649 3668 2703 Trinitate
3710 2659 3839 2704 teuto

2251 2747 2450 2790 octavo.
2472 2735 2553 2791 Ad
2585 2737 2779 2791 librum
2812 2739 2874 2793 de
2906 2738 3152 2808 Symbolo
3182 2743 3253 2794 ad
3283 2742 3694 2797 Catechumenos
3713 2753 3844 2797 tomo

2251 2838 2428 2894 sexto,
2474 2841 2736 2897 monent,
2783 2832 2836 2885 in
2872 2833 3155 2889 Albinensi
3187 2836 3303 2891 800
3354 2852 3629 2893 annorum
3676 2836 3847 2892 codice

2251 2924 2483 2992 primum
2510 2940 2575 2978 ex
2602 2934 2851 2994 quatuor,
2882 2926 3075 2995 quibus
3100 2939 3327 2993 constat
3373 2932 3747 2999 sermonibus,
3775 2946 3848 2985 re-

2254 3019 2443 3085 periri.

2326 3111 2866 3181 ANTISSIODOBENSES,
2896 3116 2931 3168 i.
2949 3129 2999 3170 e.
3024 3114 3245 3169 abbatire
3275 3114 3855 3171 Prmonstratensium

2258 3200 2319 3255 S.
2367 3200 2596 3254 Mariani
2623 3204 2968 3257 Antissiodori
2994 3205 3232 3261 codices.
3279 3206 3473 3262 Unum
3523 3224 3591 3262 ex
3619 3214 3856 3276 quatuor,

2258 3290 2451 3359 quibus
2474 3292 2721 3346 instructi
2751 3294 2967 3349 fuerunt
2987 3296 3275 3351 codicibus
3301 3313 3449 3352 mss.
3480 3298 3736 3352 librorum
3760 3312 3865 3350 con-

2258 3391 2339 3437 tra
2364 3384 2642 3438 secundam
2671 3385 2875 3439 Iuliani
2902 3390 3291 3459 responsionem
3336 3392 3741 3462 suppeditavit.

2333 3476 2638 3532 Monasterii
2662 3480 2978 3536 S.ARNULFI
3004 3481 3251 3537 Metensis
3279 3484 3695 3541 codex.Unum
3722 3483 3875 3538 fuisse

2258 3570 2525 3638 coniicio,
2578 3570 2843 3639 siquidem
2878 3574 3265 3631 Arnulfensem
3326 3578 3542 3648 ubique
3597 3591 3873 3646 numquam

2258 3661 2453 3730 plurali
2482 3677 2705 3717 numero
2734 3664 2970 3721 laudant.
2993 3666 3276 3738 Frequens
3321 3672 3690 3739 potissimum
3721 3673 3773 3726 in
3800 3670 3882 3724 tri-

2258 3755 2361 3810 bus
2380 3756 2647 3824 prioribus
2669 3760 2831 3813 tomis
2859 3761 2973 3829 ejus
3001 3761 3059 3815 fit
3080 3763 3316 3817 mentio.
3351 3764 3669 3821 Lectiones
3691 3764 3884 3818 scilicet

2260 3847 2569 3918 habebant,
2629 3867 2734 3907 non
2786 3851 2958 3922 ipsum
3012 3870 3142 3922 ms.,
3182 3865 3243 3910 ut
3298 3857 3374 3913 ad
3430 3857 3696 3915 Retract.
3734 3857 3889 3912 libros

2262 3952 2505 3996 monent.

2332 4036 2559 4090 Abbatiw
2587 4037 2644 4092 S.
2679 4035 2921 4093 AUDOENI
2942 4038 3397 4111 Rolhomagensis
3426 4043 3687 4099 codices.
3707 4043 3788 4098 Ex
3821 4040 3892 4094 his

2268 4132 2410 4201 Opus
2435 4132 2497 4185 de
2521 4130 2755 4197 Cittitate,
2788 4132 3059 4187 Sermones
3089 4143 3145 4189 et
3178 4136 3431 4203 plurima
3466 4139 3583 4192 alia
3616 4136 3891 4206 Augustini

2265 4227 2465 4295 scripta
2488 4226 2771 4281 emendata
2795 4236 2938 4280 sunt.
2973 4226 3257 4298 Prmcipue
3305 4231 3367 4284 in
3400 4242 3567 4285 tomo
3592 4233 3778 4301 primo
3807 4229 3895 4283 lte-

2265 4332 2493 4389 quenter
2514 4320 2873 4373 Audoenenses
2895 4321 3267 4389 appellantur,
3296 4326 3356 4378 in
3386 4328 3777 4395 sequentibus
3805 4338 3903 4393 par-

2264 4412 2401 4467 cius.
2433 4412 2713 4467 Nescimus
2734 4452 2750 4476 ,
2780 4428 2846 4465 an
2879 4427 3070 4468 omnes
3099 4415 3263 4469 unius
3296 4419 3500 4472 aetatis
3532 4417 3786 4484 fuerint,
3827 4412 3912 4470 sed

2264 4502 2318 4556 in
2352 4518 2517 4572 opere
2559 4501 2963 4556 Enarrationum
3012 4504 3067 4557 in
3108 4503 3403 4574 Psalmos,
3468 4509 3590 4565 700
3642 4523 3821 4564 annos
3860 4507 3914 4560 iis

559 4588 815 4642 bltotheca
863 4588 1075 4659 Belgica
1125 4587 1505 4659 Manuscripta,
1546 4600 1698 4658 parte
1744 4608 1814 4659 tt,
1864 4608 2018 4663 pagg.
2048 4594 2533 4696 254Dtribuunt.

559 4680 807 4753 (ml-l5
827 4680 871 4750 ).

635 4774 693 4829 S.
725 4776 957 4839 Ausum,
976 4774 1013 4827 i.
1035 4788 1083 4828 e.
1099 4775 1311 4828 caenobii
1332 4776 1661 4843 I'Ilnonettsis,
1683 4781 1841 4849 vulgo
1860 4781 2159 4837 S.Amandi

560 4868 617 4921 in
669 4867 906 4934 Pabula,
941 4866 1154 4921 codices
1205 4870 1413 4938 triginta
1464 4872 1563 4924 duo
1614 4874 1916 4929 transmissi
1948 4888 2154 4931 eranta

561 4958 714 5014 Mam.
782 4958 1106 5025 Morillonio,
1164 4963 1453 5029 provincite
1506 4964 1889 5022 Mcdclinensis
1943 4968 2155 5023 Vicario

560 5051 820 5123 generali.
846 5051 902 5104 lu
933 5049 1072 5106 Bibl.
1106 5050 1256 5123 Belg.
1282 5052 1405 5110 MS.
1434 5070 1485 5124 p.
1513 5071 1551 5122 ι,
1578 5073 1634 5128 p.
1659 5058 1729 5112 32
1766 5074 1941 5130 seqq.,
1972 5061 2155 5131 Augu-

562 5146 827 5200 stinianos
851 5143 1011 5209 hujus
1043 5148 1353 5201 monasterii
1381 5148 1595 5205 codices
1628 5151 1890 5207 invenies.

633 5235 1077 5301 CAMBRONBNSES,
1107 5236 1207 5291 i.e.
1235 5236 1465 5292 bibliolh.
1491 5242 1705 5295 εαξηοὸἰὶ
1727 5242 2155 5300 Camberonensis

565 5330 697 5383 0rd.
748 5327 1095 5383 Cistcrciensis
1140 5331 1193 5383 in
1246 5330 1525 5386 Hannonia
1555 5336 1696 5388 haud
1722 5338 1901 5403 procul
1937 5338 1999 5390 ab
2028 5334 2155 5392 urbe

562 5421 839 5475 Montensi.
870 5420 1071 5478 Praesto
1093 5421 1309 5481 fuerunt
1327 5427 1561 5499 triginta.
1589 5428 1669 5483 Cf.
1692 5426 1830 5481 Bibl.
1853 5425 1999 5501 Belg.
2025 5427 2148 5488 MS.

562 5528 616 5582 ι).
651 5528 687 5578 t,
724 5529 777 5583 p.
803 5512 908 5570 546
935 5528 1085 5588 seqq.

635 5679 709 5753 (a)
740 5680 877 5736 Sunt
921 5691 1097 5738 tamen
1140 5684 1279 5738 inter
1311 5699 1403 5739 eos
1434 5693 1487 5739 et
1514 5682 1710 5750 Belgici
1739 5683 1951 5753 quidam
1973 5722 1986 5748 ,
2018 5698 2158 5753 quos

562 5750 1080 5823 ipsiconsuluermtt
1109 5769 1161 5809 et
1190 5757 1569 5817 Corbeicuses,
1609 5754 1705 5807 sed
1735 5750 1833 5819 ltus
1863 5750 2147 5823 seiungere

562 5821 952 5895 dubitavimus,
1005 5828 1196 5891 partim
1252 5827 1391 5895 quod
1442 5825 1544 5891 ipsi
1604 5839 1697 5878 eos
1745 5821 2141 5895 Gallicztnorum

563 5894 777 5950 nomine
802 5894 1352 5964 comprehenderent,
1387 5900 1579 5968 partim
1612 5895 1755 5963 quod
1797 5894 2144 5972 Corbeicnsis

2346 4687 2449 4742 PP.
2484 4692 2989 4743 AUGUSTINIANORUI
3013 4690 3229 4759 majoris
3256 4705 3578 4748 conventus
3612 4691 3924 4757 Parisiensis

2275 4783 2508 4836 codices.
2536 4782 2771 4845 Quatuor
2789 4780 2852 4834 ad
2868 4780 3263 4851 Confessionum
3289 4787 3479 4842 libros
3510 4786 3924 4860 suppetebant;

2275 4875 2428 4927 unius
2457 4875 2652 4940 smpius
2684 4873 2741 4925 fit
2767 4874 2994 4928 mentio.

2350 4964 2637 5018 Bsccssms
2685 4963 2901 5018 abbatia:
2948 4965 3163 5022 codices
3211 4968 3427 5035 plures
3482 4988 3781 5029 annorum
3837 4970 3936 5025 700

2276 5055 2560 5111 laudantur
2586 5055 2651 5109 ad
2684 5053 2826 5125 Opus
2856 5054 3207 5123 Psatmorum,
3250 5077 3422 5118 unus
3478 5067 3557 5120 ad
3615 5068 3799 5121 libros
3844 5065 3940 5118 Re-

2273 5158 2451 5216 lract.,
2471 5151 2533 5202 de
2560 5146 2802 5215 Civ.Dei,
2830 5148 3111 5221 Epistolas,
3142 5153 3357 5209 librum
3394 5162 3469 5211 de
3505 5159 3866 5221 Hteresibus,
3890 5156 3944 5210 de

2278 5242 2528 5296 Trinitate
2545 5250 2600 5297 et
2628 5242 2696 5295 ad
2718 5240 3015 5295 Donatistas
3039 5245 3211 5312 (torno
3234 5244 3373 5301 Vlll
3392 5260 3457 5304 et
3492 5251 3579 5306 IX
3595 5252 3643 5323 ),
3661 5263 3722 5305 et.
3754 5252 3950 5320 sapius

2274 5333 2329 5389 in
2362 5343 2505 5389 tomo
2548 5334 2773 5391 decimo;
2802 5333 2907 5387 duo
2941 5333 3005 5387 ad
3040 5335 3207 5389 libros
3239 5338 3318 5391 de
3364 5341 3682 5400 Consensu
3715 5342 3952 5411 Evange-

2275 5432 2514 5486 listarum
2556 5438 2607 5484 et
2637 5429 2699 5481 de
2741 5428 2987 5483 Sermone
3017 5429 3071 5482 in
3098 5428 3320 5499 Monte,
3375 5437 3597 5505 plures
3634 5442 3693 5494 in
3745 5440 3956 5494 Sermo-

2276 5525 2446 5579 nibus.

2283 5682 2591 5759 monasterii
2622 5679 2837 5759 codices
2876 5682 3011 5737 adeo
3049 5684 3194 5737 omni
3234 5692 3541 5759 tempore
3574 5692 3961 5748 Maurinoruut

2278 5752 2716 5835 Putnumstudiis
2743 5762 3054 5835 paruerunt,
3107 5763 3165 5808 ut
3192 5752 3395 5813 veluti
3463 5763 3791 5823 domestici
3829 5761 3967 5835 apud

2274 5840 2366 5880 cos
2395 5824 2515 5877 facti
2557 5838 2676 5879 esse
2704 5822 3004 5879 videantur.
