4010 6350
154 4638 159 4659 Α

154 4760 171 4849 ἱ

144 4858 159 4951 j

288 344 384 404 US

1159 349 1436 409 NOTITIA
1478 353 1904 413 LITTERARIA
1937 357 2002 414 1N
2042 360 2098 412 S.
2142 358 2612 417 AUGUSTINUM.

3450 368 3553 424 ω

350 458 772 512 Bscnsnozvnnss
802 458 1078 528 exemplar
1132 460 1301 515 citant
1348 462 1400 514 in
1429 462 1766 517 Tractatibus
1806 466 1858 517 in
1887 476 1940 531 Α
1964 470 2087 521 salis
2116 468 2400 523 Benedicti.
2437 473 2511 525 Ex
2541 488 2607 525 eo
2634 472 2778 542 (nam
2806 472 3066 543 singulari
3091 491 3315 530 numero
3337 490 3555 548 semper

286 550 617 622 Et'angelium
646 548 872 604 Joannis
916 561 1060 606 tomo
1089 553 1236 607 tertio
1263 560 1318 607 et
1346 554 1399 608 in
1442 554 1572 608 libro
1599 554 1662 610 de
1688 555 1869 609 Haere-

284 646 413 700 sibus
438 652 586 699 tomo
614 656 817 699 octavo.

349 739 786 793 Bsuovscsnsns
818 738 1071 793 Ecclesia:
1116 742 1391 811 exemplar
1433 743 1865 813 antiquissimum

280 830 341 884 ad
371 830 645 883 Tractatus
693 831 747 883 in
791 829 1010 883 Joannis
1052 830 1364 899 Epistolam,
1411 834 1496 888 cui
1546 834 1614 888 ad
1664 836 1867 890 calcem

280 923 571 991 ascriptum
614 920 777 976 fuerit
819 939 833 976 :
875 938 1010 976 anno
1055 925 1192 996 regis
1234 923 1488 979 Clotharii
1534 926 1866 994 duodecimo;

278 1014 420 1069 aliud
453 1016 586 1070 item
630 1015 699 1067 ad
726 1016 1034 1086 posteriores
1062 1015 1108 1071 L
1153 1016 1394 1074 Psalmos
1436 1029 1582 1076 tomo
1628 1022 1773 1076 tertio
1813 1034 1868 1077 et

279 1119 462 1179 quarto
493 1117 691 1178 praesto
722 1108 839 1163 fuit.

341 1204 426 1259 Ab
494 1203 601 1258 hoc
659 1203 841 1259 dili'ert
910 1205 1081 1260 codex
1145 1206 1575 1263 Bxuovscsusns
1638 1207 1867 1263 abbatite

276 1298 329 1353 S.
352 1298 602 1367 Qumtm
628 1299 899 1356 adhibitus
929 1301 1118 1358 iisdem
1141 1302 1460 1358 Tractatibus
1483 1304 1535 1357 in
1575 1302 1867 1375 Epistolam

276 1389 516 1444 Joannis.

349 1489 678 1551 Bsxtcstsm,
706 1490 745 1544 ἱ.
777 1505 826 1544 e.
856 1490 1176 1547 bibliothecis
1201 1492 1259 1549 S.
1284 1493 1507 1548 BENIGNI
1538 1490 1867 1545 Divionensis

287 1580 519 1637 codices.
554 1581 607 1635 ln
654 1581 1123 1639 Retractationum
1170 1594 1225 1638 et
1256 1582 1671 1639 Confessionuin
1714 1581 1865 1636 libris

292 1687 454 1726 unum
489 1672 580 1728 700
604 1673 761 1727 annis
795 1674 1150 1744 antiquiorem
1179 1683 1383 1729 notant.
1408 1673 1603 1729 Nescio
1631 1689 1697 1728 an
1724 1673 1865 1727 idem

280 1762 365 1821 sit.
384 1764 473 1831 qui
491 1764 543 1817 in
568 1762 819 1832 Epistolis
847 1780 1059 1835 quoque
1084 1776 1138 1821 et
1164 1764 1488 1820 Tractatibus
1512 1767 1567 1819 in
1586 1763 1863 1829 Joannem,

1972 560 2279 629 laudarunt)
2315 562 2578 634 Epistolw,
2612 565 2735 619 item
2788 566 2969 633 plures
2998 568 3128 621 tomi
3171 569 3325 636 primi
3367 577 3423 624 et
3456 570 3555 627 ali-

1969 663 2100 722 quot
2128 654 2257 707 torni
2289 655 2475 721 octavi,
2507 657 2626 708 noni
2658 665 2713 710 et
2741 657 2921 710 decimi
2962 658 3084 713 libri
3127 661 3369 729 castigati
3401 670 3551 716 sunt.

2039 745 2439 800 Cisrnncmnsts
2471 746 2703 812 abbatiaz,
2732 747 2875 802 haud
2908 750 3069 805 dubie
3094 750 3374 815 Parisinte,
3404 753 3555 807 codi-

1970 851 2081 891 ces.
2116 838 2194 891 Ex
2223 837 2593 901 Cistcrciensi,
2622 839 2666 891 si
2700 839 2859 893 modo
2881 855 3019 893 unus
3045 839 3165 905 fuit,
3190 841 3387 911 singuli
3414 857 3555 912 pene

1968 931 2097 983 torni
2124 929 2299 1000 primi,
2330 930 2487 995 tertii,
2517 932 2647 985 sexti
2675 941 2729 985 et
2758 932 2924 983 octavi
2966 932 3120 998 libri,
3167 942 3275 987 tum
3315 935 3555 989 secundo

1970 1031 2116 1077 tomo
2148 1022 2399 1093 Epistola:
2421 1022 2803 1078 emendantur.
2837 1022 3215 1079 Cisterciensis
3242 1039 3405 1094 porro
3436 1041 3558 1082 cre-

1970 1113 2069 1168 bro
2095 1114 2397 1184 appellatur
2440 1114 2493 1168 in
2549 1113 2905 1169 Sermonibus.
2960 1111 3105 1168 Duos
3158 1113 3554 1172 Cistercienses
3632 1104 3635 1105 ⁷

1969 1206 2191 1261 laudant
2218 1208 2269 1261 in
2303 1207 2453 1261 libris
2494 1205 2559 1259 de
2602 1206 2867 1261 Consensu
2910 1204 3366 1277 Evangelistarum
3409 1218 3558 1263 torno

1970 1298 2141 1365 tertio,
2166 1298 2227 1350 de
2250 1296 2466 1353 Civitate
2493 1297 2611 1362 Dei,
2633 1306 2783 1353 tomo
2811 1298 3054 1367 septimo,
3088 1298 3224 1352 libro
3250 1300 3313 1352 de
3339 1300 3557 1354 diversis

1973 1391 2351 1459 Quwstionibus
2378 1400 2529 1446 tomo
2556 1398 2719 1454 sexto,
2753 1400 2806 1446 et
2830 1391 2894 1445 de
2918 1388 3103 1444 Gratia
3133 1399 3181 1445 et
3210 1390 3368 1445 libero
3404 1382 3559 1445 Arbi-

1968 1485 2069 1538 trio
2098 1493 2243 1538 tomo
2273 1484 2488 1538 decimo.

2040 1578 2141 1632 PP.
2170 1578 2619 1634 CISTERCIENSIUM
2641 1579 2702 1635 S.
2729 1578 2909 1634 Crucis
2936 1581 2993 1634 in
3020 1578 3317 1635 Jerusalem
3342 1580 3397 1634 in
3422 1578 3561 1636 Urbe

1968 1672 2141 1728 codex
2164 1682 2337 1727 vetus.
2371 1673 2448 1727 Ex
2467 1688 2528 1728 eo
2563 1674 2705 1728 edita
2733 1682 2817 1728 est
2834 1675 3067 1743 primum
3098 1673 3339 1745 Epistola
3368 1674 3458 1741 29,
3490 1675 3559 1729 ad

1970 1766 2233 1836 Alypium’.
2276 1764 2465 1821 Plures
2512 1766 2565 1819 in
2619 1766 2957 1822 Sermonibus
2988 1767 3227 1837 laudant,
3268 1783 3337 1822 ex
3382 1768 3560 1838 iisque

268 1851 404 1907 libro
432 1854 500 1907 de
528 1856 744 1909 diversis
779 1856 1153 1922 Quwstionibus
1190 1866 1369 1911 contra
1398 1856 1764 1922 Mendacium,
1805 1854 1872 1910 de
1896 1856 1946 1917 B
1973 1856 2296 1914 Sermonum
2324 1858 2531 1925 aliquot
2557 1860 2898 1913 occasionem
2939 1858 3195 1914 didicisse
3240 1874 3300 1914 se
3347 1858 3557 1926 dicunt,

267 1943 399 1998 Cura
444 1962 543 2015 pro
574 1948 790 2001 mortuis
816 1949 1059 2020 gerenda,
1092 1950 1155 2003 de
1196 1947 1464 2014 Trinitate,
1505 1959 1634 2016 etc.,
1670 1956 1866 2017 priesto

266 2034 381 2089 fuit.
414 2035 703 2103 Codicem,
734 2053 840 2109 quo
867 2039 922 2094 in
954 2039 1090 2094 libro
1118 2039 1181 2094 de
1212 2040 1456 2111 Symbolo
1478 2039 1561 2093 usi
1586 2048 1732 2107 sunt,
1761 2036 1868 2093 800

266 2144 533 2183 annorum
563 2139 777 2185 aetatem
826 2130 1082 2201 praeferre
1132 2131 1370 2187 tradunt.
1399 2130 1529 2186 Tres
1572 2140 1666 2187 aut
1694 2132 1868 2202 plures

278 2223 588 2278 habuerunt
613 2224 678 2277 ad
711 2222 1004 2279 Sermones
1032 2223 1395 2294 castigandos.

339 2316 798 2372 Bsnnsnnmonuu
818 2317 1021 2389 collegii
1040 2315 1346 2371 Parisiensis
1359 2315 1532 2371 codex
1548 2329 1653 2372 ms.
1667 2331 1801 2370 unus
1814 2324 1869 2371 et

280 2410 423 2464 alter.
478 2409 687 2465 Profuit
728 2411 781 2464 in
832 2410 989 2465 libris
1021 2410 1084 2463 de
1121 2409 1289 2481 Opere
1318 2408 1690 2464 monachorum
1719 2418 1867 2465 tomo

287 2512 439 2565 sexto,
482 2502 609 2557 item
656 2500 1057 2573 Expositionum
1091 2500 1344 2570 Epistula:
1381 2501 1450 2555 ad
1492 2500 1773 2569 Romanos,
1812 2510 1868 2556 et

291 2594 489 2649 Galatas
523 2605 672 2650 ιοωο
713 2596 879 2661 tertio,
921 2610 1022 2651 nec
1052 2611 1157 2651 non
1194 2595 1348 2651 libris
1384 2595 1478 2652 Vll
1508 2596 1572 2649 de
1610 2595 1865 2667 baptismo

291 2689 504 2744 etlibris
532 2688 601 2742 ιν
647 2698 827 2743 contra
872 2689 1200 2745 Cresconium
1237 2698 1385 2744 tomo
1430 2705 1584 2744 nono.
1631 2689 1866 2744 Alterum

294 2780 549 2848 appellant
576 2779 643 2834 ad
672 2778 833 2834 libros
864 2791 1045 2834 contra
1081 2779 1425 2835 Maximinum
1453 2790 1501 2834 et
1532 2780 1866 2835 collationem

298 2888 406 2927 cum
434 2873 620 2927 eodem.
661 2873 942 2928 Diversum
969 2873 1040 2928 ab
1068 2872 1172 2928 hoc
1201 2884 1329 2944 puto
1360 2872 1554 2928 librum
1584 2871 1704 2931 PP.
1749 2873 1866 2928 Fu-

304 2966 514 3018 liensium
539 2966 774 3022 ctnnobii
804 2966 866 3022 S.
885 2965 1138 3021 Bernardi
1155 2966 1393 3032 Parisiis,
1419 2964 1563 3037 quod
1585 2968 1866 3038 exemplar

309 3055 524 3113 Fuliense
548 3059 826 3129 appellare
850 3058 1047 3116 solent.

363 3151 801 3209 Bsxmnnmonuu
829 3154 894 3208 de
922 3151 1273 3208 misericordia
1302 3151 1401 3207 Dei
1430 3152 1567 3208 liber
1588 3167 1689 3208 ms.
1724 3166 1865 3208 unus

301 3245 526 3300 laudatur
554 3247 606 3299 in
637 3246 779 3301 libro
805 3246 869 3300 de
901 3245 1068 3317 Opere
1096 3243 1487 3300 monachorum.

362 3336 637 3393 3.8mm“
659 3340 711 3393 in
738 3337 921 3409 Belgio
943 3338 1111 3394 codex
1138 3338 1510 3409 perantiquus,
1542 3337 1684 3393 unde
1711 3346 1868 3394 eruta

300 3436 373 3481 est
399 3426 627 3496 Epistola
658 3430 937 3500 Augustini
966 3429 1035 3483 ad
1066 3428 1429 3496 Mercatorem,
1458 3443 1579 3499 qua:
1610 3429 1664 3484 in
1695 3429 1868 3485 Bene-

299 3517 479 3573 dictina
508 3521 736 3587 primum
767 3520 967 3590 prodiit
991 3536 1142 3577 num.
1170 3521 1298 3576 195.

364 3612 679 3668 Βιςοτιλιηυε
706 3627 802 3667 seu
832 3612 1007 3669 codex
1038 3628 1139 3668 ms.
1166 3629 1233 3669 ex
1265 3612 1592 3669 bibliotheca
1640 3613 1868 3668 EIERICI

302 3702 453 3759 BIGD‘I'
469 3705 913 3777 Rothomagensis.
947 3707 1107 3761 Exeo
1133 3706 1567 3777 suntrecognita,
1595 3705 1867 3775 epistolae,

302 3796 489 3866 aliquot
511 3798 635 3853 libri
658 3798 790 3853 tomi
812 3799 965 3864 sexti,
995 3799 1057 3853 de
1078 3797 1295 3853 Civitate
1322 3798 1417 3853 Dei
1449 3808 1594 3852 tomo
1623 3799 1865 3867 septimo,

307 3888 417 3945 libri
446 3892 502 3945 de
532 3891 735 3946 Natura
763 3892 903 3957 boni,
945 3891 1009 3945 de
1045 3890 1299 3945 Trinitate
1322 3891 1439 3957 XV,
1471 3900 1618 3946 tomo
1665 3901 1865 3958 octavo,

305 3991 347 4035 et
372 3982 482 4037 libri
506 3997 601 4039 sex
629 3992 807 4037 contra
835 3982 1117 4038 lulianum
1148 3994 1297 4038 tomo
1327 3984 1544 4039 decimo.

362 4071 813 4131 Csacnssoxsusrs
830 4075 1081 4130 Ecclesia:
1104 4077 1237 4131 liber
1264 4090 1364 4130 ms.
1388 4075 1639 4129 laudatur
1659 4074 1725 4130 ad
1739 4074 1866 4130 Ser-

309 4181 471 4223 mones
490 4177 637 4223 tomo
663 4168 841 4239 quinto
865 4178 921 4224 et
945 4169 1011 4223 ad
1040 4167 1305 4225 Tractatus
1332 4166 1562 4223 CXXIV
1582 4151 1867 4224 inloannis

308 4257 623 4329 Evangelium
656 4271 803 4316 tomo
828 4262 1000 4316 tertio.

362 4353 742 4421 Csanorsnsrs,
776 4356 810 4407 i.
843 4369 894 4410 e.
919 4353 1139 4409 abbatiat
1167 4355 1229 4411 S.
1263 4354 1408 4410 Petri
1435 4356 1491 4410 in
1518 4356 1649 4410 valle
1667 4355 1866 4413 Carno-

306 4452 413 4503 tensi
441 4451 629 4506 codex.
660 4451 826 4506 Unius
848 4453 1057 4508 mentio
1086 4454 1145 4508 lit
1173 4454 1239 4508 ad
1271 4454 1470 4509 librum
1508 4466 1693 4510 contra
1717 4457 1867 4511 Men-

304 4540 484 4596 decium
511 4552 655 4597 tomo
691 4553 853 4611 sexto,
895 4544 1062 4600 libros
1098 4552 1279 4599 contra
1314 4542 1572 4600 Faustum
1601 4554 1748 4602 torno
1778 4564 1865 4601 oc-

1970 1948 2206 2018 itemque
2235 1962 2341 2018 quo
2370 1950 2488 2003 loco
2515 1964 2610 2003 eos
2638 1950 2971 2016 Augustinus
2998 1950 3215 2005 dixerit.

2038 2041 2527 2097 Ctsnievxueusm
2572 2043 2793 2097 abbatiae
2838 2044 3115 2112 exemplar
3164 2043 3416 2098 librorum
3469 2060 3560 2100 sea;

1970 2146 2151 2191 contra
2175 2136 2453 2191 secundam
2476 2136 2680 2191 Iuliani
2700 2138 3105 2206 responsionem.
3122 2136 3236 2192 Hoc
3256 2137 3429 2207 ipsum
3449 2145 3556 2205 est,

1970 2244 2036 2284 ex
2075 2244 2183 2298 quo
2212 2229 2418 2298 primus
2446 2243 2543 2284 eos
2570 2229 2982 2298 deprompserat
3031 2228 3329 2300 Vignerius,
3360 2244 3424 2284 ex
3465 2244 3561 2285 eo-

1969 2335 2076 2391 que
2101 2319 2283 2375 denuo
2310 2320 2682 2390 discrepantes
2727 2336 2754 2373 a
2802 2321 3128 2392 Vigneriana
3172 2320 3410 2376 editione
3444 2320 3557 2377 lec-

1970 2413 2148 2470 tiones
2175 2413 2229 2468 in
2258 2428 2414 2468 usum
2443 2414 2917 2469 Benedictinorum
2945 2425 3219 2483 excerpta:
3247 2424 3393 2470 sunt.

2037 2508 2398 2562 COLBERTINE.
2426 2505 2748 2561 bibliotheca:
2776 2504 2992 2560 codices
3020 2506 3330 2575 complures
3360 2521 3560 2576 suppe-

1969 2598 2074 2653 tias
2106 2598 2363 2654 tulerunt.
2395 2598 2522 2652 Erat
2543 2598 2689 2652 enim
2712 2597 2827 2651 haec
2850 2597 3182 2653 bibliotheca
3204 2597 3356 2653 libris
3379 2606 3560 2652 vetus-

1968 2689 2039 2744 tis
2070 2689 2515 2755 instructissima,
2546 2691 2635 2759 qui
2666 2703 2861 2745 omnes
2891 2688 3090 2744 deinde
3124 2690 3177 2744 in
3215 2688 3430 2759 Regium
3455 2689 3565 2744 mi;

1967 2790 2212 2851 grarunt.
2250 2781 2310 2837 In
2342 2789 2491 2836 tumo
2532 2784 2699 2851 primo
2736 2780 2866 2834 nulli
2908 2779 3219 2843 adfuerunt,
3268 2780 3361 2834 sed
3396 2779 3560 2847 Epis-

1970 2873 2089 2927 tola:
2113 2872 2261 2942 juxta
2295 2872 2513 2928 eosdem
2544 2885 2791 2927 excussa:
2834 2880 2978 2925 sunt.
3026 2871 3342 2925 Laudantur
3390 2871 3559 2927 etiam

1971 2964 2134 3018 modo
2166 2980 2321 3030 unus,
2354 2964 2514 3019 modo
2540 2964 2645 3017 duo
2677 2963 2731 3017 in
2765 2972 2911 3019 tomo
2945 2964 3093 3017 tertio
3136 2974 3190 3020 et
3218 2974 3395 3027 sexto;
3423 2963 3555 3019 item

1971 3072 2116 3115 tomo
2141 3066 2327 3131 quarto
2357 3059 2410 3113 in
2440 3056 2876 3112 Enarrationibus
2903 3056 2956 3111 in
2987 3055 3224 3112 Psalmos
3258 3057 3559 3115 Colbertini

1967 3155 2183 3212 codices
2207 3156 2424 3226 optima:
2456 3163 2597 3209 notae
2620 3155 2718 3226 (a);
2746 3165 2844 3211 tres
2866 3156 2931 3209 ad
2956 3170 3091 3223 Opus
3111 3155 3174 3207 de
3196 3151 3409 3206 Civitate
3436 3150 3555 3206 Dei.

1893 3240 1940 3307 C
1970 3247 2178 3304 Passim
2206 3249 2368 3303 etiam
2396 3248 2448 3302 in
2485 3258 2634 3302 tomo
2659 3257 2839 3301 octavo
2886 3262 3073 3302 eorum
3124 3246 3183 3299 iit
3226 3244 3453 3311 mentio,
3505 3250 3559 3299 et

1969 3342 2184 3412 quidem
2229 3340 2296 3395 ad
2345 3340 2541 3396 librum
2584 3339 2648 3394 de
2695 3339 3017 3407 Hteresibus,
3071 3347 3294 3410 quatuor
3345 3350 3559 3391 memo-

1969 3442 2193 3499 rantur;
2224 3434 2275 3487 in
2308 3434 2502 3487 decimo
2530 3448 2660 3487 vero
2688 3431 2756 3487 ad
2785 3432 3032 3501 singulos
3056 3430 3167 3486 fere
3196 3430 3363 3484 libros
3386 3430 3559 3484 citan~

1969 3534 2077 3581 tur.
2107 3528 2251 3584 Inter
2272 3528 2476 3597 plures,
2519 3542 2585 3580 ex
2620 3527 2819 3597 quibus
2859 3525 3135 3582 Sermones
3185 3533 3334 3578 tumo
3380 3523 3558 3593 quinto

1968 3620 2214 3690 castigati
2251 3630 2402 3685 sunt,
2446 3635 2611 3674 unum
2656 3620 2931 3689 prmcipue
2971 3624 3427 3680 commemorant,
3466 3613 3560 3683 qui

1969 3712 2069 3767 8‘21
2102 3722 2315 3767 notatus
2340 3711 2521 3781 fuerit,
2546 3711 2843 3766 Sermones
2874 3711 2943 3766 de
2959 3709 3142 3765 verbis
3165 3708 3439 3777 Evangelii
3464 3721 3561 3762 ve-

1970 3804 2069 3859 teri
2102 3804 2315 3869 ordine,
2349 3782 2644 3858 secundum
2675 3816 2834 3873 quem
2864 3803 2919 3856 in
2950 3801 3113 3856 Bedae
3140 3816 3234 3854 seu
3266 3799 3417 3854 Flori
3446 3798 3559 3852 col-

1969 3897 2204 3953 lectione
2227 3898 2548 3968 plerumque
2578 3895 2883 3961 laudantur,
2917 3894 3159 3965 digeStos
3182 3892 3553 3960 complexum,

1969 3990 2144 4060 iisque
2169 3990 2403 4043 insertos
2439 3988 2724 4059 quosdam,
2759 4002 2985 4057 quorum
3028 3987 3111 4041 vel
3158 3985 3290 4040 nihil
3333 3998 3558 4054 prorsus

1970 4085 2025 4138 in
2062 4092 2186 4137 ante
2206 4083 2389 4147 editis,
2417 4084 2501 4137 vel
2532 4083 2830 4152 fragmenta
2858 4082 3033 4137 solum
3059 4080 3368 4136 exstabant.
3402 4079 3461 4133 In
3497 4078 3558 4133 li-

1968 4179 2066 4234 bro
2086 4179 2150 4232 de
2175 4177 2446 4233 Mendacio
2468 4186 2611 4233 tomo
2631 4189 2775 4232 sexto
2797 4178 3142 4233 Colbertinus
3162 4176 3268 4232 800
3288 4191 3557 4231 annorum

1969 4281 2025 4327 et
2052 4271 2250 4327 ibidem
2295 4271 2349 4325 in
2380 4271 2518 4325 libro
2549 4271 2611 4325 de
2649 4270 2814 4342 Opere
2855 4270 3225 4324 monachorum
3264 4269 3404 4323 alius
3449 4268 3556 4324 900

1968 4364 2083 4418 fere
2113 4379 2378 4418 annorum
2414 4363 2735 4433 appellatur.
2788 4363 2865 4416 Ex
2897 4360 3207 4416 Colbertina
3253 4361 3441 4415 itidem
3476 4360 3555 4415 bi-

1968 4456 2237 4511 bliotheca
2262 4457 2402 4510 naCti
2426 4466 2552 4509 sunt
2578 4454 2827 4510 eudicem
2852 4454 3039 4535 Operis
3068 4454 3352 4524 imperfecti
3373 4462 3555 4506 contra

1967 4536 2247 4606 secundam
2268 4548 2473 4604 Juliani
2494 4550 2873 4621 responsionem
2897 4548 3144 4601 mutilum
3186 4547 3347 4601 tertia
3374 4556 3550 4616 parte,

302 4642 398 4687 tam
442 4647 493 4689 et
535 4636 731 4691 librum
774 4644 950 4690 contra
994 4636 1370 4701 Secundinum,
1413 4638 1504 4709 qui
1535 4640 1589 4694 in
1631 4630 1940 4711 BelgicisD
1965 4642 2116 4698 illum
2167 4643 2341 4710 ipsum
2383 4656 2599 4710 nempe,
2638 4656 2705 4694 ex
2745 4655 2851 4709 quo
2890 4638 3139 4694 Claudius
3182 4638 3461 4693 Menardus
3496 4653 3547 4691 a.

301 4729 558 4785 codicibus
580 4728 785 4784 frustra
814 4731 1071 4802 quaesitus
1097 4746 1164 4786 ex
1186 4746 1252 4787 eo
1278 4732 1438 4786 unico
1465 4732 1533 4785 ab
1561 4732 1858 4789 innumeris

297 4825 485 4879 mendis
507 4838 831 4898 repurgatus
856 4843 977 4884 esse
1006 4828 1223 4899 dicitur,
1256 4830 1387 4885 item
1416 4829 1613 4884 librum
1645 4830 1708 4883 de
1736 4829 1856 4883 Na-

296 4923 395 4970 tura
414 4926 467 4971 et
496 4916 703 4983 Gratia,
725 4928 777 4974 et
798 4920 862 4973 de
886 4919 1207 4991 Perfectione
1228 4921 1450 4974 hominis
1476 4932 1619 4976 tomo
1639 4922 1855 4976 decimo.

352 5011 429 5063 Ab
463 5011 527 5064 iis
558 5012 805 5067 diversus
834 5020 920 5067 est
961 5013 1099 5069 liber
1140 5014 1419 5069 Eccnesur:
1467 5011 1853 5081 Csnuursnsm,

289 5102 365 5168 qui
394 5101 641 5156 laudatur
670 5104 723 5157 in
756 5104 1103 5159 Sermonibus.

337 5193 757 5249 Csssnensrsseu
770 5192 1086 5262 CASALINUS,
1104 5196 1140 5250 i.
1158 5211 1208 5252 e.
1226 5198 1393 5253 codex
1410 5212 1509 5251 ms.
1530 5198 1741 5252 caenobii
1758 5198 1857 5252 Ca-

345 5358 419 5427 (a)
455 5360 601 5417 Inter
632 5361 731 5434 bos
751 5364 912 5417 etiam
942 5372 1061 5418 erat
1082 5380 1240 5423 unus.
1275 5366 1362 5429 qui
1397 5365 1666 5434 Epitomen
1698 5365 1851 5420 Com-

283 5434 654 5506 ruentariorunt_
673 5433 951 5502 Augustini
1007 5436 1058 5487 in
1098 5434 1335 5506 Psalmos
1379 5433 1712 5506 continebat,
1759 5438 1843 5490 cui

279 5502 436 5573 codici
469 5504 832 5573 propylzeum,
869 5518 1097 5560 camera:
1130 5504 1301 5561 forma
1349 5508 1416 5560 ad
1456 5508 1672 5562 Davidis
1699 5502 1850 5562 com-

281 5572 626 5646 plectendamr
652 5574 941 5646 imaginem
980 5576 1247 5644 appictum
1272 5620 1286 5641 ,
1324 5579 1759 5646 conspiciebatur
1797 5588 1849 5634 et

281 5642 586 5718 inscriptum
617 5642 809 5718 hisad
832 5642 1095 5701 fornicem
1121 5649 1334 5702 verbis:
1364 5642 1665 5718 Lundulfus
1691 5665 1850 5703 ovans

280 5712 405 5788 hunc
434 5714 664 5788 libellum,
697 5716 812 5784 ﬁeri
840 5719 1033 5788 jussit,
1064 5735 1160 5787 pro
1189 5735 1290 5788 quo
1329 5720 1487 5788 [unde
1521 5712 1694 5787 preces
1736 5736 1851 5772 car-

281 5785 409 5836 mina
446 5786 532 5859 91ιὶ
566 5785 725 5859 legis.
754 5785 860 5844 etc'.
894 5787 975 5840 Ad
1015 5785 1259 5859 imaginis
1289 5785 1417 5845 vero
1452 5785 1617 5856 pedes
1645 5810 1657 5845 :
1694 5789 1850 5846 Orate

281 5872 363 5923 pro
424 5856 661 5923 Annone,
702 5856 800 5911 hoc
847 5856 1369 5928 supplicoUVersus
1424 5861 1651 5947 subjecti
1712 5875 1846 5916 con-

1968 4737 2107 4794 1617
2142 4739 2371 4805 primum
2402 4736 2615 4805 priores
2645 4734 2781 4788 duos
2813 4734 2980 4789 libros
3008 4733 3396 4801 publicaverat.

2034 4830 2089 4884 In
2122 4829 2484 4883 Culbertinatn
2528 4827 2907 4881 bibliothecam
2947 4827 3056 4896 jam
3090 4837 3221 4892 tum,
3258 4824 3438 4879 nescio
3481 4838 3550 4878 an

1962 4938 2174 4987 omnes,
2195 4922 2519 4975 transierant
2537 4919 2765 4973 Thuanei
2779 4935 2907 4973 mss.
2921 4961 2934 4981 ,
2951 4918 3092 4971 unde
3105 4916 3340 4969 Thuanei
3353 4916 3551 4971 codices

1965 5012 2236 5067 interdum
2268 5010 2524 5065 censendi
2556 5019 2681 5063 sunt
2706 5026 2769 5064 ex
2799 5009 3127 5073 Col’bertina,
3161 5023 3211 5062 e.
3242 5022 3295 5077 ε.
3324 5006 3380 5060 in
3411 5007 3549 5061 libro

1966 5108 2029 5161 de
2052 5107 2226 5177 Agone
2257 5104 2571 5167 Christiano,
2605 5116 2657 5159 et
2688 5104 2835 5158 Bono
2865 5105 3129 5175 conjugali
3163 5112 3309 5157 tonio
3339 5112 3500 5156 sexto.

2034 5200 2489 5261 COMPENDIENSES,
2522 5198 2636 5251 vide
2663 5196 3078 5252 Cunnsumsss.

1962 5373 2106 5419 stant
2130 5363 2249 5418 XIV
2276 5361 2544 5425 distichis,
2572 5360 2835 5428 incipiunt
2864 5376 2876 5412 τ

2049 5526 2241 5578 Cantica
2265 5525 2497 5574 Davidico
2520 5522 2763 5573 Christum
2789 5522 3085 5586 modulantia
3110 5523 3325 5586 plectro,

2137 5587 2411 5650 Explauata
2449 5592 2591 5635 tenet
2615 5586 2815 5635 ﬂoridus
2840 5586 2933 5635 iste
2955 5585 3100 5634 liber.

1959 5695 2212 5750 Finiunt:

2048 5808 2211 5861 Atque
2234 5807 2358 5855 duos
2376 5806 2507 5856 inter
2526 5805 2830 5857 Clteruhinos
2852 5820 2970 5857 voce
2999 5807 3256 5861 tremenda

2164 5874 2349 5932 ntonat,
2377 5874 2429 5919 et
2446 5869 2600 5932 rapidi
2624 5868 2831 5933 fulguris
2856 5870 2970 5936 igne
2990 5877 3153 5925 micat.
