4010 6350
2046 187 2124 209 Ξ-νσ
2202 191 2228 202 υ

507 309 614 368 H5

1391 295 1949 356 SUPPLEMENTUM
1989 295 2081 350 AD
2119 294 2353 353 OPERA
2389 297 2449 354 S.
2492 298 2887 358 AUGUSTINI.

3686 298 3784 352 116

579 421 970 475 Conuersusxs.
1011 412 1390 484 Antiquissimi
1431 418 1485 465 et
1513 407 1966 463 numerosissimi.
1999 407 2101 462 Vix
2132 413 2184 469 Α
2281 411 2670 468 Ρειιιιλιιιεκειε
2693 411 2912 467 abbatia:
2937 411 3105 466 codex
3139 411 3319 484 viginti
3355 427 3446 466 sea:
3481 410 3704 484 psalmos
3722 428 3787 468 ex

509 514 656 571 enim
684 513 826 565 ullus
852 511 986 564 liber
1015 517 1121 574 est,
1155 507 1282 575 quin
1314 503 1382 558 ad
1411 501 1636 557 eosdem
1661 501 1954 570 castigatus
1981 499 2101 554 fue-

511 608 608 663 rit.
632 604 765 659 Nam
805 602 875 658 ab
903 600 1055 656 initio
1081 601 1262 654 statim
1281 640 1295 663 ,
1321 595 1386 650 ad
1419 594 1866 649 Retractationum
1895 593 2097 658 libros,

509 697 716 754 librum
748 696 814 751 de
855 693 1050 749 Ordine
1079 701 1135 746 et
1167 690 1423 761 Regulam
1449 687 1518 741 ad
1549 686 1734 742 Servos
1775 683 1876 740 Dei
1906 694 2106 755 praesto

510 791 616 846 fuit
646 790 818 846 codex
849 790 953 843 900
987 787 1157 840 ferme
1195 798 1368 838 annos
1412 782 1738 852 pra-fetens;
1789 781 1854 835 ad
1893 779 2109 851 Confes-

511 887 683 940 siones
705 882 1027 939 Corbeiensis
1057 889 1185 935 ante
1227 893 1400 934 annos
1431 878 1534 933 700
1559 877 1801 946 scriptus
1833 873 2101 938 laudatur,

517 971 676 1055 etsic
717 975 783 1055 ad
825 988 1015 1027 omnes
1050 985 1190 1055 pene
1217 970 1350 1024 tomi
1385 968 1548 1038 primi
1578 967 1782 1033 libros,
1817 964 2112 1020 Corbeieu—

512 1053 657 1126 sium
688 1051 908 1138 optima:
942 1041 1087 1134 nota:
1119 1063 1177 1118 lit
1204 1061 1429 1116 mentio.
1869 1063 1873 1066 '
1951 1041 1954 1044 ’

589 1159 688 1226 Qui
718 1157 786 1212 ad
817 1157 1087 1226 Epistolas
1121 1143 1280 1210 torno
1299 1141 1534 1207 secundo
1563 1149 1792 1205 adhibiti
1820 1157 1968 1212 sunt,
1994 1147 2110 1216 ple-

513 1253 670 1324 rique
704 1261 828 1306 ante
860 1265 1033 1305 anuos
1057 1249 1163 1303 800
1193 1257 1288 1302 aut
1317 1246 1422 1302 900
1452 1245 1642 1314 scripti
1671 1243 1948 1298 dicuntur.
2000 1237 2006 1248 '

586 1345 742 1401 Tomi
774 1345 914 1416 tertii
935 1344 1083 1407 libri,
1099 1350 1329 1412 excepto
1352 1353 1483 1406 uno,
1509 1350 1702 1390 mnnes
1724 1334 1790 1388 ad
1814 1330 2112 1388 Corbeien-

513 1454 607 1495 ses
657 1435 871 1493 excussi
927 1443 1093 1504 sunt,
1146 1421 1378 1503 quorum
1433 1445 1574 1484 unus
1629 1428 1698 1483 ad
1760 1425 2112 1494 Quastionum

517 1529 726 1604 Evang.
765 1529 956 1592 libros,
981 1527 1105 1608 900,
1136 1527 1266 1593 item
1298 1525 1438 1578 alter
1469 1523 1534 1608 ad
1558 1521 1728 1576 libros
1755 1519 1821 1573 de
1850 1516 2114 1572 Consensu

517 1613 995 1696 Evangelistaram,
1023 1603 1129 1676 900
1157 1627 1249 1673 aut
1274 1617 1410 1674 1000
1422 1604 1597 1670 annos
1616 1605 1818 1690 habere
1837 1624 1892 1666 et
1912 1603 2114 1680 optima

516 1732 684 1773 manu
718 1716 1028 1783 descriptus
1059 1712 1280 1768 dicitur.
1312 1699 1314 1702 ’

2210 521 2376 578 Opere
2403 507 2843 572 Enarrationum,
2869 519 3065 574 nempe
3096 493 3528 568 LXIII-XCVIII,
3555 505 3788 574 comple-

2208 604 2478 656 ctebatur.

2283 694 2664 749 FISCANNENSIS
2695 693 2838 748 liber
2865 706 2970 746 ms.
3001 691 3234 747 Notatur
3259 690 3327 745 ad
3356 689 3551 744 librum
3582 688 3645 742 de
3675 687 3794 741 Ma-

2211 791 2372 863 gistro
2400 799 2546 843 torno
2571 788 2760 858 primo,
2803 787 2870 840 ad
2912 773 3107 864 librum
3135 785 3198 838 de
3229 781 3495 866 Consensu
3523 780 3796 851 Evangeli-

2211 891 2409 964 starum
2449 888 2595 950 toruo
2623 879 2792 942 tertio,
2826 877 2893 932 ad
2920 876 3114 930 librum
3144 874 3208 929 de
3233 871 3630 929 Catechisandis
3657 871 3799 924 rudi-

2213 957 2306 1027 bus
2336 949 2481 1027 torno
2511 982 2678 1038 sexto,
2705 967 2898 1025 Contra
2923 968 3276 1048 adversarium
3303 968 3430 1040 legis
3459 949 3508 1018 ἰτ
3531 962 3801 1036 propheta-

2213 1082 2332 1120 rum
2361 1076 2508 1119 tomo
2539 1073 2739 1118 octavo.

2289 1159 2710 1214 FLORIACBNSBS.
2753 1154 3087 1210 Bibliotheca
3130 1149 3483 1207 Floriacensis
3526 1165 3649 1204 mss.
3679 1148 3806 1203 'lrc-

2209 1249 2570 1322 'quentissime
2620 1234 2908 1324 laudantur
2959 1235 3068 1301 non.
3109 1248 3280 1301 solum
3322 1245 3389 1300 ad
3447 1246 3691 1313 integros
3731 1252 3801 1295 to-

2217 1331 2361 1408 mos,
2391 1327 2552 1398 veluti
2582 1342 2906 1406 secundum,
2931 1335 3234 1411 Epistolas;
3271 1346 3544 1407 quartum,
3573 1332 3811 1388 Enarra-

2217 1439 2388 1492 tiones
2425 1437 2478 1490 in
2510 1436 2794 1500 Psalmos;
2838 1434 3108 1502 quintum,
3141 1432 3419 1485 Sermones
3449 1429 3811 1496 complecten-

2219 1545 2328 1590 tem
2353 1520 2626 1604 :quorum‘
2645 1525 2882 1598 illis,'qui
2906 1527 2970 1581 ad
3005 1536 3210 1580 tomum
3236 1507 3490 1595 quartum
3513 1534 3814 1576 memoran-

2221 1611 2335 1697 tur,
2393 1613 2531 1683 anni
2570 1624 2878 1680 tribuuntur
2923 1620 3067 1686 700;
3111 1619 3202 1674 sed
3247 1619 3408 1672 etiam
3455 1615 3523 1670 ad
3571 1613 3816 1692 singulos

2222 1722 2396 1778 libros
2424 1735 2520 1788 per
2560 1711 2774 1772 diversa
2819 1710 3116 1776 Volumina,
3157 1711 3321 1766 veluti
3371 1708 3438 1763 ad
3471 1690 3817 1761 Retractatio-

589 1811 671 1867 Ad
718 1796 890 1865 libros
931 1807 1344 1863 Enarrationum
1382 1805 1438 1858 in
1470 1802 1714 1857 Psalmos
1747 1808 1894 1886 toruo
1924 1806 2115 1868 quarto

2243 1832 2312 1868 tes
2334 1823 2388 1868 et
2408 1812 2605 1866 librum
2633 1811 2696 1864 de
2726 1807 3028 1874 Quantitate
3052 1805 3259 1867 animle,
3291 1804 3500 1873 primo;
3527 1799 3593 1854 ad
3622 1812 3817 1853 omnes

518 1905 747 1962 adhibiti
780 1913 904 1959 sunt
939 1917 1037 1972 per
1074 1909 1250 1957 totum
1283 1912 1451 1970 opus,
1485 1899 1622 1963 duo,
1651 1896 1704 1948 in
1743 1892 1964 1949 eosdem
2004 1899 2116 1945 tra-

517 2005 692 2054 ctatus
734 1989 1022 2072 interdum
1062 1991 1272 2071 plures,
1326 1991 1572 2062 plerique
1623 1998 1752 2042 ante
1795 2001 1966 2040 annos
2008 1982 2116 2039 800

517 2091 736 2160 scripti.
858 2069 862 2072 ’
1073 2069 1075 2071 ’
1488 2071 1489 2074 “
1726 2073 1730 2076 ’

592 2171 808 2240 Pariter
845 2181 900 2238 in
943 2179 1286 2238 Sermonibus
1335 2185 1486 2233 tomo
1528 2175 1707 2246 quinto
1753 2169 2120 2227 Corbeienses

521 2279 745 2348 optima:
773 2285 918 2332 nota:
947 2283 1003 2330 et
1028 2265 1380 2330 vetusﬁsSimi
1414 2281 1693 2331 netamur,
1723 2274 1778 2320 et
1806 2265 1857 2319 in
1890 2263 2121 2334 singulis

520 2347 662 2442 pene
686 2359 816 2423 torni
845 2369 977 2423 sexti
995 2355 1165 2421 libris
1193 2364 1410 2420 codices
1433 2362 1538 2417 800
1557 2369 1613 2415 et
1637 2357 1743 2414 900
1768 2369 2030 2410 annorum
2067 2347 2124 2408 et

523 2464 595 2520 ad
624 2445 792 2518 libros
819 2457 884 2516 de
912 2445 1128 2515 diversis
1173 2453 1564 2526 Quwstionibus
1606 2452 1675 2505 ad
1723 2448 2124 2519 Simplicianum

524 2545 668 2640 unus
696 2556 1051 2634 peregregius
1088 2561 1208 2607 ante
1238 2567 1404 2604 annos
1431 2536 1587 2601 mille
1612 2545 1944 2612 descriptus.
1973 2535 2030 2593 In
2064 2539 2127 2612 li-_-

521 2634 640 2730 bris
672 2649 737 2704 de
752 2639 966 2722 Civitate
999 2637 1092 2700 Dei
1121 2657 1270 2700 tomo
1297 2644 1510 2715 septimo
1532 2646 1732 2710 praesto
1756 2638 1975 2692 luerunt
1995 2634 2123 2689 duo.

523 2728 639 2803 Nec
668 2729 882 2814 parcius
913 2744 967 2796 in
986 2740 1151 2795 tribus
1182 2736 1556 2814 posterioribus
1582 2733 1746 2788 tomis
1774 2728 2128 2785 Corbeiensis

523 2839 765 2896 abbatiaa
820 2836 1086 2910 librorum
1137 2830 1640 2910 antiquissimorum
1688 2835 1746 2880 et
1787 2820 2129 2894 elegantissi-

527 2947 740 3000 morum
775 2901 832 2983 lit
857 2903 1085 2994 mentio,
1114 2935 1171 2981 et
1201 2901 1492 2994 inultimo
1511 2919 1730 2991 quidem
1762 2917 1828 2998 ad
1865 2917 2034 2972 libros
2064 2913 2131 2969 de

528 3021 717 3079 Gratia
755 3033 804 3078 et
835 3021 990 3076 libero
1029 2993 1291 3087 Arbitrio,
1325 3029 1426 3071 nec
1462 3030 1570 3069 non
1612 2993 2052 3080 deHCorreptione
2081 3016 2130 3060 et

529 3118 716 3175 Gratia
761 3133 929 3174 unum
963 3115 1390 3188 vetustissimum
1438 3121 1560 3164 ante
1600 3107 1745 3162 mille
1786 3088 1948 3184 annos
1996 3103 2132 3158 scri-

528 3222 681 3283 ptum
701 3221 1055 3278 censuerunt.
1463 3191 1466 3196 ’
1545 3191 1548 3194 ’
1879 3191 1882 3194 ⁴

599 3297 810 3364 Aderat
834 3321 1052 3380 quoque
1079 3320 1145 3372 ex
1176 3302 1365 3358 eadem
1392 3296 1720 3364 bibliotheca
1746 3291 2130 3361 Excerptorum

529 3401 797 3474 Eugyppii
829 3379 991 3455 codex
1020 3408 1075 3454 et
1101 3385 1239 3452 liber
1274 3409 1378 3451 ms.
1410 3402 1536 3447 ante
1566 3402 1739 3443 annos
1769 3385 1990 3441 circiter
2029 3379 2134 3436 500

531 3497 794 3565 scriptus,
822 3494 914 3565 qui
955 3490 1106 3546 Flori
1133 3507 1229 3546 seu
1275 3487 1430 3542 Beda:
1456 3482 1659 3560 yulgati
1694 3479 2051 3536 collectionem
2078 3475 2133 3529 in

532 3561 801 3662 Epistolas
831 3561 1066 3658 Apostoli
1093 3578 1580 3652 complectebatur.
1901 3561 1920 3566 ”

607 3679 1031 3744 Connumsnstss,
1059 3677 1096 3731 i.
1141 3691 1193 3738 e.
1224 3673 1349 3728 libri
1379 3686 1511 3726 mss.
1546 3668 1779 3723 abbatiae
1908 3661 2136 3740 Cornelii

539 3773 980 3848 Compendiensis.
1028 3769 1180 3825 Unus
1212 3773 1560 3840 pervetustus
1603 3741 1936 3816 memoratur
1971 3757 2039 3810 ad
2071 3757 2136 3810 li-

535 3870 697 3944 brum
720 3867 786 3922 de
815 3863 1217 3937 Immortalitate
1238 3861 1426 3913 animle
1458 3867 1607 3911 tomo
1635 3853 1821 3928 primo.
1848 3851 2040 3940 ξιιμ-εδ
2068 3849 2135 3902 ad

537 3941 816 4032 Sermones
845 3969 994 4014 tomo
1020 3963 1226 4026 quarto.
1854 3929 1860 3940 ’

612 4053 847 4108 Αὸὸαιὶιε
901 4052 964 4106 de
1008 4049 1269 4103 Cumana
1317 4043 1459 4114 apud
1509 4039 1830 4097 Cenomanos
1893 4035 2133 4092 codices.

539 4147 818 4204 Laudatur
846 4145 911 4198 ad
944 4139 1236 4211 Epistolas,
1276 4137 1404 4210 item
1446 4134 1514 4190 ad
1544 4131 1817 4188 Tractatus
1848 4130 1900 4183 in
1933 4127 2134 4196 Evang.

542 4239 765 4296 Joannis
802 4246 950 4292 tomo
980 4235 1164 4299 tertio;
1196 4246 1296 4287 nec
1333 4246 1440 4284 non
1469 4238 1616 4290 temo
1643 4231 1831 4297 quarto
1870 4223 1922 4276 in
1967 4219 2138 4273 Euar-

541 4333 828 4389 rationibus
881 4331 948 4385 ad
999 4327 1243 4383 Psalmos
1288 4322 1660 4394 perantiquus,
1707 4317 1795 4388 qui
1844 4313 2054 4384 priores
2097 4309 2139 4365 L

544 4428 785 4498 psalmos
814 4421 1301 4492 complectebatur.
1336 4417 1550 4471 Citatur
1581 4424 1798 4483 quoque
1827 4407 1894 4462 ad
1938 4406 2135 4461 librqu

522 4523 608 4578 vde
634 4522 820 4576 Anima
848 4528 893 4574 et
924 4520 1034 4590 ejus
1069 4516 1267 4588 origine
1296 4522 1444 4566 toruo
1470 4509 1685 4564 decimo.

616 4616 1061 4671 Dommcauonuu
1111 4607 1325 4678 majoris
1376 4610 1650 4657 conventus
1696 4595 2007 4651 Parisiensis
2058 4592 2140 4646 eia

545 4707 782 4762 Jacobtea
812 4705 934 4758 libri
967 4717 1100 4756 mss.
1127 4697 1354 4753 adhibiti
1397 4703 1521 4749 sunt
1546 4691 1612 4745 ad
1646 4690 1816 4744 libros
1844 4685 2140 4756 Confessio-

547 4819 669 4854 rmm
717 4809 771 4852 et
812 4799 874 4849 de
913 4794 1077 4848 libero
1109 4791 1336 4845 Arbitrio
1375 4797 1523 4843 tomo
1552 4786 1738 4854 primo,
1785 4781 1849 4836 ad
1880 4781 2045 4834 libros
2079 4779 2155 4833 de

546 4893 800 4949 Trinitate
825 4901 972 4946 temo
995 4898 1193 4954 octavo,
1223 4888 1419 4940 librum
1440 4883 1503 4936 de
1533 4882 1696 4936 Unico
1717 4879 1969 4948 baptismo
1993 4885 2141 4928 tomo

547 5005 704 5053 nono,
737 4987 910 5041 libros
942 4995 1050 5038 tres
1081 4983 1142 5037 de
1175 4981 1513 5036 Peccatoram
1541 4977 1738 5030 meritis
1766 4982 1814 5027 et
1845 4971 2142 5026 remissione

549 5096 699 5138 tomo
728 5080 944 5134 decimo.

625 5178 1062 5234 Ennvnpususss,
1088 5169 1126 5224 i.
1147 5185 1198 5225 e.
1223 5168 1284 5224 S.
1312 5163 1569 5234 Ebrulphi
1588 5161 1870 5218 Urmuusrs
1897 5157 2137 5212 codices.

549 5272 830 5332 Laudatur
875 5267 938 5319 ad
973 5266 1166 5318 librum
1205 5263 1268 5316 de
1301 5256 1703 5314 Immortalitate
1747 5255 1932 5306 anima:
1983 5262 2037 5305 et
2079 5248 2142 5301 de

554 5365 854 5430 Quantitate
883 5360 1070 5413 animo:
1118 5366 1263 5410 tomo
1293 5355 1480 5424 primo,
1509 5351 1576 5405 ad
1620 5350 1812 5403 librum
1862 5345 1925 5398 de
1968 5344 2144 5412 Agone

552 5457 845 5513 Christiana
879 5461 932 5508 et
966 5452 1028 5504 de
1067 5449 1204 5503 Cura
1243 5465 1336 5519 pro
1368 5445 1582 5500 mortuis
1625 5441 1866 5513 gerenda,
1899 5438 2142 5504 aliosque

554 5550 724 5604 libros
753 5556 902 5600 tomo
928 5554 1091 5600 sexto.

629 5642 805 5697 Codex
832 5658 928 5695 ms.
991 5639 1060 5694 Β.
1108 5638 1314 5693 Antonii
1347 5636 1551 5700 Faune,
1582 5632 1806 5687 doctoris
1843 5627 1999 5682 theol.
2035 5625 2144 5679 Pa-

556 5738 651 5791 ris.
686 5734 912 5804 praebuit
935 5732 1138 5787 librum
1169 5730 1231 5784 de
1259 5727 1412 5793 Fide,
1448 5727 1554 5796 Spe
1584 5733 1628 5777 et
1671 5721 1968 5784 Charitate;
1997 5725 2052 5773 et
2081 5717 2145 5770 li-

557 5829 688 5890 bros
717 5830 781 5882 de
809 5826 1024 5882 Cloitate
1057 5823 1170 5877 Dei.

2223 1921 2366 1980 pene
2399 1903 2532 1959 tomi
2560 1903 2737 1964 tertii;
2773 1901 2837 1954 ad
2867 1885 3064 1966 librum
3093 1898 3156 1951 de
3184 1885 3316 1951 Octo
3342 1891 3553 1948 Dulcitii
3580 1890 3822 1963 quastio-

2225 1987 2399 2062 nibus,
2419 1997 2482 2050 de
2510 1998 2685 2067 Agone
2699 1989 3017 2054 Christiana,
3041 1999 3094 2044 et
3121 1989 3210 2044 hic
3225 1985 3442 2058 quidem
3473 1984 3611 2049 duo;
3641 1982 3707 2035 de
3731 1997 3818 2034 ca-

2225 2089 2547 2166 tecliizamlis
2576 2087 2813 2149 rudibus,
2846 2084 2912 2138 de
2945 2081 3113 2150 Opere
3141 2079 3506 2134 monachorum
3541 2085 3597 2131 et
3625 2076 3687 2128 de
3714 2072 3817 2126 Pa-

2225 2159 2584 2243 tientia‘tomo
2626 2191 2808 2246 sexta;
2839 2177 2906 2231 ad
2951 2175 3121 2230 libros
3169 2174 3230 2226 de
3269 2169 3587 2233 Hteresibus,
3632 2164 3822 2221 Contra

2226 2277 2513 2352 Fauslum,
2539 2275 2603 2352 de
2636 2271 2886 2326 Trinitote
2917 2278 3066 2323 tomo
3093 2272 3322 2328 octavo;
3355 2261 3420 2316 ad
3447 2259 3610 2314 libros
3637 2255 3731 2310 Vl]
3769 2254 3826 2308 de

2229 2346 2520 2441 Baptismo.
2543 2349 2748 2431 Contra
2778 2361 3027 2416 Petiliani
3067 2359 3283 2424 litteras,
3317 2355 3380 2408 de
3410 2351 3614 2408 Unitate
3637 2346 3825 2402 Eccle-

2229 2453 2324 2542 sia:
2342 2447 2479 2542 etde
2505 2457 2621 2540 Uno
2648 2441 2902 2534 baptismo
2925 2465 3071 2508 torno
3099 2465 3280 2511 nono;
3307 2448 3539 2514 denique
3567 2443 3634 2497 ad
3659 2441 3829 2496 libros

2230 2537 2328 2611 sex
2358 2531 2538 2630 contra
2558 2531 2833 2620 lulianum
2863 2557 3010 2601 tomo
3030 2543 3262 2598 decimo.

2307 2625 2666 2726 Fossnsuns
2695 2643 2758 2700 S.
2793 2641 2970 2697 Mauri
2990 2637 3206 2694 abbatia:
3232 2633 3419 2691 nescio
3451 2647 3583 2686 unus
3613 2644 3681 2682 an
3713 2627 3829 2700 plu-

2232 2727 2348 2812 res‘;
2399 2721 2494 2806 sed
2543 2738 2908 2795 verosimilius
2962 2732 3251 2804 posterius.
3302 2724 3544 2782 Adhibiti
3592 2730 3720 2776 sunt
3769 2718 3830 2774 ad

2236 2839 2631 2908 Confessionum
2658 2811 2828 2902 libros
2861 2841 3007 2885 tomo
3032 2827 3230 2900 primo,
3259 2820 3543 2891 Epistolas,
3566 2825 3716 2870 tomo
3745 2829 3826 2868 se-

2236 2927 2452 3004 cundo;
2500 2928 2567 2984 ad
2605 2928 2772 2994 libros
2813 2925 2875 2978 de
2902 2922 3166 2976 Consensu
3201 2911 3649 2988 Evangelistarum
3684 2917 3832 2962 tomo

2239 2996 2446 3082 tertio.
2469 3021 2833 3088 Perantiquus
2864 3013 3118 3069 laudatur
3161 3005 3228 3088 ad
3265 3003 3508 3059 Psalmos
3537 2996 3831 3054 Graduoles

2239 3121 2294 3176 in
2324 3114 2738 3190 Enarrationum
2761 3123 2927 3180 opere
2951 3086 3338 3173 tomo'quarto.
3363 3094 3639 3152 Sermones
3669 3089 3835 3145 etiam

2155 3178 2206 3258 C»
2239 3193 2308 3270 ex
2340 3207 2531 3264 iisdem
2577 3178 2825 3272 castigati
2858 3207 3014 3261 sunt;
3063 3196 3191 3272 item
3237 3201 3382 3264 torno
3429 3191 3580 3241 sexto
3605 3182 3751 3237 liber
3780 3181 3842 3234 de

2240 3302 2453 3390 diversis
2505 3269 3279 3376 Quwstioinibus'XXXVI'II,
3336 3291 3394 3362 et
3445 3277 3506 3332 de
3557 3274 3696 3330 Cura
3747 3287 3845 3378 pro

2240 3365 2458 3472 mortuis
2489 3373 2712 3470 gerenda
2733 3406 2750 3455 ;
2773 3399 2918 3464 tomo
2940 3394 3138 3438 octavo
3161 3373 3387 3435 Collatio
3409 3389 3524 3428 cum
3546 3364 3845 3424 Maximino

2238 3463 2295 3548 et
2319 3459 2440 3544 libri
2465 3459 2647 3541 cbntra
2669 3459 2841 3555 ipsum
2862 3479 2983 3556 duo.
3014 3475 3094 3530 Ad
3121 3472 3164 3527 Τ
3165 3478 3394 3526 ructatus
3420 3467 3475 3519 in
3499 3459 3844 3532 Evangelium

2239 3583 2460 3660 Ioannis
2505 3550 2752 3652 laudatur
2805 3550 3118 3625 Fussalense
3168 3561 3448 3630 exemplar
3485 3557 3644 3627 jussu
3668 3550 3845 3624 Ingil—

2240 3654 2368 3732 berti
2396 3671 2607 3742 abbatis
2635 3668 2854 3723 circiter
2881 3675 3053 3717 annos
3079 3657 3184 3714 840
3214 3654 3498 3723 scriptum.

2249 3756 2260 3766 ’
2315 3769 2420 3832 PP.
2457 3741 2938 3836 Faliscxscxuonuu
2964 3752 3344 3810 Parisiensium
3365 3745 3555 3800 codex.
3585 3741 3653 3797 lii
3677 3753 3850 3794 unum

2243 3831 2439 3926 librum
2473 3833 2573 3914 ms.
2615 3831 2970 3927 praebuerunt
3016 3841 3357 3904 emendando
3398 3837 3540 3922 libro
3572 3834 3636 3889 de
3665 3831 3850 3887 Mori-

2245 3951 2334 4008 bus
2373 3952 2784 4022 Manichazorum
2814 3955 2959 3998 tomo
2991 3941 3188 4010 primo.
3484 3919 3486 3922 ’

2316 4049 2420 4106 PP.
2456 4016 2785 4100 Fumeuswu
2813 4034 3025 4091 caenobii
3049 4031 3110 4087 S.
3150 4025 3410 4102 Bernardi
3436 4019 3659 4076 Parisiis
3692 4016 3855 4074 codi-

2244 4159 2335 4206 ces
2369 4120 2512 4212 mss.
2561 4135 2668 4190 duo
2716 4128 2940 4186 adhibiti
2982 4131 3109 4180 sunt
3161 4121 3225 4174 ad
3276 4113 3649 4186 castigandum
3698 4108 3854 4183 Opus

2244 4204 2656 4290 Enarrationum
2687 4226 2739 4278 in
2768 4222 3022 4276 Psalmos.
3057 4215 3212 4290 Alter
3242 4211 3483 4280 psalmos
3506 4204 3795 4260 sexdecim
3825 4217 3855 4255 a

2243 4287 2442 4385 iiiXV
2484 4323 2550 4378 ad
2582 4321 2622 4376 ι
2647 4361 2662 4382 ,
2689 4317 2826 4370 alter
2861 4299 3158 4367 octodecim
3193 4287 3232 4356 Va
3278 4303 3342 4358 Cl
3363 4301 3428 4354 ad
3456 4291 3668 4354 CXVIII
3690 4311 3855 4352 com-

2245 4393 2436 4492 plexus
2480 4401 2618 4468 erat.
2662 4411 2936 4470 Sermones
2976 4414 3190 4472 quoque
3238 4394 3304 4449 ad
3345 4389 3591 4492 ejusdem
3639 4386 3856 4441 biblio-

2247 4477 2416 4567 ihecaa
2445 4506 2662 4562 codices
2692 4498 2902 4555 excussi
2943 4502 3100 4557 sunt;
3134 4491 3264 4545 item
3292 4485 3430 4539 liber
3457 4481 3521 4536 de
3553 4477 3854 4534 Continen-

2165 4567 2220 4658 D,
2247 4587 2338 4669 tia,
2365 4601 2427 4654 de
2440 4596 2683 4670 Symbolo
2713 4592 2780 4646 ad
2807 4585 3211 4642 Catechumenos
3232 4591 3486 4634 sermones
3511 4581 3765 4643 quatuor,
3799 4576 3858 4622 et

2247 4661 2523 4751 Sermones
2553 4688 2615 4741 de
2641 4684 2853 4738 Cantica
2883 4695 3011 4734 novo
3033 4719 3047 4740 ,
3082 4677 3145 4728 de
3169 4681 3352 4740 quarta
3383 4667 3543 4736 feria,
3585 4665 3648 4717 de
3673 4661 3853 4716 Cata-

2245 4788 2438 4858 clysmo
2461 4792 2515 4837 et
2543 4781 2605 4834 de
2631 4779 2880 4845 Tempore
2905 4770 3184 4826 Barbarico
3217 4777 3362 4820 tomo
3387 4768 3552 4816 sexto.

2321 4879 2582 4934 Fuxnssrs
2609 4870 2811 4941 collegii
2837 4863 2977 4937 apud
3011 4861 3276 4918 Tolosam
3303 4853 3579 4923 exemplar
3608 4848 3676 4904 ad
3709 4846 3858 4941 Epi-

2246 4970 2409 5026 stolas
2455 4972 2650 5037 praasto
2698 4937 2815 5015 fuit.
2872 4955 3144 5011 Laudatur
3195 4950 3356 5005 etiam
3403 4943 3471 4999 ad
3529 4941 3736 4996 librum
3787 4937 3859 4992 de

2249 5063 2423 5135 Agone
2455 5055 2748 5113 Christiano
2775 5061 2921 5105 tomo
2951 5055 3108 5100 sexto.

2320 5152 2566 5210 Ecclesia:
2580 5148 2640 5203 S.
2665 5145 2896 5202 Garum
2919 5133 3237 5192 Turonensis
3259 5129 3429 5184 codex
3451 5125 3673 5195 optimae
3694 5131 3858 5178 nota

2247 5250 2500 5305 laudatur
2522 5242 2588 5296 ad
2614 5236 2978 5294 Enarrationes
3000 5233 3054 5284 in
3079 5229 3340 5288 Psalmos,
3371 5219 3690 5289 complexus
3723 5231 3858 5268 cen-

2247 5354 2354 5398 tum
2381 5339 2608 5412 priores;
2631 5335 2758 5388 item
2791 5329 2858 5382 ad
2889 5328 3055 5380 libros
3076 5323 3144 5378 de
3173 5319 3424 5373 Trinitate
3456 5326 3599 5367 tomo
3637 5318 3854 5364 octavo.

2250 5439 2254 5448 '
2318 5399 2469 5489 Libri
2497 5444 2625 5482 mss.
2657 5423 2874 5478 abbatia:
2907 5418 3340 5473 GEIMETICBNSIS
3368 5403 3697 5462 creberrime
3724 5399 3858 5455 lau-

2247 5531 2464 5586 dantur.
2495 5524 2571 5579 Ex
2600 5521 2664 5575 iis
2685 5517 3018 5584 castigantur
3040 5507 3315 5576 Epistolis,
3339 5503 3632 5561 Sermones,
3663 5492 3857 5549 Euar-

2248 5622 2471 5677 rationes
2491 5617 2544 5670 in
2564 5611 2827 5674 Psalmos,
2851 5613 2908 5660 et
2935 5619 3002 5660 ex
3026 5617 3128 5656 uno
3158 5612 3348 5655 eorum
3375 5608 3510 5665 opus
3539 5590 3604 5644 de
3623 5589 3858 5644 ϐἱυὸιαιο

2248 5716 2370 5770 Dei.
2406 5713 2572 5766 Porro
2602 5710 2654 5762 in
2681 5705 2844 5774 primo
2869 5708 3016 5755 torno
3054 5695 3176 5751 libri
3207 5696 3268 5744 (fu
3294 5690 3450 5745 libero
3471 5684 3690 5742 Arbitrio
3716 5723 3734 5745 .
3785 5683 3858 5735 de

2253 5805 2434 5862 Genesi
2456 5810 2636 5856 contra
2668 5773 3004 5851 Manichaeos.
3027 5791 3092 5846 de
3122 5787 3356 5844 Hormus
3388 5778 3634 5836 Ecclesia
3657 5773 3852 5830 catho-
