4010 6350
186 361 279 419 117

1064 360 1342 421 norma
1384 363 1910 443 LlTTERARlA-IN
1952 367 2011 419 s.
2057 348 2535 422 AUGUSTINUM.

3344 370 3446 424 “8

182 477 283 529 lica
306 516 320 538 ,
343 474 406 529 de
448 474 677 530 Moribus
699 473 1113 531 Manichaornm
1134 488 1188 532 et
1219 477 1282 531 de
1306 495 1421 533 vera
1450 478 1755 550 Religione;
1785 481 1841 544 Α
1864 492 2053 531 mones
2085 478 2655 544 comprehendentem.
2707 480 2851 535 Unus
2890 481 3062 537 adfuit
3099 481 3250 537 libris
3281 484 3346 537 de
3362 484 3449 539 Ci-

182 567 229 623 in
254 569 428 633 tertio,
462 569 578 622 libri
620 570 683 625 de
716 566 977 625 Consensu
1018 569 1460 640 Evangelistarum
1482 614 1495 635 ,
1539 571 1603 624 de
1634 572 1757 625 Ser-

183 679 319 716 mone
348 662 555 716 Domini
590 663 645 717 in
693 673 859 721 monte
900 670 956 717 et
1004 662 1046 717 Τ
1047 672 1272 718 ractatus
1313 666 1366 718 in
1416 664 1756 735 Evangelium

180 752 423 815 Joannis;
451 753 502 805 in
532 762 672 806 sexto
692 793 708 818 ,
750 754 815 806 de
839 752 1084 823 Symbolo
1120 756 1189 808 ad
1217 746 1615 810 Gatecltuntenos
1643 772 1755 808 ser-

180 862 343 898 mones
382 854 622 915 quatuor,
666 852 723 905 et
764 847 855 915 qui
911 846 1110 901 ibidem
1163 851 1409 919 proxime
1458 859 1757 918 sequuntur

180 940 465 995 Sermones
491 937 556 993 de
585 937 875 1009 Disciplina
910 937 1238 1009 Christiana,
1271 943 1332 997 de
1352 942 1601 1013 Tempore
1624 943 1755 998 Bar-

180 1033 340 1086 barico
362 1073 377 1097 ,
406 1032 621 1086 Gantico
648 1049 776 1095 novo
794 1074 810 1099 ,
834 1044 940 1089 etc.

238 1125 651 1191 Ganorevaus,
688 1127 721 1183 i.
755 1142 808 1182 e.
853 1127 992 1181 liber
1033 1143 1136 1181 ms.
1176 1128 1509 1187 bibliotheca:
1541 1128 1756 1185 abbatiw

177 1220 231 1275 S.
264 1204 537 1289 Genofevte
571 1219 791 1279 Parisiis
837 1221 1086 1277 laudatur
1113 1224 1166 1277 in
1199 1224 1335 1278 libro
1362 1226 1422 1277 de
1456 1224 1600 1278 beata
1640 1224 1756 1303 Vita

174 1322 311 1377 tonio
352 1315 563 1387 primo;
607 1316 661 1370 in
704 1314 854 1385 libris
894 1315 956 1371 de
1013 1315 1277 1370 Consensu
1315 1316 1756 1391 Evangelistarum

174 1416 311 1471 tonio
357 1408 538 1472 tertio;
574 1407 627 1462 in
666 1408 807 1463 libro
842 1408 906 1464 de
944 1408 1155 1479 diversis
1205 1410 1585 1483 Qutrstionibus
1617 1422 1757 1467 octo-

174 1502 310 1573 ginta
339 1501 494 1569 tribus
524 1511 580 1557 et
607 1501 672 1557 de
695 1501 1068 1569 Quaestionibus
1090 1500 1158 1565 ad
1182 1502 1581 1573 Simplicianum
1611 1515 1755 1561 tomo

185 1605 347 1657 sexto;
368 1594 419 1647 in
438 1593 575 1646 libro
606 1594 670 1648 de
703 1592 908 1649 Natura
939 1604 993 1649 et
1023 1593 1201 1647 Gratia
1226 1604 1371 1659 torno
1396 1595 1607 1655 decimo.

255 1687 578 1741 GEORGIANUS
598 1729 613 1753 ,
646 1688 680 1739 i.
706 1702 756 1741 e.
782 1690 952 1741 codex
988 1687 1194 1741 Domini
1220 1689 1282 1740 de
1314 1690 1373 1741 S.
1399 1687 1642 1761 Georges,
1667 1705 1756 1744 ca-

184 1780 343 1832 nonici
370 1780 577 1833 cornitii
604 1778 983 1851 Lugdunensis,
1017 1789 1141 1850 post
1171 1781 1408 1850 episcopi
1440 1780 1757 1837 Clarwmon-

1860 570 2013 622 vitate
2044 568 2166 632 Dei,
2197 569 2322 623 item
2352 570 2416 624 ad
2447 569 2838 641 Confessionum
2866 573 3034 629 libros
3064 585 3208 629 tomo
3247 577 3448 645 primo;

1861 660 2028 715 libros
2068 661 2133 713 de
2169 660 2415 716 Sermone
2458 662 2510 716 in
2542 671 2713 719 monte
2749 673 2896 720 tumo
2932 668 3115 735 tertio;
3160 667 3224 721 de
3271 668 3450 740 Agone

1860 751 2153 807 Christiano
2199 764 2342 807 tomo
2383 764 2564 811 sexto:
2597 755 2660 809 de
2689 755 2941 811 Trinitate
2972 768 3117 813 tomo
3146 773 3355 825 octavo;
3388 760 3451 813 li-

1858 832 1987 899 bros
2013 860 2106 900 sex
2134 855 2312 900 contra
2337 844 2609 899 lulianum
2641 856 2786 901 torno
2816 848 3031 902 decimo.

1931 937 2221 1005 Exemplar
2247 938 2455 993 Nicolai
2482 941 2806 1002 MANESSIER,
2841 941 3067 997 doctoris
3087 944 3310 1018 theologi
3339 944 3449 998 Pa-

1858 1031 2087 1085 risiensis
2112 1039 2157 1086 et
2194 1033 2319 1086 socii
2348 1032 2651 1098 Sorbonici,
2671 1034 2824 1103 juxta
2855 1036 2997 1105 quod
3019 1035 3156 1092 liber
3185 1038 3247 1089 de
3271 1036 3451 1091 Gratia

1859 1136 1905 1178 et
1929 1123 2088 1178 libero
2115 1123 2359 1191 Arbitrio,
2396 1140 2493 1180 nec
2523 1143 2629 1180 non
2658 1127 2720 1181 de
2750 1126 3081 1196 Correptione
3108 1139 3157 1184 et
3183 1128 3364 1183 Gratia
3385 1132 3453 1186 ad

1858 1214 2177 1288 Prosperum
2200 1229 2248 1272 et
2279 1218 2537 1272 Hilarium
2561 1220 2683 1275 libri
2704 1221 2829 1285 duo,
2862 1223 2897 1275 i.
2924 1239 2973 1277 e.
3003 1224 3121 1278 libri
3153 1226 3213 1278 de
3239 1224 3452 1279 Prtede-

1856 1312 2133 1365 stinatione
2157 1322 2449 1366 sanctorum
2472 1322 2517 1367 et
2543 1313 2690 1368 Dono
2724 1320 3111 1385 perseverantia:
3139 1360 3153 1384 ,
3188 1328 3330 1372 tumo
3359 1320 3450 1373 de-

1859 1401 1989 1475 cimo
2010 1402 2281 1457 emendati
2310 1413 2454 1458 sunt.

1930 1496 2092 1551 Liber
2127 1497 2320 1550 domini
2346 1498 2560 1563 MARAN,
2590 1500 2941 1555 archidiaconi
2967 1502 3211 1557 Ecclesia:
3237 1503 3454 1557 Tolosa-

1859 1588 2036 1641 tensis.
2064 1588 2353 1643 Adhibitus
2379 1604 2459 1645 est
2488 1594 2840 1648 emendandis
2862 1593 3147 1664 Epistolis;
3168 1600 3291 1659 item
3317 1596 3455 1651 libro

1858 1679 1923 1732 de
1957 1679 2189 1733 Utilitate
2219 1682 2483 1749 credendi,
2514 1695 2691 1737 contra
2724 1684 3023 1741 Sermonem
3047 1688 3379 1753 Arianorum,
3404 1699 3459 1744 et

1859 1770 2004 1824 libris
2044 1770 2349 1828 Collationis
2388 1792 2504 1828 cum
2550 1777 2837 1833 Maximino
2868 1788 2913 1833 et
2941 1791 3119 1834 contra
3154 1798 3269 1835 eum
3312 1796 3458 1836 lOlllO

176 1872 289 1934 toni,
310 1880 384 1932 et,
417 1886 543 1925 cum
572 1872 635 1925 ad
662 1872 822 1933 linem
854 1888 989 1941 opus
1018 1873 1381 1927 Maurinoruni
1416 1884 1749 1943 properaret,
1858 1876 2057 1917 οειαυο·

175 1961 555 2031 archiepiscopi
593 1961 901 2017 Turonensis
934 1979 962 2015 a
996 1978 1122 2031 rege
1155 1963 1438 2033 designati.
1470 1963 1757 2018 Adhibitus

179 2062 245 2106 est
277 2052 343 2106 ad
381 2052 551 2111 libros
584 2052 651 2108 de
690 2051 952 2109 Consensu
980 2054 1423 2126 Evangelistarum
1464 2064 1610 2109 tumo
1656 2066 1757 2109 ter-

183 2142 264 2205 tio;
291 2142 355 2195 ad
386 2142 585 2196 librum
615 2144 677 2196 de
708 2144 920 2197 diversis
954 2144 1335 2210 Quwstionibus
1364 2146 1626 2219 octoginta
1658 2148 1753 2199 tri-

192 2236 259 2287 bus
278 2246 421 2289 tomo
450 2246 629 2301 sexto;
656 2236 721 2292 ad
751 2237 921 2292 libros
951 2238 1014 2293 de
1047 2236 1311 2313 Baptismo
1344 2249 1521 2305 contra
1552 2236 1758 2292 Cresco-

195 2330 307 2393 nium
342 2339 394 2383 et
424 2330 489 2383 de
524 2328 689 2385 Unico
731 2331 983 2400 baptismo
1022 2339 1170 2386 tomo
1203 2333 1462 2405 nono;ad
1501 2332 1663 2393 libros
1694 2334 1757 2388 de

196 2421 506 2477 Peccatorum
533 2424 729 2493 meritis
756 2436 802 2479 et
843 2425 1141 2481 remissione
1166 2435 1221 2482 et
1249 2427 1312 2479 de
1355 2426 1559 2499 Spiritu
1580 2435 1625 2481 et
1646 2426 1755 2482 Lit-

198 2526 281 2569 tera
304 2527 443 2570 tonio
464 2518 687 2589 decimo.

253 2607 299 2662 S.
333 2608 578 2669 Genuam
606 2626 637 2665 a
670 2608 847 2665 Pratis
869 2610 922 2664 in
954 2610 1193 2677 suburbio
1226 2610 1510 2668 Parisiensi
1538 2614 1756 2689 codices

202 2702 419 2768 permulti
451 2702 645 2775 vetusti
678 2712 732 2756 et
758 2702 1031 2773 elegantes
1055 2704 1236 2759 collati
1266 2715 1391 2759 sunt
1421 2706 1486 2761 ad
1519 2707 1755 2775 integros

204 2801 345 2846 tomos
396 2791 785 2861 Epistolarum,
840 2794 1147 2849 Sermonum
1178 2836 1191 2859 ,
1244 2793 1648 2855 Enarrationum
1701 2798 1755 2850 in

207 2883 440 2949 Psalmos;
475 2886 578 2940 duo
617 2878 683 2941 ad
726 2900 860 2955 opus
886 2886 949 2941 de
980 2885 1198 2951 Civitate
1246 2885 1373 2951 Dei,
1406 2888 1472 2941 ad
1512 2898 1753 2949 tractatus

210 2978 245 3027 in
267 2977 614 3051 tit-angelium,
660 2977 897 3045 itemque
938 2980 993 3043 in
1038 2978 1300 3051 Epistolas
1343 2978 1564 3034 Joannis
1606 2989 1754 3036 tomo

214 3070 354 3134 tertio;
401 3084 533 3139 unus
565 3072 755 3131 alterve
796 3073 848 3126 in
888 3072 1154 3147 plerisque
1202 3074 1328 3127 tomi
1363 3074 1548 3143 primi,
1590 3074 1751 3136 tertii,

217 3164 342 3225 serti,
374 3166 535 3217 octavi
568 3165 719 3219 libris
749 3180 906 3234 opem
933 3166 1091 3233 tulit,
1117 3182 1180 3221 ex
1209 3166 1405 3235 quibus
1434 3167 1479 3221 is
1505 3207 1519 3231 ,
1566 3168 1654 3235 qui
1686 3166 1752 3221 ad

1934 1956 2300 2011 MARTINENSIS
2330 1958 2469 2013 liber
2496 1961 2694 2015 citatur
2720 1963 2787 2016 ad
2812 1963 2979 2017 libros
3011 1964 3079 2019 de
3106 1965 3307 2021 Genesi
3338 1984 3459 2021 con-

1860 2060 1941 2102 tra
1983 2049 2301 2105 Manichwos
2332 2061 2480 2108 tomo
2511 2054 2697 2124 primo.
2734 2055 2986 2114 Fortasse
3019 2060 3159 2129 idem
3192 2072 3276 2115 est
3303 2108 3316 2129 ,
3360 2062 3453 2135 qui

1858 2140 2196 2225 frequentius
2220 2147 2436 2199 nomine
2469 2146 2735 2217 Sagiensis
2762 2151 2928 2203 venit.

1934 2234 2307 2291 blnosansnsrs
2330 2238 2468 2293 liber
2500 2239 2746 2295 laudatur
2776 2241 2843 2296 ad
2873 2241 3128 2314 Regulam
3157 2240 3227 2299 ad
3268 2248 3458 2303 Servos

1859 2322 1959 2379 Dei
1986 2337 2131 2381 tomo
2161 2330 2347 2401 primo.

1933 2417 2206 2474 Merensxs
2234 2420 2347 2473 vide
2367 2422 2791 2479 Annuuuensrs.

1933 2509 2275 2578 MICBAELINI,
2310 2515 2345 2566 i.
2375 2529 2424 2566 e.
2452 2518 2747 2571 monasterii
2776 2526 2823 2571 et
2840 2517 3059 2572 abbatiw
3089 2518 3150 2574 S.
3187 2519 3461 2578 Michaelis

1859 2602 1923 2656 de
1949 2616 2116 2657 ntonte
2140 2604 2194 2657 in
2225 2606 2453 2673 periculo
2478 2610 2637 2661 maris
2655 2610 2874 2664 codices
2904 2611 3342 2682 frequentissime
3368 2632 3461 2684 per

1860 2698 2040 2751 omnia
2073 2699 2247 2753 decem
2273 2700 2547 2755 volumina
2575 2702 2833 2767 citantur,
2875 2706 3015 2773 quod
3061 2707 3245 2774 plures
3291 2707 3459 2765 fuisse

1859 2788 2124 2859 liquidum
2171 2804 2255 2847 est
2297 2795 2708 2867 testimonium,
2752 2798 2879 2853 licet
2926 2799 3123 2870 ubique
3168 2803 3280 2857 lere
3320 2820 3459 2859 unus

1860 2874 2065 2935 tantum
2096 2885 2359 2953 appellari
2388 2887 2555 2956 solet,
2587 2890 2757 2943 semel
2784 2888 2888 2944 duo
2918 2891 2985 2945 ad
3014 2891 3186 2947 libros
3227 2895 3292 2949 de
3335 2896 3457 2950 Nu-

1861 2973 1980 3041 ptiis
2011 2983 2059 3027 et
2080 2973 2507 3047 Concupiscentia
2530 2992 2925 3036 memorantur.
2952 2983 3217 3053 Castigata
3244 3000 3369 3042 sunt
3391 3006 3458 3043 ex

1860 3054 1940 3118 eis
1968 3064 2238 3136 Epistolw,
2265 3067 2556 3137 Sermones,
2581 3069 2958 3130 Enarrationes
2978 3076 3031 3130 in
3054 3074 3315 3145 Psalmos,
3335 3082 3458 3138 libri

1861 3156 1923 3209 de
1949 3154 2163 3213 Civitate
2188 3158 2286 3214 Dei
2315 3202 2329 3226 ,
2358 3172 2469 3215 tum
2500 3165 2745 3237 plerique
2765 3210 2780 3234 ,
2816 3178 2869 3222 et
2902 3178 3106 3225 tantum
3141 3187 3244 3226 non
3267 3189 3457 3229 omnes

205 3254 364 3310 librum
396 3259 457 3311 de
487 3256 759 3329 Mendacio
786 3259 1017 3314 collatus
1046 3269 1129 3315 est
1157 3275 1417 3314 annorum
1446 3259 1572 3322 800,
1604 3268 1661 3313 et
1688 3260 1756 3315 ad

1875 3253 1993 3305 Lomi
2021 3253 2193 3322 primi,
2233 3256 2384 3321 sexti,
2412 3258 2596 3335 octavi,
2622 3260 2744 3312 noni
2764 3269 2818 3314 et
2848 3260 3066 3329 decimi;
3090 3266 3248 3336 pauci
3275 3276 3459 3323 tamen

201 3347 366 3415 librum
406 3350 468 3405 de
492 3349 637 3406 Bono
680 3350 948 3406 Viduitatis
981 3352 1129 3406 mille
1155 3396 1169 3417 ,
1216 3363 1307 3407 aut
1342 3352 1575 3422 amplius
1604 3353 1750 3407 :esti-

198 3452 367 3513 matur.
418 3443 705 3517 Exemplar
733 3442 1079 3501 Germanense
1121 3442 1274 3496 valde
1314 3442 1559 3512 insigne,
1610 3445 1753 3511 quod

194 3548 365 3607 recens
405 3544 531 3607 tunc
567 3534 741 3590 eidem
781 3534 1121 3591 bibliotheca:
1152 3534 1444 3588 donaverat
1473 3535 1577 3587 dux
1608 3533 1757 3588 Noa-

191 3604 365 3689 liensis,
394 3604 547 3707 psum
575 3625 821 3709 prastitit
848 3626 985 3681 libro
1006 3625 1069 3679 de
1091 3626 1264 3699 Agone
1284 3624 1574 3697 Christiano
1605 3634 1753 3680 tomo

188 3728 335 3767 sexto.

247 3807 456 3879 collegii
482 3808 812 3864 Genusum
838 3809 978 3880 apud
1015 3808 1242 3862 Parisios
1266 3806 1435 3863 codex
1462 3810 1671 3879 amplus
1702 3817 1757 3865 et

184 3899 387 3968 elegans
413 3901 661 3956 laudatur
686 3902 736 3955 in
772 3900 1040 3971 Epistolis.

245 3989 511 4045 Jousasx
548 3992 823 4061 exemplar
856 3992 1158 4061 pertinebat
1203 3992 1267 4046 ad
1300 3991 1576 4045 dominum
1609 3989 1754 4063 Joly.

186 4081 248 4134 Ex
288 4098 353 4135 eo
398 4084 703 4139 emendata:
747 4084 999 4138 dicuntur
1037 4082 1307 4155 Epistolw.
1357 4084 1566 4139 Citatur
1593 4085 1756 4140 etiam

187 4178 227 4229 in
254 4176 675 4247 Expositionibns
704 4180 755 4232 in
786 4177 1049 4246 Epistolas
1076 4178 1142 4230 ad
1167 4178 1426 4257 Romanos
1469 4189 1517 4233 et
1545 4176 1757 4233 Galatas

185 4280 320 4325 tumo
361 4273 528 4325 tertio.
562 4270 823 4344 Jolyensis
861 4273 1031 4328 codex
1071 4287 1332 4327 annorum
1364 4271 1469 4328 800
1514 4272 1759 4347 laudatur

188 4362 242 4415 ad
271 4354 707 4418 Retractationes.‘
1638 4413 1645 4419 .

247 4456 615 4513 LAUDUNENSIS
638 4458 884 4512 Ecclesia:
908 4458 1121 4515 codices
1141 4461 1373 4515 citantur
1400 4460 1463 4513 ad
1495 4459 1758 4529 Epistolas

188 4557 236 4600 et
264 4550 554 4623 Sermones.
596 4551 769 4607 Priori
808 4552 927 4607 loco
954 4554 1317 4624 antiquissimi
1352 4554 1592 4608 audiunt.
1627 4555 1759 4610 Fre-

1859 3345 2016 3397 tertii.

1862 3416 1865 3425 λ
1932 3436 2230 3493 ΝΑνΑιιιιιοι
2254 3440 2457 3511 collegii
2486 3454 2582 3496 seu
2612 3445 2909 3516 gymnasii,
2942 3444 3183 3515 Parisiis,
3219 3450 3454 3506 codices.

1858 3530 2031 3600 Hujus
2061 3532 2341 3600 exemplar
2366 3534 2759 3603 amplissimum
2802 3537 3021 3595 laudant
3059 3541 3126 3597 ad
3170 3542 3453 3612 Epistolas.

1858 3625 1916 3680 ln
1945 3626 2252 3682 Sermonum
2290 3642 2503 3698 quoque
2531 3640 2586 3683 et
2607 3630 2866 3689 libroruin
2899 3633 2963 3705 de
2990 3632 3205 3689 Civitate
3246 3636 3343 3689 Dei
3371 3654 3457 3693 re-

1858 3706 2167 3787 cognitione
2196 3735 2304 3773 uno
2334 3720 2580 3789 ejusdem
2610 3722 2953 3779 bibliotheca:
2982 3727 3066 3781 usi
3109 3738 3253 3782 sunt.
3293 3729 3460 3785 Porro

1862 3808 2183 3864 Navarricus
2225 3812 2473 3867 laudatur
2495 3815 2561 3866 ad
2608 3814 3025 3885 Soliloquiorunt
3063 3808 3217 3874 libros
3242 3863 3257 3888 ,
3289 3822 3357 3875 ad
3389 3824 3457 3876 li-

1860 3899 2017 3954 brum
2045 3901 2108 3954 de
2138 3901 2370 3956 Moribus
2403 3904 2645 3959 Ecclesite
2667 3906 2957 3976 catholicae,
2988 3909 3053 3962 de
3078 3909 3311 3965 Moribus
3339 3911 3460 3966 Ma-

1861 3995 2195 4061 nichaeorum,
2224 4007 2279 4051 et
2300 3999 2364 4051 de
2402 3998 2529 4052 Vera
2554 4000 2822 4072 Religione
2849 4009 2995 4055 tomo
3025 3990 3227 4073 primo;
3252 4003 3459 4059 Navar-

1860 4086 1955 4138 rici
1983 4086 2088 4139 duo
2118 4087 2185 4141 ad
2214 4088 2410 4143 librum
2442 4090 2504 4143 de
2530 4091 2676 4145 beata
2700 4092 2841 4158 Vita,
2872 4094 3067 4148 librum
3099 4097 3162 4148 de
3178 4095 3456 4170 Magistro,

1858 4176 2079 4243 ibidem;
2103 4178 2169 4232 ad
2205 4196 2371 4234 unum
2402 4196 2593 4237 eorum
2624 4185 2885 4253 recogniti
2914 4196 3040 4240 sunt
3066 4186 3194 4241 libri
3218 4168 3286 4243 de
3316 4185 3456 4243 Con-

1859 4285 2009 4323 sensu
2032 4268 2475 4342 Evangelistarum
2498 4284 2641 4329 tomo
2663 4277 2845 4340 tertio;
2862 4277 2928 4330 ad
2952 4276 3091 4332 duos
3112 4278 3294 4333 itidem
3318 4279 3459 4336 liber

1862 4362 1926 4417 de
1962 4363 2171 4418 diversis
2217 4366 2598 4432 Quastionibus
2646 4372 2903 4439 octoginta
2937 4371 3135 4436 tribus;
3177 4373 3243 4427 ad
3296 4390 3455 4426 unum

1864 4471 2052 4512 rursus
2081 4458 2218 4512 liber
2238 4459 2303 4513 de
2330 4458 2460 4515 Fide
2480 4470 2527 4515 et
2554 4461 2820 4532 Symbolo,
2852 4463 2989 4518 liber
3010 4465 3075 4518 de
3096 4467 3274 4535 Agone
3302 4467 3459 4522 Chri-

1862 4551 2031 4604 stiano
2053 4561 2107 4605 et
2137 4552 2206 4606 de
2236 4550 2563 4607 Divinatione
2589 4556 2877 4609 dwmonum
2910 4564 3054 4611 tonio
3082 4567 3240 4611 sexto.

188 4654 397 4709 quenter
431 4645 695 4714 imprimis
724 4644 1017 4701 adfuerunt
1054 4647 1381 4713 castigandis
1421 4648 1757 4725 quampluri-
1782 4631 1838 4694 Ρ
1934 4641 2237 4698 NOALIENSE
2264 4646 2562 4712 exemplar.
2592 4645 2706 4699 vide
2728 4646 2821 4700 sub
2847 4647 3312 4704 GEMANENSIBUS.

189 4736 279 4788 mis
319 4740 442 4790 tnmi
485 4738 617 4791 sea-ti
658 4722 807 4792 libris
833 4782 847 4805 ,
896 4738 962 4793 ad
1008 4753 1142 4808 quos
1187 4737 1481 4794 identidem
1515 4722 1763 4795 Ecclesiae

187 4821 529 4881 Laudanensis
553 4827 674 4881 libri
715 4836 1102 4884 memorantur.
1129 4829 1245 4901 Non
1270 4814 1514 4885 diversos
1543 4843 1670 4900 puto
1693 4834 1761 4886 ab

188 4914 280 4981 his,
313 4920 485 4988 quoad
519 4919 849 4974 domicilium
880 4962 895 4987 ,
924 4906 1015 4989 qui
1050 4931 1195 4976 tonio
1215 4932 1356 4976 sexto
1380 4923 1447 4976 ad
1472 4924 1662 4978 librum
1698 4925 1763 4978 de

190 5007 325 5064 Bono
352 5011 640 5075 viduitatis,
676 5011 1015 5067 Laudinensis
1045 5013 1548 5087 Ecclesite-Majoris
1574 5017 1760 5071 dicun-

191 5112 264 5157 tur
290 5104 384 5177 (a).
434 5108 513 5161 Ac
545 5108 829 5176 posteriori
869 5108 1025 5164 titulo
1057 5109 1320 5179 imprimis
1354 5110 1663 5181 frequenter
1687 5111 1760 5166 ci-

191 5203 317 5251 tann-
339 5198 477 5253 liber
506 5214 610 5253 ms.
645 5208 790 5253 torno
812 5209 1020 5265 octavo,
1053 5202 1222 5256 semel
1251 5218 1405 5256 nono.

252 5286 619 5345 Lsuounnsrs
646 5289 875 5345 Abbatia:
922 5290 982 5347 S.
1024 5290 1276 5346 Vincentii
1302 5293 1473 5348 codex
1516 5294 1669 5348 libris
1698 5294 1763 5348 de

193 5377 385 5439 Civitale
412 5383 505 5439 Dei
537 5396 682 5441 tomo
704 5386 915 5455 septimo
946 5396 1001 5443 et
1029 5387 1097 5441 de
1121 5385 1373 5441 Trinitate
1403 5396 1550 5441 tomo
1589 5400 1761 5443 octavo

193 5476 296 5527 usui
329 5476 445 5531 fuit.

254 5568 515 5626 ιηεαειε
561 5571 776 5627 abbatiae
816 5573 1033 5628 codices
1078 5573 1258 5628 collati
1301 5584 1424 5628 sunt
1455 5574 1522 5628 ad
1563 5584 1768 5629 tomum

194 5672 437 5727 quartum,
468 5646 847 5734 Expositiones
892 5664 943 5718 in
982 5664 1249 5732 Psalmos,
1283 5674 1339 5721 et
1366 5665 1600 5736 quintum
1639 5666 1766 5721 Ser-

1937 4733 2297 4791 Novrouensts
2318 4737 2564 4791 ecclesiae
2597 4754 2726 4794 mss.
2758 4754 3024 4794 annorum
3056 4741 3120 4795 ad
3151 4743 3327 4795 minus
3350 4740 3457 4798 600

1866 4825 1931 4879 ad
1952 4824 2319 4880 Enarrationes
2345 4829 2395 4880 in
2418 4826 2655 4882 Psalmos
2678 4830 3040 4885 emendandas
3063 4831 3285 4885 adhibiti
3309 4843 3457 4889 sunt.

1936 4917 2165 4971 lllustris
2200 4917 2424 4973 familia:
2471 4921 2928 4977 l’allARCONENSlS
2961 4924 3122 4978 codex
3166 4927 3455 4993 corticeus,

1864 5027 2023 5081 quem
2063 5013 2190 5066 olim
2234 5012 2587 5068 Narbonensis
2623 5016 2882 5070 Ecclesia:
2914 5015 3080 5071 fuisse
3115 5017 3459 5077 Benedictini

1865 5105 2231 5174 suspicantur,
2269 5107 2323 5161 in
2354 5108 2696 5160 sermonibus
2740 5123 2893 5162 usum
2926 5108 3198 5177 praestitit.
3230 5110 3307 5164 Ex
3355 5126 3451 5164 eo-

1865 5198 1985 5252 dem
2026 5197 2278 5269 Epistolte
2312 5200 2432 5254 date
2456 5244 2470 5269 ,
2500 5200 2573 5254 42
2616 5210 2670 5254 et
2698 5200 2788 5266 45,
2823 5203 3141 5269 perbreves,
3181 5202 3248 5257 ad
3280 5202 3457 5257 Pauli-

1864 5306 2021 5359 num,
2047 5290 2277 5346 antehac
2303 5291 2520 5346 inediae
2545 5299 2716 5347 eruta:
2742 5303 2885 5347 sunt.

1936 5381 2210 5440 Carthasia
2241 5385 2536 5459 Pon'rsnutt
2564 5383 2832 5455 Bugiensis
2858 5388 3133 5458 provincia:
3162 5387 3213 5439 in
3242 5382 3457 5440 Gallicis

1868 5477 2173 5546 praebuerat
2199 5478 2478 5546 exemplar
2505 5493 2607 5533 nis.
2658 5478 2914 5533 librorum
2954 5489 3135 5534 contra
3180 5481 3456 5533 secundam

1866 5566 2065 5624 Iuliani
2091 5571 2493 5637 responsionem.

1938 5663 2379 5741 renuntiatis,
2396 5663 2433 5716 i.
2456 5678 2505 5718 c.
2523 5663 2739 5719 abbatitv
2758 5663 2819 5719 S.
2839 5662 2982 5719 Petri
3011 5666 3073 5718 de
3096 5663 3342 5725 Pratellis
3369 5678 3449 5717 co.

249 5844 325 5916 (α)
354 5846 459 5901 Sed
492 5847 663 5905 codex
688 5848 753 5903 ad
784 5847 951 5904 libros
976 5847 1417 5907 Retractationuttt
1437 5858 1888 5906 commemoratus
1916 5865 1977 5903 ex
2010 5848 2225 5903 Archiva
2253 5848 2492 5903 Laudina
2515 5849 2579 5903 ad
2618 5849 2936 5918 Anglicanus
2965 5849 3210 5917 pertinet.
