4010 6350
1966 253 2039 261 ορρν

549 373 653 429 “9

1439 368 1997 447 SUPPLEMENTUM
2038 366 2128 422 AD
2166 362 2397 421 OPEBA
2436 361 2493 417 S.
2540 358 2934 418 AUGUSTINI.
3724 358 3809 417 ﬁo

546 490 686 543 dices
713 504 834 542 mss.
863 499 987 543 ante
1011 504 1181 543 annos
1203 487 1307 543 600
1337 488 1541 556 exarati
1567 487 1855 543 laudantur
1884 487 1943 541 in
1970 500 2132 555 opere

2311 480 2550 549 Denique
2575 495 2640 533 ex
2670 495 2775 533 uno
2802 479 3075 534 emendati
3100 485 3224 533 sunt
3256 486 3401 532 tomo
3426 493 3583 544 nono,
3607 477 3727 532 libri
3756 480 3811 532 de

546 579 954 633 Enarrationum
982 583 1034 633 in
1069 579 1341 645 Psalmos;
1367 579 1433 634 ad
1474 580 1693 635 eosdem
1728 579 1984 635 recensiti
2012 586 2138 630 sunt

548 671 845 741 Sermones,
870 680 925 727 et
944 672 1143 740 singuli
1167 673 1289 727 libri
1316 688 1387 727 ex
1411 674 1603 728 mediis
1631 675 1791 728 tomis
1810 714 1823 737 ,
1856 689 1907 728 e.
1932 688 2010 741 g.,
2032 671 2136 724 Re-

549 768 899 830 tractationes,
930 765 993 819 de
1016 765 1203 819 Libero
1225 767 1438 820 arbitrio
1461 777 1507 821 et
1528 768 1593 822 de
1615 766 1797 822 Genesi
1818 776 1994 819 contra
2021 764 2138 818 Ma-

544 859 787 919 nichazos.
822 866 970 911 tomo
1005 858 1208 928 primo;
1263 859 1326 912 de
1362 859 1626 914 Consensu
1667 857 2134 929 Evangelistarum,

544 952 606 1001 de
628 948 874 1003 Sermone
894 950 946 1003 in
972 961 1141 1004 monte
1164 991 1180 1015 ,
1208 962 1263 1006 et
1295 951 1567 1006 Tractatus
1590 954 1642 1006 in
1674 952 1877 1025 Evang.
1913 952 2140 1006 Joannis

543 1051 689 1094 tomo
718 1043 899 1107 tertio;
929 1041 1070 1097 liber
1093 1043 1154 1096 de
1182 1042 1577 1099 Catechizandis
1602 1045 1816 1098 rudibus
1835 1085 1850 1107 ,
1881 1045 1944 1099 de
1962 1054 2140 1099 sancta

562 1131 879 1202 Virginitate,
912 1134 975 1187 de
1000 1134 1269 1208 Conjugiis
1295 1136 1599 1191 adulterinis
1621 1180 1635 1203 ,
1660 1139 1723 1191 de
1746 1137 2039 1204 Mendacio,
2077 1138 2141 1193 de

551 1223 846 1290 Patientia;
873 1236 921 1280 et
948 1226 1013 1280 ad
1045 1228 1176 1281 duos
1208 1228 1344 1284 liber
1385 1230 1449 1282 de
1482 1228 1619 1283 Cura
1654 1247 1747 1302 pro
1790 1229 2011 1284 Mortuis
2051 1246 2140 1302 ge-

543 1319 725 1381 renda,
744 1327 889 1373 tomo
910 1330 1070 1374 sexto.
1095 1320 1204 1375 Nec
1223 1321 1436 1391 parcius
1468 1322 1756 1376 laudantur
1774 1332 1920 1377 tomo
1935 1331 2135 1388 octavo,

547 1408 638 1460 ulti
673 1409 795 1463 libri
825 1420 1004 1464 contra
1034 1410 1315 1480 Faustum,
1339 1421 1518 1468 contra
1544 1415 1906 1468 Adversarium
1936 1415 2061 1485 legis
2078 1429 2140 1466 ac

548 1500 937 1570 prapltetarum,
961 1514 1143 1556 contra
1173 1502 1477 1559 Sermonem
1504 1506 1834 1568 Arianorum,
1865 1505 1999 1560 etde
2023 1503 2141 1557 Tri-

549 1590 749 1653 nitate;
780 1599 835 1645 et
882 1609 1017 1647 nono
1061 1593 1129 1648 ad
1170 1594 1340 1651 libros
1383 1606 1564 1650 contra
1598 1596 1889 1667 Epistolam
1925 1596 2141 1650 Parme-

548 1683 714 1747 niani,
745 1681 808 1736 de
826 1682 1093 1755 Baptismo
1120 1728 1134 1752 ,
1159 1696 1338 1741 contra
1376 1689 1569 1742 litteras
1596 1688 1876 1753 Petiliani;
1904 1689 2140 1758 denique

545 1774 743 1827 decimo
794 1776 860 1828 ad
906 1776 1073 1832 libros
1113 1780 1176 1831 de
1224 1778 1563 1833 Peccatorum
1619 1782 1813 1834 meritis
1873 1790 1921 1834 et
1963 1780 2142 1835 remis-

2242 570 2779 642 Baptismo;decimo,
2816 570 2938 624 libri
2982 571 3045 624 de
3078 569 3417 624 Peccatorum
3448 571 3644 624 meritis
3672 580 3719 624 et
3743 588 3815 625 re-

2242 666 2520 731 missione,
2555 666 2619 718 de
2656 664 2855 733 Spiritu
2897 674 2943 717 et
2981 664 3149 718 littera
3175 706 3189 729 ,
3224 674 3279 720 et
3319 666 3384 719 de
3408 665 3594 718 Anima
3628 674 3675 718 et
3713 667 3813 735 ejus

2242 757 2459 827 origine.

2317 849 2456 903 Libri
2476 850 2649 906 REGI].
2681 849 2846 920 Regia
2876 850 3202 906 biblimheca
3234 850 3559 906 Parisiensis
3583 852 3691 921 jam
3714 860 3816 906 tum

2242 943 2373 998 satis
2395 959 2637 1014 magnam
2664 944 2922 1000 librorum
2950 959 3080 999 mss.
3106 945 3389 1015 Augustini
3412 946 3689 1015 complexa
3714 955 3821 1000 erat

2242 1035 2473 1106 copiam,
2504 1053 2648 1091 nunc
2673 1052 2801 1092 vero
2823 1078 2839 1104 ,
2873 1038 3111 1108 migratis
3137 1039 3191 1093 in
3222 1039 3471 1095 eamdem
3520 1038 3822 1093 Colbertinis

2242 1146 2298 1186 et
2320 1129 2577 1184 Thuaneis
2607 1131 2848 1201 singulas
2870 1130 2981 1186 fere
3002 1131 3231 1203 catalogi
3254 1147 3442 1187 eorum
3470 1131 3698 1203 paginas
3722 1134 3823 1186 Au-

2242 1224 2486 1296 gustinus
2522 1228 2767 1295 occu‘pat.
2813 1224 2986 1280 Tanto
3026 1227 3196 1296 magis
3232 1226 3383 1295 juvat
3426 1227 3608 1290 scire,
3652 1226 3743 1295 qui
3774 1226 3823 1279 in

2245 1331 2400 1370 usum
2430 1316 2681 1371 conversi
2702 1315 2829 1381 sint,
2857 1332 2963 1386 quo
2992 1319 3194 1372 rectius
3220 1318 3287 1373 de
3310 1317 3583 1374 universis
3604 1317 3826 1387 judicari

2242 1417 2425 1477 queat.
2458 1406 2624 1476 lgitur
2653 1407 2723 1462 ad
2754 1407 2941 1479 Regios
2966 1409 3182 1464 codices
3221 1409 3415 1479 singuli
3448 1409 3589 1476 fere,
3622 1409 3827 1464 duobus

2242 1500 2485 1555 tribusve
2526 1500 2805 1569 exceptis,
2857 1500 2985 1554 tomi
3026 1501 3181 1572 primi
3221 1500 3347 1555 libri
3390 1500 3637 1571 castigati
3687 1511 3826 1555 sunt.

2245 1591 2410 1647 Iidem
2437 1590 2504 1647 ad
2533 1589 2802 1662 Epistolas
2831 1601 3030 1662 praesto
3051 1594 3286 1660 luerunt,
3318 1608 3425 1648 non
3459 1594 3587 1648 item
3609 1593 3665 1647 in
3684 1592 3830 1647 tertio

2244 1693 2301 1739 ει
2327 1701 2462 1738 nono
2486 1694 2654 1739 ῑοῐηο.

2248 1780 2249 1783 “
2320 1776 2428 1831 Sed
2459 1777 2512 1831 in
2545 1775 2983 1832 Enarrationibus
3012 1779 3067 1832 in
3108 1777 3351 1834 Psalmos
3380 1779 3547 1849 adjuti
3579 1791 3709 1836 sunt
3737 1798 3833 1836 ca-

544 1866 707 1931 sione,
737 1866 802 1919 de
824 1865 1033 1922 Natura
1060 1879 1107 1922 et
1129 1867 1330 1936 Gratia,
1355 1871 1418 1925 de
1449 1872 1660 1941 Nuptiis
1687 1882 1732 1925 et
1755 1870 2126 1941 Concupiscen-
2165 1871 2215 1933 Β
2239 1870 2350 1922 dice
2382 1867 2559 1940 Regio,
2588 1884 2747 1941 quem
2768 1870 2845 1924 sic
2863 1871 3266 1941 descripserunt
3295 1891 3307 1924 :
3336 1890 3355 1924 ι
3392 1873 3487 1928 Est
3506 1873 3667 1929 Liber
3685 1876 3835 1930 mirte

544 1960 637 2025 tia,
661 1961 724 2013 de
749 1962 933 2016 Anima
954 1972 1001 2017 et
1021 1968 1133 2036 ejus
1156 1968 1372 2036 origine,
1404 1967 1469 2021 ad
1494 1968 1657 2022 libros
1678 1978 1909 2038 quatuor
1938 1968 2006 2021 ad
2032 1967 2138 2021 Bo-

543 2054 798 2123 nifacium
826 2064 1004 2109 contra
1031 2056 1161 2110 duas
1186 2056 1451 2129 Epistolas
1480 2058 1882 2131 Pelagianorum
1906 2101 1922 2124 ,
1954 2060 2019 2113 ad
2065 2060 2135 2114 li-

544 2142 674 2199 bros
708 2161 873 2215 porro
915 2164 1010 2203 sex
1033 2150 1213 2204 cantra
1250 2152 1526 2205 Julianum
1566 2153 1629 2207 de
1672 2152 1854 2207 Gratia
1883 2162 1929 2207 et
1978 2153 2137 2207 libero

544 2238 774 2293 Arbitrio
798 2280 814 2306 ,
839 2241 904 2295 de
936 2242 1271 2311 Correptione
1298 2254 1343 2298 et
1365 2244 1552 2299 Gratia
1578 2287 1592 2310 ,
1620 2245 1686 2300 ad
1710 2246 1877 2300 libros
1906 2246 2138 2315 denique

545 2330 610 2383 de
644 2329 1107 2387 Prtedestinatione
1131 2344 1428 2391 sanctorum
1457 2345 1513 2392 et
1547 2336 1698 2390 Dono
1722 2338 2133 2406 perseverantiae.

622 2423 887 2480 PustSIs
913 2426 1085 2480 codex
1114 2427 1363 2482 laudatur
1388 2428 1456 2483 ad
1480 2430 1675 2483 librum
1702 2429 1765 2483 de
1786 2428 2135 2499 Continentia,

548 2515 897 2585 additusque,
915 2518 1024 2588 jam
1057 2520 1109 2574 in
1142 2520 1449 2575 Colbertinis
1472 2538 1592 2577 eum
1618 2524 1866 2592 reperiri.

622 2610 926 2666 lleueusas.
971 2612 1087 2667 Hoc
1126 2615 1345 2670 nomine
1384 2616 1600 2685 quidem
1628 2618 1735 2672 duo
1770 2620 1985 2688 generis
2025 2635 2140 2674 ma-

544 2704 815 2771 nuscripti
842 2704 1237 2775 intelliguntur,
1273 2709 1502 2762 ecclesice
1532 2710 1847 2766 cat/tedralis
1873 2710 2137 2768 Remensis

547 2794 757 2848 scilicet
786 2806 840 2850 et
875 2796 1094 2851 abbatiw
1118 2798 1180 2853 S.
1217 2799 1440 2870 Remigii
1473 2800 1685 2869 Remis;
1719 2804 2034 2874 plerumque
2061 2814 2141 2860 ta-

545 2902 669 2941 men
697 2889 836 2942 nuda
862 2891 952 2945 illa
993 2892 1284 2962 appellatio
1315 2892 1484 2949 libros
1514 2895 1773 2951 Ecclesia:
1813 2898 2141 2954 cathedralis

545 2981 860 3050 signiﬁcat,
906 3000 1135 3054 quarunt
1184 3003 1316 3041 unus
1357 2988 1558 3057 proluit
1605 2990 1744 3044 libro
1787 2992 1852 3045 de
1888 2990 2141 3062 Magistro

547 3083 696 3129 tnmo
721 3077 927 3147 primo;
950 3076 1232 3147 Epistolis,
1267 3079 1419 3135 libris
1443 3081 1506 3136 de
1532 3079 1666 3135 Fide
1688 3090 1734 3135 et
1760 3082 2042 3152 Operibus,
2079 3086 2142 3138 de

548 3166 700 3222 Bono
742 3172 1007 3244 conjugali
1030 3215 1042 3239 ,
1075 3174 1140 3227 de
1183 3185 1362 3228 sancta
1390 3174 1731 3245 Virginitate,
1770 3177 1834 3231 de
1858 3176 1996 3231 Cura
2046 3194 2139 3248 pro

2243 1960 2627 2030 magnitudinis
2666 1970 2719 2015 et
2749 1964 2803 2016 in
2833 1963 2970 2017 duos
3000 1980 3140 2020 nunc
3170 1974 3347 2021 tomos
3390 1966 3621 2033 divisus,
3656 1968 3747 2037 qui
3779 1968 3831 2022 in

2243 2056 2415 2121 prima
2448 2052 2653 2121 pagella
2685 2069 2859 2108 vacua
2892 2056 3110 2124 praefert
3144 2073 3157 2110 :
3191 2056 3309 2111 Hoc
3356 2059 3660 2111 intmensum
3693 2075 3825 2128 opus

2243 2143 2456 2197 donarit
2482 2146 2608 2199 milii
2625 2146 2701 2199 vir
2721 2149 2981 2218 egregius,
3010 2148 3273 2204 Dominus
3298 2150 3527 2205 Joannes
3553 2151 3831 2219 Bocaccio,

2242 2244 2393 2305 poeta
2424 2238 2587 2291 nostri
2611 2240 2875 2308 temporis,
2909 2241 3050 2310 quod
3076 2240 3141 2295 de
3170 2241 3447 2297 Florentia
3476 2242 3837 2297 Mediolanum

2241 2327 2309 2380 ad
2354 2344 2432 2381 me
2470 2331 2698 2399 pervenit
2744 2329 2884 2386 1555
2910 2331 3081 2402 April.
3110 2333 3197 2387 10.
3229 2332 3386 2400 Quod
3411 2334 3696 2390 Francisci
3729 2334 3828 2390 Pe-

2243 2421 2474 2477 trarchte
2502 2437 2667 2477 manu
2697 2424 3016 2492 inscriptum
3059 2426 3331 2497 intelliges
3364 2443 3430 2483 ex
3457 2427 3583 2483 data
3615 2429 3688 2482 ab
3718 2428 3840 2497 ipso

2240 2513 2309 2567 ad
2336 2513 2651 2569 Bocaccium
2676 2515 2926 2584 epistola,
2958 2532 3082 2587 qua:
3118 2518 3396 2573 Variarum
3428 2521 3479 2573 in
3514 2519 3718 2574 Veneta
3753 2530 3841 2576 est

2240 2605 2332 2672 ει,
2362 2607 2415 2660 in
2439 2606 2731 2662 Basileensi
2755 2606 2848 2675 22,
2873 2609 3162 2677 incipiens,
3190 2608 3367 2665 Beasti
3389 2628 3467 2664 me
3491 2627 3705 2666 munere
3723 2629 3842 2665 ma-

2241 2701 2455 2770 gniﬁco.
2488 2708 2621 2766 etc.,
2649 2700 2741 2755 ubi
2768 2700 3056 2772 Augustini
3088 2706 3139 2756 in
3171 2702 3421 2758 Psalmos
3455 2722 3587 2769 opus
3617 2707 3845 2759 immen-

2241 2810 2355 2847 sum
2386 2803 2544 2848 totum
2572 2811 2676 2847 uno
2704 2796 2965 2850 volumine
2994 2796 3441 2864 comprehensum,
3474 2795 3709 2851 Bocaccii
3742 2799 3843 2853 be-

2246 2885 2436 2941 neﬁcio
2458 2887 2559 2941 sibi
2589 2889 2967 2943 transmissum
2995 2898 3245 2952 testatur,
3269 2890 3517 2945 scribens
3541 2888 3845 2943 Mediolani

2244 2993 2276 3031 v
2300 2978 2420 3031 idus
2443 2976 2591 3032 Maii.
2626 2996 2644 3029 ι
2673 2979 2821 3034 Hanc
2852 2980 3162 3034 Petrarcbae
3184 2980 3471 3049 epistolam
3496 2981 3843 3038 Benedictini

2245 3070 2349 3125 hoc
2377 3070 2494 3139 ipso
2520 3081 2664 3124 tomo
2688 3080 2809 3140 post
2838 3070 3047 3126 indices
3072 3072 3484 3141 praefationibus
3515 3072 3848 3143 subiunctos

2246 3163 2608 3222 recudendam
2637 3174 2920 3219 curarunt.

546 3262 763 3314 mortuis
786 3265 1045 3334 gerenda,
1078 3274 1223 3321 tomo
1243 3276 1422 3333 sexto;
1466 3266 1617 3322 libris
1656 3267 1721 3321 de
1756 3267 1970 3323 Civitate
2000 3268 2132 3339 Dei,

2314 3260 2482 3314 Porro
2528 3260 2595 3313 ad
2644 3259 2951 3326 Sermones,
3005 3270 3152 3316 torno
3203 3262 3417 3331 quinto,
3467 3269 3674 3331 prmter
3732 3262 3861 3317 alia

545 3362 696 3406 torno
718 3356 932 3421 septimo
951 3373 970 3422 ;
1000 3356 1151 3411 libris
1189 3368 1369 3412 contra
1401 3357 1702 3414 Sermonem
1737 3360 2053 3415 Arianorum
2081 3371 2138 3418 et

546 3448 612 3502 de
636 3448 888 3504 Trinitate
908 3492 922 3516 ,
967 3460 1117 3506 tomo
1157 3461 1362 3520 octavo;
1397 3453 1630 3524 denique
1659 3456 1808 3512 libris
1835 3457 1900 3511 de
1928 3456 2139 3512 Natura

546 3551 593 3593 et
621 3538 824 3608 Gratia,
853 3542 916 3597 de
938 3541 1264 3615 Perfectione
1277 3547 1502 3617 justitiaa
1521 3546 1767 3616 hominis,
1794 3549 1858 3603 de
1887 3548 2070 3604 Gratia
2089 3560 2140 3605 et

547 3630 711 3685 libero
740 3633 988 3702 Arbitrio,
1011 3636 1075 3690 de
1107 3636 1436 3707 Correptione
1462 3648 1508 3693 et
1528 3637 1713 3695 Gratia
1743 3650 1889 3697 tomo
1917 3643 2136 3697 decimo.

618 3724 1005 3797 REIIGIENSES,
1042 3728 1081 3783 i.
1114 3745 1165 3786 e.
1197 3730 1413 3787 abbatite
1437 3731 1497 3786 S.
1534 3731 1757 3805 Remigii
1781 3734 2047 3789 Remensis
2075 3735 2141 3791 li-

545 3815 649 3872 bri.
684 3816 837 3874 Unus
863 3820 1138 3877 adhibitus
1177 3822 1276 3879 fuit
1300 3824 1440 3881 libro
1468 3826 1533 3881 de
1566 3825 1865 3894 Quantitate
1909 3830 2097 3884 anima:
2120 3871 2136 3896 ,

553 3920 701 3966 tomo
729 3913 929 3980 primo;
963 3914 1116 3970 libris
1139 3917 1203 3971 de
1227 3916 1490 3974 Consensu
1512 3918 1985 3992 Evangelistarum,
2009 3920 2142 3977 Tra-

548 4006 765 4059 ctatibus
789 4006 841 4060 in
867 4006 1069 4079 Evang.
1102 4008 1353 4077 Joannis,
1391 4021 1539 4068 tomo
1574 4015 1743 4068 tertio.

622 4096 830 4155 Pariter
853 4109 999 4156 tomo
1038 4113 1224 4173 quarto
1260 4104 1496 4174 plurium
1540 4106 1593 4159 in
1643 4106 1866 4163 eosdem
1899 4108 2141 4163 Psalmos

550 4188 706 4258 copia
734 4188 857 4256 fuit,
881 4207 1109 4261 quorum
1140 4195 1231 4248 alii
1260 4206 1387 4251 ante
1413 4210 1585 4251 annos
1615 4196 1739 4262 500,
1772 4198 1865 4252 alii
1890 4209 2013 4254 ante
2035 4198 2141 4255 800

550 4283 809 4355 descripti
835 4297 1011 4341 erant.
1051 4288 1242 4344 Plures
1265 4290 1391 4343 item
1429 4291 1819 4346 cansuluerunt
1846 4292 1898 4346 in
1933 4292 2142 4348 Sermo-

550 4378 721 4431 nibus.
747 4378 917 4435 Tomo
955 4391 1099 4435 sexto
1130 4396 1259 4437 vero
1299 4383 1617 4452 proluerunt
1646 4383 1701 4437 in
1742 4383 1895 4439 libris
1925 4383 1989 4438 de
2009 4382 2141 4439 Fide

549 4478 598 4523 et
619 4470 866 4540 Symbolo
893 4513 906 4537 ,
932 4472 996 4526 de
1018 4474 1193 4544 Agone
1221 4474 1517 4528 Christiano
1536 4516 1550 4541 ,
1575 4476 1639 4528 de
1669 4474 1838 4545 Opere
1862 4478 2141 4530 monac/to-

547 4577 663 4614 rum
704 4570 759 4616 et
786 4564 848 4619 de
892 4561 1223 4620 Divinatione
1270 4566 1577 4619 daemonum.
1616 4566 1964 4636 Remigiauus
2004 4585 2135 4622 unus

2242 3353 2570 3423 exemplaria
2601 3368 2667 3407 ex
2696 3353 3020 3408 bibliotheca
3055 3355 3242 3423 Regia,
3272 3354 3445 3408 adfuit
3469 3369 3636 3409 unum
3675 3356 3859 3410 volu-

2242 3462 2366 3501 men
2414 3446 2705 3517 singulare,
2738 3460 2768 3499 a
2797 3444 2995 3499 Jacobo
3045 3446 3330 3501 Sirmondo
3380 3448 3681 3503 occasione
3712 3448 3868 3504 Ser-

2241 3554 2463 3594 monum
2488 3553 2519 3592 a
2548 3554 2607 3593 se
2633 3539 2901 3593 editorum
2933 3539 3236 3606 laudatum,
3282 3542 3661 3610 complectens
3706 3541 3869 3597 duas

2243 3634 2451 3702 priores
2484 3644 2662 3701 partes
2689 3633 2971 3687 collectorii
2995 3634 3310 3689 Serntonum
3330 3634 3870 3707 Augustinianorum

2243 3727 2468 3782 Roberto
2512 3728 2578 3782 de
2608 3725 2819 3794 Bardis,
2846 3728 3182 3784 Cancellario
3212 3727 3543 3796 Parisiensi,
3588 3738 3874 3797 auctore,

2250 3819 2497 3874 adornati
2527 3819 2594 3892 (a
2620 3819 2659 3890 ).

2315 3912 2425 3968 Nec
2452 3914 2631 3984 pauci,
2666 3914 2833 3968 immo
2860 3914 3059 3984 singuli
3093 3929 3233 3984 pene
3278 3915 3401 3970 libri
3448 3917 3581 3971 tomi
3606 3917 3755 3971 sexti
3796 3932 3879 3971 ex

2243 4006 2431 4061 iisdem
2457 4006 2702 4077 castigati
2732 4015 2879 4072 sunt,
2909 4017 2975 4062 ex
2996 4006 3191 4076 quibus
3210 4022 3347 4061 unus
3377 4006 3445 4061 ad
3475 4007 3683 4061 librum
3719 4024 3878 4063 con-

2244 4111 2323 4154 tra
2356 4096 2687 4152 Mendacium
2717 4109 2973 4153 censetur
3000 4113 3264 4153 annorum
3310 4098 3437 4155 900.

2315 4194 2395 4247 Ad
2429 4193 2598 4247 libros
2627 4194 2690 4246 de
2718 4191 2931 4247 Civitate
2974 4192 3070 4247 Dei
3103 4194 3467 4249 recensendos
3497 4194 3606 4249 duo
3636 4211 3887 4267 suppe-

2244 4287 2452 4343 tebant.
2475 4287 2593 4339 Duo
2622 4287 2804 4342 itidem
2831 4286 2898 4341 ad
2930 4287 3126 4342 librum
3150 4289 3214 4341 de
3236 4286 3535 4342 thresibus
3558 4288 3625 4343 ad
3661 4291 3893 4358 Quod-

2244 4379 2531 4444 vultdeum,
2565 4388 2711 4433 tomo
2742 4380 2979 4447 septimo.

2320 4474 2468 4531 Unus
2496 4472 2730 4543 denique
2757 4473 3033 4528 adhibitus
3061 4483 3147 4528 est
3181 4485 3327 4527 tomo
3355 4473 3551 4527 decimo
3586 4472 3772 4531 libris
3815 4477 3901 4532 de

2249 4566 2433 4623 Gratia
2461 4577 2508 4621 et
2540 4566 2698 4620 libero
2744 4566 2995 4631 Arbitrio,
3028 4581 3130 4620 nec
3161 4582 3269 4621 non
3310 4566 3372 4619 de
3399 4564 3761 4636 Correptione
3823 4581 3892 4624 et

549 4650 802 4707 laudatur
843 4670 1057 4725 quoque
1092 4656 1159 4710 ad
1203 4657 1372 4711 libros
1412 4656 1477 4711 de
1504 4657 1723 4712 Civitate
1746 4635 1873 4725 Diei,
1907 4670 1961 4715 et
1996 4670 2142 4717 tomo
2168 4635 2223 4696 D
2247 4660 2451 4727 Gratia,
2484 4661 2610 4715 item
2656 4660 2721 4713 de
2768 4657 3233 4715 Prtedestinatione
3259 4669 3560 4715 sanctorum
3592 4668 3645 4713 et
3680 4660 3897 4718 Dono
3954 4700 3959 4703 ς

551 4755 730 4799 octavo
752 4746 819 4801 ad
842 4747 1005 4803 libros
1025 4756 1206 4803 contra
1222 4749 1567 4803 Maximinum
1595 4762 1641 4804 et
1665 4750 2004 4807 Collationem
2026 4771 2141 4810 cum

546 4837 680 4909 ipso,
715 4839 815 4895 duo
841 4856 970 4897 vero
1000 4841 1199 4898 ibidem
1232 4842 1283 4896 in
1305 4841 1459 4898 libris
1489 4844 1551 4896 de
1573 4842 1843 4898 Trinitate.

622 5028 716 5099 (a)
758 5029 832 5084 De
858 5030 957 5085 hoc
983 5028 1291 5085 Collectorio
1315 5032 1414 5099 ipsi
1438 5031 1771 5087 Benedictini
1801 5035 1853 5087 in
1881 5033 2039 5089 Prtel.
2065 5035 2133 5089 ad

548 5109 753 5152 tomum
784 5101 1022 5170 quintum
1053 5102 1170 5154 lucc
1198 5100 1470 5156 referunt:
1503 5120 1522 5152 ‹
1557 5104 1807 5158 Robertus
1838 5106 1899 5159 de
1924 5105 2130 5170 Bai-dis,

548 5170 872 5225 Parisiensis
905 5169 1298 5234 Cancellarius,
1332 5173 1490 5227 aliam
1524 5174 1887 5240 pulchriorem
1920 5191 1982 5229 ac
2018 5192 2131 5230 ma-

547 5242 629 5309 gis
663 5240 993 5314 ingeniosam
1028 5242 1220 5313 (quam
1249 5244 1488 5313 vulgata.
1512 5260 1670 5314 quam
1693 5254 1819 5300 ante
1848 5261 2136 5302 recensue-

547 5315 704 5373 rant)
735 5312 1043 5367 instituerat
1079 5312 1401 5368 Sermonuin
1450 5312 1885 5372 distributionem
1926 5318 1979 5370 in
2012 5316 2136 5371 Col-

548 5382 785 5455 lectorio,
826 5392 883 5436 ut
911 5392 1088 5455 vocat,
1136 5384 1447 5439 Sermonum
1489 5388 1789 5455 Augustini,
1839 5404 2132 5454 numquam

546 5453 785 5527 vulgato.
829 5454 975 5527 quod
1017 5456 1268 5527 trecentis
1313 5456 1467 5509 annis
1504 5453 1704 5511 abhinc
1751 5466 1899 5513 retro
1929 5453 2128 5527 elapsis

548 5522 910 5599 e__xcogit_avit_,
944 5525 1134 5599 iisdem
1176 5527 1529 5582 Sermonibus
1567 5529 1618 5582 in
1659 5529 1896 5598 quinque
1945 5522 2127 5599 partes

549 5594 817 5668 discretis.
868 5594 933 5648 In
963 5598 1127 5661 prima
1153 5605 1299 5668 parte
1336 5599 1537 5652 collecti
1581 5594 1700 5653 sunt
1747 5594 2021 5655 Sermones
2068 5601 2132 5654 de

548 5663 853 5731 quibusdam
885 5669 1036 5735 gestis
1060 5676 1107 5721 et
1129 5663 1318 5722 sanctis
1346 5673 1527 5723 veteris
1572 5669 1905 5724 Testamenti.
1949 5669 2017 5724 In
2046 5688 2129 5725 se-

551 5736 723 5806 cunda
741 5748 883 5806 parte
894 5737 1369 5793 desolemnitatibus
1387 5750 1435 5793 et
1451 5743 1642 5793 sanctis
1665 5743 1779 5795 novi
1797 5741 2129 5795 Testamenti.

551 5803 620 5858 In
647 5803 797 5860 tertia
822 5807 887 5861 de
914 5810 1076 5862 verbis
1098 5821 1146 5862 et
1174 5812 1442 5879 scripturis
1482 5813 1661 5865 veteris
1705 5811 2032 5865 Testamenti.
2064 5811 2133 5866 In

551 5887 735 5943 quarta
752 5878 815 5933 de
835 5879 995 5935 verbis
1015 5890 1061 5934 et
1084 5878 1351 5951 scripturis
1371 5882 1485 5937 novi
1511 5882 1837 5938 Testamenti.
1868 5880 1933 5937 In
1954 5885 2133 5953 quinta

2247 4752 2660 4821 perseverantiae.

2318 4842 2472 4897 Liber
2503 4842 2999 4899 Rscrouoursnsrs.
3033 4845 3112 4900 Ad
3138 4845 3302 4915 hunc,
3350 4846 3538 4916 paucis
3565 4850 3913 4918 exceptis,

2238 5036 2301 5088 de
2337 5035 2654 5112 ornamentis
2679 5042 2731 5112 et
2759 5034 3138 5112 impedimentis
3172 5034 3425 5112 Ecclesia:
3442 5037 3545 5090 sive
3580 5038 3919 5112 ﬁdelium,

2238 5122 2299 5158 ac
2339 5107 2402 5158 de
2455 5105 2876 5158 retributionibus
2931 5105 3126 5158 ultimis
3173 5106 3423 5159 bonorum
3462 5118 3508 5160 et
3550 5105 3923 5169 malorum:

2240 5178 2501 5231 Servatur
2546 5175 2969 5248 itrbibliotlteca
3001 5177 3183 5248 Regia
3231 5181 3626 5248 mannscriptus
3677 5198 3926 5243 unus.

2237 5262 2344 5315 quo
2374 5248 2565 5316 prima:
2592 5246 2712 5316 dine
2743 5247 2897 5300 istius
2928 5247 3266 5302 collectionis
3313 5246 3519 5316 partes'
3542 5254 3935 5311 contine“-

2239 5326 2356 5378 tur;
2381 5315 2385 5316 ⁷
2409 5328 2463 5371 et
2503 5319 2556 5371 in
2596 5315 2912 5371 Colbertina
2944 5317 3071 5381 duo,
3108 5320 3160 5373 in
3200 5315 3393 5388 quibus
3419 5321 3579 5376 index
3616 5322 3935 5381 Serlno-

2240 5405 2366 5442 num
2394 5388 2606 5441 illarum
2638 5388 3140 5459 quinquepartium
3181 5400 3620 5459 reprmsentatur.
3654 5393 3933 5452 Caere-

2238 5475 2378 5530 rum,
2404 5459 2671 5530 judicant,
2700 5459 2823 5511 licet
2848 5458 3170 5514 Sirmondus
3221 5458 3270 5514 in
3297 5462 3458 5527 prmi.
3489 5478 3740 5520 sunrutn
3788 5469 3942 5527 XL

2239 5529 2559 5605 Samnitum
2611 5530 2865 5605 al'l‘irmet,
2903 5533 3319 5605 in_r_ecensendis
3369 5534 3932 5605 approbandisque

2238 5599 2515 5670 Augustini
2546 5601 2807 5665 operibus.
2828 5640 2841 5653 .
2860 5640 2874 5653 .
2906 5600 3118 5654 minime
3139 5599 3569 5657 contemnendum
3591 5622 3724 5659 esse
3759 5599 3830 5665 Ιῖ
3844 5632 3888 5667 ο
3906 5645 3934 5654 -

2242 5671 2371 5752 berti
2394 5671 2746 5752 suﬁ‘ragium;
2764 5682 2949 5752 tamen
2973 5673 3305 5752 adulterinos
3337 5674 3708 5752 Sert110ti0s_p
3726 5698 3945 5752 rope

2243 5738 2831 5818 innumeros_'adtnisit_,_
2859 5751 2917 5796 ut
2938 5745 3026 5811 qui
3053 5746 3102 5797 in
3125 5749 3309 5818 prima
3339 5738 3794 5818 Collectorii'pa
3811 5738 3944 5812 πῖιᾷ

2239 5812 2387 5885 solos
2425 5812 2694 5879 legitimos
2736 5814 3089 5884 relinqueret,
3124 5812 3282 5871 iStam
3317 5832 3453 5885 pene
3484 5819 3550 5873 ad
3584 5812 3933 5885 nih'ilurn

2239 5884 2548 5952 reduceret,
2575 5892 2678 5940 etc.
2725 5900 2745 5936 ι
