4010 6350
258 359 349 415 121

1144 353 1421 411 ΝΟἹῚΤΙΑ
1459 353 1883 411 LITTERARIA
1923 355 1990 411 IN
2029 355 2088 414 S.
2134 357 2606 418 AUGUSTINUM.

250 484 433 523 omnes
466 471 594 523 tomi
627 470 779 539 primi
802 467 924 521 libri
956 466 1175 519 excussi
1208 477 1351 521 sunt.
1388 466 1666 522 Laudatur
1694 483 1832 538 prm-
1858 473 1912 530 Α
1936 469 2094 538 hujus
2123 471 2468 529 bibliothecae
2497 474 2671 531 aetatis
2692 475 2971 549 aliquanto
2993 481 3329 539 recentioris.
3357 482 3521 540 Theo-

249 571 391 616 tcrea
426 562 476 616 in
502 570 644 627 sexto
676 561 745 614 ad
777 561 978 615 librum
1012 561 1075 614 de
1108 560 1403 615 Mendacio.

323 655 476 709 Liber
503 672 597 710 ms.
627 656 849 709 abbatia:
869 654 1145 710 Sscrsusrs
1170 654 1234 711 S.
1265 652 1502 708 Martini.
1527 652 1687 708 Juxta
1709 668 1833 707 eum

244 750 506 807 teretisiti
537 758 664 804 sunt
687 750 808 804 libri
837 751 898 802 de
927 749 1180 805 Sermone
1206 751 1259 802 in
1278 758 1445 803 monte
1475 755 1624 803 tomo
1651 748 1837 815 tertio;

242 847 385 902 liber
422 856 607 899 contra
646 844 983 899 Mendacium
1025 853 1080 898 et
1121 844 1185 898 de
1234 843 1399 914 Opere
1451 840 1833 896 Monachorum

246 952 393 994 tomo
437 949 611 1003 sexto;
644 938 766 993 libri
800 947 979 991 contra
1023 934 1284 991 Faustum
1315 946 1369 990 et
1396 946 1579 988 contra
1623 934 1835 989 Sermo-

238 1049 352 1086 nen
386 1031 722 1089 Arianorum.
756 1037 906 1084 toruo
936 1039 1154 1092 octavo;
1186 1028 1307 1083 libri
1336 1029 1402 1081 de
1436 1028 1622 1081 Anima
1652 1038 1700 1081 et
1724 1028 1835 1097 ejus

242 1125 465 1194 origine,
501 1133 651 1177 tomo
681 1121 896 1175 decimo.

317 1216 655 1279 Seacrausrs,
686 1212 724 1268 i.
756 1229 802 1267 e.
835 1212 896 1268 S.
929 1211 1101 1283 Sergii
1134 1211 1514 1283 Andegavensis
1545 1210 1686 1264 liber
1721 1208 1836 1263 lau-

247 1310 407 1363 datur
447 1318 597 1361 tomo
642 1308 808 1377 primo
834 1306 901 1361 ad
929 1307 1097 1361 libros
1128 1305 1191 1360 de
1218 1304 1522 1371 Quantitate
1558 1304 1756 1358 Anima:
1784 1312 1839 1357 et

250 1405 313 1457 de
338 1404 495 1455 libero
521 1400 785 1463 Arbitrio;
833 1398 900 1453 ad
948 1398 1337 1468 Expositionem
1384 1397 1679 1450 inchoatam
1711 1394 1844 1464 Epi-

258 1494 397 1548 stolas
422 1494 483 1545 ad
513 1489 764 1557 Galatas;
788 1490 853 1544 ad
877 1489 1069 1544 librum
1099 1490 1163 1541 de
1186 1488 1364 1561 Agone
1386 1486 1701 1542 Christiano.

339 1586 496 1639 Codex
532 1584 971 1651 SIGtBAHNENSIS,
1018 1582 1053 1635 i.
1097 1597 1147 1636 e.
1199 1581 1419 1635 abbaticz
1460 1580 1520 1636 S.
1561 1578 1842 1651 Cygiranni

278 1694 364 1734 seu
391 1678 821 1732 CIGIRANNENSIS.
850 1674 1076 1729 Notatur
1104 1674 1156 1727 in
1189 1672 1342 1727 libris
1383 1673 1447 1724 de
1486 1670 1633 1725 Bono
1673 1671 1843 1723 vidui-

269 1772 380 1822 tatis
417 1781 467 1824 et
505 1778 690 1823 contra
738 1767 1069 1823 Mendacium
1101 1777 1245 1821 tomo
1275 1776 1455 1831 sexto;
1486 1766 1553 1819 ad
1585 1766 1755 1820 libros
1780 1765 1844 1818 de

1938 563 2227 618 doricenses
2271 566 2336 618 ad
2384 566 2656 622 Sermones
2683 585 2897 641 quoque
2929 582 3124 641 prmsto
3172 574 3416 641 fuerunt;
3468 578 3521 632 in

1939 667 2085 712 tomo
2129 666 2303 713 octavo
2342 676 2473 716 vero
2509 664 2722 718 nonnisi
2778 665 2903 721 libri
2946 666 3011 721 de
3063 666 3317 723 Trinitate
3364 684 3519 740 opem

1938 749 2066 805 hinc
2090 754 2299 817 experti
2326 764 2471 809 sunt.

2009 840 2151 895 Libri
2185 842 2513 901 Bibliotheca:
2535 848 2828 906 Tausuuz.
2864 853 2939 906 Ex
2969 852 3231 909 Thuaneo
3258 869 3523 908 annorum

1941 934 2044 991 700
2069 934 2151 990 vel
2185 936 2293 991 800
2322 940 2587 1009 recogniti
2618 954 2743 997 sunt
2789 943 3183 1016 Confessionum
3212 946 3353 1000 libri.
3381 946 3524 1001 Idem

1939 1026 2169 1082 fortasse
2199 1037 2316 1095 est,
2357 1046 2588 1099 quocum
2621 1033 2800 1088 collati
2825 1046 2951 1091 sunt
2979 1038 3031 1091 in
3062 1038 3253 1092 eodem
3286 1047 3431 1092 torno
3458 1037 3526 1090 li-

1938 1117 2023 1173 bri
2045 1120 2110 1172 de
2130 1118 2291 1175 Beata
2330 1120 2475 1186 Vita,
2506 1122 2947 1194 Soliloquiorum,
2980 1128 3043 1182 de
3069 1126 3227 1183 libero
3258 1128 3485 1182 Arbitrio
3504 1172 3518 1194 ,

1939 1210 2006 1264 de
2046 1226 2164 1264 vera
2210 1210 2479 1283 Religione
2505 1224 2553 1269 et
2584 1216 2787 1285 Regula
2811 1218 2879 1271 ad
2905 1235 3075 1273 servos
3104 1218 3219 1273 Dei.
3268 1219 3415 1274 Libri
3458 1220 3523 1274 de

1945 1300 2141 1356 Ordine
2164 1303 2375 1359 duobus
2404 1306 2576 1374 gavisi
2600 1318 2748 1362 sunt.
2770 1308 2943 1363 Tomo
2965 1312 3116 1365 tertio
3138 1310 3333 1365 citatur
3354 1311 3533 1365 Thua-

1943 1409 2079 1448 neus
2120 1395 2189 1447 ad
2216 1393 2609 1467 Expositionem
2648 1401 2988 1469 quarumdam
3038 1403 3441 1471 prapositionum
3470 1418 3533 1457 ea:

1945 1486 2190 1555 Epistola
2217 1490 2287 1542 ad
2316 1489 2617 1557 Romanos,
2668 1508 2766 1549 nec
2812 1509 2919 1549 non
2963 1494 3016 1549 in
3066 1492 3403 1565 Expositione
3445 1496 3532 1549 in-

1943 1581 2130 1633 choata
2160 1578 2409 1651 Epistolte
2429 1585 2498 1635 ad
2526 1582 2763 1638 Galatas.

2019 1672 2300 1729 VsLtausrs
2332 1675 2468 1731 liber
2497 1689 2831 1733 memoratur
2848 1679 2915 1732 ad
2942 1678 3319 1749 Confessiones.

2018 1766 2339 1835 Vsussrm,
2396 1770 2432 1823 i.
2479 1785 2529 1825 e.
2576 1770 2699 1825 libri
2729 1770 2946 1826 abbatia:
2978 1772 3039 1827 S.
3081 1771 3292 1826 Vedasti
3320 1771 3538 1826 Atreba-

263 1862 465 1916 Ciritate
504 1860 637 1929 Dei,
672 1870 825 1917 torno
863 1864 1113 1931 septimo;
1162 1862 1226 1914 ad
1272 1861 1464 1916 librum
1497 1860 1565 1913 ad
1597 1859 1843 1914 Orosiunt
1873 1858 1921 1919 Β
1950 1862 2125 1915 tensis.
2156 1860 2431 1916 Laudatur
2455 1860 2782 1917 Vedastinus
2808 1862 2978 1919 codex
3009 1872 3156 1918 tomo
3176 1865 3345 1935 primo
3371 1864 3436 1917 ad
3469 1863 3535 1918 li-

260 1966 429 2007 contra
456 1954 892 2009 Priscillianistas
915 1996 929 2020 ,
962 1963 1111 2009 tomo
1134 1964 1350 2018 octavo;
1379 1954 1444 2008 ad
1471 1954 1638 2008 libros
1669 1963 1847 2007 contra

261 2046 452 2099 litteras
480 2046 731 2101 Petiliani
750 2089 763 2111 ,
799 2059 979 2101 contra
1014 2046 1341 2102 Cresconium
1363 2057 1415 2101 et
1445 2047 1508 2100 de
1534 2045 1697 2101 Unico
1718 2047 1845 2116 bap-

261 2141 405 2193 tismo
426 2182 441 2206 ,
474 2154 620 2195 tomo
655 2158 824 2208 nono;
858 2141 1110 2211 idemque
1130 2140 1195 2195 ad
1229 2141 1397 2194 libros
1422 2140 1484 2194 de
1505 2138 1846 2194 Peccatorum

264 2236 455 2289 meritis
483 2246 530 2289 et
552 2236 888 2301 remissione,
919 2235 985 2289 ad
1013 2236 1207 2291 librum
1240 2237 1301 2289 de
1342 2234 1551 2289 Natura
1574 2244 1623 2289 et
1648 2235 1845 2306 gratia,

264 2328 324 2380 de
360 2326 677 2397 Perfectione
710 2328 935 2398 justitite
971 2326 1197 2381 hominis
1222 2371 1235 2393 ,
1278 2328 1405 2382 item
1445 2326 1512 2380 ad
1554 2327 1751 2381 librum
1783 2326 1848 2380 de

271 2420 442 2476 Gratia
473 2422 665 2476 Christi
706 2431 755 2475 et
795 2423 859 2476 de
906 2422 1128 2477 Peccato
1164 2421 1436 2493 originali,
1470 2421 1533 2474 de
1559 2418 1772 2490 Nuptiis
1800 2431 1851 2475 et

271 2514 689 2585 Concupiscentia
718 2525 771 2569 et
800 2515 863 2568 de
890 2514 1077 2568 Anima
1103 2523 1153 2570 et
1173 2518 1283 2587 ejus
1312 2512 1549 2586 Origine,
1582 2524 1728 2569 tomo
1755 2514 1847 2568 de-

274 2610 415 2663 rimo.

342 2705 507 2760 Codex
535 2706 1086 2763 SlLV’E-MAJORENSIS.
1115 2705 1244 2777 Ejus
1276 2706 1335 2760 ﬁt
1367 2706 1570 2761 mentio
1585 2705 1651 2761 ad
1679 2705 1849 2762 libros

280 2798 337 2851 de
356 2796 607 2853 Consensu
640 2798 1088 2871 Evangelistarum
1122 2810 1268 2853 tomo
1291 2801 1461 2853 tertio.

342 2890 781 2947 StLvssacreusis
842 2891 1093 2946 Ecclesia:
1147 2891 1427 2962 exemplar
1481 2890 1850 2963 suppeditavit

290 2982 531 3052 Epistolas
560 2994 614 3037 et
644 2984 801 3037 libros
828 2984 891 3036 de
914 2982 1129 3037 Civitatc
1155 2982 1273 3037 Dei.

346 3075 635 3130 Sonsrimcu.
667 3075 823 3130 Modo
852 3093 1008 3146 unus,
1038 3076 1197 3130 modo
1226 3077 1351 3139 duo,
1380 3077 1545 3131 immo
1572 3085 1675 3131 tres
1698 3076 1850 3131 iden-

294 3168 434 3222 tidem
465 3169 683 3223 adhibiti
727 3177 857 3224 sunt
900 3170 966 3223 ad
1011 3169 1252 3240 singulos
1296 3170 1448 3234 fere,
1481 3186 1619 3239 quos
1670 3179 1850 3225 tomus

289 3260 465 3325 primus
491 3260 860 3328 complecdtur
885 3261 1074 3315 libros.
1098 3261 1179 3317 Ad
1207 3263 1425 3317 eosdem
1454 3278 1697 3318 excussa:
1725 3272 1851 3319 sunt

287 3350 542 3419 Epistolw,
574 3354 801 3407 secundo
833 3364 1006 3418 torno;
1058 3353 1179 3407 libri
1224 3354 1583 3421 Quaestionum
1614 3353 1851 3427 Evange-

284 3444 455 3497 liorum
484 3456 624 3499 torno
650 3448 831 3511 tertio;
861 3446 1167 3515 Sermones,
1191 3448 1402 3517 quinto;
1433 3458 1486 3503 et
1508 3449 1560 3502 in
1590 3458 1730 3503 sexto
1762 3450 1848 3504 vix

285 3549 387 3593 tres
416 3550 505 3593 aut
531 3551 761 3608 quatuor
787 3541 1127 3608 numerabis,
1166 3542 1254 3611 qui
1287 3557 1353 3596 ex
1384 3541 1571 3597 iisdem
1597 3558 1703 3596 non
1734 3542 1851 3598 fue-

279 3634 384 3689 rint
410 3634 671 3703 castigati.
707 3633 877 3689 Tomo
901 3643 1077 3687 octavo
1108 3634 1357 3689 laudatur
1384 3635 1551 3690 codex
1591 3635 1850 3690 Sorboni-

277 3743 365 3781 cus
408 3727 467 3780 ad
514 3727 705 3780 librum
746 3739 923 3781 contra
955 3729 1315 3796 Adintantum,
1358 3738 1532 3783 contra
1563 3728 1848 3799 Epistolant

279 3819 565 3879 Hanichtei,
597 3820 660 3873 de
688 3818 900 3872 Natura
926 3818 1079 3883 boni,
1106 3830 1287 3873 contra
1318 3820 1679 3873 Adversarium
1723 3821 1849 3890 legis

277 3923 318 3966 et
344 3914 735 3980 prophetarum,
768 3912 835 3965 ad
868 3910 1109 3965 Orosium
1149 3923 1328 3965 contra
1375 3911 1844 3975 Priscillianistas,

278 4012 449 4056 contra
508 4004 809 4057 Sermonem
862 4003 1207 4069 Arianorum,
1256 4014 1435 4057 contra
1477 4003 1845 4058 Maximinum.

278 4096 410 4149 Libri
446 4112 575 4151 vero
598 4096 659 4149 de
688 4096 937 4149 Trinitate
962 4097 1027 4150 ad
1058 4097 1280 4166 quinque
1310 4097 1635 4153 Sorbonicos
1664 4112 1850 4152 recen-

280 4189 355 4241 siti
389 4198 527 4243 sunt.
561 4189 799 4244 Tandem
829 4189 882 4243 iu
916 4198 1062 4244 tomo
1107 4189 1305 4243 decimo
1348 4190 1436 4243 vix
1462 4198 1680 4260 quatuor
1723 4197 1850 4243 sunt

282 4296 339 4335 ex
362 4283 627 4351 omnibus,
660 4284 749 4353 qui
781 4298 886 4337 non
909 4299 974 4338 ex
1002 4299 1107 4337 uno
1133 4283 1324 4338 saltem
1352 4260 1638 4339 Sorbonico
1662 4298 1849 4337 emen-

284 4375 374 4428 dati
402 4375 623 4431 fuerint.

342 4467 736 4522 Sucssroueusrs
780 4467 997 4521 abbatice
1037 4466 1102 4520 B.
1148 4466 1334 4522 Maria:
1364 4467 1500 4522 liber
1532 4482 1666 4521 unus
1693 4465 1846 4521 libris

281 4559 332 4611 de
355 4557 567 4613 Civitate
600 4561 695 4614 Dei
726 4559 1179 4629 recognoscendis
1210 4559 1425 4629 profuit.

1948 1953 2078 2009 bros
2103 1954 2565 2020 Retractationunt,
2592 1954 3014 2026 Confessionum,
3050 1958 3112 2011 de
3134 1957 3278 2011 beata
3305 1956 3444 2023 Vita,
3475 1957 3539 2012 de

1952 2046 2167 2112 Ordine,
2193 2046 2605 2117 Soliloquiorum
2622 2090 2636 2110 ,
2672 2048 2736 2101 de
2761 2046 3159 2103 Imntortalitate
3184 2049 3369 2102 anima:
3394 2057 3449 2103 et
3476 2050 3540 2102 de

1948 2137 2136 2193 Genesi
2186 2150 2367 2193 contra
2412 2138 2767 2207 Manichteos;
2806 2141 2933 2196 item
2982 2141 3048 2196 ad
3099 2140 3360 2211 Epistolas
3390 2151 3539 2195 torno

1948 2232 2189 2286 secundo.
2543 2300 2551 2311 η

2022 2325 2335 2394 νιοτοιιιαι,
2383 2341 2478 2382 seu
2521 2326 2738 2384 codices
2775 2328 2991 2384 abbatia:
3020 2328 3080 2383 S.
3126 2326 3343 2381 Victoris
3379 2325 3536 2379 Pari-

1948 2418 2149 2471 siensis.
2188 2417 2311 2471 Tres
2357 2419 2717 2487 suppetebant
2757 2419 2823 2473 ad
2868 2418 3213 2490 castigandos
3243 2418 3408 2472 libros
3436 2415 3540 2470 Re-

1950 2511 2315 2565 tractationum
2352 2518 2409 2567 et
2437 2510 2858 2581 Confessionum,
2893 2512 2955 2566 de
2984 2511 3211 2577 Ordine,
3244 2510 3307 2564 de
3337 2508 3541 2580 Magis-

1951 2614 2054 2671 tro,
2076 2605 2139 2659 de
2165 2605 2466 2671 Quantitate
2494 2609 2710 2673 animae,
2744 2608 2809 2661 de
2841 2605 3071 2661 Moribus
3098 2606 3504 2660 Manichaeorum
3520 2621 3539 2671 ;

1951 2696 2061 2753 duo
2104 2698 2156 2751 in
2191 2697 2342 2751 libris
2394 2707 2572 2752 contra
2613 2698 2977 2764 Academicos,
3032 2698 3095 2751 de
3142 2693 3542 2750 Immortalitate

1951 2791 2158 2854 animae,
2187 2790 2253 2843 de
2279 2788 2465 2844 Genesi
2493 2800 2671 2844 contra
2693 2788 3009 2843 Manichteos
3036 2798 3083 2843 et
3111 2788 3338 2841 moribus
3362 2786 3541 2841 Eccle-

1952 2882 2045 2935 sia;-
2070 2881 2370 2948 catholicte;
2399 2899 2532 2936 unus
2559 2880 2612 2937 in
2636 2883 2857 2952 reliquis
2886 2882 3039 2954 primi
3069 2881 3196 2934 tomi
3229 2880 3416 2949 paucis
3445 2894 3541 2934 ex-

1952 2974 2149 3043 ceptis.
2196 2973 2553 3040 Profuerunt,
2603 2989 2765 3043 porro
2805 2972 3158 3030 emendandis
3204 2970 3456 3041 Epistolis
3485 2977 3543 3026 et

1955 3064 2311 3133 Sermonibus,
2358 3074 2505 3120 tomo
2537 3067 2766 3121 secundo
2785 3076 2839 3122 et
2862 3066 3080 3137 quinto;
3111 3079 3212 3120 nec
3241 3079 3348 3118 non
3390 3063 3542 3120 libris

1959 3157 2315 3226 Quaestionum
2374 3156 2800 3229 Evangeliorum,
2856 3157 3213 3225 Quastionum
3257 3153 3430 3211 XVII
3487 3156 3543 3211 in

1878 3239 1926 3304 C
1959 3252 2263 3306 Matthazum
2284 3296 2298 3320 ,
2331 3263 2478 3309 tomo
2505 3254 2685 3319 tertio;
2716 3254 2842 3309 item
2871 3252 3021 3308 libris
3052 3252 3115 3306 de
3136 3250 3361 3306 Diversis
3397 3264 3543 3320 qua:-

1951 3346 2202 3401 stionibus
2224 3346 2293 3399 ad
2319 3344 2717 3417 Simplicianum
2736 3389 2749 3410 ,
2793 3347 2858 3400 de
2888 3347 3017 3400 Octo
3041 3344 3258 3399 Dulcitii
3296 3344 3543 3415 quastio-

1952 3440 2130 3505 nibus,
2178 3440 2242 3493 de
2283 3439 2418 3494 Fide
2446 3450 2493 3495 et
2522 3440 2801 3512 Symbolo,
2829 3444 2893 3495 de
2923 3442 3096 3514 Agone
3127 3440 3451 3505 Christiano,
3481 3440 3543 3494 de

1953 3531 2346 3587 Catechizandis
2376 3534 2587 3587 rudibus
2608 3575 2622 3598 ,
2656 3536 2719 3588 de
2745 3532 2893 3588 Bono
2918 3534 3202 3599 viduitatis,
3234 3533 3298 3587 de
3321 3532 3545 3588 Menda-

1951 3626 2063 3691 cio,
2102 3635 2279 3679 contra
2321 3625 2688 3694 Mendacium,
2732 3628 2794 3680 de
2836 3626 3003 3696 Opere
3051 3629 3449 3693 monachorum,
3482 3625 3544 3680 de

1953 3717 2094 3773 Cura
2138 3736 2234 3789 pro
2280 3722 2497 3773 mortuis
2524 3721 2747 3788 gerenda
2776 3727 2829 3774 et
2858 3720 2922 3773 de
2952 3718 3236 3773 Patientia.
3282 3718 3544 3773 Similiter

1951 3813 2075 3866 libri
2108 3813 2238 3867 tomi
2266 3815 2467 3879 octavi,
2500 3816 2563 3868 de
2585 3813 2903 3881 Hatresibus,
2935 3814 3180 3866 adversus
3217 3812 3455 3879 Judceos,
3481 3812 3544 3865 de

1957 3903 2195 3958 Utilitate
2223 3905 2495 3971 credendi,
2527 3905 2590 3957 de
2619 3904 2821 3957 duabus
2847 3903 3160 3967 Animabus,
3191 3912 3371 3956 contra
3406 3900 3542 3956 For-

1953 4005 2211 4057 tunatam.
2243 4005 2421 4049 contra
2454 3996 2808 4060 Adimantum,
2834 4006 3014 4049 contra
3047 3995 3333 4064 Epistolam
3362 3992 3541 4047 Mani-

1952 4088 2101 4151 chwi,
2125 4083 2305 4142 contra
2330 4086 2609 4154 Faustum,
2637 4088 2766 4142 Acta
2792 4104 2908 4141 cum
2938 4086 3143 4151 Felice,
3174 4087 3309 4142 liber
3334 4088 3397 4140 de
3426 4085 3543 4139 Na-

1952 4190 2070 4234 tura
2100 4182 2241 4245 boni,
2275 4180 2413 4236 liber
2436 4183 2505 4235 ad
2536 4181 2776 4235 Orosium
2804 4191 2986 4236 contra
3021 4179 3448 4235 Priscillianistas
3474 4181 3541 4236 ad

1951 4292 2112 4328 unum
2131 4274 2215 4335 vel
2234 4275 2365 4327 duos
2388 4273 2692 4330 Victorinos
2714 4276 2934 4331 excussi
2967 4285 3120 4340 sunt;
3156 4291 3254 4330 nec
3282 4291 3388 4331 non
3409 4275 3543 4330 liber

1952 4370 2017 4423 de
2046 4369 2198 4422 unico
2226 4366 2495 4438 Baptismo
2510 4411 2525 4433 ,
2552 4379 2697 4424 tonio
2718 4386 2886 4435 nono;
2911 4371 3047 4426 liber
3068 4373 3131 4424 de
3147 4369 3329 4425 Gratia
3351 4369 3541 4427 Christi

1951 4469 2006 4516 et
2037 4461 2173 4515 liber
2199 4462 2260 4514 de
2287 4459 2510 4515 Peccato
2541 4462 2812 4533 originali,
2844 4463 2963 4517 libri
2997 4463 3061 4517 de
3093 4461 3308 4530 Nuptiis
3336 4473 3381 4516 et
3409 4462 3539 4516 (Ion-

1952 4554 2264 4625 cupiscentia
2288 4563 2343 4608 et
2374 4552 2499 4608 libri
2539 4569 2635 4608 sex
2661 4565 2838 4608 contra
2857 4552 3131 4608 lulianum
3160 4566 3304 4609 tomo
3322 4555 3538 4608 decimo.

338 4650 691 4706 Temenum:
722 4624 1039 4705 bibliotheca:
1061 4624 1297 4706 codices.
1334 4653 1445 4706 Duo
1475 4651 1589 4707 fere
1616 4650 1843 4707 laudan-
1870 4624 1923 4684 D
2020 4624 2429 4702 Vtuuocmeusm
2458 4647 2677 4702 abbatice
2704 4648 2853 4702 libri.
2887 4648 3035 4703 Libri
3082 4646 3493 4719 Soliloquior'um
3521 4688 3536 4713 ,

276 4749 354 4793 tur
386 4744 433 4794 in
464 4741 787 4796 recensione
816 4740 1165 4811 Epistolarum
1194 4742 1645 4811 frequentissime.

336 4832 473 4885 Libri
494 4833 993 4899 Tueuuoatceuses,
1020 4834 1053 4887 i.
1087 4850 1137 4888 e.
1170 4835 1393 4889 abbatiaz
1431 4836 1491 4891 S.
1535 4835 1843 4891 Tlteodorici

263 4940 416 4995 prope
438 4924 644 4981 Remos.
674 4925 847 4980 Unum
871 4926 1386 4994 Tlteodoricensem,
1413 4929 1503 4995 qui
1526 4929 1655 4983 olim
1682 4929 1844 4984 Ilinc-

258 5019 394 5070 mari
443 5018 729 5073 Remensis
776 5018 976 5083 fuerit,
1030 5020 1247 5074 laudant
1296 5020 1362 5075 ad
1412 5021 1839 5075 Retractationcs.

254 5108 449 5164 Nescio
480 5128 547 5165 an
583 5112 725 5165 idem
777 5111 884 5175 sit,
928 5112 1080 5179 cujus
1118 5114 1281 5167 etiam
1330 5112 1396 5167 ad
1432 5114 1613 5171 ,libros
1661 5123 1841 5166 contra

248 5204 605 5267 Academicos,
639 5204 701 5256 de
727 5202 939 5265 Ordine,
966 5203 1029 5256 de
1058 5202 1244 5257 Genesi
1267 5213 1442 5257 contra
1466 5204 1837 5274 Manichceum,

242 5304 296 5345 et
331 5296 403 5347 de
434 5295 661 5349 Moribus
693 5294 944 5350 Ecclesia:
963 5296 1228 5351 catholica:
1254 5308 1397 5352 tomo
1421 5299 1586 5369 primo
1610 5299 1667 5351 lit
1690 5314 1841 5353 men-

240 5385 337 5438 tio.
379 5386 585 5441 Passim
614 5388 815 5442 dicitur
845 5389 1049 5458 optima:
1086 5397 1221 5441 nota:
1245 5396 1299 5441 et
1326 5388 1390 5441 ad
1420 5388 1588 5442 libros
1629 5387 1693 5443 de
1735 5388 1839 5442 Or-

1950 4740 2011 4793 de
2040 4737 2438 4794 Imntortalitatc
2462 4740 2678 4805 animw,
2725 4739 2789 4794 de
2824 4738 3129 4806 Quantitate
3156 4741 3374 4801 animat,
3409 4740 3537 4794 torui

1947 4833 2103 4904 primi
2133 4847 2198 4887 ex
2230 4848 2335 4885 uno
2361 4832 2607 4902 castigati
2635 4841 2792 4895 sunt;
2838 4833 2965 4887 item
2998 4830 3249 4903 Epistolis
3276 4841 3423 4885 tomo
3451 4848 3537 4885 se-

1947 4923 2136 4989 cundo,
2167 4923 2541 4978 Enarrationes
2561 4924 2616 4977 in
2637 4923 2899 4990 Psalmos,
2933 4933 3140 4995 quarto,
3178 4933 3228 4978 et
3262 4923 3537 4977 Sermones

1947 5022 2094 5069 tomo
2114 5015 2309 5084 quinto.
2345 5014 2496 5071 Unus
2522 5030 2741 5086 quoque
2770 5015 3041 5070 adhibitus
3071 5025 3156 5069 est
3184 5016 3249 5069 ad
3283 5016 3447 5070 libros
3475 5016 3539 5070 de

1949 5110 2162 5164 Civitate
2205 5109 2339 5177 Dei,
2392 5121 2539 5165 tomo
2585 5112 2823 5181 septimo.
2878 5110 2935 5165 In
2988 5119 3133 5164 tumo
3166 5111 3310 5164 tertio
3352 5109 3535 5165 collati

1947 5212 2074 5257 sunt
2096 5217 2217 5257 cum
2260 5220 2363 5256 uno
2407 5203 2531 5257 libri
2564 5204 2626 5258 de
2666 5195 2930 5257 Consensu
2959 5200 3439 5273 Evangelistarum,
3473 5202 3536 5255 de

1948 5294 2199 5350 Sermone
2227 5297 2280 5349 in
2307 5306 2507 5363 monte,
2557 5295 2831 5349 Tractatus
2861 5296 2913 5347 in
2955 5294 3247 5365 Epistolam
3272 5292 3498 5348 Joannis
3516 5334 3531 5357 ,

1945 5403 2067 5444 cum
2096 5389 2315 5454 duobus,
2344 5390 2618 5445 Tractatus
2647 5391 2699 5443 in
2732 5390 3069 5462 Evangelium
3093 5389 3348 5456 Joannis;
3385 5400 3531 5445 tomo

232 5477 391 5541 dine,
424 5490 797 5551 nongentarum
825 5479 938 5534 fere
968 5494 1398 5549 annorum,‘~quzu
1425 5481 1686 5549 temporis
1709 5491 1833 5537 nota

231 5568 287 5621 in
312 5579 535 5626 aetatem
573 5570 844 5625 llincmari
877 5572 1149 5626 convenit.
1180 5572 1260 5626 Ad
1288 5572 1507 5627 eosdem
1537 5574 1834 5629 emendata:

224 5674 367 5718 sunt
419 5665 685 5736 Epistolaz.
733 5664 1138 5720 Vetustissimus
1188 5674 1242 5718 ct
1286 5667 1506 5734 optimae
1548 5675 1687 5720 nota:
1728 5681 1828 5722 ms.

221 5761 338 5813 cita
350 5772 442 5815 tur
463 5762 528 5815 ad
562 5760 831 5814 Tractatus
856 5762 907 5813 in
936 5759 1223 5830 Epistolam
1248 5759 1468 5813 Joannis
1492 5768 1637 5814 tomo
1661 5763 1830 5827 tertio;

219 5848 293 5909 in
322 5851 763 5911 Enarrationibus
803 5854 856 5905 in
900 5851 1138 5907 Psalmos
1170 5861 1347 5910 tamen
1396 5852 1474 5909 usi
1521 5862 1649 5908 sunt
1680 5854 1828 5914 libris

1942 5493 2088 5538 sexto
2116 5482 2237 5537 libri
2266 5485 2329 5537 de
2357 5484 2535 5553 Agone
2576 5482 2870 5538 Christiano
2898 5485 3037 5539 etde
3068 5483 3356 5551 Patientia;
3384 5491 3529 5539 tomo

1941 5586 2120 5632 octavo
2142 5576 2263 5630 libri
2296 5584 2477 5629 contra
2506 5574 2554 5629 F
2555 5585 2758 5631 austum
2780 5587 2835 5630 et
2861 5578 2925 5631 de
2945 5575 3216 5631 Trinitate.

2015 5669 2329 5737 Urmsusrs,
2358 5668 2464 5723 vid.
2500 5671 2918 5727 Eanuurususrs.

2622 5773 2672 5835 b)
2708 5773 2834 5824 Itali.

2009 5858 2299 5927 Virtam,
2355 5875 2583 5935 quorum
2641 5860 2851 5919 scilicet
2908 5858 3175 5916 variantes
3225 5857 3520 5924 lectiones.
