4010 6350
488 354 591 417 I25

1362 348 1924 407 SUPPlellIENTUM
1966 348 2057 402 AD
2099 344 2325 399 OPEBA
2368 348 2424 400 S.
2465 346 2856 402 AUGUSTINI.

3651 354 3751 408 125

487 468 733 525 collectae
754 467 883 523 olim
904 482 1003 538 per
1032 465 1262 520 selectos
1290 462 1455 527 viros,
1489 462 1581 532 qui
1619 470 1743 529 post
1768 460 2073 515 Lovanien-
2099 460 2155 519 Α
2178 455 2560 523 Coufessiones,
2592 455 2800 511 scilicet
2830 474 2962 512 unus
3004 457 3208 513 Bodlei.
3239 467 3294 514 et
3319 459 3487 515 Laud.
3518 468 3571 514 et
3600 459 3756 515 Mert.

488 578 604 618 sem
635 562 927 618 editionem
957 560 1133 615 denuo
1158 556 1489 625 castigandis
1527 558 1585 610 S.
1620 556 1905 624 Augustini
1936 570 2065 621 ope-

490 655 640 711 ribus
660 656 978 709 auctoritate
1007 652 1299 707 Clementis
1336 648 1446 703 VIII
1491 648 1903 711 incumbebant,
1946 662 2067 699 cum

492 746 859 802 Benedictinis
888 745 1295 799 communicatae
1327 742 1559 796 fuerant.

565 842 871 898 Generatim
899 840 964 893 ad
991 838 1164 909 plures
1192 852 1381 891 eorum
1428 834 1715 905 recognitio
1765 841 1891 887 sunt
1938 831 2067 902 Epi-

490 937 665 999 stolas;
691 934 912 1003 quinque
941 931 1166 986 adhibiti
1195 938 1322 984 sunt
1344 931 1398 983 in
1426 928 1577 982 libris
1600 928 1663 980 de
1689 926 1907 981 Civitate
1934 926 2028 979 Dei
2052 967 2068 992 ,

493 1045 623 1081 unus
665 1028 718 1079 in
768 1022 1200 1077 Enarrationibus
1242 1022 1295 1074 in
1348 1019 1588 1074 Psalmos
1618 1019 1686 1073 ad
1720 1019 1913 1086 priores
1943 1034 2071 1087 qua-

494 1120 733 1187 draginta
763 1132 938 1169 novem
971 1114 1229 1169 Psalmos.
1263 1112 1499 1176 Deinde,
1539 1125 1648 1166 uno
1672 1119 1918 1178 excepto,
1951 1124 2072 1163 ont-

489 1229 584 1269 nes
614 1211 743 1265 toini
794 1210 945 1281 primi
988 1208 1111 1262 libri
1151 1222 1273 1261 cum
1315 1204 1575 1260 Vaticano
1618 1204 1797 1273 aliquo
1852 1201 2071 1264 codice,

493 1302 695 1371 Regula
717 1304 785 1353 ad
805 1316 974 1354 servos
1006 1298 1099 1351 Dei
1128 1298 1289 1352 etiam
1322 1311 1443 1352 cum
1473 1294 1691 1357 duobus,
1717 1292 1895 1349 collati
1927 1300 2073 1345 sunt.

494 1394 757 1450 Similiter
785 1391 839 1445 in
872 1392 1023 1445 tertio
1051 1400 1194 1443 tomo
1223 1391 1314 1442 vix
1342 1396 1454 1442 tres
1482 1386 1842 1453 reperiantur,
1886 1384 1976 1451 qui
2005 1382 2074 1439 ad

492 1485 661 1539 liosce
691 1483 908 1538 codices
940 1496 1047 1535 non
1080 1479 1280 1535 fuerint
1319 1478 1623 1540 emendati;
1674 1475 1796 1531 libri
1843 1475 1905 1528 de
1950 1473 2077 1529 Ser-

493 1593 644 1629 mone
668 1576 722 1628 in
753 1584 918 1628 monte
949 1572 1015 1626 ad
1046 1572 1176 1624 duos
1195 1588 1213 1636 ;
1244 1571 1366 1629 libri
1410 1572 1471 1622 de
1511 1568 1771 1622 Consensu
1800 1566 2074 1635 Evangeli-

492 1676 691 1719 starum
719 1664 787 1721 ad
818 1672 1059 1733 quatuor.
1100 1661 1155 1715 In
1188 1671 1328 1716 sexto
1362 1658 1544 1713 itidem
1584 1657 1743 1711 modo
1781 1657 1918 1723 duo,
1964 1655 2077 1724 ple-

493 1772 717 1826 rumque
740 1767 860 1817 tres,
884 1756 965 1807 vel
994 1754 1155 1813 etiam
1176 1762 1419 1821 quatuor,
1446 1751 1609 1817 immo
1628 1750 1851 1819 quinque
1882 1756 2077 1817 praesto

2175 548 2313 615 duo;
2342 550 2579 619 quinque
2603 551 2670 611 ad
2697 550 2861 604 libros
2892 548 3333 619 Soliloquiorum,
3382 565 3577 620 nempe
3626 568 3760 604 unus

2175 643 2358 707 Bodl.,
2390 644 2493 698 duo
2522 643 2675 699 Mert.
2710 654 2763 699 et
2790 644 3003 697 totidem
3027 641 3181 698 Cant.

2249 738 2374 795 “me
2416 738 2483 795 de
2527 738 2807 795 codicibus
2834 753 2898 792 ex
2930 736 2994 791 iis
3026 737 3323 800 indicibus,
3356 751 3493 806 quos
3522 736 3759 804 singulo-

2174 847 2296 887 rum
2329 831 2588 887 librorum
2621 832 2941 885 lectionibus
2970 830 3402 898 discrepantibus
3446 829 3511 884 ad
3558 830 3759 887 calcem

2177 926 2532 993 genuinorum
2582 925 2907 992 scriptorum
2956 923 3217 993 cujusque
3268 925 3397 978 tomi
3428 922 3760 979 Benedictini

2174 1014 2282 1071 PP.
2314 1015 2655 1085 adjecerunt.
2688 1015 2840 1070 Alios
2862 1030 3083 1084 paucos,
3107 1030 3243 1084 quos
3263 1015 3532 1069 interdum
3557 1014 3609 1068 in
3634 1012 3765 1081 ipsis

2177 1106 2380 1161 notulis
2409 1106 2577 1159 textui
2601 1105 2905 1174 subjunctis
2927 1115 3018 1159 aut
3060 1105 3111 1159 in
3143 1104 3410 1174 farragine
3439 1107 3763 1160 variantium

2177 1198 2427 1263 laudant,
2465 1197 2590 1252 inde
2617 1211 2914 1266 excerpere
2951 1212 3058 1253 non
3086 1210 3262 1252 vacat.
3294 1199 3485 1269 Opera:
3522 1212 3649 1254 vero
3698 1199 3768 1251 sit

2177 1294 2450 1361 impressas
2480 1290 2642 1345 etiam
2672 1290 2889 1346 codices
2909 1292 3223 1362 antiquiores
3248 1290 3385 1355 fere,
3410 1306 3545 1361 quos
3574 1292 3625 1345 in
3650 1292 3765 1345 sin-

2179 1382 2319 1450 gulis
2346 1382 2501 1437 libris
2524 1381 2856 1451 castigandis
2895 1382 3266 1449 adhibuerint,
3313 1384 3668 1454 consignare.
3723 1383 3768 1434 si

2179 1474 2395 1544 quidem
2427 1474 2481 1528 hi
2511 1474 2611 1541 ipsi
2646 1490 2775 1531 mss.
2811 1476 2982 1530 instar
3006 1476 3260 1541 censendi
3297 1487 3453 1541 sunt,
3482 1490 3618 1547 quos
3649 1476 3773 1530 illo-

2180 1581 2298 1625 rum
2338 1574 2641 1633 temporum
2690 1566 2927 1631 incuria,
2988 1568 3148 1622 modo
3194 1569 3362 1629 semel
3409 1567 3772 1640 iniprimendo

2181 1660 2333 1727 operi
2380 1670 2693 1725 vacassent,
2748 1662 2898 1730 parvi
2946 1660 3178 1723 ducebat
3224 1674 3280 1717 et
3322 1663 3468 1729 nulla
3510 1663 3771 1733 memoria

2183 1752 2401 1821 dignos.

494 1849 727 1904 fuerunt.
763 1846 1023 1902 Similiter
1049 1846 1101 1907 in
1135 1855 1282 1899 torno
1329 1853 1504 1907 octavo
1550 1841 1660 1895 duo
1706 1839 2079 1894 tantummodo
2108 1842 2159 1904 Β
2255 1843 2421 1912 Igitur
2448 1845 2500 1898 in
2531 1844 2697 1912 primo
2720 1853 2867 1900 tomo
2888 1846 2956 1901 ad
2985 1846 3149 1901 libros
3173 1846 3621 1907 Retractationum
3644 1849 3777 1903 sub-

494 1940 617 1999 libri
649 1949 805 2001 sunt,
833 1937 1030 2007 quibus
1055 1952 1161 1992 non
1192 1935 1377 1990 auxilii
1419 1932 1618 2003 aliquid
1647 1947 1716 1987 ex
1747 1932 1812 1986 iis
1833 1945 2079 1985 accesse-

496 2032 587 2096 rit,
618 2045 739 2085 cum
765 2030 885 2084 aliis
908 2029 1013 2083 duo
1033 2070 1048 2093 ,
1078 2029 1196 2082 aliis
1222 2035 1464 2097 quatuor,
1494 2026 1746 2094 quinque,
1768 2039 1889 2089 sex,
1920 2033 1977 2077 ut
2009 2023 2077 2076 li-

498 2124 608 2177 bris
638 2132 818 2175 contra
857 2119 1143 2183 Faustum;
1176 2117 1303 2187 quin
1345 2116 1497 2169 libris
1534 2115 1597 2167 de
1625 2113 1892 2183 Trinitate,
1918 2113 2081 2167 unde-

497 2215 596 2266 cim
622 2214 756 2268 adeo
789 2212 1124 2280 exemplaria
1155 2208 1394 2263 adhibita
1424 2222 1544 2261 esse
1576 2215 1817 2260 notatum
1849 2205 2082 2276 relique-

498 2317 643 2363 runt.
697 2306 921 2363 Parcius
968 2303 1291 2371 proluerunt
1336 2312 1480 2356 tomo
1524 2316 1660 2354 nono
1695 2316 1713 2353 :
1743 2299 1941 2371 quippe
1979 2298 2080 2351 duo

498 2409 706 2455 tantum
734 2401 991 2467 juvarunt
1020 2397 1185 2457 libros
1212 2405 1398 2451 contra
1431 2392 1715 2465 Epistolam
1751 2392 2082 2465 Parnteniani

498 2505 553 2549 et
574 2496 730 2549 libros
762 2492 872 2547 VH
907 2492 970 2547 de
1000 2489 1262 2557 Baptismo
1282 2530 1295 2553 ,
1328 2505 1461 2542 unus
1500 2487 1729 2551 collatus
1758 2494 1843 2543 est
1867 2500 1989 2541 cum
2018 2484 2084 2555 li-

502 2587 603 2649 bro
638 2586 703 2638 de
745 2583 908 2639 Unico
934 2582 1220 2651 Baptismo.
1254 2580 1361 2635 Sed
1396 2582 1448 2635 in
1475 2581 1699 2644 decimo,
1730 2578 1775 2634 si
1800 2578 1906 2633 duo
1929 2578 2081 2632 dem-

502 2680 698 2748 pseris,
723 2676 918 2745 singuli
961 2675 1029 2730 ad
1061 2676 1229 2745 libros
1261 2673 1547 2739 Vaticanus
1572 2688 1679 2727 nou
1712 2686 1835 2729 raro
1862 2681 2084 2741 quatuor

504 2780 597 2825 aut
616 2772 842 2839 quinque
869 2776 997 2827 sunt
1024 2768 1284 2835 recogniti
1301 2789 1327 2821 ,ι

572 2862 1041 2925 (ἒιιιιιετιλιωλκι,
1069 2873 1204 2927 quos
1241 2868 1435 2913 vocant
1483 2858 1723 2933 codices,
1774 2857 1810 2911 i.
1861 2870 1911 2913 e.
1958 2872 2083 2913 mss.

503 2954 780 3013 Christina:
807 2956 997 3024 regina:
1024 2952 1334 3017 Succorum,
1365 2950 1591 3027 fortasse
1612 2950 1881 3007 Vaticanis
1903 2964 2089 3011 accen-

502 3046 657 3105 sendi
695 3057 838 3101 sunt.
874 3044 1003 3105 Nam
1034 3046 1079 3103 si
1114 3053 1226 3098 tum
1268 3042 1507 3107 nondum
1556 3041 1625 3111 ad
1666 3041 1976 3096 Vaticanam
2008 3038 2088 3095 bi-

504 3139 833 3195 bliothecam
857 3136 1222 3205 pertinebant,
1249 3144 1396 3191 certe
1419 3133 1755 3204 postmodum
1782 3132 1912 3201 illati
1939 3142 2085 3197 sunt.

2183 1935 2323 1990 sidio
2373 1937 2593 1991 fuerunt
2641 1938 2807 1993 editio
2871 1940 3303 1995 Amerbacliiana
3366 1944 3449 2011 (a.
3500 1942 3671 2011 1505)
3721 1954 3779 1997 ει

2184 2030 2360 2098 prima
2408 2028 2648 2095 Erasmi;
2680 2030 2747 2085 ad
2778 2028 3136 2099 Confessioncs
3184 2040 3380 2100 przeter
3409 2034 3628 2088 easdem
3671 2033 3771 2086 Ba-

2185 2121 2343 2175 diana
2365 2161 2379 2184 ,
2413 2136 2520 2190 quo
2543 2123 2761 2178 nomine
2792 2123 2879 2176 illa
2909 2125 3167 2194 opuscula
3199 2125 3509 2194 appellant,
3538 2140 3655 2194 qua:
3680 2123 3772 2178 Jo-

2185 2211 2354 2265 docus
2384 2212 2579 2267 Badius
2620 2230 2673 2283 a.
2726 2215 2865 2270 {520
2896 2231 2989 2283 per
3016 2214 3277 2269 Joannem
3310 2216 3539 2285 Parvum
3582 2216 3777 2270 excudi

2186 2304 2413 2370 curavit,
2446 2312 2501 2359 et
2526 2304 2823 2360 Arnaldina
2853 2305 3068 2377 (versio
3090 2308 3132 2376 ),
3157 2322 3276 2377 qua:
3308 2322 3361 2360 a.
3394 2306 3531 2363 1649
3554 2307 3619 2360 ad
3644 2307 3782 2361 duo-

2185 2395 2352 2450 decim
2381 2410 2509 2449 mss.
2533 2396 2749 2452 codices
2780 2399 3057 2468 recognita
3091 2398 3305 2465 prodiit.
3340 2398 3422 2453 Ad
3467 2398 3786 2468 superiores

2188 2495 2303 2549 tres
2331 2502 2493 2557 porro
2525 2489 2788 2558 recogniti
2817 2500 2943 2544 sunt
2965 2490 3087 2544 libri
3118 2501 3297 2544 contra
3323 2492 3651 2545 Academicos
3670 2532 3684 2552 ,
3717 2492 3785 2544 de

2189 2582 2337 2637 beata
2368 2582 2509 2648 Vita,
2540 2584 2603 2636 de
2642 2582 2872 2651 Ordine,
2919 2587 2981 2638 de
3020 2583 3419 2638 Immortalitate
3458 2587 3669 2651 animte,
3714 2586 3784 2639 de

2192 2672 2480 2753 ﬂagistro,‘
2511 2675 2579 2729 ad
2622 2675 2763 2730 solas
2791 2675 3003 2731 Bad.ot
3030 2677 3243 2745 Erasm.
3291 2676 3413 2731 libri
3460 2677 3782 2747 Soliwquio-

2188 2750 2338 2830 runt,
2374 2767 2435 2820 de
2462 2766 2763 2833 Quatttitate
2789 2767 2974 2821 anima:
2999 2808 3013 2829 ,
3062 2770 3124 2822 de
3170 2770 3330 2823 libero
3373 2768 3601 2824 Arbitrio
3648 2786 3666 2823 :
3705 2769 3777 2823 ad

2192 2859 2350 2937 Bad.,
2385 2860 2598 2915 Erasm.
2630 2870 2687 2915 et
2713 2861 2934 2914 Arnald.
2976 2861 3369 2929 recentiorem,
3412 2861 3535 2917 libri
3568 2861 3629 2914 de
3658 2858 3780 2914 Ho-

2190 2956 2333 3007 ribus
2368 2953 2615 3007 Ecclesia
2642 2952 2912 3008 catholica:
2932 2999 2947 3023 ,
2981 2956 3043 3009 de
3074 2952 3309 3008 Moribus
3333 2952 3782 3027 Manichtzorum,

2193 3051 2258 3113 de
2286 3060 2403 3099 vera
2431 3043 2735 3116 Religione;
2760 3045 2826 3099 ad
2854 3045 3074 3099 Amerb.
3100 3055 3153 3099 et
3178 3046 3385 3117 Erasm.
3420 3044 3544 3099 libri
3570 3046 3633 3098 de
3664 3043 3783 3096 Mu-

2192 3139 2322 3207 sica,
2355 3135 2617 3192 deGenesi
2643 3148 2822 3192 contra
2852 3136 3189 3204 Manicltteos,
3217 3148 3270 3192 et
3293 3136 3493 3208 Regula
3520 3138 3589 3190 ad
3611 3153 3790 3190 servos

508 3230 615 3285 Sed
653 3231 755 3284 hoc
795 3238 1054 3297 praetcrea
1086 3228 1314 3283 interest
1344 3228 1482 3281 inter
1506 3240 1600 3282 eos
1627 3236 1681 3280 et
1712 3226 1949 3296 reliquos
1975 3225 2086 3280 dis-
2114 3224 2163 3297 Ω
2194 3230 2313 3284 Dei.

507 3321 779 3388 criminis,
827 3321 973 3389 quod
1027 3319 1305 3386 Vaticani,
1358 3334 1492 3389 quos
1540 3319 1815 3390 appellant
1865 3319 2092 3374 Maurini

508 3412 701 3467 Pattes
732 3422 945 3467 centum
973 3422 1025 3466 et
1053 3410 1195 3487 quod
1225 3411 1470 3465 excurrit
1495 3425 1666 3465 annos
1687 3410 1867 3465 collati
1886 3419 2088 3476 essent,

509 3504 562 3556 lii
592 3516 735 3556 nunc
761 3502 977 3555 demum
1007 3510 1083 3566 et,
1125 3511 1182 3555 ut
1212 3499 1589 3570 mihiquidem
1612 3501 1846 3567 videtur,
1873 3500 1941 3556 ab
1964 3501 2094 3572 ipsis

510 3592 614 3648 PP.
644 3593 813 3647 oculis
836 3594 1076 3663 usurpati
1109 3602 1253 3657 sunt.
1284 3592 1525 3648 Laudant
1553 3605 1730 3648 autem
1763 3610 1917 3647 unum
1947 3603 2094 3647 lOlllO

509 3688 677 3758 primo
716 3685 781 3738 ad
830 3686 1025 3739 librum
1074 3687 1135 3739 de
1180 3684 1415 3739 Moribus
1463 3684 1901 3748 Manichaeorum,
1935 3701 2092 3755 quem

510 3777 742 3829 fortasse
782 3792 881 3829 una
928 3791 1047 3830 cum
1098 3783 1251 3845 parte
1294 3773 1697 3828 Enarrationum
1742 3778 1793 3829 in
1851 3775 2093 3830 Psalmos

511 3868 995 3936 complectebatur.
1028 3868 1159 3923 Nam
1193 3867 1257 3921 ad
1308 3868 1409 3922 hoc
1456 3883 1589 3937 opus
1633 3881 1828 3935 prmsto
1878 3868 2096 3923 luerunt

511 3961 641 4025 duo,
686 3977 853 4022 unus,
906 3963 994 4031 qui
1030 3962 1415 4032 septemdecim
1448 3977 1511 4017 ex
1545 3962 1811 4032 prioribus
1839 3963 2093 4034 psalmis,

511 4068 705 4120 nempe
751 4053 1043 4110 XXXIV—L
1090 4073 1102 4105 :
1149 4054 1310 4125 alter,
1361 4054 1450 4123 qui
1500 4056 1828 4124 p05teriores
1879 4056 2095 4125 triginta

512 4144 648 4197 duos
670 4145 985 4211 exhibebat,
1016 4164 1043 4197 ιι
1074 4146 1240 4200 CXIX
1262 4146 1327 4200 ad
1354 4146 1462 4201 UL.

586 4234 839 4289 Romanus
870 4238 1030 4289 codex
1063 4238 1183 4290 libri
1215 4236 1498 4309 Augustini
1537 4239 1600 4291 de
1647 4237 1810 4295 Gestis
1862 4237 2095 4311 Pelagii,

513 4328 669 4392 cujus
700 4327 969 4380 variantes
1000 4330 1261 4383 lectiones
1310 4330 1377 4382 ad
1425 4345 1576 4384 oram
1610 4330 1730 4385 libri
1762 4332 1844 4401 sui
1874 4340 2100 4384 annota-

513 4428 663 4472 verat
700 4419 907 4474 Marcus
947 4421 1205 4476 Velserus.
1796 4408 1801 4415 ~

587 4511 941 4578 FLORENTINI,
990 4514 1025 4567 i.
1067 4530 1117 4568 e.
1166 4524 1277 4571 tres
1318 4530 1447 4587 mss.
1484 4517 1533 4568 in
1566 4516 1888 4583 bibliotheca
1914 4517 2097 4571 Ducali

2272 3323 2327 3376 In
2364 3330 2509 3376 tomo
2544 3322 2771 3374 secundo
2798 3320 3159 3391 Epistolarum
3191 3319 3458 3375 editiones
3489 3318 3792 3373 laudantur

2204 3423 2497 3487 sequentes
2532 3432 2544 3465 :
2575 3414 3003 3469 Atnerbachiana
3035 3430 3087 3469 a.
3120 3415 3293 3480 M95,
3320 3414 3538 3479 in-fol.;
3583 3413 3793 3468 Badia-

2198 3524 2284 3577 na,
2338 3508 2576 3573 Parisiis,
2628 3506 2787 3573 1515,
2838 3517 2891 3562 ει
2941 3508 3252 3564 Erasmiana
3297 3509 3417 3563 Bas.
3469 3523 3558 3577 ap.
3615 3507 3794 3562 Frob.

2201 3600 2359 3654 1528.

2266 3692 2323 3748 In
2343 3694 2491 3745 tertio
2518 3700 2665 3746 tomo
2687 3701 2941 3746 notarunt
2964 3692 3028 3746 ad
3058 3692 3222 3746 libros
3239 3692 3301 3745 de
3324 3691 3588 3746 Consensu
3612 3689 3802 3745 Euan-

2198 3786 2498 3857 gelistarum
2523 3785 2819 3840 editionem
2848 3786 3085 3854 ejusdem
3115 3784 3304 3839 Jodoci
3331 3785 3503 3847 Badii,
3532 3801 3697 3854 quam
3721 3801 3799 3841 ex

2199 3876 2517 3931 recensione
2561 3874 2850 3943 Augustini
2897 3876 3290 3946 Ratispouensis
3322 3874 3520 3930 excudi
3574 3876 3802 3928 curavit

2200 3968 2445 4038 Lugduni
2481 3968 2641 4031 1497,
2666 3977 2720 4021 et
2747 3965 3121 4021 Erasmianam
3154 3983 3203 4019 a.
3234 3967 3403 4028 1528;
3429 3967 3494 4021 ad
3529 3966 3700 4020 libros
3729 3969 3807 4022 de

2202 4060 2451 4115 Sermone
2501 4058 2713 4112 Domini
2748 4060 2799 4111 in
2855 4058 3033 4113 Monte
3081 4068 3278 4127 praeter
3325 4059 3706 4114 Erasmiauam
3743 4070 3809 4114 et

2198 4152 2689 4208 Amerbachianam
2721 4152 2794 4223 (τι.
2831 4150 2990 4222 1506)
3028 4152 3318 4207 editionem
3356 4152 3546 4207 Jacobi
3585 4151 3811 4207 Mares—

2200 4243 2387 4310 challi,
2424 4242 2674 4314 Lugdun.
2712 4243 2874 4307 15:20;
2907 4243 2973 4296 ad
3005 4244 3177 4297 libros
3226 4242 3583 4309 Quaestionum
3611 4240 3812 4297 Evan-

2200 4336 2449 4406 geliorum
2476 4344 2523 4390 et
2556 4335 2751 4401 Quaest.
2774 4332 2952 4387 XVII
2980 4336 3031 4387 in
3063 4334 3369 4387 Mattlm'um
3411 4333 3655 4388 eamdem
3691 4334 3816 4389 Ba-

2201 4426 2443 4494 dianam,
2476 4442 2577 4482 nec
2597 4442 2703 4481 non
2739 4428 2947 4481 Erasm.
2968 4436 3023 4482 et
3050 4427 3401 4493 Amerbacln,
3422 4428 3487 4481 ad
3515 4426 3817 4483 Tractatus

2200 4518 2254 4571 in
2281 4515 2372 4571 Jo.
2402 4516 2763 4589 Evangelium,
2792 4517 2918 4572 Bad.
2957 4527 3011 4573 et
3041 4518 3279 4584 Erasni.,
3314 4502 3393 4572 add
3426 4516 3706 4572 Tractatus
3752 4520 3819 4574 in

515 4602 806 4657 Florentia:
833 4606 1160 4671 existentes,
1205 4623 1433 4676 quorum
1483 4608 1535 4662 in
1583 4608 1773 4683 eodem
1810 4610 1873 4664 de
1900 4607 2100 4678 Pelagii
2125 4602 2181 4665 Β
2206 4613 2379 4684 Epist.
2409 4611 2500 4667 Jo.
2530 4613 2776 4681 Amerb.,
2807 4612 2938 4665 Bad.
2962 4623 3017 4667 et
3042 4613 3271 4678 Erasm.,
3302 4613 3367 4666 ad
3396 4610 3819 4683 Expositio-nem

515 4696 667 4766 gestis
699 4696 837 4751 libro
863 4698 1194 4773 variantibus
1218 4700 1300 4753 usi
1334 4708 1479 4761 sunt.

1133 4797 1181 4861 c)
1202 4798 1474 4862 Anglicani.

589 4882 847 4937 Absoluta
890 4882 1000 4951 jam
1034 4892 1141 4938 tota
1184 4882 1422 4939 editione
1477 4887 1811 4943 transmissa:
1858 4896 1986 4955 sunt
2034 4904 2102 4945 ex

517 4974 707 5043 Anglia
744 4975 1003 5029 lectiones
1050 4976 1321 5032 variantes
1349 4987 1462 5031 octo
1492 4978 1603 5033 fere
1632 4978 1875 5041 codicum
1907 4998 2001 5052 per
2034 4983 2100 5041 Ε.

523 5066 871 5130 Bernardum,
904 5070 1249 5124 astronomia:
1273 5070 1325 5122 in
1352 5069 1646 5125 Oxoniensi
1672 5072 1957 5129 Academia
1982 5090 2107 5144 pro-

520 5162 815 5226 fessorem,
845 5177 909 5216 ex
935 5162 1130 5233 quibus
1154 5164 1205 5216 in
1228 5164 1460 5218 secunda
1501 5163 1717 5218 demum
1749 5168 1879 5221 tomi
1910 5170 2097 5237 primi,

522 5255 588 5308 ad
639 5270 800 5325 quem
833 5256 987 5311 unice
1016 5265 1292 5326 spectant,
1332 5256 1568 5327 editione
1612 5260 1977 5315 correctiones
2004 5261 2107 5315 ali-

524 5358 653 5409 quot
684 5348 965 5403 translatre
989 5357 1134 5401 sunt.
1172 5348 1339 5401 Erant
1360 5357 1536 5402 autem
1563 5356 1663 5404 tres
1690 5366 1755 5404 ex
1786 5352 2109 5409 bibliotheca

526 5434 811 5491 Bodleiano
832 5482 846 5507 ,
888 5455 954 5493 ex
986 5438 1215 5507 collegio
1247 5436 1565 5509 Merionensi
1589 5441 1715 5507 duo,
1739 5459 1879 5497 unus
1903 5459 1971 5497 ex
2002 5450 2110 5499 Ar-

527 5530 681 5582 cliiva
734 5529 1010 5596 Laudina,
1064 5531 1168 5582 duo
1215 5529 1607 5587 Cantuarienses
1635 5532 1752 5605 (a).
1780 5535 1993 5592 Priores
2024 5556 2113 5594 sea:

529 5620 754 5676 adhibiti
798 5634 922 5677 sunt
952 5623 1019 5675 ad
1050 5621 1500 5676 Retractationum
1548 5625 1750 5693 libros;
1782 5642 2005 5697 quatuor
2043 5632 2109 5688 ad

2201 4704 2549 4775 quarumdam
2584 4702 3000 4771 Propositionum
3052 4704 3106 4757 in
3151 4703 3287 4776 Epp.
3331 4705 3397 4756 ad
3435 4703 3703 4757 Romanos
3758 4715 3821 4758 et

2204 4796 2444 4864 Galatas,
2478 4812 2578 4851 nec
2621 4812 2728 4852 non
2782 4796 3163 4866 Expositione»:
3204 4794 3493 4849 inchoatam
3540 4793 3824 4864 Epistolw

2204 4890 2274 4942 ad
2313 4890 2463 4942 Rom.
2494 4888 2704 4960 (quaein
2735 4886 3027 4943 Gallicanis
3049 4902 3178 4941 mss.
3212 4904 3313 4940 non
3348 4896 3585 4954 reperta,
3609 4901 3827 4942 emen-

2208 4980 2331 5038 data
2363 4989 2448 5036 est
2469 4982 2627 5035 unius
2650 4978 2891 5033 Vaticani
2919 4982 3039 5046 ope)
3068 4976 3391 5032 Atnerbaclt.
3421 4988 3477 5032 et
3508 4978 3730 5031 Erasm.

2284 5071 2341 5125 In
2368 5082 2513 5125 tomo
2539 5079 2720 5139 quarto
2747 5067 2813 5121 ad
2843 5066 3215 5122 Enarrationes
3243 5054 3568 5120 in’Psalmos
3596 5077 3831 5137 praesto

2216 5163 2433 5231 fuerunt
2454 5160 2547 5215 lib.
2579 5160 2700 5215 Bas.
2726 5175 2822 5231 per
2842 5160 2933 5215 Jo.
2958 5160 3285 5216 Amerbaclt.
3318 5160 3457 5214 1189
3475 5175 3739 5227 excusus,
3762 5173 3833 5219 et

2216 5254 2528 5311 Erasmiana
2555 5251 2713 5309 1529.

2288 5348 2626 5403 Sermonibus
2656 5347 2708 5400 in
2751 5348 2931 5417 quinto
2975 5354 3123 5399 tomo
3165 5343 3497 5414 castigandis
3544 5342 3839 5402 adhibitae

2215 5452 2343 5497 sunt
2390 5441 2677 5505 editiones,
2729 5437 3165 5494 Amerbacbiana
3225 5454 3277 5492 a.
3337 5437 3478 5491 1494
3526 5447 3581 5491 ει
3637 5435 3838 5503 M95,

2218 5536 2536 5592 Erasmiana
2577 5550 2630 5588 a.
2673 5534 2833 5598 1571,
2876 5531 3253 5587 Sirmondiana
3281 5530 3444 5597 1651,
3472 5538 3527 5587 et
3570 5528 3842 5601 Supple-

2218 5630 2387 5686 menti
2412 5626 2718 5697 Vigneriani
2746 5624 2834 5682 ed.
2857 5624 3030 5680 altera
3059 5623 3218 5680 1655.

602 5800 704 5871 (ai
731 5803 822 5861 Sic
849 5802 993 5860 enim
1026 5803 1357 5871 interpretor
1386 5805 1761 5873 compendium
1795 5808 1924 5863 illud
1947 5812 2096 5866 vocis
2118 5808 2271 5866 Cant.
