4010 6350
260 311 367 368 125

1186 309 1457 367 ΝΟΤΙἸἸΑ
1497 308 1917 369 LITTERARIA
1955 310 2022 365 IN
2063 311 2120 369 S.
2160 309 2625 371 AUGUSTINUM.

3421 315 3524 374 126

329 431 387 485 in
418 439 564 485 tomo
594 438 739 485 testo
768 428 836 484 ad
863 428 1060 483 librum
1104 428 1168 481 de
1207 428 1431 483 Diversis
1469 428 1840 498 quaestionibus
1866 430 1919 489 Α
1948 426 2057 497 fine
2076 428 2433 497 secundi,qui
2463 428 2730 497 contingit
2759 429 2809 483 in
2853 429 3027 498 prima
3058 432 3246 501 pagina
3277 431 3390 486 folii
3418 433 3510 498 23,

254 524 518 593 octoginta
546 520 711 575 tribus
732 521 995 574 consultae
1023 530 1148 572 sunt
1173 518 1572 586 Lugdunensis,
1589 534 1706 584 quin
1729 520 1839 572 Au-

253 614 457 682 gustini
497 612 911 681 Ratisponensis
939 626 1072 667 cura
1103 610 1243 679 apud
1273 610 1544 665 Joannem
1585 610 1840 664 Trechsel

249 721 307 760 a.
343 706 485 765 1497
512 720 710 760 excusa
738 713 843 769 est,
869 716 922 760 et
950 704 1261 759 Erasmiana
1293 720 1343 756 a.
1378 704 1551 768 1528;
1585 703 1648 759 ad
1672 704 1840 761 libros

252 802 317 854 de
350 800 581 854 Diversis
607 800 973 869 quaestionibus
1002 808 1059 852 et
1085 798 1149 852 de
1176 796 1571 853 Catechizandis
1600 798 1836 861 rudibus,

252 903 308 949 et
334 892 412 948 De
446 893 554 963 ﬁde
586 900 635 945 et
667 892 924 964 Operibus
965 891 1293 947 Amerbach.
1323 902 1377 945 et
1411 892 1649 953 Erasm.,
1678 890 1745 945 ad
1774 891 1841 949 li-

250 988 410 1041 brum
461 987 529 1042 de
570 984 718 1040 νιιι
751 986 967 1041 Dulcitii
1008 986 1380 1056 quastionibus
1416 995 1470 1045 et
1514 986 1577 1040 de
1624 983 1761 1039 Fide
1788 994 1837 1041 et

248 1077 526 1148 Symbalo,
568 1078 773 1134 eaedem
816 1088 873 1135 et
909 1078 1282 1147 Lugdunensis
1324 1086 1450 1133 ante
1495 1076 1741 1141 laudata;
1769 1078 1838 1133 ad

245 1171 605 1227 Enchiridiou
642 1173 707 1225 de
734 1171 859 1241 ﬁde,
886 1188 976 1237 spe
1005 1183 1052 1225 et
1091 1172 1341 1227 charitate
1372 1183 1569 1238 praeter
1609 1171 1835 1227 Amerb.

247 1274 301 1316 et
326 1264 543 1319 Erasm.
574 1261 839 1316 editiones
872 1263 1123 1316 Lauberti
1154 1262 1330 1315 Danmi
1354 1271 1410 1316 et
1438 1265 1561 1315 Ant.
1582 1261 1833 1327 Arnaldi;

246 1355 471 1409 tandem
498 1354 569 1408 ad
593 1355 790 1410 librum
809 1357 872 1409 de
887 1356 1064 1425 Agaue
1080 1355 1374 1409 Christiano
1399 1363 1595 1420 prmter
1613 1356 1831 1415 Amerb.

244 1456 302 1503 et
329 1447 725 1509 Erasmianam,
757 1449 846 1503 ed.
872 1446 994 1519 Job.
1030 1447 1185 1502 Parvi
1220 1462 1269 1499 a.
1300 1444 1465 1501 1515.

326 1538 468 1593 Libri
499 1538 567 1591 de
597 1535 813 1592 Cit-itote
843 1535 941 1591 Dei
990 1545 1138 1591 tomo
1174 1537 1390 1607 septimo
1421 1535 1681 1604 recogniti
1712 1545 1836 1592 sunt

264 1631 331 1686 ad
353 1632 429 1684 ed.
457 1629 721 1684 Venetam
754 1629 1029 1691 Vindelini
1064 1627 1219 1691 1470,
1252 1628 1473 1683 Amerb.
1509 1643 1560 1682 a.
1594 1626 1747 1693 N90,
1778 1639 1834 1683 et

257 1724 455 1779 Erasm.
494 1720 657 1781 i529.

1950 523 2094 576 nulla
2126 537 2345 590 prorsus
2377 523 2604 575 formula
2628 531 2825 577 exstat.
2849 522 3072 578 Littera:
3103 534 3225 578 sunt
3255 523 3517 588 Gothicaa,

1946 615 2141 671 breves
2194 623 2249 670 et
2277 616 2523 685 pingues,
2550 631 2688 683 qnze,
2728 616 2857 671 licet
2880 616 3061 683 multa!
3110 616 3396 670 verborum
3429 617 3523 669 ab.

1944 706 2269 761 breviatum:
2321 721 2383 760 ac
2432 706 2726 760 litterarum
2760 718 2901 761 notae
2947 708 3052 761 sint
3078 708 3355 775 inspersm,
3385 723 3517 762 ocu-

1945 798 2013 853 lis
2042 808 2222 853 tamen
2258 814 2602 869 nequaquam
2632 803 2856 869 ingrata:
2883 800 3151 855 accidunt.
3178 800 3259 855 Ad
3282 799 3518 854 Gunthe-

1942 910 2060 947 rum
2080 892 2291 957 Zainer,
2325 891 2715 964 typographum
2751 894 3142 961 Augustanum,
3168 894 3257 960 qui
3284 894 3350 947 ab
3377 908 3519 945 anno

1944 985 2071 1041 inde
2095 984 2231 1041 1468
2253 985 2439 1040 decem
2464 984 2576 1039 fere
2599 1000 2693 1053 per
2721 1000 2891 1038 annos
2921 984 3119 1039 ibidem
3150 984 3301 1038 libris
3330 985 3519 1053 imprio

1942 1076 2157 1131 mendis
2202 1091 2421 1146 operam
2458 1077 2695 1140 navavit,
2722 1076 2912 1132 referri
2963 1078 3122 1131 solet.
3174 1074 3333 1131 Certe
3372 1075 3517 1130 inter

1941 1170 2096 1240 plura
2127 1184 2249 1224 cum
2290 1171 2600 1239 Augustini,
2633 1179 2747 1223 tum
2794 1170 3024 1223 aliorum
3066 1168 3324 1237 opuscula
3368 1168 3517 1223 hisce

1940 1261 2098 1315 libris
2128 1261 2286 1329 plane
2314 1261 2639 1325 cuufortnia,
2675 1275 2773 1315 nec
2801 1274 2925 1314 raro
2957 1275 3063 1314 uno
3093 1260 3368 1315 volumine
3391 1276 3513 1315 cum

1938 1352 2131 1407 iisdem
2159 1355 2576 1421 comprehensa,
2596 1368 2715 1421 quae
2736 1352 2953 1423 quidem
2971 1352 3254 1407 manifesto
3273 1364 3331 1405 se
3354 1353 3515 1405 unius

1940 1446 2294 1516 ejusdemque
2324 1446 2539 1501 familiae
2583 1461 2703 1501 esse
2756 1448 3097 1513 proﬁtentur,
3132 1461 3238 1499 uua
3282 1446 3515 1500 occurrit

1941 1537 2151 1595 Thomte
2190 1556 2221 1592 a
2271 1538 2485 1606 Kempis
2524 1540 2586 1592 de
2630 1537 2932 1592 Imitatione
2978 1537 3167 1594 Christi
3194 1537 3361 1593 editio
3389 1553 3512 1591 cum

1938 1631 2343 1699 subscriptione
2372 1650 2382 1683 :
2419 1648 2509 1699 per
2537 1630 2818 1686 Gintheum
2841 1630 2965 1701 (sic)
2995 1631 3170 1684 zainer
3197 1645 3263 1685 ex
3300 1630 3515 1683 reutlin-

1936 1740 2033 1795 gen
2059 1724 2321 1791 pgenitum
2352 1723 2530 1776 litteris
2549 1724 2781 1790 impressi
2810 1724 3007 1785 ahenis,
3039 1721 3179 1775 unde
3208 1720 3277 1774 de
3298 1720 3514 1775 caneris

318 1815 564 1885 Denique
608 1814 1038 1871 Amerbacbiana
1081 1824 1133 1867 et
1193 1814 1507 1873 Erasmiana
1563 1812 1832 1868 editiones
1864 1808 2305 1883 Bconjccturam
2339 1813 2479 1867 baud
2526 1814 2935 1881 improbabilem
2968 1813 3071 1867 viri
3101 1816 3151 1867 in
3194 1813 3279 1866 his
3322 1812 3514 1866 litteris

240 1905 408 1961 etiam
434 1922 534 1975 per
560 1915 732 1961 totum
764 1919 966 1962 tomum
995 1914 1248 1970 octavum,
1280 1922 1469 1960 nonum
1498 1912 1554 1961 et
1579 1905 1832 1960 decimum

238 1996 505 2053 adhibitae
528 1999 763 2055 fuerunt.

312 2089 396 2143 Ex
428 2089 798 2159 quoindiculo
828 2090 1082 2144 librorum
1108 2091 1498 2159 impressorum
1532 2088 1691 2143 etiam
1726 2087 1830 2143 hoc

243 2187 411 2249 patet,
446 2181 725 2237 Romanas
753 2192 807 2236 et
838 2182 1074 2237 Venetas
1103 2182 1342 2252 aliasque
1371 2182 1696 2250 insigniores
1718 2181 1827 2237 siu-

245 2276 493 2344 gulorum
541 2290 764 2345 operum
808 2276 1093 2345 Augustini
1136 2276 1425 2337 editiones,
1457 2274 1650 2343 quibus
1678 2273 1723 2328 si
1751 2274 1828 2329 uti

249 2368 565 2435 voluissent,
613 2383 797 2423 carere
846 2382 950 2422 non
1003 2376 1273 2435 poterant,
1307 2377 1507 2431 przeter
1561 2382 1721 2420 unam
1765 2366 1828 2420 de

254 2456 396 2516 Cirit.
421 2460 520 2515 Dei
546 2475 575 2514 a
608 2460 974 2517 Benedictinis
1002 2459 1248 2512 Patribus
1273 2474 1393 2513 esse
1420 2458 1710 2527 neglectas.

664 2590 1010 2635 ABTICULUS
1056 2589 1380 2635 SECUNDUS

345 2674 553 2723 Annales
578 2674 843 2723 editionum
867 2675 1168 2738 singulorum
1192 2659 1451 2735 Augustini
1471 2673 1725 2724 librorum.

635 2781 662 2853 §
699 2782 741 2837 Ι.
784 2782 1430 2836 Genninorumlibrorum.

598 2894 648 2947 Ι.
668 2894 859 2967 -(Ι*)
893 2893 1091 2969 Contra
1113 2894 1466 2947 Academicos.

329 3005 549 3079 Seorsim
575 3007 772 3063 bilibri
798 3024 1091 3077 numquam
1125 3008 1460 3076 prodierunt.
1485 3008 1736 3064 Attamen
1769 3008 1820 3063 in

278 3100 613 3169 compluribus
630 3101 868 3169 antiquis
894 3102 1277 3170 opusculorum
1304 3101 1586 3170 Augustini
1619 3099 1822 3167 collec-

1938 1906 2384 1965 exercitatissimi
2412 1908 2651 1975 capiunt.
2677 1906 2833 1973 Vide,
2866 1922 3003 1975 quos
3043 1904 3375 1963 laudavimus
3420 1918 3513 1957 oc—

1935 2001 2155 2059 casione
2188 1999 2441 2054 similium
2488 1999 2842 2068 quorumdam
2880 1998 3195 2067 Hieronymi
3226 1996 3513 2065 opusculo-

1934 2108 2058 2151 rum
2083 2100 2217 2146 toni.
2245 2090 2287 2154 Ι,
2323 2106 2374 2159 p.
2403 2090 2533 2148 488:
2554 2089 2738 2159 Nuper
2752 2091 2913 2145 etiam
2934 2090 3003 2143 cl.
3022 2087 3282 2144 Bruunius
3308 2088 3358 2141 in
3381 2086 3507 2140 Not.

1934 2184 2009 2238 H.
2044 2185 2148 2238 Lit.
2181 2184 2391 2252 (1788),
2428 2200 2480 2252 p.
2506 2184 2596 2249 38,
2624 2186 2759 2236 banc
2786 2182 3076 2236 editionem
3108 2180 3439 2237 retractavit.

2076 2274 2183 2330 IV.
2215 2304 2287 2331 -έ-
2312 2276 2395 2345 (7)
2426 2274 2507 2329 De
2540 2274 2774 2328 Moribus
2802 2272 3048 2328 Ecclesia:
3078 2270 3364 2326 catholicw.

2006 2366 2175 2434 llujus
2205 2366 2323 2419 dua:
2352 2376 2566 2421 cxsmnt
2597 2364 2848 2417 rersiones
2879 2359 3097 2418 Gallicae
3120 2360 3307 2419 iisdem
3330 2367 3487 2414 aucto

1932 2459 2111 2525 ribus,
2140 2460 2228 2528 qui
2262 2459 2460 2514 librum
2511 2459 2573 2515 de
2614 2474 2733 2523 uera
2777 2455 3047 2526 Religione
3096 2454 3505 2520 transtulerunt,

1928 2569 2090 2625 quem
2118 2552 2341 2609 videsis.

2271 2644 2328 2700 V.
2354 2674 2421 2688 -ο
2445 2645 2523 2713 (9)
2551 2642 2628 2698 De
2653 2643 2955 2710 Quantitate
2978 2642 3185 2700 animte.

2004 2741 2131 2797 Sine
2151 2756 2308 2806 anno,
2335 2739 2449 2793 loco
2466 2746 2513 2793 et
2537 2748 2766 2807 lypogr.;
2790 2735 2970 2805 iit-fol.
2988 2735 3045 2789 ὃ.
3068 2732 3348 2803 Augustini
3373 2730 3510 2786 liber

1928 2836 1996 2891 de
2025 2836 2341 2903 Quantitate
2367 2834 2578 2885 animm.
2620 2849 2639 2881 ‹
2680 2831 2754 2885 De
2784 2830 3101 2885 charactere
3128 2829 3381 2896 omnique
3406 2826 3507 2880 bu-

1924 2929 2013 2998 jus
2046 2926 2337 2980 voluminis
2380 2924 2750 2992 dercriptione
2780 2924 2931 2992 plura
2982 2922 3316 2976 disseremus
3343 2920 3407 2974 ad
3443 2921 3507 2973 li-

1927 3020 2057 3078 bros
2088 3017 2500 3087 Soliloquiorum
2544 3033 2610 3072 ex
2653 3017 2845 3072 eadem
2906 3014 3117 3070 ofﬁcina
3158 3014 3411 3070 euiissos.
3452 3012 3506 3065 ln

1929 3110 2185 3180 praesenti
2218 3109 2529 3165 notabimus
2559 3107 2957 3171 tantummodo,
2981 3116 3234 3161 constare
3273 3104 3404 3159 illud
3430 3102 3510 3158 fo-

274 3193 481 3263 ltionibus
503 3193 732 3264 primum
757 3191 873 3246 fere
904 3193 1077 3247 locum
1108 3203 1391 3262 occupant,
1424 3192 1491 3247 de
1514 3192 1710 3265 quibus
1738 3193 1818 3255 in-
1844 3178 1893 3243 ο
1925 3178 2012 3261 liis
2038 3203 2129 3268 29,
2160 3216 2223 3256 ac
2254 3200 2574 3270 plerumque
2606 3213 2726 3253 cum
2750 3212 2858 3253 uno
2881 3198 2964 3255 vel
2996 3197 3241 3267 pluribus
3264 3195 3505 3265 ejusdem

271 3281 342 3338 ira
370 3282 456 3339 ﬁet
492 3284 716 3337 mentio.
761 3281 966 3338 Gallice
1004 3282 1251 3338 conversi
1281 3290 1407 3351 sunt
1448 3282 1599 3351 juxta
1632 3282 1812 3349 Bene-

261 3375 563 3439 diclinorum
593 3376 885 3431 editionem
924 3392 953 3429 a
984 3374 1300 3446 Villefortio.

329 3468 473 3523 1705.
501 3467 675 3533 Paris,
702 3467 825 3522 chez
848 3467 964 3525 Elie
983 3466 1378 3535 Josset;in-12.
1404 3486 1422 3519 ‹
1447 3468 1547 3537 Les
1568 3468 1732 3537 livres
1754 3466 1821 3523 de

260 3557 339 3615 St.
367 3560 623 3629 Augustin
653 3571 845 3614 coutte
892 3561 969 3613 les
1010 3559 1359 3630 phil050phcs
1399 3558 1818 3623 académiciens,

261 3668 385 3707 avec
414 3654 465 3708 le
508 3654 691 3709 Traité
720 3655 786 3709 de
818 3654 863 3708 la
897 3654 1053 3722 graec
1089 3664 1143 3709 et
1171 3654 1239 3719 de
1270 3654 1315 3715 la
1349 3654 1562 3721 liberte,
1597 3653 1820 3711 traduits

249 3757 312 3821 en
356 3743 604 3812 Francais
647 3760 741 3813 sur
770 3745 1013 3800 l‘étlition
1057 3746 1151 3800 des
1182 3745 1283 3798 PP.
1320 3744 1685 3807 Bénédictins,
1723 3762 1820 3815 par

248 3833 315 3905 bl.
356 3834 605 3889 Villeford
636 3851 702 3890 ou
736 3836 1007 3907 Villel’nrt.
1034 3855 1052 3889 ι
1080 3835 1191 3890 Cat.
1213 3835 1351 3899 Bibl.
1386 3835 1513 3908 Reg.
1540 3836 1621 3891 Cf.
1653 3835 1814 3909 Jour-

247 3925 336 3993 nal
366 3925 451 3980 des
473 3925 694 3982 Savans.
728 3928 886 3993 1705,
914 3942 967 3997 p.
996 3928 1121 3983 22L

552 4016 641 4073 11.
669 4049 740 4060 -
766 4020 866 4089 (5)
889 4019 967 4073 De
998 4021 1193 4091 Ordine
1223 4021 1337 4073 libri
1367 4020 1495 4074 duo.

312 4109 498 4164 Latine
535 4127 821 4179 numquam
851 4113 1081 4168 seorsim
1107 4112 1288 4167 excusi
1319 4122 1465 4173 sunt.
1497 4110 1590 4166 sed
1616 4110 1813 4166 Gallice

245 4216 336 4257 eos
366 4204 630 4275 convertit
667 4204 991 4275 Villefortius
1036 4221 1142 4259 una
1181 4220 1304 4259 cum
1347 4205 1500 4261 libris
1545 4206 1608 4260 de
1653 4205 1816 4259 libero

249 4297 471 4350 Arbitrio
501 4307 553 4351 et
591 4298 655 4351 de
693 4296 946 4353 Doctrina
989 4298 1306 4365 Christiana,
1353 4299 1420 4359 de
1459 4301 1654 4369 quibus
1706 4302 1817 4356 suis

248 4388 394 4453 locis.

514 4480 633 4536 III.
661 4510 730 4523 -—
752 4482 827 4554 (4)
860 4483 1266 4556 Soliloquiorum
1286 4485 1403 4539 libri
1431 4485 1558 4539 duo.

310 4576 511 4632 ﬂorum
542 4592 705 4631 unam
740 4578 1109 4633 tantummodo
1138 4594 1365 4647 eamque
1396 4579 1816 4635 vetustissimam

250 4668 533 4729 editionem
573 4668 818 4724 Latinam
865 4670 1107 4739 reperire
1151 4671 1440 4739 potuimus.
1476 4672 1606 4724 Nam
1645 4672 1819 4740 plera-

245 4778 346 4833 que
378 4761 534 4829 hujus
566 4762 800 4817 nominis
830 4762 974 4818 edita
1005 4763 1072 4817 ad
1098 4764 1279 4833 spuria
1305 4763 1576 4831 pertinent
1596 4775 1648 4817 et
1680 4765 1818 4821 infra

246 4870 274 4911 a
305 4854 460 4909 nobis
484 4853 1068 4911 commemorabuntur.
1103 4854 1255 4910 Hanc
1288 4870 1416 4908 vero
1444 4854 1649 4924 accipe.

310 4945 437 5001 Sine
461 4962 619 5011 anno,
640 4946 751 4999 loco
773 4954 820 4998 et
845 4956 1076 5016 typogr.;
1095 4947 1273 5017 iit-fol.
1300 4946 1358 5002 S.
1374 4945 1659 5017 Augustini
1683 4948 1823 5003 Soli-

249 5039 545 5107 loquiorum
578 5039 700 5094 libri
730 5040 858 5093 duo.

315 5129 578 5184 Volumen
602 5140 687 5186 est
720 5130 969 5185 foliorum
997 5130 1089 5196 25,
1117 5131 1273 5186 lineis
1301 5132 1423 5186 latis
1453 5132 1523 5188 55
1546 5148 1642 5202 per
1674 5134 1820 5204 pagi—

248 5240 363 5280 nam
394 5225 735 5292 impressum.
772 5224 1070 5279 Exorditur
1098 5225 1281 5279 verbis
1315 5241 1327 5278 :
1370 5226 1567 5280 Aurelii
1608 5230 1812 5299 Augus-

253 5318 338 5369 tini
369 5318 593 5384 episcOpi
619 5316 928 5388 lpponensis
960 5318 1141 5385 incipit
1172 5316 1519 5386 Soliloquium
1552 5320 1675 5374 liber
1711 5323 1818 5384 prio

253 5428 360 5465 tuus
385 5412 621 5481 feliciter.
642 5412 964 5479 Similiaque
986 5414 1151 5466 babes
1179 5414 1230 5468 in
1256 5414 1431 5468 fronte
1452 5417 1574 5470 libri
1596 5418 1819 5472 secundi

252 5504 376 5558 folio
400 5505 488 5559 ΙΙ.
516 5504 572 5559 In
604 5504 710 5558 line
739 5504 904 5574 primi
938 5522 952 5562 :
983 5506 1201 5569 Aurelii,
1229 5517 1361 5572 etc.,
1390 5510 1621 5579 explicit.
1650 5514 1744 5564 Ast
1768 5511 1818 5565 in

314 5708 345 5741 “
369 5709 625 5765 Numerus
651 5709 860 5763 uncinis
895 5709 1152 5777 inclusus,
1186 5710 1276 5780 qui
1311 5711 1654 5780 praemittitur
1688 5712 1812 5769 huic

257 5781 401 5835 titulo
444 5781 923 5844 sequentibusque.
962 5780 1250 5849 respondet
1309 5798 1533 5836 numero
1581 5781 1815 5839 ordiuali

1923 3296 2139 3365 generis
2189 3293 2474 3360 impressis
2517 3301 2857 3359 compactum
2909 3290 3169 3355 inveniri,
3205 3289 3260 3345 in
3312 3287 3507 3356 quibus

1925 3386 2205 3455 inaequalis
2247 3384 2453 3452 pariter
2486 3381 2737 3437 foliorum
2771 3395 3032 3436 numerus
3060 3377 3504 3452 deprehenditur.

1923 3482 1999 3537 Ex
2031 3495 2136 3550 quo
2166 3479 2433 3546 sequitur,
2479 3475 2764 3532 manifeste
2792 3475 2960 3529 fuisse
2992 3489 3053 3529 ea
3095 3474 3274 3527 omnia
3327 3470 3503 3525 conti—

1921 3587 2031 3629 nuo
2074 3586 2138 3625 ac
2181 3584 2282 3623 una
2336 3568 2480 3621 serie
2520 3582 2739 3621 excusa.
2770 3585 2787 3617 ι
2821 3565 2911 3622 Sic
2948 3564 3093 3633 apud
3124 3562 3416 3617 Braunium
3447 3560 3503 3613 in

1923 3662 2095 3725 Notit.
2126 3660 2267 3717 Hist.
2301 3659 2406 3712 Lit.
2441 3674 2492 3725 p.
2517 3660 2585 3719 58
2617 3659 2901 3718 :adhusret
2939 3657 3018 3713 illi
3056 3653 3349 3727 Speculum
3394 3668 3504 3720 pec-

1922 3755 2127 3817 catoris,
2162 3755 2210 3807 in
2244 3762 2431 3805 nostro
2473 3752 2763 3819 exemplari
2820 3759 3100 3817 compacta
3148 3756 3275 3803 sunt
3309 3744 3506 3803 Solito-

1920 3850 2158 3919 quiorum
2182 3846 2302 3899 libri
2325 3845 2454 3905 duo.
2483 3844 2765 3911 Speculum
2795 3844 3096 3913 peccatoris,
3122 3842 3185 3895 de
3212 3840 3509 3907 Quantitate

1920 3942 2108 3995 animi:
2134 3949 2186 3993 et
2223 3935 2580 4005 Suliloquium
2613 3936 2676 3990 de
2722 3937 2850 3989 Arra
2880 3938 3086 3988 animle.
3120 3932 3412 3989 Exorditnr
3440 3932 3495 3985 in

1919 4048 2128 4088 summa
2163 4034 2351 4100 pagina
2383 4031 2537 4084 titulo
2568 4046 2583 4084 z
2613 4030 2807 4083 Aurelii
2842 4030 3119 4099 Augustini
3156 4026 3507 4099 Hipponensis

1921 4125 2151 4195 episcOpi
2174 4122 2303 4180 liber
2334 4125 2396 4178 de
2424 4112 2506 4178 αἶα
2540 4123 2820 4189 quantitate
2848 4122 3027 4187 incipit
3061 4120 3303 4187 feliciter.
3352 4118 3508 4173 Desi-

1920 4219 2001 4273 nit
2045 4219 2097 4272 in
2137 4228 2379 4273 extrema
2427 4216 2538 4277 folii
2582 4217 2756 4271 ultimi
2810 4232 2821 4266 :
2870 4213 3095 4281 Explicit
3142 4214 3270 4268 liber
3308 4212 3507 4269 Aurelii
3541 4248 3559 4263 κ

1920 4311 2195 4379 Augustini
2224 4312 2286 4363 de
2311 4311 2483 4366 anime
2513 4310 2817 4378 quantitate.

1995 4404 2375 4475 Augustiniuni
2410 4404 2569 4473 hujus
2614 4402 2735 4457 libri
2766 4399 3057 4454 artificium
3086 4412 3405 4468 omnemque
3427 4396 3508 4453 in-

1922 4497 2101 4553 dolem
2147 4498 2254 4551 late
2291 4497 2591 4565 explicavit
2646 4502 2700 4548 et
2743 4492 3194 4547 commentarium
3244 4491 3394 4560 quasi
3454 4490 3505 4544 in

1924 4590 2170 4646 eumdem
2203 4587 2485 4642 contexuit
2513 4586 2614 4641 sub
2663 4596 2970 4645 extremum
3014 4582 3197 4637 smculi
3246 4568 3507 4652 praiterili

1926 4682 2090 4737 homo
2115 4681 2310 4735 doctus
2342 4679 2558 4735 Siculus
2590 4679 2639 4733 in
2674 4692 2837 4745 OPCI‘C
2870 4674 3114 4744 sequenti
3146 4674 3386 4726 :Anintte
3410 4672 3507 4723 hu-

1924 4790 2092 4826 manae
2116 4781 2303 4825 natura
2333 4771 2394 4824 ab
2425 4770 2717 4841 Augustino
2746 4768 2942 4820 detecta
2967 4768 3017 4819 in
3052 4765 3196 4818 libris
3227 4763 3292 4816 de
3324 4764 3507 4815 anima:

1929 4864 2245 4931 Quantitate,
2278 4864 2475 4914 decimo
2498 4862 2561 4914 de
2583 4858 2837 4927 Trinitate
2862 4869 2906 4911 et
2935 4860 2996 4910 de
3024 4872 3205 4907 ammte
3232 4853 3507 4906 Immorta-

1926 4956 2093 5022 litate,
2121 4963 2402 5023 exponente
2446 4953 2704 5007 Micliaele
2747 4952 2956 5019 Augelo
3008 4948 3277 5011 Fardt-lla,
3306 4947 3505 5012 Drepa-

1926 5049 2093 5119 nensi,
2130 5048 2187 5102 S.
2219 5043 2320 5101 Th.
2359 5045 2420 5096 ι).
2458 5055 2503 5097 et
2535 5048 2584 5096 in
2628 5043 2881 5096 Patavina
2909 5041 3071 5111 Lyceo
3101 5041 3430 5092 astronomia:
3460 5048 3508 5090 et

1924 5150 2203 5197 meteorum
2225 5139 2539 5208 professore,
2562 5136 2963 5189 eminentissimo
2981 5130 3214 5187 Henrico
3232 5132 3293 5184 de
3320 5129 3503 5195 Naris,

2021 5232 2085 5286 Β.
2129 5230 2195 5284 Ε.
2225 5230 2485 5283 cardittali
2537 5213 2871 5279 consecrata;
2922 5225 3169 5292 Venetiis,
3220 5222 3506 5292 sumptibus

1925 5325 2237 5394 Hieronymi
2268 5323 2487 5376 Albricci
2520 5320 2685 5382 1698;
2718 5318 2897 5391 iit-fol.
2925 5318 3094 5388 Cujus
3124 5326 3503 5388 argumentum

1924 5418 2229 5487 estiusitutn
2282 5426 2365 5468 est
2420 5417 2469 5487 in
2511 5413 2651 5466 Actis
2693 5410 2906 5465 Erudit.
2943 5410 3136 5480 Suppl.
3173 5410 3260 5479 Ill,
3292 5426 3345 5479 p.
3377 5409 3504 5467 302‘

1923 5509 2047 5570 507.
2092 5506 2438 5562 Contractius
2477 5506 2705 5560 habetur
2736 5506 2787 5560 in
2838 5503 2915 5557 Μ.
2943 5503 3081 5557 Bibl.
3112 5501 3314 5557 Eccles.
3356 5500 3503 5555 Cola.

1922 5724 2080 5779 quem
2115 5708 2344 5779 adeptus
2388 5716 2471 5760 eSt
2499 5706 2733 5776 quisque
2784 5709 2922 5770 liber
2967 5709 3019 5765 in
3051 5707 3295 5779 catalogo
3346 5722 3502 5776 supra

1930 5776 2117 5839 habito
2148 5779 2254 5832 col.
2282 5776 2352 5831 ’24
2384 5786 2439 5831 et
2469 5793 2619 5847 seqq.
2648 5778 2783 5834 Eutr
