4010 6350
521 284 620 341 127

1412 280 1966 340 SUPPLEMENTUM
2005 279 2097 339 AD
2134 280 2365 340 OPERA
2405 284 2463 339 S.
2502 281 2896 365 AUGUSTINL
3682 287 3769 346 128

518 401 704 464 niensi,
726 413 779 469 p.
810 398 915 455 729
937 414 1021 468 sq.
1049 399 1172 469 Ipse
1196 405 1385 452 auctor
1408 397 1584 451 denuo
1609 395 1784 450 ideam
1808 397 1992 467 operis
2017 395 2098 450 sui
2128 399 2177 458 Α
2204 396 2400 460 dendi;
2448 396 2690 465 ejusdem
2724 396 2940 450 libellus
2979 394 3047 449 de
3088 393 3506 451 Catechizandis
3544 398 3765 460 rudibus.

518 492 811 547 delineavit
860 492 1095 560 epistola
1140 492 1340 545 inserta
1381 489 1563 543 Diario
1602 488 1814 555 Italico,
1856 486 2101 543 Giornale

517 583 573 636 di
602 582 838 635 Minerva
856 582 921 636 T.
952 582 1018 636 ΙΙΙ
1044 592 1187 652 part.
1222 596 1261 648 ι,
1286 596 1339 650 p.
1361 579 1458 645 29,
1483 579 1706 633 Venetiis
1730 579 1875 647 apud
1901 580 2103 632 Albric-

518 674 655 726 cium
682 674 843 741 1700,
864 673 1069 743 in-[ol.,
1091 671 1196 725 hoc
1218 672 1376 727 titulo
1398 690 1410 725 :
1432 670 1639 724 Lettera
1665 671 1717 723 al
1740 668 2102 723 Illustrissimo

402 828 405 831 μ
520 766 582 818 ed
616 764 986 818 Eruditissimo
1016 762 1133 834 Sig.
1153 762 1377 817 Antonio
1401 761 1798 835 Magliabecchi,
1820 759 2103 814 Bibliothe-

521 858 661 910 cario
688 857 772 911 del
802 856 1143 910 Serenissimo
1167 855 1315 910 Gran
1340 855 1489 910 Duco
1512 857 1564 909 di
1590 854 1849 919 Toscana,
1878 856 1931 907 in
1957 855 2040 907 cui
2060 854 2106 907 si

521 952 751 1004 contiene
787 951 1136 1021 l’argomento,
1166 967 1193 1003 e
1225 950 1383 1004 l'idea
1412 949 1553 1004 della
1582 967 1679 1005 sua
1724 966 1880 1021 opera
1907 951 1994 1022 gia
2016 950 2104 1002 ul-

519 1045 816 1096 timamente
836 1051 1096 1111 stampata
1120 1044 1202 1097 col
1230 1042 1399 1111 titolo,
1425 1042 1626 1097 Anima:
1655 1045 1895 1096 humana:
1916 1052 2105 1095 natura

518 1137 582 1189 ab
613 1136 901 1206 Augustino
946 1138 1163 1198 detecta,
1197 1146 1330 1201 etc.,
1361 1145 1599 1191 testante
1631 1136 1851 1189 Antonio
1898 1134 2107 1208 Μογιθὶ-

519 1238 628 1282 torc
658 1229 709 1281 in
742 1226 883 1291 Bibl.
914 1228 1099 1282 Sicula
1125 1228 1187 1282 T.
1224 1228 1288 1291 ll,
1320 1243 1375 1296 p.
1409 1229 1471 1281 71
1499 1226 1595 1299 (a).

744 1319 836 1373 VI.
856 1349 929 1360 --
949 1320 1065 1391 (10)
1100 1320 1177 1374 De
1200 1320 1361 1375 libero
1390 1322 1614 1374 Arbitrio
1650 1322 1737 1375 lib.
1763 1331 1887 1374 (res.

595 1414 752 1470 1524.
796 1414 1037 1480 Βαείιείε,
1082 1416 1250 1469 iii-8°
1284 1416 1343 1469 D.
1379 1414 1663 1485 Augustini
1694 1416 1760 1469 de
1798 1415 1969 1469 libero
2005 1414 2108 1467 Ar-

521 1510 683 1564 bitrio
714 1509 748 1561 l.
792 1508 885 1563 Ill.
937 1507 1019 1562 Ad
1054 1509 1211 1563 ﬁdem
1245 1508 1359 1562 Cat.
1406 1506 1543 1561 Bibl.
1580 1506 1807 1579 Traject.
1853 1522 1909 1577 p.
1950 1521 2010 1572 ιι,
2052 1520 2105 1575 p.

522 1602 613 1671 59,
643 1601 859 1655 laudant
886 1602 1266 1657 Colonienses.

598 1695 756 1749 1568.
801 1692 1066 1761 Coloniae,
1098 1695 1275 1749 ξιτ-12.
1323 1694 1487 1749 Iidem
1540 1694 1665 1748 libri
1712 1692 1764 1747 in
1809 1692 2111 1748 Enchiridii

2207 486 2321 544 Cat.
2355 487 2494 542 Bibl.
2527 487 2658 559 Reg.
2690 487 2863 546 Paris.

2378 580 2484 635 1X.
2510 612 2580 622 —
2599 581 2718 652 (19)
2754 581 2833 635 De
2861 580 3107 637 Sermone
3134 580 3323 635 Christi
3348 580 3401 634 in
3428 593 3608 638 monte.

2280 677 2439 733 1685.
2482 676 2661 743 Paris,
2711 677 2834 730 cites
2868 677 3043 731 Andre
3082 674 3349 741 Pralard;
3395 675 3561 730 ἔνι-12.
3630 697 3647 730 t
3675 679 3764 736 Les

2206 766 2638 825 Commentaires
2667 769 2733 824 de
2763 768 2821 824 S.
2854 770 3113 839 Augustin
3152 783 3245 823 sur
3274 767 3325 822 le
3361 766 3583 823 Sermon
3619 771 3679 823 de
3712 774 3768 827 N.

2208 859 2268 917 S.
2301 877 2394 915 sur
2421 860 2472 915 la
2500 870 2787 931 montagne
2809 903 2824 926 ,
2866 861 2956 931 qui
2984 861 3337 916 contiennent
3380 867 3555 914 toutes
3597 862 3667 916 les
3699 864 3771 917 πό-

2208 954 2323 1024 gles
2351 954 2420 1008 de
2460 954 2508 1009 la
2548 955 2754 1009 morale
2800 954 3153 1018 chrétienne,
3204 951 3437 1007 traduits
3461 968 3528 1007 en
3558 953 3773 1022 iranoois

2208 1058 2307 1115 par
2337 1043 2517 1099 Pierre
2537 1044 2834 1101 Lombert.»
2864 1044 3049 1115 Capita
3075 1045 3284 1115 singula
3314 1046 3637 1113 argumentis
3664 1060 3771 1101 sunt

2211 1137 2494 1195 instructa.
2537 1139 2623 1194 Ci.
2670 1138 2894 1194 Journal
2931 1140 3020 1193 des
3065 1138 3264 1193 Savans
3321 1135 3478 1202 1685,
3511 1152 3566 1190 n.
3596 1136 3770 1198 XXlll.

2210 1244 2265 1300 p.
2288 1229 2417 1286 275.

2286 1322 2445 1377 1767.
2489 1320 2757 1387 Mantoua,
2783 1322 2927 1377 in-8°
2965 1320 3013 1375 sl
3047 1320 3150 1376 due
3182 1319 3302 1374 libri
3334 1319 3385 1373 di
3419 1318 3480 1375 S.
3514 1319 3775 1389 Agostino,

2212 1429 2311 1484 per
2356 1414 2622 1483 ispiegare
2670 1414 2710 1469 il
2755 1413 3161 1484 Ragionamento
3201 1412 3285 1466 del
3316 1412 3604 1467 Redentore
3633 1430 3663 1466 a
3692 1413 3778 1468 Di-

2213 1505 2406 1574 scepoli
2432 1506 2518 1560 sul
2555 1504 2752 1571 Monte,
2801 1517 2929 1571 etc.,
2974 1505 3110 1560 trad.
3155 1507 3206 1559 in
3238 1506 3381 1569 ltal.,
3422 1520 3525 1560 con
3556 1516 3677 1561 note
3702 1508 3780 1565 del

2217 1598 2283 1655 P.
2319 1598 2562 1670 Agostino
2587 1598 2775 1652 Nicolo
2802 1597 3077 1652 Bianchi.»
3112 1595 3226 1654 Cat.
3250 1595 3392 1651 Bibl.
3420 1596 3591 1650 Firm.

2291 1690 2448 1742 Plura
2487 1690 2555 1743 de
2602 1688 2687 1742 bis
2732 1688 2885 1743 libris
2930 1689 3208 1757 disputare
3243 1687 3399 1742 Rich.
3429 1687 3781 1747 Simoniumin

524 1783 750 1838 formam
777 1784 1000 1838 redacti.
1036 1754 1289 1848 Ejusdem
1318 1784 1386 1839 de
1410 1784 1891 1839 Prmdestiuatione
1912 1793 1964 1838 et
1985 1783 2114 1838 Gra-
2142 1754 2192 1815 Β
2218 1779 2360 1834 Hist.
2395 1778 2523 1834 Crit.
2549 1778 2885 1835 Commentat.
2917 1780 2992 1834 N.
3020 1754 3099 1833 VT.
3137 1795 3257 1849 cap.
3294 1780 3359 1834 l7
3392 1788 3613 1834 monent
3638 1779 3784 1835 Colo-

526 1877 596 1929 tia
636 1876 773 1929 liber
814 1890 970 1930 unus.
1026 1876 1273 1930 Laudant
1325 1875 1633 1931 Possevinus
1674 1877 1810 1946 App.
1874 1890 1929 1945 p.
1985 1875 2107 1940 154,

527 1966 823 2019 Hendreich
846 1965 1018 2020 Pand.
1044 1965 1274 2020 Brandb.
1307 1983 1358 2035 p.
1388 1967 1515 2022 5M.
1558 1966 1640 2021 Cl.
1686 1965 1779 2019 lib.
1813 1967 1875 2020 de
1904 1965 2109 2020 Gratia.

598 2057 800 2112 Gallice
825 2057 1056 2113 reddidit
1090 2058 1419 2128 Villefortius
1444 2074 1567 2114 cum
1590 2058 1742 2113 libris
1773 2058 1836 2111 de
1859 2057 2109 2113 Doctrina

528 2148 842 2203 Christiana.

753 2276 759 2281 -
853 2238 987 2294 VII.
1012 2269 1083 2281 —
1104 2237 1224 2312 (15)
1252 2238 1331 2295 De
1355 2257 1474 2321 uera
1501 2240 1794 2312 Religione.

601 2333 939 2403 Singularem
973 2332 1133 2402 hujus
1164 2334 1288 2389 libri
1320 2335 1611 2390 editionem
1659 2334 1916 2401 Venetiis,
1951 2334 2114 2400 1484,

528 2428 672 2482 iri-4°
703 2442 988 2497 procusam
1020 2427 1246 2483 laudant
1271 2428 1660 2493 Colonienses;
1683 2428 1777 2484 sed
1800 2442 2112 2498 perperam.

528 2518 663 2575 Nam
694 2534 854 2590 quam
886 2520 962 2574 illi
992 2519 1254 2585 viderint,
1288 2535 1354 2575 ea
1375 2520 1511 2575 nihil
1538 2520 1771 2590 amplius
1798 2519 1920 2585 luit,
1953 2533 2115 2588 quam

529 2610 793 2681 particula
840 2620 896 2667 et
936 2611 1154 2681 quidem
1202 2620 1467 2676 extrema,
1500 2611 1887 2678 Opusculorum
1914 2610 2115 2665 ibidem

528 2702 796 2757 editorum
813 2718 829 2768 ;
848 2702 992 2759 unde
1004 2719 1071 2759 ex
1092 2704 1497 2774 subscriptione
1520 2703 1587 2760 ad
1612 2704 1816 2760 calcem
1840 2703 2116 2774 prOposita

530 2793 728 2849 licebat
759 2793 1041 2851 hariolari.

1186 2888 1481 2945 Versiones.

598 2979 743 3036 Duas
783 2982 928 3039 illius
975 2983 1234 3036 versiones
1281 2980 1512 3037 Gallicas
1555 2982 1675 3052 jam
1723 2995 1891 3052 supra
1939 2981 2116 3038 obiter

528 3076 1096 3130 commemoravimus.
1142 3074 1402 3130 Prodiere
1430 3083 1611 3130 autem

2219 1872 2471 1936 nienses;
2520 1887 2627 1926 non
2662 1872 2789 1926 item
2830 1870 2985 1925 Balii
3026 1880 3153 1925 sunt
3183 1873 3237 1924 in
3267 1871 3471 1925 librum
3499 1871 3781 1938 observata,

2217 1978 2338 2034 quae
2368 1961 2529 2017 iidem
2557 1962 2777 2017 laudant
2800 1979 2867 2017 ex
2900 1962 3233 2018 Dictionario
3261 1962 3381 2031 ejus
3422 1978 3476 2017 v.
3522 1964 3779 2034 Septimius

2217 2054 2553 2125 Acindynos;
2594 2053 2691 2108 sed
2734 2053 2805 2110 ibi
2829 2054 3150 2124 simpliciter
3176 2055 3472 2123 exponitur
3498 2054 3774 2119 bistoriola,

2217 2162 2377 2218 quam
2400 2144 2701 2201 Constantii
2735 2149 3068 2217 temporibus
3096 2145 3405 2201 Antiochia:
3440 2146 3539 2200 sub
3570 2145 3783 2235 Acindyz

2219 2255 2290 2294 no
2338 2240 2593 2309 praelecto
2642 2240 2905 2295 accidisse
2944 2240 3275 2310 Augustinus
3326 2249 3518 2294 narrat
3562 2253 3676 2308 cap.
3725 2238 3784 2294 50

2219 2334 2316 2389 lib.
2356 2349 2394 2387 ι.

2275 2425 2347 2480 Χ.
2371 2454 2439 2467 -—
2463 2424 2578 2499 (25,
2604 2424 2691 2488 21,
2716 2424 2808 2494 25)
2835 2426 3155 2494 Augustinus
3183 2425 3237 2477 in
3268 2422 3542 2493 Epistolas
3573 2421 3735 2478 Pauli.

2291 2518 2449 2574 1499.
2495 2519 2715 2573 Parisiis
2735 2560 2749 2583 ,
2793 2534 2884 2591 per
2913 2518 3101 2574 Udalr.
3132 2517 3334 2589 Hering
3358 2527 3412 2571 et
3443 2516 3620 2571 Bertlt.
3652 2516 3787 2571 Rem-

2220 2612 2345 2667 bolt.
2403 2631 2423 2665 s
2475 2613 2592 2668 Divi
2646 2613 2927 2684 Augustini
2996 2614 3049 2667 in
3111 2627 3296 2668 sacras
3333 2612 3496 2668 Pauli
3543 2611 3785 2681 Epistolas

2218 2718 2375 2767 nova,
2400 2711 2456 2758 et
2487 2704 2748 2758 hactenus
2789 2703 3105 2759 abscondita
3147 2705 3681 2774 interpretatio:per
3701 2717 3783 2757 ve-

2218 2796 2513 2852 nerabilem
2540 2795 2738 2850 Bedam
2769 2813 2838 2853 ex
2871 2798 3169 2853 innumeris
3201 2798 3346 2853 illius
3379 2797 3648 2853 codicibus
3667 2796 3786 2850 mira

2218 2887 2481 2942 industria
2523 2902 2843 2959 summoque
2885 2888 3067 2944 labore
3113 2889 3338 2944 collecta
3374 2930 3390 2954 ,
3431 2890 3521 2945 ubi
3550 2888 3669 2960 quid
3696 2887 3790 2957 pri-

2219 2996 2367 3036 mum
2402 2982 2698 3035 .ammirari
2729 2981 2960 3046 debeas,
3015 2997 3120 3035 non
3155 2982 3310 3037 facile
3334 2968 3646 3051 iudicabis:
3674 2979 3792 3034 divi-

2223 3088 2420 3128 numve
2455 3071 2767 3142 interpretis
2800 3072 3074 3141 ingenium
3104 3089 3120 3127 :
3160 3082 3252 3127 aut
3282 3072 3622 3143 singularem
3651 3070 3796 3126 Bedaa

602 3167 760 3222 1617.
806 3166 983 3233 Paris,
1012 3168 1348 3223 chesAnton.
1384 3166 1728 3233 Vitré;in-8°
1752 3166 1858 3223 «Le
1883 3165 2025 3222 livre
2049 3166 2118 3223 de
2146 3133 2193 3200 ο
2223 3166 2280 3220 in
2329 3133 2673 3235 excerpendo
2722 3133 2923 3232 pariter
2977 3173 3032 3218 et
3087 3133 3445 3234 expingendo
3494 3164 3796 3219 sollertiam.

526 3262 583 3317 S.
635 3262 921 3331 Augustin,
978 3260 1055 3315 De
1084 3261 1134 3314 la
1163 3260 1432 3316 véritable
1482 3260 1746 3330 religion,
1799 3260 2001 3314 traduit
2046 3274 2115 3315 en

527 3350 784 3417 trancois,
815 3366 948 3405 avcc
985 3352 1035 3405 le
1063 3351 1194 3407 latin
1227 3352 1476 3414 ensnite,
1523 3366 1692 3407 reveu
1732 3361 2112 3418 exactement;

434 3452 447 3468 ν
528 3458 623 3513 par
650 3443 877 3497 Antoine
908 3444 1176 3507 Arnauld,
1210 3444 1439 3500 docteur
1462 3443 1531 3499 de
1562 3444 1903 3500 Sorbonne.»
1940 3445 2115 3514 Repe-

529 3536 621 3589 tita
655 3544 738 3589 est
764 3534 1030 3589 Bruxellis
1062 3536 1220 3591 1675.
1263 3536 1664 3607 Theologorum
1696 3537 2115 3593 Lovaniensium

527 3639 748 3683 errores
785 3642 815 3681 a
862 3643 921 3682 se
950 3627 1274 3683 observatos
1323 3629 1694 3699 antiquiorum
1733 3629 2033 3684 editionum
2062 3637 2117 3684 et

528 3719 736 3788 aliqum
781 3733 912 3773 mss.
939 3718 1192 3774 codicum
1230 3734 1333 3788 Ope
1363 3720 1683 3775 emendasse
1710 3720 1764 3775 in
1798 3722 2118 3791 prmtatione

529 3809 809 3878 professus
839 3819 943 3863 est.
986 3809 1112 3865 V'id.
1145 3808 1341 3883 Magna
1369 3809 1504 3865 Bibl.
1531 3811 1714 3867 Colon.
1763 3823 1820 3868 et
1860 3814 1981 3867 Ant.
2020 3815 2120 3867 Ar-

532 3903 745 3957 naldus.
780 3903 980 3957 lterata
1012 3903 1131 3957 vice
1161 3903 1359 3972 prodiit
1384 3919 1434 3958 a.
1471 3904 1612 3959 1652
1635 3915 1689 3960 et
1718 3905 1876 3960 1657.
1924 3905 2120 3960 Nescio

530 4013 684 4063 vero,
711 3998 803 4065 qui
834 3996 973 4052 liber
1017 3997 1167 4067 prior
1197 3998 1269 4051 sit
1297 3998 1350 4052 in
1376 3998 1653 4054 volumine
1676 4042 1692 4066 ,
1736 3999 1896 4069 quive
1938 4008 2119 4067 posteé-

529 4090 660 4144 rior.
706 4088 953 4157 Utroque
980 4090 1125 4143 enim
1160 4089 1320 4144 modo
1344 4091 1620 4160 profertur
1643 4107 1670 4144 a
1705 4092 2117 4162 bibliographis.

484 4212 501 4225 ι
602 4180 761 4235 1690.
809 4180 988 4242 Paris,
1041 4182 1164 4235 chez
1202 4198 1353 4236 ueuue
1396 4182 1753 4252 Jean-Bapt.
1802 4183 2119 4256 Coignard;

528 4274 704 4327 iit-8°.
746 4272 883 4328 «Les
915 4273 1059 4327 deux
1097 4273 1261 4328 livres
1289 4274 1356 4328 de
1385 4275 1465 4330 St.
1499 4277 1799 4345 Augustin,
1847 4276 1924 4329 De
1951 4275 1999 4328 la
2028 4274 2121 4329 vé—

530 4363 726 4419 ritable
755 4363 984 4434 religion
1012 4374 1067 4418 et
1094 4364 1193 4419 des
1214 4379 1418 4421 mmurs
1445 4366 1513 4421 de
1543 4367 1761 4435 I’Eglise
1783 4366 2115 4436 catholique,

530 4459 763 4512 traduits
792 4472 861 4512 en
888 4456 1124 4523 francois
1162 4475 1256 4513 sur
1294 4459 1533 4515 l’édition
1562 4459 1728 4514 latine
1755 4460 1853 4515 des
1882 4459 1987 4514 PP.
2006 4459 2115 4515 Βό-

531 4551 825 4618 nédictins,
860 4564 993 4605 avec
1023 4550 1120 4606 des
1146 4561 1305 4607 notes
1337 4560 1393 4606 et
1425 4552 1523 4607 des
1557 4568 1843 4607 nouveaux
1870 4552 2119 4607 sommai-

528 4660 616 4700 res
647 4642 743 4699 des
768 4643 1075 4711 chapitres;
1104 4659 1203 4713 par
1226 4643 1470 4717 Philippe
1496 4644 1735 4699 Goibaud
1760 4645 1829 4698 du
1858 4644 2003 4698 Bois.
2020 4665 2038 4697 ι

789 4736 854 4790 γι
868 4736 954 4793 ΙΙ.
979 4738 1178 4810 -(14)
1212 4738 1287 4792 De
1316 4738 1552 4793 Utilitate
1577 4739 1843 4792 credendi.

600 4830 758 4884 1602.
806 4828 1160 4901 Moguntina...
1194 4831 1252 4887 S.
1286 4832 1573 4901 Augustini
1596 4831 1740 4886 liber
1766 4830 1835 4885 de
1866 4831 2116 4890 Utilitate

530 4923 791 4979 credendi
840 4924 907 4977 ad
956 4924 1315 4980 Honoratum.
1366 4924 1747 4994 Argumentis,
1784 4926 1927 4980 notis
1956 4935 2117 4995 atque

530 5018 742 5088 analysi
776 5018 1078 5073 illustratus
1117 5034 1146 5072 a
1190 5017 1345 5072 Justo
1388 5016 1622 5071 Calvino.
1676 5018 1865 5072 Exstat
1892 5018 1945 5073 in
1974 5018 2120 5085 ejus-

529 5111 651 5164 dem
682 5111 783 5164 sub
808 5111 1074 5165 ementito
1103 5112 1326 5165 nomine
1348 5109 1487 5163 Justi
1514 5108 1725 5162 Baronii
1749 5109 2119 5179 Prtrscriptio-

532 5218 653 5255 num
684 5202 802 5255 adv.
848 5201 1050 5256 eret.
1077 5202 1256 5257 Tract.
1282 5217 1310 5255 a
1341 5216 1394 5270 p.
1420 5200 1546 5255 425.
1576 5199 1629 5253 In
1652 5199 1765 5255 Cat.
1790 5199 1928 5254 Bibl.
1963 5200 2118 5256 Bodl.

531 5296 781 5351 eumdem
810 5296 1005 5351 librum
1040 5297 1316 5350 laudatum
1348 5293 1566 5347 invenio
1598 5308 1651 5347 a.
1680 5293 1839 5349 1605.

607 5390 766 5447 1680.
807 5390 1050 5453 Lovanii,
1080 5404 1170 5459 per
1206 5387 1429 5442 Hieron.
1477 5385 1802 5456 Nempeum;
1847 5388 2022 5453 ἰητ12.
2059 5389 2120 5441 D.

534 5485 815 5553 Augustini
842 5486 981 5542 liber
1001 5498 1139 5539 unus
1165 5481 1233 5536 ad
1267 5482 1622 5546 Honoratum,
1649 5479 1716 5536 de
1738 5479 1980 5535 Utilitate
2000 5496 2120 5537 cre-

604 5624 682 5696 (a)
714 5629 1001 5680 Auctorem
1028 5622 1181 5696 Bibl.
1225 5619 1428 5696 Sicula:
1461 5621 1750 5696 nonsatis
1781 5620 1997 5696 c_ur_ios_e
2031 5621 2113 5696 in-

534 5690 712 5766 spexit
737 5706 928 5752 auctor
949 5695 1110 5766 hujus
1135 5691 1351 5766 articuli
1379 5692 1435 5766 in
1462 5690 1599 5766 Bibl.
1628 5691 1769 5766 Eccl.
1790 5690 2109 5766 Coloniensi,

530 5763 656 5827 dum
697 5769 972 5835 duplicem
1015 5764 1176 5833 hujus
1224 5765 1469 5831 epistoltc
1509 5763 1842 5827 editionem,
1886 5764 2111 5823 alteram

2222 3256 2525 3327 Utcumque
2561 3258 2671 3311 sit:
2714 3256 3025 3311 Abissalem
3076 3256 3146 3311 ibi
3192 3263 3511 3323 compertes
3558 3253 3799 3311 eruditio:

2220 3363 2365 3404 nem.
2408 3348 2580 3404 Porro
2624 3347 3061 3417 interpretationi
3107 3346 3349 3417 praefata:
3395 3356 3604 3418 septem
3628 3359 3802 3401 aureas

2219 3440 2595 3511 Chrysostomi
2642 3440 2872 3495 omelias
2914 3440 3190 3509 sapientes
3238 3438 3457 3495 addere
3498 3444 3806 3494 curaverunt

2219 3533 2580 3602 impressores
2609 3549 2622 3586 :
2651 3531 2849 3602 quibus
2875 3532 3209 3587 clarissimas
3242 3532 3400 3586 Pauli
3425 3532 3635 3599 laudes,
3662 3530 3802 3585 dotes

2219 3636 2275 3681 et
2303 3625 2574 3695 praeconia
2606 3640 2771 3695 parvo
2799 3625 3014 3694 labore,
3062 3624 3158 3680 sed
3186 3640 3295 3680 non
3345 3624 3610 3681 mediocri
3641 3624 3801 3678 fructu

2220 3721 2381 3776 facile
2410 3720 2785 3790 deprehendet
2832 3720 3003 3775 lector
3034 3718 3337 3773 studiosus.
3370 3737 3391 3770 ι
3437 3718 3571 3773 Haec
3596 3716 3800 3780 titulus;

2226 3815 2310 3870 cui
2343 3814 2566 3885 insuper
2589 3813 2802 3884 insigne
2830 3813 3271 3868 Remboltianum
3310 3823 3367 3868 et
3398 3812 3728 3884 epigramma
3755 3809 3802 3862 in

2218 3910 2401 3979 operis
2424 3907 2956 3963 commendationem
2985 3907 3275 3977 impressa.
3306 3905 3364 3961 In
3394 3909 3504 3961 line
3528 3905 3805 3960 Commen-

2220 4002 2483 4055 tariorum
2518 4000 2569 4054 in
2605 3999 2705 4069 Ep.
2740 3998 2806 4053 ad
2834 3998 3112 4063 llebrmos,
3140 4006 3262 4067 post
3285 3998 3565 4068 epilogum
3587 4037 3602 4063 ,
3632 3994 3805 4064 operis

2220 4107 2486 4148 summam
2518 4093 2711 4146 iterum
2740 4090 2923 4145 verbis
2954 4089 3413 4158 complectentem
3445 4107 3460 4142 :
3495 4086 3807 4157 Impressum

2220 4197 2294 4240 est
2321 4197 2489 4240 autent
2526 4202 2750 4256 pra'sens
2788 4201 2918 4251 Opus
2944 4184 3010 4236 ad
3049 4184 3422 4253 omnipotentis
3453 4182 3551 4235 Dei
3597 4179 3809 4252 gloriam

2220 4290 2270 4335 et
2300 4281 2531 4347 ﬁdelium
2574 4279 2857 4332 salutarem
2900 4277 3244 4331 eruditionem
3284 4293 3449 4345 opera
3499 4285 3548 4328 et
3586 4276 3811 4341 impensa

2224 4371 2462 4427 Udalrici
2492 4370 2692 4441 Hering
2724 4379 2769 4423 et
2805 4370 3043 4441 magistri
3080 4366 3357 4422 Bertltoldi
3387 4366 3631 4421 Rembolt
3655 4363 3812 4418 socio—

2222 4482 2357 4519 rum.
2390 4462 2677 4516 Part'hisiis
2706 4462 2760 4515 in
2794 4460 2919 4517 Sole
2959 4460 3128 4514 Aureo
3167 4460 3270 4512 vici
3310 4458 3618 4513 Sorbonici.
3673 4454 3814 4509 Anno

2230 4555 2616 4610 Incarnationis
2681 4552 2971 4607 Dominica:
3034 4547 3474 4605 MCCCCXCIX.
3546 4547 3648 4601 Die
3704 4560 3814 4599 vero

2228 4647 2331 4703 XX
2349 4645 2491 4701 VIII
2535 4645 2862 4700 Novembris.
2906 4634 3229 4697 Prmce'dunt
3258 4657 3387 4696 cum
3427 4642 3611 4696 indice
3640 4638 3821 4708 alpha—

2227 4740 2410 4795 betico
2454 4754 2633 4793 rerum
2682 4752 2746 4791 ac
2787 4737 3077 4791 verborum
3119 4734 3416 4788 admodum
3450 4733 3698 4803 copioso,
3731 4728 3819 4800 qui

2226 4846 2419 4886 aversa
2451 4830 2632 4885 statim
2662 4827 2805 4882 tituli
2834 4825 3024 4896 pagina
3048 4825 3260 4893 incipit,
3291 4823 3655 4893 praefationes
3683 4819 3822 4875 Gau-

2228 4926 2354 4997 fridi
2382 4922 2672 4977 Boussardi
2698 4920 3053 4990 theologorum
3089 4917 3328 4983 minimi,
3379 4917 3450 4970 ad
3482 4916 3703 4969 Petrum
3725 4912 3823 4967 Se-

2229 5016 2510 5069 curabilem
2536 5014 2825 5085 (sacrarum
2848 5011 3137 5063 litterarum
3162 5009 3506 5079 interptetem
3538 5004 3823 5061 archidiac.

2230 5105 2567 5176 Rothomag.)
2594 5106 2760 5174 adque
2783 5119 2956 5156 omnes
2983 5103 3118 5155 viros
3146 5102 3412 5155 studiosos
3439 5110 3490 5153 et
3519 5100 3624 5153 litt.
3650 5112 3827 5149 aman—

2228 5208 2301 5253 tes
2331 5200 2383 5251 in
2414 5213 2629 5266 sequens
2658 5194 2813 5248 Beda:
2842 5204 2889 5247 et
2918 5194 3199 5263 Augustini
3239 5207 3373 5260 opus
3394 5236 3407 5259 ,
3436 5200 3484 5245 et
3507 5190 3677 5245 sancti
3707 5185 3829 5241 Hie-

2230 5291 2434 5361 ronymi
2459 5290 2511 5342 in
2539 5304 2713 5342 omnes
2740 5286 3003 5354 Epistolas
3029 5284 3208 5339 Pauli.

2304 5384 2580 5440 Vetustam
2632 5381 2772 5436 hanc
2814 5377 2965 5433 Flori
3012 5377 3396 5448 Lugdunensis
3450 5375 3828 5445 Excerptorum

2232 5480 2524 5536 editionem
2554 5489 2987 5531 commemorare
3015 5475 3187 5528 visum
3221 5482 3327 5536 est,
3358 5486 3472 5526 non
3509 5471 3687 5525 solum
3714 5464 3828 5536 quia

2225 5621 2454 5675 seorsim
2497 5635 2548 5674 a.
2597 5619 2735 5673 1700
2786 5616 2915 5671 Ven.
2967 5618 3173 5686 in-fol.,
3229 5618 3472 5671 alteram
3527 5612 3830 5686 inlaudato

2228 5691 2412 5745 Diario
2457 5690 2631 5760 lingit,
2674 5704 2794 5741 cum
2824 5689 3005 5757 potius
3030 5685 3137 5743 hoc
3169 5690 3286 5756 ipso
3312 5702 3477 5760 anno
3505 5685 3714 5760 et_loco
3749 5695 3830 5760 ea-

2225 5777 2331 5831 que
2363 5756 2783 5817 fortna'tertium
2817 5756 3068 5815 volumen
3107 5760 3268 5815 Diarii
3311 5757 3469 5812 illius
3499 5756 3707 5812 editum
3745 5756 3831 5809 sit.
