4010 6350
299 416 402 471 129

1206 406 1479 465 ΝΟΤΙΤΙΑ
1520 398 1942 460 LITTERARIA
1979 397 2045 453 IN
2084 397 2143 453 S.
2186 396 2654 456 AUGUSTINUM.

3467 390 3563 444 150

297 526 485 598 paucis
536 525 839 580 innotuisse
887 537 1004 578 eam
1069 522 1447 592 cognovimus,
1509 516 1604 573 sed
1652 512 1966 573 maximeA
2060 512 2185 566 Sine
2210 529 2348 566 anno
2376 522 2421 566 et
2447 509 2739 577 toca,in-8°
2778 510 2907 580 maj.
2936 503 3394 576 B.Augustini....
3428 503 3556 559 libet

296 620 465 673 etiam
498 623 804 687 propterea,
832 614 973 684 quod
1003 628 1131 669 mss.
1163 612 1280 683 ejus
1309 609 1646 667 collectionis
1666 606 1884 663 codices

296 712 444 767 haud
466 724 591 767 raro
619 725 743 766 cum
782 710 957 765 fructu
988 725 1019 764 a
1059 707 1163 763 PP.
1195 707 1452 762 Maurinis
1478 703 1711 763 consulti
1737 710 1880 757 sunt.

369 899 451 954 Ad
498 897 793 969 Epistulam
842 897 910 951 ad
958 897 1228 952 Romanos
1265 903 1476 966 spectat
1500 908 1635 964 opus
1663 907 1692 947 a
1723 893 1887 948 Colo«

298 991 582 1045 niensibus
608 990 881 1045 laudatum
908 1005 923 1043 :
960 988 1281 1059 Augustinus
1302 1030 1317 1055 ,
1350 985 1507 1040 Pauli
1532 986 1600 1039 ad
1623 985 1886 1040 Romanos

297 1084 553 1153 interpres
595 1082 875 1150 apostolico
917 1112 937 1123 -
975 1097 1183 1135 romano
1215 1112 1236 1122 -
1269 1080 1555 1135 catholicus
1578 1120 1593 1145 ,
1645 1095 1735 1132 seu
1786 1076 1887 1131 Via

310 1172 555 1227 Veritatis
578 1181 625 1227 et
655 1172 805 1237 Vitaz,
837 1174 891 1226 in
918 1173 1113 1226 unitate
1135 1172 1256 1241 fidei
1286 1171 1549 1240 salvi/iege,
1596 1186 1686 1240 per
1708 1169 1886 1239 genui-

300 1282 427 1317 nam
445 1266 918 1331 interpretationem
944 1264 1006 1320 S.
1032 1264 1302 1333 Augustini
1322 1280 1476 1335 super
1505 1262 1792 1334 Epistulam
1820 1260 1889 1313 ad

303 1356 570 1410 Romanos
587 1399 603 1422 ,
650 1372 840 1427 perque
860 1357 1028 1410 varias
1053 1356 1387 1411 deductiones
1415 1354 1723 1425 Theologico
1744 1385 1768 1395 -
1792 1370 1888 1423 po-

303 1451 540 1513 lemieas,
569 1462 752 1503 contra
784 1450 990 1511 Atheos,
1035 1448 1299 1521 Pnganos,
1336 1448 1572 1515 Iudaeos,
1616 1446 1888 1501 Mahome—

310 1550 480 1605 tanos,
519 1540 811 1595 [hereticos
850 1550 897 1595 et
937 1539 1182 1611 Inﬁdeles
1220 1556 1591 1610 quoscumque,
1623 1539 1892 1593 novissime

315 1649 376 1686 ac
419 1633 674 1703 perspicue
721 1633 1074 1687 demonstrata
1115 1650 1204 1703 per
1242 1633 1515 1687 BARTHOL.
1561 1631 1600 1686 F
1607 1645 1723 1685 IDUS
1762 1631 1889 1686 Sac.

314 1725 463 1792 Jesu,
486 1724 546 1782 S.
562 1725 725 1779 theol.
751 1727 997 1781 doctoris.
1018 1726 1256 1780 Colonia:
1277 1727 1501 1795 Agripp.
1527 1725 1687 1791 1696,
1710 1726 1889 1795 in-fol.

689 1816 795 1871 XI.
826 1848 894 1858 ——-
917 1816 1034 1889 (27)
1062 1818 1140 1872 De
1167 1817 1512 1873 Continentia.

391 1908 686 1963 Versionem
715 1909 873 1979 hujus
901 1909 1023 1964 libri
1055 1908 1315 1963 Gallicam
1342 1926 1394 1963 ν.
1425 1909 1561 1963 inira
1591 1926 1644 1964 η.
1671 1924 1802 1965 xvn.

303 1998 455 2054 XII.
481 2030 551 2042 —
574 1999 689 2073 (9.9)
718 2000 793 2053 De
824 1999 1036 2053 diversis
1062 1999 1439 2066 Quiestionibus
1476 1998 1591 2053 VII
1619 2000 1738 2054 libri
1766 1999 1891 2054 duo.

386 2092 533 2147 Editi
578 2103 705 2147 sunt
747 2093 801 2147 in
850 2092 1171 2147 collemione
1204 2091 1559 2156 Quwstionum
1588 2091 1893 2162 Augustini,

311 2184 559 2254 Lugduni
598 2184 755 2253 M97,
800 2185 1025 2254 in—fol.,
1068 2200 1226 2254 quam
1275 2183 1396 2239 vide
1447 2184 1587 2239 inter
1632 2184 1897 2256 Opuscula

314 2278 561 2349 ejusdem.

526 2370 704 2426 XIII.
728 2402 796 2411 —
818 2374 935 2445 (32)
976 2373 1052 2427 De
1080 2371 1333 2429 Doctrina
1363 2372 1681 2428 Christiana.

384 2464 526 2518 Sic.
557 2462 672 2517 XV.
696 2493 769 2504 —
791 2462 918 2518 Sine
964 2481 1100 2518 anno
1148 2473 1195 2517 et
1244 2466 1379 2527 loco,
1409 2464 1589 2533 in-fol.
1622 2462 1678 2519 S.
1712 2464 1897 2533 Angu-

306 2555 444 2609 stini
490 2570 579 2626 ep.
622 2555 689 2610 dc
739 2555 995 2611 Doctrina
1036 2554 1349 2611 Christiana
1391 2556 1513 2610 libri
1553 2556 1638 2610 ιν.
1684 2553 1900 2609 Profert

307 2646 411 2702 Ge.
446 2647 587 2720 Pray
630 2650 684 2703 in
714 2647 896 2702 Indice
943 2648 1061 2703 libr.
1105 2666 1212 2703 rar.
1255 2649 1391 2705 Bibl.
1423 2648 1679 2703 Budensis
1710 2658 1896 2719 typum

308 2742 743 2797 vetustissimum
770 2742 980 2808 dicens,
1005 2743 1149 2812 quod
1178 2758 1243 2797 ex
1270 2742 1482 2798 defectu
1511 2741 1721 2797 numeri
1752 2741 1900 2811 pagi-

307 2848 510 2888 narum
538 2873 553 2897 ,
604 2836 732 2889 item
778 2833 1019 2889 custodis
1063 2843 1118 2889 et
1168 2833 1397 2887 aliorum
1444 2833 1719 2903 signorum
1750 2842 1901 2906 recte

308 2927 744 2996 conjectaverat.
788 2927 953 2983 Addit
1003 2926 1074 2981 ibi
1138 2928 1436 2983 sententias
1496 2927 1733 2997 singulas
1792 2940 1901 2981 uno

310 3029 522 3088 puncto
569 3033 689 3074 esse
733 3019 997 3074 discretas
1020 3063 1035 3086 ,
1073 3014 1309 3074 litteram
1343 3018 1591 3088 iubique
1616 3017 1899 3073 caudatain

310 3126 613 3180 apparere,
646 3121 751 3167 etc.
784 3121 1042 3181 praeterea
1071 3112 1277 3168 litteras
1302 3112 1545 3167 initiales
1575 3111 1903 3180 exemplaris

312 3204 470 3259 illius
497 3205 791 3275 picturatas
819 3219 964 3261 esse.
1024 3204 1178 3261 Adeo
1223 3215 1402 3259 autem
1434 3204 1659 3259 obtusus
1688 3212 1772 3258 est
1812 3218 1903 3257 vo-

312 3297 547 3352 luminis
594 3298 751 3368 hujus
792 3297 1095 3363 character,
1148 3307 1207 3352 ut
1267 3297 1350 3351 vir
1398 3297 1644 3351 laudatus
1694 3278 1977 3351 litterasC

320 3392 496 3460 magis
527 3389 593 3445 ad
621 3390 858 3460 ligneas,
887 3406 1045 3460 quam
1070 3406 1135 3445 ex
1162 3406 1270 3445 aere
1298 3389 1443 3444 fusas
1480 3388 1742 3444 accedere
1775 3403 1904 3458 pro-

313 3483 553 3539 diderit.
597 3484 842 3554 Insuper,
888 3484 1031 3554 quod
1071 3485 1229 3555 longe
1267 3484 1428 3538 etiam
1476 3493 1782 3538 memoratu
1829 3481 1909 3536 di-

318 3575 650 3645 gnissimum
677 3585 779 3639 est,
805 3576 1069 3646 insignem
1096 3576 1256 3646 hujus
1284 3576 1571 3631 voluminis
1601 3590 1630 3629 a
1656 3575 1907 3645 reliquis,

312 3683 448 3738 quae
475 3669 631 3738 vulgo
658 3677 951 3738 praestant,
998 3667 1146 3723 illius
1170 3668 1293 3723 libri
1329 3668 1655 3723 editionibus
1698 3666 1909 3722 discre-

315 3760 566 3829 pantiam
608 3759 815 3815 notavit
855 3759 1207 3829 ejusdemque
1255 3760 1553 3829 specimina
1596 3759 1804 3829 aliquot
1841 3744 1911 3813 ab

313 3851 486 3906 initio
513 3864 564 3907 et
598 3852 702 3907 ﬁne
726 3852 986 3907 librorum
1014 3852 1297 3922 desumpta
1324 3852 1625 3922 proposuit,
1659 3867 1781 3922 quze
1810 3865 1911 3905 nec

311 3956 433 3998 nos
462 3944 751 3999 omittenda
783 3944 1053 3999 duximus.
1084 3942 1269 4014 Itaque
1301 3944 1514 3998 initium
1545 3944 1669 3997 libri
1698 3944 1718 3997 l
1748 3944 1827 3998 sic
1852 3958 1911 3999 se

314 4036 537 4091 habet:
573 4037 690 4092 Hoc
735 4054 862 4108 Opus
903 4048 1158 4104 nostrum,
1195 4037 1332 4109 quod
1376 4038 1670 4092 inscribitur
1712 4038 1775 4091 de
1804 4036 1912 4091 Do-

314 4132 503 4184 ctrina
530 4132 852 4195 Christiana,
897 4134 951 4185 in
999 4132 1104 4185 duo
1149 4133 1370 4202 quedam
1400 4134 1600 4203 fuerant
1634 4132 1801 4200 prima
1832 4132 1914 4185 di-

313 4223 634 4277 stribucione
683 4227 924 4293 partitus.
979 4224 1125 4279 Nam
1156 4234 1267 4293 post
1316 4224 1635 4295 prohemium
1680 4242 1782 4296 quo
1826 4242 1914 4278 re-

313 4317 520 4389 spondi
560 4318 631 4371 eis
670 4319 759 4388 qui
785 4320 882 4372 hoc
917 4319 1119 4388 fuerant
1147 4319 1528 4388 reprehensuri.
1558 4318 1659 4373 due
1681 4327 1800 4374 sunt
1831 4336 1914 4374 res

314 4410 541 4479 inquam
581 4411 764 4473 quibus
811 4411 992 4465 nititur
1034 4412 1200 4466 omnis
1233 4412 1480 4465 tractacio
1507 4412 1906 4483 scripturarum.

314 4503 515 4556 modus
541 4504 833 4558 inveniendi
858 4521 955 4573 que
980 4505 1322 4578 intelligenda
1347 4516 1483 4559 sunt.
1512 4517 1558 4559 et
1583 4506 1768 4561 modus
1792 4521 1915 4573 pro-

315 4595 537 4665 ferendi
578 4612 676 4667 que
723 4597 983 4651 intellecta
1024 4606 1163 4653 sunt.
1213 4596 1291 4653 De
1327 4597 1629 4653 inveniendo
1668 4599 1811 4668 prius
1851 4597 1916 4650 de

1986 604 2054 659 de
2076 602 2328 658 Doctrina
2345 600 2648 657 Christiana
2664 600 2867 655 divisus
2887 599 2938 653 in
2960 607 3190 668 quatuor
3204 604 3405 667 partes.
3430 593 3567 649 luci-

1986 697 2067 767 pit
2106 696 2285 749 statim
2311 710 2341 748 a
2375 694 2599 765 prologo
2628 693 2749 748 libri
2780 691 2959 762 primi.
2989 690 3045 744 In
3078 691 3184 744 line
3220 706 3232 740 :
3260 685 3405 740 Finit
3436 702 3567 755 opus

1987 789 2246 859 egregium
2275 787 2460 841 aurelii
2499 786 2767 855 augustini
2805 784 3103 855 ipponensis
3134 782 3214 854 epi
3243 782 3306 835 de
3334 782 3570 859 doc_trina

1986 869 2190 938 xstiana
2226 881 2283 933 in
2329 890 2551 950 quatuor
2599 878 2758 932 libros
2810 877 3107 931 distinctum
3152 876 3326 929 valens
3371 854 3569 928 cinaede

1991 995 2086 1049 pro
2131 962 2366 1033 itellectu
2431 960 2770 1043 scripturam:
2796 982 2843 1027 et
2892 973 3021 1026 serie
3063 955 3321 1043 pi'oferEdi
3364 971 3570 1022 easdem

1991 1075 2163 1147 qualis
2185 1074 2307 1145 (sic)
2345 1074 2601 1127 doctorem
2636 1072 2775 1125 decet
2811 1052 3163 1124 catholicum.
3205 1065 3315 1120 Deo
3346 1065 3565 1137 gracias.

2064 1167 2392 1237 [inpressum
2422 1178 2507 1221 est
2533 1166 2787 1221 volumen
2815 1164 3133 1219 charactere
3157 1160 3386 1216 Gothico
3424 1160 3574 1213 lucu-

1992 1259 2142 1315 lento
2173 1260 2224 1313 in
2255 1259 2439 1314 charta
2465 1275 2598 1328 pura
2623 1268 2677 1313 et
2703 1258 2891 1311 densa.
2934 1255 2990 1309 lu
3023 1252 3294 1324 superiori
3334 1252 3575 1320 margine

1992 1352 2140 1418 libri,
2166 1352 2221 1406 in
2247 1351 2489 1406 inferiori
2512 1367 2641 1407 vero
2668 1350 2893 1421 plagulze
2911 1362 3171 1403 numerus
3202 1355 3440 1413 notatur,
3474 1342 3571 1400 sed

1996 1443 2250 1499 custodes
2272 1456 2325 1499 et
2355 1443 2604 1498 foliorum
2634 1442 2842 1497 numeri
2873 1442 3090 1496 desunt.

2066 1535 2195 1591 Sine
2223 1552 2361 1590 anno
2394 1545 2440 1589 et
2472 1534 2588 1589 loco
2636 1534 3001 1607 [Argentorati
3037 1532 3180 1603 apud
3210 1529 3299 1585 Io.
3334 1528 3577 1584 Menteli-

1996 1626 2141 1698 num]
2159 1644 2173 1694 ;
2190 1628 2674 1697 in-fol.Augustini
2706 1627 2845 1680 liber
2867 1626 2935 1680 de
2959 1624 3086 1680 Arte
3114 1621 3441 1695 praedicandi
3464 1621 3577 1690 (qni

1996 1730 2224 1790 quartus
2265 1728 2348 1774 est
2377 1719 2619 1789 ejusdem
2648 1718 2716 1773 de
2756 1717 3010 1772 Doctrina
3045 1714 3403 1784 Christiana).
3452 1712 3577 1767 Edi-

2000 1822 2087 1866 tor
2108 1826 2416 1883 anonymus
2444 1826 2566 1866 cum
2592 1810 2745 1865 valde
2768 1810 2956 1864 utilem
2989 1807 3408 1878 praedicantibus
3440 1806 3582 1859 hunc

1921 1895 1971 1957 B
1999 1904 2195 1961 librum
2226 1904 2343 1961 fore
2366 1905 2699 1961 existimaret
2728 1910 2781 1958 et
2808 1911 3029 1972 propter
3053 1902 3220 1956 totius
3250 1896 3437 1971 operis
3466 1914 3580 1953 ma-

1999 1997 2337 2066 gnitudinem
2401 1997 2489 2051 vix
2553 1995 2739 2066 paucis
2795 1996 3136 2049 innutescere
3183 2008 3306 2048 eum
3352 1991 3581 2056 videret,

2004 2090 2143 2145 bene
2174 2090 2374 2146 mereri
2407 2089 2475 2143 de
2515 2088 2745 2143 aliorum
2779 2086 2969 2142 studiis
3001 2085 3104 2140 hoc
3134 2084 3338 2151 voluit,
3382 2082 3523 2153 quod
3552 2098 3584 2137 a

2000 2186 2212 2254 reliquo
2259 2198 2490 2254 corpore
2536 2190 2875 2252 segregatum
2924 2181 3070 2251 typis
3119 2177 3583 2247 multiplicandum

2001 2278 2180 2333 daret.
2237 2274 2347 2333 Nec
2379 2278 2551 2332 levem
2593 2278 2790 2343 etiam,
2824 2278 2869 2331 si
2902 2275 3034 2330 lides
3060 2275 3161 2343 ipsi
3197 2272 3447 2329 habenda
3473 2280 3583 2341 est,

2001 2385 2225 2440 operam
2276 2369 2330 2423 in
2381 2368 2709 2439 corrigendo
2753 2377 2803 2423 et
2856 2366 3195 2422 emendando
3240 2382 3304 2420 ex
3346 2366 3588 2434 pluribus

2001 2462 2405 2531 exemplaribus
2435 2460 2636 2530 posuit,
2667 2475 2769 2530 qua
2800 2459 2869 2514 de
2902 2474 2962 2514 re
2992 2461 3105 2529 ipsa
3135 2458 3253 2529 ejus
3281 2458 3446 2513 verba
3480 2474 3587 2513 non

2003 2553 2219 2623 indigna
2259 2553 2565 2624 judicamus
2589 2593 2607 2619 ,
2653 2567 2777 2622 quae
2816 2554 3096 2606 memoria:
3133 2560 3437 2616 serventur,
3467 2566 3588 2620 quae

2005 2647 2087 2700 sic
2117 2655 2350 2701 sonant:
2385 2644 2513 2701 Feci
2540 2660 2683 2717 ergo.
2715 2645 2811 2699 deo
2833 2654 2956 2699 teste
2975 2660 3218 2716 magnam
3230 2660 3318 2714 per
3340 2646 3453 2717 ejus
3476 2660 3590 2697 cor-

2005 2740 2288 2793 rectionem
2331 2738 2680 2810 diligenciam.
2727 2740 2823 2792 ita.
2867 2738 3001 2807 quod
3051 2739 3223 2792 omnia
3249 2736 3587 2804 exemplaria.

2004 2850 2119 2903 qua:
2163 2833 2217 2886 in
2267 2834 2442 2887 studio
2487 2832 2889 2903 lieidelbergensi
2927 2847 3020 2885 nec
3059 2848 3162 2885 non
3210 2832 3262 2885 in
3288 2832 3431 2900 spira
3461 2841 3507 2885 et
3534 2832 3590 2884 in

2004 2929 2297 2981 wormacia.
2343 2937 2499 2996 atque
2525 2925 2731 2978 tandem
2771 2926 2932 2978 eciam
2971 2926 3026 2978 in
3068 2925 3347 2995 Argentina
3390 2925 3444 2977 in
3471 2924 3591 2977 ullis

2007 3018 2235 3072 librariis
2286 3017 2512 3089 reperire
2558 3018 2723 3089 potui.
2776 3016 3046 3088 diligenter
3102 3017 3319 3088 proinde
3362 3017 3589 3085 respexi.

2007 3110 2096 3166 Et.
2130 3128 2246 3164 cum
2290 3111 2426 3163 inter
2451 3110 2561 3164 hec.
2592 3109 2943 3177 experimento
2988 3108 3254 3163 discerem.
3296 3110 3432 3178 quod
3459 3110 3593 3162 idem

2008 3203 2136 3258 liber
2163 3203 2450 3276 augustini.
2482 3218 2604 3257 raro
2633 3202 2896 3256 invenitur
2919 3203 3082 3255 eciam
3104 3203 3157 3255 in
3187 3203 3388 3272 magnis
3411 3213 3455 3255 et
3480 3218 3595 3270 pre-

2009 3291 2182 3352 ciosis‘
2208 3297 2457 3351 librariis.
2492 3295 2561 3350 Et
2609 3295 2778 3350 adhuc
2818 3297 3009 3350 rarius.
3054 3296 3118 3349 de
3156 3297 3261 3350 ullo
3306 3313 3368 3350 ex
3406 3298 3596 3349 eisdem

2011 3391 2237 3446 librariis
2287 3389 2356 3443 ad
2388 3389 2766 3444 rescribendum
2796 3390 2978 3461 potuit.
3009 3389 3208 3443 haberi.
3247 3390 3409 3457 Atque
3437 3389 3598 3444 eciam

2011 3485 2147 3553 quod
2177 3487 2324 3556 pejus
2374 3491 2469 3537 est.
2532 3483 2796 3536 rarissime
2844 3490 3104 3535 correctus
3153 3482 3256 3534 sive
3298 3480 3599 3535 emendatus

2012 3579 2141 3632 inibi
2168 3587 2322 3648 queat
2344 3575 2582 3649 reperiri.
2627 3573 2831 3629 Idcirco
2862 3582 3122 3645 permotus
3148 3574 3243 3640 fui.
3277 3573 3346 3628 ad
3372 3573 3465 3627 hoc
3493 3583 3599 3627 stu-

2013 3674 2154 3726 diose
2184 3672 2420 3725 laborare
2443 3710 2459 3735 ,
2508 3679 2563 3723 ut
2610 3669 2897 3723 secundum
2945 3667 3206 3737 exemplar
3232 3682 3418 3720 meum.
3455 3676 3598 3719 tanto

2012 3778 2151 3816 nunc
2172 3762 2345 3815 studio
2374 3770 2419 3814 et
2443 3760 2618 3815 labore
2638 3768 2887 3831 quantum
2916 3757 3099 3813 saltem
3119 3759 3264 3830 potui
3290 3769 3593 3812 correctum.

2014 3854 2183 3907 dictus
2227 3852 2433 3907 libellus
2483 3852 2656 3906 taliter
2698 3852 2753 3904 in
2797 3850 2941 3905 brevi
2988 3860 3212 3921 tempore
3262 3850 3601 3918 multiplicari

2013 3955 2205 4017 posset.
2239 3956 2295 3997 ut
2340 3946 2407 3998 ad
2436 3944 2778 4014 plurimorum
2820 3959 2973 3997 usum
3022 3952 3067 3996 et
3110 3945 3178 3996 ad
3206 3959 3406 3997 omnem
3428 3945 3601 4013 prafe-

2014 4050 2150 4093 ctum
2198 4040 2627 4094 ecclesiasticum.
2680 4040 2833 4110 facile
2881 4049 2930 4093 et
2972 4038 3075 4092 cito
3106 4040 3408 4109 perveniret.
3458 4039 3602 4105 Qua-

2016 4142 2247 4202 propter.
2302 4148 2419 4185 cum
2464 4132 2608 4186 nullo
2657 4132 2761 4185 alio
2790 4130 2941 4184 modo
2969 4132 3072 4184 sive
3099 4131 3285 4184 medio.
3317 4131 3372 4183 id
3393 4132 3602 4201 eapedi-

2017 4228 2125 4279 cius
2162 4225 2273 4295 fieri
2305 4241 2455 4292 posse
2478 4225 2790 4297 Indicarem.
2816 4224 3041 4277 discreto
3070 4225 3180 4278 uiro
3198 4222 3432 4278 Jobanni
3458 4240 3602 4279 men-

2019 4319 2187 4373 telino
2218 4317 2385 4371 incole
2432 4318 2779 4389 argentinensi
2808 4317 3137 4387 impressorie
3177 4317 3306 4370 artis
3332 4317 3599 4387 magistro.

2019 4412 2187 4466 modis
2214 4412 2449 4466 omnibus
2480 4411 2736 4480 persuasi.
2784 4420 3035 4480 quatenus
3058 4410 3166 4477 ipse
3187 4424 3450 4463 assumere
3471 4409 3603 4462 desi-

2019 4514 2284 4577 gnaretur.
2321 4520 2449 4557 onus
2490 4511 2535 4557 et
2582 4502 2811 4555 laborem
2856 4501 3245 4570 multiplicandi
3282 4499 3419 4553 hunc
3460 4499 3604 4553 libelv

2023 4598 2150 4652 lum.
2179 4614 2271 4668 per
2298 4599 2434 4651 viam
2458 4596 2832 4667 impressionis.
2871 4595 3162 4665 exemplari
3199 4611 3309 4647 meo
3339 4602 3457 4648 ante
3485 4610 3605 4647 ocu-

315 4690 640 4761 proferendo
671 4699 849 4760 postea
874 4691 1202 4745 disseremus.
1235 4692 1358 4760 quia
1378 4708 1500 4762 ergo
1523 4692 1585 4745 de
1612 4658 1914 4746 inuenienda
1944 4658 1999 4720 D
2026 4691 2103 4746 los
2128 4658 2325 4757 habito,
2347 4701 2450 4746 etc.
2480 4658 2738 4760 inscripta
2763 4699 2846 4745 est
2870 4690 2985 4744 hinc
3010 4658 3287 4759 prmfatio:
3313 4687 3489 4742 Canon
3512 4705 3606 4757 pro

315 4782 501 4835 multa
529 4786 633 4851 iam
662 4784 909 4838 diximus.
940 4794 988 4839 et
1019 4786 1120 4839 tria
1147 4784 1211 4839 de
1238 4783 1335 4838 hac
1361 4802 1466 4838 una
1486 4794 1633 4853 parte
1656 4786 1916 4840 volumina

314 4874 662 4929 absolvimus.
715 4877 995 4947 adjuvante
1039 4876 1247 4930 domino
1290 4877 1354 4931 de
1404 4876 1714 4946 proferendo
1751 4895 1917 4949 pauca

318 4968 566 5021 dicemus
587 5008 601 5033 ,
646 4975 700 5021 ut
745 4970 789 5022 si
833 4970 947 5037 fieri
972 4970 1197 5041 potuerit
1223 4985 1326 5023 uno
1353 4969 1485 5023 libro
1514 4980 1699 5023 cuncta
1724 4970 1919 5024 clama-

316 5074 454 5111 mus
501 5057 859 5130 (claudamus)
885 5078 899 5114 :
948 5068 1208 5130 totumque
1246 5059 1342 5115 hac
1369 5077 1497 5130 opus
1525 5070 1747 5132 quatuor
1772 5062 1919 5116 volu-

320 5150 560 5203 minibus
609 5153 930 5205 terminetur.
983 5152 1133 5207 Finis
1183 5153 1303 5209 libri
1345 5169 1398 5208 tv
1438 5164 1617 5210 autem
1648 5172 1660 5208 :
1688 5153 1920 5227 Longius

322 5242 496 5296 evasit
523 5241 651 5297 liber
677 5244 761 5298 hic
782 5261 938 5315 quam
956 5245 1205 5300 volebam.
1231 5264 1483 5318 quamque
1501 5254 1917 5320 putaveram.....

327 5335 454 5407 Ego
500 5347 668 5393 tamen
716 5340 923 5393 domino
965 5350 1143 5395 nostro
1189 5341 1333 5396 ihesu
1361 5342 1554 5397 christo
1578 5345 1776 5416 gratias
1798 5361 1916 5415 ago.

325 5429 477 5499 quod
521 5431 575 5483 in
604 5429 683 5484 bis
712 5439 938 5500 quatuor
966 5433 1130 5488 libris.
1175 5451 1278 5488 non
1323 5436 1492 5502 qualis
1522 5453 1613 5509 ego
1648 5454 1808 5493 essem
1837 5439 1921 5492 cui

326 5520 504 5575 multa
549 5523 755 5577 desunt.
801 5524 893 5578 sed
938 5528 1113 5596 qualis
1143 5542 1253 5581 esse
1288 5527 1463 5582 debeat
1484 5531 1571 5599 qui
1600 5532 1653 5584 in
1679 5531 1918 5585 doctrina

328 5627 484 5667 sana.
518 5629 621 5668 non
652 5616 821 5669 solum
864 5614 961 5670 sibi
1006 5619 1096 5671 sed
1140 5628 1188 5674 et
1214 5620 1332 5673 aliis
1358 5623 1518 5674 eciam
1544 5622 1780 5677 laborare
1804 5633 1915 5677 stu-

330 5706 445 5760 det.
472 5710 942 5781 quantulacumque
971 5711 1114 5781 potui
1142 5714 1396 5783 facultate
1436 5715 1679 5771 disserui.
1736 5716 1918 5789 Expli-

333 5801 405 5855 cit
429 5812 641 5873 quartus
666 5806 731 5863 de
759 5806 998 5865 (taurina
1028 5806 1321 5865 Christiana
1347 5810 1479 5867 beati
1510 5812 1788 5886 Augustini
1808 5815 1919 5886 epi-

333 5910 494 5955 .601".

2022 4785 2472 4839 recomendatione
2500 4782 2664 4854 hujus
2688 4782 2873 4854 famosi
2900 4782 3070 4851 operis
3093 4782 3195 4834 sive
3210 4778 3370 4833 libelli
3396 4797 3606 4851 sequen-

2026 4878 2111 4932 tis.
2147 4877 2210 4931 de
2236 4887 2347 4931 arte
2375 4876 2675 4947 predicandi
2718 4874 2777 4930 S.
2812 4891 2931 4945 aug.
2979 4872 3242 4927 Volumen
3285 4874 3603 4942 impressum

2025 4981 2107 5028 est
2139 4973 2280 5026 loliis
2328 4970 2388 5025 21
2426 4972 2741 5025 charactere
2771 4969 3004 5025 Gothico
3038 4967 3276 5031 minuto,
3329 4966 3525 5020 obtuso
3556 4977 3607 5025 et

2027 5063 2199 5119 oculis
2226 5062 2439 5133 ingrato
2486 5062 2644 5117 lineis
2670 5062 2830 5129 latis,
2877 5075 3106 5131 quarum
3154 5058 3221 5114 '59
3251 5058 3500 5129 paginam
3533 5061 3608 5111 fn-

2024 5158 2195 5213 ciunt.
2257 5158 2467 5212 Absunt
2529 5171 2659 5212 vero
2718 5170 2909 5210 omnes
2956 5154 3344 5224 cujuscumque
3390 5155 3609 5222 generis

2024 5252 2333 5306 chartarum
2376 5259 2433 5305 et
2464 5249 2777 5320 paginarum
2824 5255 2990 5302 notae.
3021 5245 3201 5301 Prima
3233 5254 3394 5315 atque
3421 5246 3608 5298 ultima

2023 5347 2218 5417 pagina
2269 5345 2425 5399 nudae
2471 5354 2596 5398 sunt
2625 5343 2827 5398 relictae
2874 5351 3036 5412 atque
3079 5342 3306 5397 seorsim
3356 5339 3609 5408 adjicitur

2024 5440 2231 5495 duabus
2278 5439 2506 5509 plagulis
2548 5452 2729 5491 rerum
2778 5436 3095 5491 notabilium
3136 5435 3295 5491 index
3338 5436 3475 5490 bene
3526 5434 3607 5487 in-

2023 5543 2281 5589 structus.
2346 5532 2603 5601 Dirigitur
2648 5531 2903 5586 nimirum
2946 5531 3098 5600 juxta
3138 5530 3386 5597 litteras,
3414 5530 3608 5599 quibus

2023 5627 2201 5682 omnis
2232 5637 2430 5691 textus,
2460 5626 2755 5679 continuus
2782 5625 3131 5695 ceteroquin,
3161 5624 3214 5679 in
3248 5625 3502 5693 plurimas
3524 5640 3606 5679 sc-

2022 5718 2236 5774 ctiones
2262 5719 2412 5786 juxta
2445 5717 2719 5787 alplinbeti
2750 5718 2993 5774 ordinem
3031 5716 3268 5787 (A-LL.)
3296 5726 3380 5771 est
3409 5717 3605 5772 descri-

2023 5821 2167 5883 ptus,
2203 5812 2275 5866 ita
2305 5811 2522 5882 quidem
2545 5854 2559 5877 ,
2590 5820 2651 5867 ut
2678 5812 2872 5867 mediis
2903 5813 3065 5867 lineis
3090 5810 3160 5865 ab
3189 5812 3343 5866 initio
3370 5814 3604 5881 particu—

2021 5907 2089 5966 lae
2118 5907 2357 5971 cujusvis
2385 5922 2464 5965 ete
2490 5907 2597 5965 sint
2626 5909 2861 5965 insertae.
2905 5906 3170 5975 Quocirca
3199 5906 3317 5975 ipse
3349 5905 3523 5963 editor
3552 5904 3604 5961 in
