4010 6350
465 391 562 448 151

1358 380 1911 442 SUPPLEMENTUM
1953 382 2042 435 AD
2080 362 2308 437 opaea
2348 384 2405 438 s.
2453 383 2835 440 AUGUSTINI.
3615 396 3709 453 ,δε

463 507 815 579 praefatione:
862 504 1183 558 Intermixta:
1229 511 1377 566 sunt,
1421 502 1612 567 inquit,
1664 498 1806 570 operi
1850 496 2035 550 titterte
2062 494 2258 552 Adem
2300 496 2573 562 editionis,
2621 496 2783 563 priori
2824 495 3006 557 valde,
3056 510 3155 551 nec
3209 506 3387 552 tamen
3419 514 3513 568 per
3539 512 3703 565 omnia

462 598 756 669 majusculaz
798 607 901 649 tam
942 594 1197 661 simplices
1238 609 1393 663 quam
1420 592 1715 660 duplicattc.
1749 588 2036 642 deserviunt

462 705 554 758 pro
581 689 812 760 ejusdem
841 686 1003 740 libelli
1032 684 1207 739 tabula
1241 683 1578 755 alphabetica.
1609 682 1660 735 in
1682 683 1788 750 ﬁne
1807 683 1917 753 ejus
1943 697 2034 750 po-

460 782 575 834 sita.
599 794 713 850 quin
740 778 915 831 tabula
942 777 1008 831 ad
1029 778 1230 830 easdem
1260 778 1455 830 litteras
1481 774 1691 827 remittit
1722 788 1811 843 per
1834 771 2035 840 singula

459 882 666 941 puncta.
728 868 794 923 Et
825 870 1036 938 quisque
1066 870 1149 922 cui
1178 868 1443 939 placuerit.
1476 866 1662 935 poterit
1700 881 1786 917 eas
1815 863 2035 933 faciliter

458 981 613 1017 manu
644 981 737 1017 sua
768 980 857 1029 per
888 980 1123 1029 pennam.
1161 961 1321 1014 eciam
1350 962 1404 1013 in
1445 960 1753 1028 marginibus
1784 958 1927 1027 nigro
1957 954 2033 1008 vel

456 1058 656 1111 rubrica
687 1058 856 1110 colore
900 1058 1132 1126 signare.
1183 1054 1609 1126 correspondetur
1639 1051 1706 1103 ad
1738 1054 1861 1103 istas
1897 1051 2033 1101 intra

456 1150 681 1202 litteram
728 1150 947 1218 positas.
990 1148 1127 1215 quod
1157 1163 1260 1201 non
1302 1161 1487 1217 parum
1512 1144 1637 1197 utile
1663 1143 1772 1195 erit.
1809 1141 1930 1209 quia
1963 1140 2034 1191 ci-

455 1241 566 1293 cius
611 1240 665 1292 in
714 1240 951 1305 margine
982 1238 1164 1306 positae
1205 1244 1471 1290 occurrent
1513 1232 1774 1302 querenti.
1822 1229 1892 1283 Et
1935 1231 2030 1283 sic.

455 1347 545 1402 per
565 1330 865 1384 remisiones
897 1329 1081 1383 tabulae
1105 1330 1174 1382 ad
1199 1329 1337 1399 ipsas
1361 1326 1565 1381 easdem
1596 1324 1810 1377 litteras.
1847 1337 2033 1374 unum-

455 1424 686 1493 quodque
714 1438 777 1476 ex
805 1423 900 1476 hoc
928 1422 1102 1476 libello
1128 1430 1499 1476 contentorum.
1529 1418 1598 1470 ad
1622 1426 1735 1470 vota
1769 1433 1885 1469 cum
1918 1416 2034 1484 pla-

454 1515 633 1567 cuerit.
689 1515 788 1566 cito
837 1515 1059 1585 potuerit
1107 1514 1341 1582 reperiri.
1391 1511 1658 1567 Caeterum
1701 1518 1922 1580 experta
1951 1519 2033 1563 est

454 1604 570 1660 haec
596 1605 763 1659 editio
793 1604 1124 1674 diligentiam
1155 1604 1656 1674 bibliographorum
1687 1605 2031 1657 doctissimo-

462 1712 582 1750 rum
614 1697 683 1750 cl.
717 1695 925 1750 Morelli
951 1696 1003 1749 in
1032 1693 1170 1748 Bibl.
1202 1693 1397 1748 Pinell.
1425 1695 1489 1749 T.
1525 1696 1561 1747 Ι.
1592 1709 1647 1762 p.
1679 1695 1770 1759 87,
1799 1708 1945 1764 sqq.,
1977 1701 2033 1748 et

456 1784 668 1840 Placidi
695 1786 875 1841 Braun
904 1788 956 1840 in
987 1785 1190 1840 Notitia
1222 1784 1359 1840 Hist.
1396 1785 1516 1840 Litt.
1554 1785 1675 1840 libr.
1703 1786 1766 1839 ab
1804 1787 1931 1839 artis
1953 1796 2032 1855 ty-

2140 589 2353 641 similis.
2386 617 2455 628 —
2504 588 2758 642 Testatur
2790 603 2848 641 se
2876 588 3073 641 vidisse
3102 588 3240 656 apud
3269 589 3497 645 amicum
3528 612 3704 662 quem-

2137 679 2259 731 dam
2294 677 2545 745 Morellus
2574 678 2609 730 l.
2651 694 2691 744 ι,
2728 692 2779 746 p.
2819 678 2874 741 9,
2905 689 3063 747 atque
3095 678 3146 731 in
3182 678 3502 736 bibliotheca
3536 686 3705 743 Canon

2138 768 2392 837 Regular.
2424 769 2803 824 Rottenbuchii
2842 770 3199 836 deprehendit
3228 768 3308 823 Cl.
3336 768 3557 828 Ger/wh.
3582 777 3701 831 Stei-

2142 860 2417 935 genberger
2442 862 2496 915 in
2530 872 2597 915 tr.
2628 861 2693 914 ῦὸ
2718 862 2800 914 die
2821 877 2926 914 zwo
2953 862 3293 915 alleraelteste
3315 865 3459 931 gedr.
3484 867 3710 927 deutsche

2137 957 2339 1010 Bibeln.
2375 946 2613 1027 (liliiuch.
2663 951 2820 1021 1⁸787,
2854 954 3055 1024 ξιτ-Ρ),
3087 970 3138 1022 p.
3175 954 3264 1007 48.

2206 1049 2348 1101 Suec.
2381 1046 2521 1099 XVI;
2546 1075 2615 1085 -—-
2649 1045 2802 1097 1527.
2846 1045 3092 1102 Coloniw.
3135 1044 3278 1111 apud
3306 1042 3561 1099 Heronem
3599 1051 3710 1103 Αιο.

2139 1140 2340 1207 pecium
2388 1140 2405 1209 (
2434 1138 2681 1205 impensis
2721 1135 2931 1205 Godefr.
2973 1134 3224 1203 Hittorpii
3250 1135 3292 1204 ),
3323 1152 3492 1190 mense
3526 1137 3662 1194 Julia
3691 1160 3708 1207 ,-

2136 1231 2296 1285 ἔνι-δ’.
2326 1230 2391 1284 D.
2419 1230 2552 1284 Aur.
2577 1230 2715 1300 Aug.
2740 1229 2807 1283 de
2838 1224 3091 1283 Doctrina
3116 1227 3417 1283 Christiana
3447 1231 3560 1286 libri
3591 1251 3711 1303 qua-

2138 1333 2283 1388 tuor,
2320 1323 2569 1376 omnibus
2601 1337 2810 1375 sacram
2854 1323 3181 1389 scripturam
3217 1322 3303 1375 vel
3355 1332 3499 1377 recte
3528 1325 3711 1380 intelli-

2135 1430 2287 1484 gere,
2343 1415 2425 1467 vel
2486 1415 2763 1469 l‘ruetuose
2798 1415 2996 1483 popqu
3050 1429 3353 1484 proponere
3386 1418 3708 1488 volentibus,

2136 1522 2391 1577 perquam
2416 1518 2471 1561 et
2498 1508 2656 1562 utiles
2686 1515 2741 1561 et
2768 1508 3076 1561 necessarii.
3582 1558 3587 1563 .

2209 1598 2369 1651 1554.
2410 1596 2652 1655 Venetiis.
2690 1615 2776 1662 per
2801 1595 2925 1651 Joa.
2961 1596 3277 1652 Patauinum
3312 1610 3360 1653 et
3387 1598 3710 1655 Yenturinum

2137 1689 2203 1741 de
2232 1689 2513 1758 Ruﬁnellis
2535 1706 2550 1754 ;
2576 1689 2736 1743 iit-8'.
2771 1688 2831 1742 D.
2862 1693 2991 1746 Aur.
3025 1689 3162 1759 Aug.
3192 1690 3258 1743 de
3292 1690 3542 1745 Doctrina
3569 1694 3710 1749 Chri-

2137 1783 2311 1837 stiana
2343 1783 2460 1835 libri
2496 1781 2584 1844 ιν,
2611 1791 2739 1845 etc.,
2777 1793 2830 1834 ut
2859 1783 2907 1834 in
2936 1782 3282 1851 prmcedenti.

452 1896 599 1952 pagr.
628 1870 916 1934 inventione
944 1880 1013 1934 ad
1038 1895 1089 1932 a.
1122 1877 1260 1933 1479
1290 1880 1523 1947 impress.
1546 1879 1599 1932 in
1618 1876 1758 1932 Bibl.
1800 1876 2027 1932 Monast.
2058 1866 2111 1928 Β
2209 1874 2335 1930 Sine
2355 1890 2514 1927 anno.
2534 1874 3022 1929 Coloniw.in-8°.S.
3041 1875 3373 1942 Augustinus
3389 1874 3456 1928 de
3472 1875 3709 1931 Doctrina

453 1973 521 2026 ad
551 1972 613 2029 S.
649 1972 833 2027 Udalr.
868 1983 913 2027 et
940 1974 1122 2043 Afrum
1150 1974 1283 2041 Aug.
1322 1972 1477 2025 Vind.
1513 1988 1565 2039 p.
1599 1975 1651 2027 5.

520 2094 589 2106 -
611 2063 920 2137 [Moguntina
950 2082 1041 2129 per
1065 2063 1153 2118 Jo.
1187 2063 1337 2119 Fust.
1362 2064 1380 2135 ]
1412 2064 1591 2135 iit-fol.
1618 2064 1762 2119 Idem
1799 2065 1936 2120 liber
1966 2078 2031 2119 ex

453 2156 779 2225 przecedenti
821 2155 1057 2210 editione
1098 2155 1328 2210 ﬁdeliter
1375 2169 1695 2225 expressus,
1730 2156 1867 2209 adeo
1895 2156 2028 2209 utin

454 2248 865 2317 prmmonitione
896 2248 1241 2315 impresseris
1272 2258 1474 2301 tantum
1524 2262 1718 2303 nomen
1769 2254 2029 2302 mutatum

452 2338 522 2392 sit
551 2348 709 2405 atque
732 2339 819 2393 hic
848 2340 1081 2408 legatur:
1115 2338 1347 2393 Discreto
1377 2338 1487 2393 viro
1511 2338 1741 2394 Iohanni
1780 2337 1919 2394 Fust
1944 2342 2030 2393 in-

451 2431 559 2483 cole
578 2431 957 2501 moguntinensi
977 2431 1305 2501 impressorio
1321 2431 1447 2484 artis
1474 2447 1640 2502 nigro.
1670 2433 1835 2485 modis
1864 2432 2030 2486 omni-

452 2521 541 2576 bus
570 2524 819 2594 persuasi,
849 2534 955 2579 etc.
988 2524 1253 2579 Cteterum
1282 2533 1490 2579 constat
1529 2523 1631 2579 hoc
1667 2525 1916 2579 volumen
1950 2524 2031 2577 fo-

449 2616 536 2670 liis
585 2616 673 2683 22,
716 2633 947 2686 quorum
976 2618 1084 2672 duo
1134 2620 1315 2687 priora
1356 2627 1586 2687 occupat
1615 2617 1884 2687 praefatio,
1935 2617 2031 2671 de-

448 2706 575 2763 hinc
618 2718 800 2763 textus
821 2709 1166 2779 protenditur
1206 2710 1273 2764 ad
1320 2710 1551 2763 medium
1581 2708 1765 2762 folium
1800 2709 1885 2773 l7,
1915 2717 2030 2762 tan-

448 2802 569 2857 dem
602 2803 780 2857 tabula
809 2804 1153 2858 materiarum
1188 2803 1450 2873 sequitur,
1482 2811 1755 2872 postremo
1797 2794 2029 2872 denique

448 2894 593 2949 foliis
620 2894 852 2963 duobus,
877 2895 1048 2948 altero
1077 2910 1293 2958 aversa,
1344 2894 1519 2949 altero
1570 2894 1793 2948 adversa
1836 2894 2025 2962 pagina

446 2988 724 3057 impressis
752 2987 1019 3043 tractatuli
1037 2986 1143 3040 duo
1168 3002 1183 3039 :
1212 2986 1288 3040 De
1323 2986 1481 3040 tribus
1506 2986 1765 3057 precipuis
1792 2988 2028 3055 operibus

446 3080 814 3152 predicatoris,
846 3088 903 3135 et
952 3080 1027 3133 De
1072 3081 1235 3134 tribus
1273 3079 1544 3150 generibus
1578 3079 1801 3145 dicendi,
1844 3080 2027 3150 quibus

446 3172 521 3224 uti
544 3170 687 3225 debet
725 3172 1018 3240 predicator
1044 3171 1320 3226 claudunt.
1351 3171 1508 3225 Plura
1539 3170 1659 3226 vide
1688 3170 1829 3240 apud
1852 3170 2027 3225 Debu-

446 3265 582 3317 rium
608 3264 661 3317 in
685 3262 798 3318 om.
822 3261 960 3316 Bibl.
989 3261 1124 3316 Duc.
1158 3264 1221 3316 de
1251 3264 1301 3316 la
1334 3242 1454 3317 Vati
1487 3263 1549 3317 T.
1579 3263 1623 3325 ι,
1655 3279 1708 3331 ῃ.
1741 3264 1864 3317 m.
1896 3247 2024 3318 bbi-
2052 3240 2099 3304 C

447 3365 529 3410 ter
556 3355 804 3411 eumdem
830 3364 1220 3410 commemorat
1258 3352 1373 3408 Cat.
1403 3353 1540 3407 Bibl.
1573 3354 1771 3409 Bunav.
1794 3354 1876 3408 Cl.
1912 3355 2023 3409 Me-

446 3449 629 3501 moires
650 3446 714 3501 de
745 3446 978 3501 Trévoua:
998 3444 1299 3509 1765,.Iuin
1325 3463 1376 3515 p.
1410 3447 1568 3514 1454,
1593 3457 1647 3503 et
1675 3448 1746 3501 el.
1776 3447 2020 3519 Steigen-

448 3539 622 3608 berger
653 3539 690 3591 l.
723 3539 761 3592 l.
793 3554 844 3606 p.
881 3536 972 3590 47.
1001 3537 1151 3604 Quod
1184 3548 1396 3592 aetatem
1430 3537 1588 3607 hujus
1628 3546 1683 3593 et
1729 3538 2022 3606 superioris

447 3630 701 3685 editionis
746 3631 960 3695 attinet,
1002 3630 1236 3684 Deburio
1288 3630 1397 3699 jam
1452 3630 1883 3685 animadversum
1915 3640 2018 3693 est,

449 3718 723 3774 Fastinam
750 3721 835 3775 vel
866 3720 983 3790 ipso
1006 3736 1146 3775 anno
1177 3719 1337 3788 M66,
1366 3721 1451 3777 vel
1486 3732 1611 3776 ante
1647 3737 1770 3776 eum
1801 3737 2022 3790 expres-

448 3827 559 3867 sam
599 3828 719 3868 esse
765 3814 1034 3879 debuisse,
1091 3815 1342 3883 quoniam
1385 3824 1719 3884 compertum
1776 3824 1879 3882 est,
1930 3815 2019 3869 Jo.

448 3904 667 3960 Fustum
694 3914 817 3976 post
842 3906 983 3962 hunc
1012 3923 1208 3962 annum
1231 3918 1400 3963 artem
1448 3922 1599 3963 suam
1631 3924 1885 3964 exercere
1930 3909 2023 3963 de-

447 3999 624 4054 siisse.
655 4001 782 4056 Utra
815 4015 947 4056 vero
995 4001 1267 4069 antiquior
1292 4003 1390 4067 sit,
1425 4001 1559 4069 haec,
1588 4018 1653 4056 an
1687 4005 2020 4071 Argentora-

448 4094 635 4156 tensis,
669 4091 736 4145 de
758 4107 824 4147 eo
852 4092 1056 4146 dubitat
1095 4092 1364 4158 Morellus,
1407 4094 1587 4147 minus
1614 4093 1833 4163 ambigit
1863 4092 2018 4147 Gerh.

451 4183 858 4256 Steigenberger,
877 4184 1255 4253 Argentinensi
1277 4186 1506 4254 primum
1539 4184 1714 4239 locum
1745 4185 2023 4254 assignare

450 4275 721 4337 inductus,
751 4277 998 4343 primum,
1027 4286 1345 4346 argumento
1361 4277 1587 4331 duorum
1615 4277 2020 4347 epusculorum,

451 4370 648 4439 quibus
680 4372 981 4441 Moguntina
1016 4373 1394 4441 Argentinensi
1422 4381 1506 4427 cst
1531 4370 1873 4440 locupletior,
1904 4385 2023 4440 quae

448 4463 663 4532 quidem
730 4464 798 4519 de
845 4479 986 4519 novo
1039 4467 1215 4533 potius
1274 4465 1351 4519 illi
1404 4462 1717 4529 accessisse,
1766 4478 1924 4533 quam
1968 4463 2023 4517 in

451 4554 548 4609 hac
580 4554 744 4610 fuisse
784 4555 979 4610 omissa
1009 4566 1227 4621 censet;
1260 4554 1456 4609 deinde
1484 4556 1667 4620 etiam,
1700 4555 1840 4621 quod
1889 4570 2025 4623 prae-
2046 4582 2069 4623 λ

450 4646 579 4701 fatio
606 4647 931 4716 Moguntina:
987 4658 1221 4717 quatuor
1250 4647 1427 4711 lineis,
1464 4661 1584 4716 quae
1630 4660 1765 4700 nova
1793 4655 1876 4700 est
1905 4646 2022 4715 ejus
2046 4613 2104 4677 Β

446 4739 771 4804 observatio,
814 4740 886 4793 sit
912 4738 1193 4808 prolixior.
1232 4737 1436 4804 Quibus
1487 4736 1732 4792 addimus
1782 4738 2019 4805 tertium,

446 4829 589 4898 quod
620 4830 836 4895 littere,
858 4830 1051 4899 quibus
1081 4840 1260 4883 textus
1287 4827 1625 4882 insectiones
1650 4827 2020 4897 distinguitur,

447 4923 498 4977 in
528 4924 833 4994 Moguntina
860 4938 971 4978 non
993 4924 1103 4992 jam
1126 4921 1320 4976 mediis
1354 4920 1510 4976 lineis
1538 4920 1816 4989 inspersae,
1844 4923 1937 4975 sed
1967 4923 2019 4975 in

446 5018 684 5087 margine
712 5015 956 5071 interiori
997 5014 1274 5069 collocatae
1310 5014 1727 5082 conspiciantur,
1758 5030 1865 5084 quo
1892 5015 2023 5069 arti-

446 5109 548 5163 ﬁcii
575 5109 803 5179 aliquem
835 5120 1178 5177 progressum
1208 5120 1503 5173 agnoscere
1522 5105 1651 5159 mihi
1676 5106 1878 5161 videor.
1898 5106 2018 5162 Jam

446 5214 575 5253 vero
600 5197 895 5268 Optaverim
920 5238 935 5263 ,
983 5205 1040 5250 ut
1066 5195 1149 5249 vir
1177 5195 1370 5250 doctus
1416 5196 1627 5267 aliquis,
1668 5198 1753 5252 cui
1783 5196 2020 5254 Festina:

445 5291 701 5345 editionis
732 5292 798 5345 sit
828 5290 1006 5357 copia,
1056 5288 1420 5357 praelationem
1464 5290 1718 5356 excutiat,
1754 5291 2022 5346 animum-

445 5400 547 5452 que
572 5381 814 5437 intendat
834 5378 899 5432 ad
928 5378 1052 5443 hoc,
1086 5394 1211 5433 num
1236 5378 1425 5434 iisdem
1454 5380 1718 5434 verbisibi
1749 5381 2017 5451 legantur,

445 5493 564 5545 quae
592 5477 642 5529 in
675 5472 1054 5544 Argentinensi
1082 5472 1150 5527 de
1187 5472 1380 5528 litteris
1417 5472 1526 5527 illis
1550 5472 1759 5529 calamo
1788 5474 1840 5527 in
1878 5488 2022 5528 mar-

445 5573 565 5638 gine
594 5568 801 5637 privato
825 5567 1003 5649 studio
1032 5566 1314 5635 pingendis
1345 5575 1503 5620 erant
1528 5566 1755 5620 monita.
1782 5566 1934 5631 Quod
1974 5567 2021 5619 si

340 5653 345 5658 ’
447 5660 793 5716 nihilominus
825 5660 1020 5713 factum
1062 5669 1385 5730 cognoscet,
1412 5661 1739 5729 negligentia
1774 5658 1825 5713 in
1868 5660 2021 5715 istius

448 5756 704 5825 temporis
725 5754 1049 5808 editionibus
1072 5769 1175 5808 non
1197 5755 1333 5808 adeo
1357 5769 1475 5808 rara
1497 5753 1758 5831 accidisse
1785 5762 2016 5821 oportet.

516 5874 589 5887 —
613 5844 838 5910 Ibidem,
861 5862 955 5911 per
980 5848 1208 5901 eumdem
1238 5863 1257 5912 ;
1302 5844 1480 5914 in-fol.
1514 5844 1655 5900 Idem
1700 5844 1836 5900 liber
1879 5846 2021 5914 ejus-

2137 1968 2460 2023 CltriStiana.
2492 1964 2607 2021 Cat.
2635 1965 2771 2020 Bibl.
2809 1966 2868 2021 S.
2904 1967 3035 2038 Aug.
3067 1968 3134 2019 ad
3154 1965 3354 2020 Nidum
3385 1967 3620 2040 Neapoli.

2208 2052 2349 2114 SAac.
2382 2058 2543 2112 XVII.
2573 2086 2643 2097 ——
2677 2057 2833 2111 1601.
2890 2058 3206 2128 Antuerpite,
3258 2058 3425 2113 in-8'.
3478 2058 3709 2117 Laudant

2136 2153 2508 2210 Colonienses.

2208 2247 2780 2315 lﬁOLWittembcrga’,
2806 2244 3309 2315 typisCratonianis;
3332 2246 3573 2301 in-8'.S.
3590 2247 3709 2300 Aur.

2136 2342 2425 2410 Augustini
2456 2340 2523 2394 de
2545 2340 2799 2392 Doctrina
2820 2337 3125 2391 Christiana
3153 2337 3293 2391 LIV.
3320 2336 3410 2391 Cl.
3442 2337 3589 2406 praef.
3604 2338 3709 2392 Sal.

2136 2433 2372 2488 Gesneri.
2399 2430 2483 2486 Cf.
2516 2430 2592 2483 Μ.
2622 2430 2757 2483 Bibl.
2786 2427 2986 2483 Eccles.
3024 2428 3206 2482 Colon.
3235 2428 3345 2483 Cat.
3389 2427 3521 2481 Bibl.
3550 2427 3709 2481 Thott.

2207 2523 2366 2580 1629.
2399 2522 2749 2586 Helmstadii;
2792 2523 2843 2574 in
2876 2522 3141 2573 academia
3167 2518 3336 2581 Julia,
3384 2520 3711 2592 typographeo

2134 2627 2306 2672 autem
2332 2617 2615 2679 Calixtino,
2647 2614 2852 2669 excudit
2885 2614 3191 2685 Henningus
3220 2612 3535 2675 Mullerus;
3572 2612 3705 2665 iit-8'.

2134 2713 2318 2768 Sancti
2350 2712 2522 2765 Patris
2544 2720 2597 2764 et
2624 2709 2873 2763 Doctoris
2896 2707 3097 2761 Aurelii
3118 2707 3435 2775 Augustini,
3460 2720 3544 2774 ep.
3569 2705 3699 2773 llipp.

2132 2808 2202 2861 de
2231 2806 2483 2860 Doctrina
2515 2802 2817 2858 Christiana
2846 2801 2965 2855 libri
2992 2800 3079 2865 IV,
3114 2801 3183 2855 de
3210 2798 3343 2853 Fide
3383 2810 3435 2853 et
3468 2798 3697 2869 Symbolo

2132 2897 2274 2954 liber
2317 2913 2503 2953 unus:
2556 2895 2824 2951 Vincentii
2868 2894 3178 2949 Lerinensis
3220 2894 3695 2948 commonitorium.

2134 2990 2386 3060 Georgius
2408 2989 2643 3042 Calixtus
2671 2989 2946 3042 recensuit
2973 2995 3029 3040 et
3055 2985 3247 3041 edidit.
3276 3015 3352 3026 —
3371 2994 3375 2999 '
3393 2984 3700 3040 Laudatissi-

2133 3099 2254 3137 mus
2285 3082 2377 3137 ille
2399 3081 2681 3151 theologus
2701 3095 2824 3135 cum
2853 3079 2991 3134 lorte
3021 3080 3333 3146 occasione,
3370 3096 3528 3150 quam
3555 3094 3700 3134 recu-

2131 3188 2256 3228 sare
2283 3188 2427 3243 aegre
2455 3180 2684 3241 poterat,
2720 3172 2821 3225 sibi
2849 3171 3030 3226 oblata
3061 3181 3217 3241 typos
3246 3171 3471 3227 Graecos
3498 3183 3550 3227 et
3571 3170 3701 3226 Lati-

2131 3284 2231 3324 nos
2261 3285 2361 3323 una
2385 3283 2506 3323 cum
2536 3269 2686 3336 prelo
2716 3274 2771 3321 et
2807 3266 3030 3336 reliquis
3062 3266 3129 3321 ad
3158 3267 3288 3321 artis
3317 3264 3701 3338 typograpthaa

2130 3358 2447 3414 exercitium
2477 3359 2799 3413 necessariis
2826 3357 2993 3411 armis
3022 3358 3275 3424 emisset,
3320 3359 3523 3427 justam
3567 3356 3701 3412 domi

2127 3451 2398 3506 olticinam
2426 3450 2776 3514 instruxerat,
2794 3465 2859 3504 ex
2881 3464 2983 3519 qua
3006 3458 3061 3505 et
3084 3451 3316 3519 prepriae
3344 3447 3702 3505 delectationis

2128 3553 2185 3598 et
2212 3560 2240 3597 a
2270 3541 2571 3597 serioribus
2612 3538 2803 3594 studiis
2835 3540 3179 3594 relaxationis
3213 3555 3376 3595 causa
3420 3550 3472 3596 et
3516 3542 3563 3595 in
3592 3549 3701 3594 stu-

2128 3635 2431 3697 diosorum,
2462 3634 2659 3701 quibus
2686 3640 2907 3701 angusta
2955 3632 3097 3686 domi
3131 3647 3217 3687 res
3261 3640 3432 3698 esset,
3464 3635 3701 3703 gratiam,

2129 3734 2403 3779 annuente
2430 3724 2671 3793 principe
2720 3722 3131 3787 Brunovicensi,
3158 3726 3467 3792 complures
3506 3725 3573 3778 ab
3612 3722 3703 3777 hoc
3770 3776 3773 3781 ,

2129 3818 2259 3873 inde
2282 3831 2424 3871 anno
2450 3817 2610 3871 utiles
2642 3815 2853 3869 libellos
2883 3816 3046 3884 inque
3081 3816 3144 3870 iis
3173 3818 3346 3884 prima
3383 3818 3495 3871 lucc
3538 3824 3704 3882 Augu-

2130 3910 2259 3964 stini
2284 3918 2339 3963 et
2372 3907 2636 3962 Vincentii
2667 3906 2939 3960 volumina
2972 3907 3116 3959 foras
3147 3907 3315 3961 dedit.
3349 3907 3466 3977 ipse
3493 3907 3704 3960 instituti

2131 4002 2291 4070 hujus
2330 4002 2596 4055 rationem
2630 4000 2681 4053 in
2709 3998 2937 4067 epistola
2980 3998 3062 4052 his
3091 4002 3367 4068 praemissa
3403 4001 3469 4053 ad
3502 3992 3702 4053 Petrum

2128 4095 2597 4149 Tuckermannum
2623 4093 2835 4165 (Theol.
2856 4093 3006 4146 Doct.
3040 4093 3187 4147 Aula:
3209 4102 3265 4148 et
3292 4093 3520 4147 Ditionis
3548 4093 3705 4146 Brun-

2130 4190 2392 4243 svicensis
2440 4187 3001 4253 protoecclesiaslicen
3030 4197 3083 4240 et
3111 4187 3236 4241 abb.
3284 4187 3704 4255 lliddagesliusa-
3738 4225 3741 4229 .

2130 4278 2284 4350 num)
2310 4280 2529 4333 uberius
2557 4278 2864 4346 explicavit.
2899 4278 3332 4344 Quodlibrorum
3365 4293 3491 4331 vero
3522 4276 3702 4329 borum

2129 4373 2467 4429 edendorum
2490 4370 3088 4435 concernitconsilium,
3114 4370 3181 4425 de
3209 4385 3274 4424 eo
3306 4371 3379 4423 ita
3402 4373 3451 4422 in
3474 4369 3704 4434 subjecto

2131 4467 2197 4520 ad
2233 4466 2488 4519 lectorem
2528 4464 2786 4532 prooemio
2818 4464 3094 4530 praecepit,
3130 4471 3189 4515 ut
3218 4463 3374 4515 simul
3408 4461 3702 4515 universam

2131 4572 2318 4613 eorum
2358 4556 2594 4610 indolem
2620 4564 2674 4609 et
2696 4553 3114 4623 descriptionem
3139 4553 3469 4623 patefaceret
3514 4563 3568 4606 et
3597 4553 3704 4603 lau-

2127 4650 2299 4705 daret.
2334 4650 2441 4705 Nec
2461 4664 2590 4703 vero
2620 4662 2813 4702 cavere
2840 4648 2940 4701 sibi
2966 4648 3160 4717 potuit,
3192 4648 3321 4718 quin
3344 4647 3486 4717 apud
3514 4644 3705 4700 multos

2128 4758 2257 4800 tunc
2288 4744 2545 4812 temporis
2593 4742 2857 4812 religiosm
2904 4741 3172 4809 opinionis
3212 4741 3460 4794 homines
3486 4740 3556 4793 ob
3590 4737 3705 4789 Vin-

2127 4839 2291 4894 eentii
2320 4838 2387 4892 de
2422 4837 2677 4892 Ecclesiae
2727 4836 3015 4890 traditione
3051 4836 3319 4906 dogmatis
3359 4831 3703 4889 commcnda-

2126 4930 2326 4984 tiooem
2358 4929 2501 4983 male
2532 4927 2930 4982 traduceretur.
2957 4926 3090 4981 Cum
3133 4926 3368 4995 reliquas
3416 4926 3616 4994 aliquot
3654 4925 3702 4975 in

2126 5024 2275 5076 calce
2313 5022 2432 5075 libri
2489 5020 2864 5089 superfuturas
2893 5029 3142 5076 cerneret
3186 5021 3444 5091 plagellas
3493 5016 3703 5071 Paciuni

2132 5110 2236 5180 Ep.
2267 5113 2332 5165 ad
2364 5110 2802 5180 Sympronianum
2839 5113 3050 5180 fratrem
3094 5112 3360 5183 epistolam
3399 5110 3599 5164 tertiam
3644 5106 3702 5159 iis

2127 5201 2425 5256 inscribere
2456 5202 2675 5270 placuit.

2202 5292 2359 5347 1645.
2386 5290 2453 5346 1η
2486 5291 2919 5355 νθηειὶα,ἱη-4⁰.
2953 5292 3013 5348 S.
3041 5292 3370 5363 Augustinus
3410 5294 3476 5345 de
3503 5291 3700 5345 Rheto-

2129 5388 2237 5441 rica
2266 5386 2629 5441 ecclesiastiea
2656 5387 2766 5458 (qui
2798 5400 2881 5441 est
2912 5387 3049 5440 liber
3072 5385 3136 5440 ιν
3169 5389 3235 5441 de
3270 5386 3521 5439 Doctrina
3548 5381 3700 5435 libri-

2129 5476 2344 5547 stiana).
2370 5476 2519 5532 Exst.
2541 5477 2594 5531 in
2616 5478 2797 5531 Autori
2821 5478 2906 5532 del
2927 5478 3019 5531 ben
3041 5478 3263 5547 portare,
3298 5476 3403 5530 vol.
3433 5474 3545 5539 Xll,
3566 5478 3696 5541 part.

2129 5571 2315 5638 ult.,p.
2340 5571 2427 5623 57.

2199 5660 2358 5714 1655.
2384 5660 2719 5723 Helmstadii,
2752 5676 2816 5713 ex
2839 5659 3340 5729 tnggr.Calixtino,
3379 5674 3531 5730 opera
3561 5656 3696 5710 Hen-

2126 5754 2265 5821 ningi
2299 5752 2531 5811 Mulleri,
2563 5750 2731 5805 ὄτι-4⁸.
2764 5754 2924 5806 «Aur.
2959 5757 3094 5823 Aug.
3125 5754 3195 5807 de
3224 5751 3473 5806 Doctrina
3500 5750 3693 5803 Christ.

2129 5846 2251 5899 libri
2276 5844 2365 5912 ιγ,
2389 5854 2493 5899 etc.
2528 5843 2628 5900 Ge.
2661 5844 2902 5901 Calixtus
2927 5850 3198 5902 recensuit
3223 5856 3276 5903 et
3301 5845 3486 5901 edidit.
3522 5842 3693 5896 Editio
