4010 6350
185 374 283 432 153

1087 375 1361 432 ΝΟΤΙΤΙΑ
1402 372 1927 431 [ΙΤΤΕΒΑΒΙΑηΙΝ
1966 377 2024 434 S.
2066 376 2530 441 AUGUSTINUM.

3343 394 3442 452 154

180 494 347 564 prima
367 491 566 561 prodiit
593 498 734 546 anno
753 489 1134 558 cloloCXXlX;
1157 508 1301 547 nunc
1328 493 1751 547 succeditaltera
1778 493 1833 553 Α
1856 490 1997 547 haud
2024 496 2313 552 inceleber.
2346 499 2454 553 Nec
2485 516 2569 554 me
2598 501 2732 572 fugit
2754 518 2947 561 nomen
2974 507 3094 577 ejus
3121 516 3437 566 ementitam

179 598 314 638 anno
330 583 633 639 cloIoCLV.
648 584 928 639 rAccessit
946 585 998 638 in
1025 585 1125 639 hac
1146 585 1311 639 altera
1338 585 1577 641 editione
1594 586 1750 639 titulo

179 677 434 731 Δώηοηὶιί
461 678 527 730 ad
567 677 806 733 lectorem
833 678 1127 747 diaputatio
1156 678 1354 736 Calixti
1388 681 1451 734 de
1493 680 1751 752 Symbolis

180 781 221 825 et
259 769 679 841 Confessionibus
708 782 932 825 veterum
963 771 1394 837 Christianorum,
1426 772 1513 826 cui
1544 780 1752 841 tempo-

177 879 286 917 rum
319 863 514 932 injuria
541 863 752 932 in~igne
781 864 998 932 aliquod
1041 874 1373 919 momentum
1404 865 1745 919 conciliabat.

238 956 372 1010 δερ.
432 955 908 1011 mut—1769.
957 956 1168 1028 Lipsitz,
1201 968 1403 1029 sumptu
1447 959 1535 1011 Jo.
1591 955 1747 1011 Frid.

178 1045 569 1119 Langenhemii;
598 1049 756 1104 iri-8°.
815 1048 946 1103 Aur.
997 1049 1305 1118 Augustini,
1347 1050 1505 1120 Hipp.
1551 1065 1639 1119 ep.
1678 1052 1749 1105 de

179 1138 419 1193 Doctrina
451 1140 758 1194 Christiana
819 1140 943 1194 libri
979 1141 1066 1205 IV,
1099 1158 1130 1196 e
1172 1142 1490 1196 recensione
1524 1140 1749 1196 Benedi-

177 1234 431 1284 ctiuorum
464 1246 496 1286 e
518 1233 938 1301 congregatione
955 1231 1016 1287 S.
1040 1232 1229 1286 Mauri.
1257 1232 1532 1287 Varletate
1564 1233 1749 1287 lecuio—

177 1341 292 1378 num
364 1324 1036 1393 animadversionibusque
1095 1324 1349 1379 brevibus
1406 1325 1745 1391 illustravit,

175 1427 325 1486 atque
349 1432 471 1472 cum
502 1417 819 1484 praefatione
839 1418 895 1474 S.
930 1418 994 1472 Β.
1040 1417 1166 1473 Joh.
1202 1416 1413 1471 Frider.
1446 1415 1745 1482 Bursa/teri,

174 1508 268 1563 Th.
298 1509 368 1564 D.
399 1521 443 1564 et
470 1508 539 1564 P.
571 1507 638 1563 Ρ.
670 1508 762 1575 0.,
794 1521 900 1565 etc.
931 1510 1098 1565 edidit
1123 1509 1253 1563 Joh.
1283 1508 1476 1563 Christ.
1511 1509 1745 1563 Beniam.

172 1601 412 1673 Tcegius,
454 1600 631 1657 Schol.
689 1602 1010 1672 Sangerhus.
1044 1599 1242 1671 Colleg.
1286 1598 1404 1653 III.
1438 1599 1609 1653 —-Ad
1639 1600 1752 1654 ele-

176 1696 404 1763 gantiam
434 1694 591 1763 hujus
624 1694 1001 1763 descriptionis
1038 1694 1247 1747 accedit
1279 1693 1505 1762 insignis
1532 1707 1560 1746 a
1585 1698 1745 1746 mun-

171 1785 297 1840 ditie
326 1786 525 1840 charta:
554 1801 617 1841 ac
660 1797 909 1857 typorum
951 1785 1371 1853 commendatio,
1401 1799 1523 1854 quae
1560 1793 1748 1855 optare

1855 600 1975 641 esse
2003 587 2303 643 versionem
2333 593 2512 659 aliam,
2548 608 2741 665 nempe
2770 597 2895 652 libri
2923 601 3093 670 spurii
3128 602 3443 672 Soliloquio-

1850 690 1988 741 runt,
2015 689 2072 733 ut
2110 688 2374 751 suspensio
2404 683 2505 738 hoc
2548 686 2702 754 signo
2733 704 2882 743 merx
2915 700 3061 746 esset
3091 693 3435 750 vendibilior.

1853 770 1959 827 Sed
1990 772 2150 841 hujus
2181 784 2368 829 auctor
2398 788 2496 831 nec
2521 778 2696 843 latuit,
2729 784 2833 836 nee
2856 783 3021 838 latere
3049 786 3239 851 voluit,
3274 787 3440 840 immo

1854 866 2223 934 maximopere
2264 868 2418 921 fama:
2468 870 2815 927 traducendis
2864 876 3101 943 pluribus
3155 878 3439 946 Augustini

1856 955 2008 1009 libris
2036 958 2258 1012 studuit.
2290 959 2550 1026 Quocirca
2576 963 2821 1031 equidem
2854 962 2921 1021 de
2950 978 3141 1024 errore
3164 968 3442 1026 confecto-

1859 1048 1937 1101 ris
1959 1046 2108 1119 Regii
2138 1049 2377 1121 Catalogi
2401 1052 2508 1120 jam
2540 1053 2632 1106 vix
2665 1054 2871 1110 dubito.

1926 1187 2296 1260 Cuntpendium
2347 1192 2605 1248 Doctrina:
2634 1194 2942 1252 Christianae
2970 1215 3033 1254 ea:
3060 1201 3339 1273 Augustini
3369 1204 3434 1257 li-

1856 1280 1960 1334 bris
1991 1291 2302 1351 excerptum
2352 1285 2523 1339 edidit
2556 1285 2751 1342 ΤΙιεοιί,
2802 1287 3105 1346 Bibliander
3154 1295 3436 1365 episcopo-

1855 1374 2126 1441 cellensis,
2160 1374 2340 1432 Theol.
2378 1377 2531 1448 Prof.
2564 1379 2870 1451 Tigurinus.
2899 1384 3066 1440 Basil.
3102 1387 3262 1452 1550,
3290 1390 3433 1445 in-8°

1854 1463 2042 1540 Lipen.
2072 1475 2126 1520 et
2155 1483 2225 1521 ex
2249 1483 2314 1522 eo
2347 1469 2698 1525 Colonienses.
2729 1472 2885 1527 Juxta
2931 1476 3151 1531 e0sdem
3184 1488 3432 1546 quartum

1856 1555 2014 1625 hujus
2037 1559 2218 1626 operis
2245 1559 2476 1625 librum,
2505 1562 2595 1629 qui
2617 1562 2681 1616 de
2701 1564 3006 1632 eloquentia
3037 1582 3189 1622 sacra
3219 1569 3439 1635 potissi—

1854 1663 2001 1703 mum
2045 1658 2270 1716 tractat,
2319 1652 2609 1722 diligenter
2638 1657 2913 1722 excussit,
2945 1658 3170 1729 ejusque
3213 1672 3437 1715 senten-

1856 1742 1983 1795 tiam
2016 1757 2123 1797 nou
2154 1743 2259 1797 alia
2287 1759 2406 1799 esse
2435 1746 2760 1816 eloquentiae
2792 1747 3112 1804 Christiana:
3146 1763 3432 1822 praecepta,

166 1830 297 1930 illi}?
327 1830 927 1948 ἶζῗιᾷἰῖἷτξζρὶῖιᾝὲξι-ᾟὲἐι
954 1830 1523 1934 ὶζέὲὶζίζῖὶτξεῖεξξῖ
1542 1830 1748 1933 iiii};
1775 1866 1827 1929 Β
1855 1849 2012 1937 “Pam
2036 1834 2245 1948 CM“?
2278 1836 2780 1948 P'“.’”’"s.?s'.l“i‘.‘
2806 1830 2985 1943 B“’."':
3013 1839 3212 1913 δέδετ’)
3241 1843 3433 1948 ἷ¹¹θ¹⁰’

169 1967 419 2022 Ecclesire
442 1962 767 2037 scriptorum
800 1971 1128 2040 exemplaria
1169 1970 1285 2040 pari
1325 1985 1455 2024 cura
1486 1972 1747 2026 instructa

171 2071 217 2113 et
260 2054 415 2130 :rque
473 2062 771 2117 luculenter
821 2074 1018 2119 excuSa
1081 2062 1289 2117 venalia
1364 2062 1745 2142 redderentur.

163 2152 467 2223 Theologus
495 2156 793 2226 Lipsiensis
818 2159 1171 2227 interpretem
1199 2156 1519 2223 susceptiab
1539 2156 1748 2212 editore

162 2250 363 2317 negotii
386 2264 572 2319 agens,
605 2251 778 2319 ipsum
808 2269 835 2305 a
868 2251 1130 2321 praefandi
1170 2250 1495 2305 necessitate
1535 2251 1747 2306 libera-

161 2342 254 2394 vit.
308 2342 538 2397 Secutus
571 2358 701 2398 vero
746 2353 832 2398 est
880 2343 1095 2417 Teegius
1127 2352 1333 2398 textum
1366 2343 1748 2399 Benedictino-

159 2448 278 2487 rum
310 2448 377 2487 ex
409 2437 777 2501 Antuerpiana
806 2433 999 2490 Clerici
1030 2436 1317 2490 iteratione
1342 2434 1670 2505 descriptum
1691 2442 1748 2490 et

160 2522 435 2577 varietate
487 2523 912 2579 Amerbachiana:
949 2534 1004 2580 et
1036 2523 1364 2580 Erasmiame
1409 2527 1535 2580 anni
1584 2526 1745 2591 1569,

160 2629 259 2669 nec
287 2632 394 2669 non
429 2617 713 2685 utriusque
744 2615 1191 2671 Helmstadiensis
1229 2626 1539 2673 mactatum.
1588 2618 1747 2673 Com-

160 2708 320 2763 mode
341 2709 505 2764 etiam
530 2706 719 2764 harum
741 2720 796 2765 et
830 2711 1189 2766 Benedictina:
1214 2708 1375 2766 simul
1410 2711 1746 2767 recensionis

158 2801 483 2869 partitiones
537 2801 769 2856 diversis
823 2804 1064 2857 numeris
1094 2813 1220 2855 sunt
1270 2817 1565 2872 expressas,
1597 2802 1748 2857 addi-

163 2902 354 2962 tusque
378 2903 463 2947 est
486 2894 647 2949 index
678 2909 783 2948 non
809 2890 1258 2949 contemnendus.

830 2987 1125 3043 Vers'iones.

229 3077 363 3133 Duae
394 3077 647 3134 Gallicae:
671 3078 927 3135 Colletetii
950 3080 1142 3144 altera,
1171 3080 1339 3136 altera
1372 3095 1400 3133 a
1432 3077 1745 3152 Villefortio,

166 3186 377 3241 unaque
407 3171 717 3227 Germanica
747 3174 1002 3230 ﬂedionis
1041 3175 1108 3229 de
1138 3188 1240 3246 qua
1274 3189 1437 3244 supra
1476 3176 1528 3230 in
1569 3173 1744 3229 Colle-

157 3263 412 3318 ctiom'bus
443 3266 657 3336 egimus.

238 3358 391 3413 l636.
428 3357 609 3423 Paris,
638 3358 761 3415 cites
786 3359 923 3414 Jean
966 3361 1233 3427 Camusat,
1278 3363 1451 3419 iri-{2.
1488 3383 1507 3416 ε
1538 3365 1612 3419 La
1643 3364 1750 3420 Do-

167 3451 337 3505 ctrine
362 3451 723 3507 Chrestienne
774 3456 841 3509 de
882 3454 940 3510 S.
988 3454 1273 3526 Augustin,
1326 3458 1537 3515 divisée
1581 3475 1647 3513 en
1681 3460 1749 3514 ιν

165 3542 349 3605 livres,
382 3558 516 3599 avec
546 3545 597 3599 Ie
625 3547 837 3601 manuel
861 3547 1082 3605 adresse
1107 3544 1138 3603 ὲ
1166 3550 1513 3617 Laurentius,
1554 3552 1604 3607 le
1632 3560 1751 3608 tout

167 3635 367 3689 traduit
391 3652 461 3691 en
488 3636 727 3704 franeois
759 3653 853 3707 par
884 3639 1184 3694 Guillaume
1212 3641 1453 3699 Colletet.
1494 3662 1513 3697 ι

236 3729 394 3784 1701.
420 3729 601 3801 Paris,
629 3732 756 3786 cites
791 3727 1114 3804 Jeba-Bapt.
1152 3732 1433 3805 Coignard,
1471 3736 1633 3798 ἔνι-8⁸,
1682 3732 1748 3791 II

167 3819 290 3875 υοιι.
330 3840 349 3874 ι
380 3822 481 3878 Les
529 3823 698 3879 livres
736 3824 803 3879 de
830 3825 879 3878 la
917 3825 1170 3880 Doctrine
1215 3826 1548 3884 Chrétienne
1576 3830 1645 3885 de
1684 3830 1745 3885 S.

170 3915 430 3983 Augustin
460 3924 516 3970 et
544 3916 624 3970 les
656 3916 819 3971 livres
839 3917 908 3971 de
924 3918 1132 3974 I‘Ordre
1149 3926 1205 3972 et
1228 3919 1299 3973 du
1332 3919 1491 3975 Libre
1507 3921 1743 3989 Arbitre,

171 4002 236 4056 du
271 4004 465 4059 meme.
497 4005 751 4060 Traduits
787 4023 855 4060 en
895 4008 1128 4076 fraiieois
1152 4024 1245 4063 sur
1274 4009 1321 4064 la
1354 4011 1602 4066 nouvelle
1628 4011 1746 4067 edi-

171 4094 277 4147 tion
300 4096 463 4152 latine
489 4096 585 4152 des
616 4097 719 4153 PP.
745 4099 1087 4155 Bénédictins
1109 4101 1176 4156 de
1200 4102 1247 4154 la
1273 4100 1664 4172 Congrégation
1679 4105 1748 4160 de

176 4186 227 4240 S.
258 4187 428 4243 Maur.
450 4208 469 4242 ι
504 4190 709 4246 Auctor
731 4202 818 4248 est
860 4194 957 4247 Dn.
1007 4193 1075 4249 de
1124 4192 1386 4260 Villefort,
1441 4195 1532 4265 qui
1561 4196 1747 4265 plures

178 4282 443 4350 Augustini
479 4284 647 4340 libros
690 4286 885 4358 insigni
916 4304 1037 4343 cum
1068 4288 1226 4343 laude
1252 4289 1305 4343 in
1345 4290 1580 4359 linguam
1621 4291 1748 4346 Gal-

180 4370 326 4427 licam
349 4378 643 4431 transtulit.
666 4378 739 4433 De
766 4380 1016 4445 praesenti
1043 4382 1185 4434 enim
1208 4380 1545 4436 traductione
1562 4393 1748 4437 aucto-

182 4476 262 4517 res
292 4462 460 4519 Diarii
492 4466 831 4521 Erudilorum
863 4469 1035 4524 Paris.
1071 4470 1228 4532 i702,
1261 4486 1316 4540 p.
1365 4472 1489 4538 195,
1535 4474 1614 4527 sic
1670 4481 1748 4528 te-

182 4562 414 4613 stantur:
450 4576 471 4610 ‹
502 4558 603 4613 Les
624 4559 877 4615 matieres
906 4576 1011 4629 que
1041 4561 1099 4617 S.
1133 4561 1392 4632 Augustin
1424 4567 1581 4619 traite
1608 4565 1746 4619 dans

184 4657 263 4699 ees
288 4650 415 4702 trois
441 4664 724 4720 ouvrages,
752 4663 807 4707 et
836 4653 1327 4721 particulierement
1352 4656 1485 4711 dans
1526 4657 1575 4712 le
1611 4658 1746 4713 livre
1770 4632 1825 4693 D

185 4735 243 4789 de
270 4737 496 4807 l’Ordre,
539 4741 690 4798 étant
718 4743 1029 4811 abstraites,
1065 4746 1128 4801 ils
1158 4746 1366 4803 étoient
1411 4748 1746 4806 tres-diffici-

186 4825 297 4882 ιεεή
326 4832 563 4888 traduire
588 4832 748 4890 d‘une
778 4836 1017 4893 inaniére
1045 4839 1359 4908 intelligible
1387 4851 1440 4896 et
1467 4841 1741 4907 agréable.

187 4916 305 4975 C‘est
331 4924 635 4992 cependant
658 4942 723 4981 ce
764 4944 868 4998 que
917 4928 996 4983 M.
1024 4931 1087 4984 de
1116 4930 1359 5003 Villefort
1388 4949 1417 4987 a
1445 4933 1558 4999 fait,
1583 4946 1745 5004 ayant

190 5013 356 5067 lrouvé
384 5015 430 5068 le
445 5031 637 5086 moyen
649 5058 664 5080 ,
682 5033 747 5071 en
764 5020 990 5075 rendant
1002 5034 1341 5078 exactement
1355 5024 1403 5080 le
1419 5039 1543 5080 sens
1559 5027 1627 5081 de
1642 5042 1740 5081 sou

186 5115 357 5158 anteur
376 5116 428 5162 et
458 5107 785 5164 s’attachant
808 5110 839 5164 ἠ
864 5112 913 5166 la
947 5114 1134 5181 pureté
1157 5114 1251 5169 des
1276 5124 1493 5181 termes,
1509 5116 1745 5187 d’égaler

186 5188 225 5243 la
253 5195 437 5253 beauté
461 5209 515 5253 et
537 5200 585 5253 la
612 5201 807 5260 liberté
827 5203 896 5257 de
914 5203 1243 5274 l’Original.i
1270 5207 1539 5265 Praeterea
1565 5220 1746 5266 tenen-

182 5283 294 5341 dum
322 5301 424 5358 est,
454 5300 741 5365 utrumque
769 5296 927 5367 hujus
951 5299 1214 5354 versionis
1235 5310 1435 5357 tomum
1463 5307 1623 5360 etiam
1653 5321 1741 5360 se-

179 5383 391 5442 paratim
422 5385 631 5451 haberi,
660 5388 819 5454 adeo.
846 5400 902 5445 ut
925 5391 993 5447 de
1018 5392 1264 5449 Doctrina
1296 5395 1599 5452 Christiana
1621 5399 1745 5455 libri

174 5465 258 5534 IV,
290 5472 522 5546 itemque
545 5478 747 5543 reliqua
768 5484 1025 5550 peculiari
1055 5485 1329 5543 volumine
1355 5498 1623 5545 constent.
1659 5491 1742 5547 Cf.

167 5560 279 5615 Cat.
312 5562 448 5623 Bibl.
478 5568 608 5641 Reg.
642 5570 819 5627 Paris.
852 5574 915 5633 Τ.
966 5575 1008 5641 l,
1055 5593 1108 5646 p.
1141 5579 1245 5634 579
1287 5596 1372 5650 sq.
1394 5620 1410 5647 ,
1455 5600 1510 5637 n.
1564 5584 1666 5639 724
1693 5595 1747 5639 et

164 5654 507 5717 727.Nescio
536 5679 689 5733 vero,
737 5665 862 5734 quid
907 5668 995 5733 sit,
1043 5684 1140 5723 cur
1184 5671 1379 5727 ibidem
1424 5675 1599 5729 versio
1631 5676 1746 5731 haec

157 5765 362 5807 nomen
392 5752 634 5828 Philippi
684 5756 922 5813 Goibaud
960 5761 1029 5814 du
1074 5762 1198 5817 Bois
1248 5764 1403 5821 ferat.
1465 5768 1661 5823 Fuerat
1699 5770 1745 5825 is

154 5845 474 5904 Academiae
501 5849 821 5908 Parisiensis
852 5855 1030 5910 socius
1060 5872 1203 5915 anno
1226 5858 1358 5916 l634
1387 5861 1498 5917 vita
1530 5863 1746 5923 functus

1853 1928 1994 1982 rices
2032 1928 2307 1997 quondam
2358 1930 2409 1982 in
2452 1929 2682 1999 collegio
2720 1930 3082 1987 Mazariniano
3133 1934 3434 2003 professor,

1850 2021 1904 2075 in
1949 2018 2228 2091 Jugemens
2275 2021 2368 2076 des
2425 2022 2656 2088 Spavans
2708 2040 2799 2077 sur
2846 2026 2919 2080 les
2964 2018 3187 2081 Auteurs
3232 2029 3320 2098 qui
3351 2038 3438 2081 ont

1849 2114 2003 2169 traité
2042 2114 2105 2168 de
2147 2113 2199 2167 la
2239 2114 2576 2182 Rhétorique.
2619 2115 2683 2169 T.
2732 2117 2812 2182 ll,
2854 2102 2909 2187 p.
2962 2117 3222 2174 115-155.
3263 2119 3435 2173 Paris.

1852 2207 2014 2272 1716,
2061 2223 2222 2277 quem
2271 2207 2469 2262 librum
2522 2208 2831 2264 indicarunt
2874 2209 3002 2263 Acta
3047 2208 3256 2264 Erudit.
3286 2208 3432 2281 Lips.

1850 2299 2013 2364 1721,
2044 2316 2096 2369 p.
2126 2298 2252 2353 257.

1875 2410 1973 2487 .XI
1986 2410 2122 2466 γ.-
2148 2414 2264 2481 (55)
2286 2414 2563 2484 Augustini
2583 2413 2980 2485 Confessionum
2998 2417 3117 2471 libri
3138 2420 3398 2473 tredecim.

1922 2528 2067 2584 Sac.
2099 2528 2216 2582 XV.
2239 2559 2311 2569 ——
2333 2531 2491 2586 M75.
2526 2527 2815 2589 Mediolani
2838 2572 2853 2595 ,
2904 2532 3077 2586 ἱη-ίίο.
3132 2532 3188 2588 S.
3234 2535 3437 2589 Aurelii

1850 2623 2137 2692 Augustini
2169 2624 2580 2679 Confessionum
2612 2626 2732 2680 libri
2764 2626 2900 2682 Xlll.
2944 2628 3081 2683 Folii
3127 2629 3301 2682 ultimi
3343 2644 3431 2697 pa-

1848 2716 1973 2784 gina
2001 2715 2225 2770 adversa
2258 2716 2507 2784 impressi
2540 2718 2793 2773 versiculi
2822 2735 2945 2774 cum
2980 2720 3423 2789 subscriptione:

1952 2851 2103 2909 Quam
2126 2850 2290 2899 laetum
2316 2855 2571 2913 augustina
2593 2852 2717 2903 ferat
2739 2855 2978 2903 confessio
3001 2855 3153 2904 fetum

2050 2913 2277 2962 Praesons
2299 2914 2449 2963 fratre
2473 2916 2629 2963 refert
2652 2917 2825 2977 pagina
2855 2930 3021 2977 pressa
3048 2932 3163 2973 suo.

1949 2974 2266 3024 Theutonicis
2283 2977 2478 3023 delatus
2502 2978 2633 3024 enim
2654 2974 2813 3027 bonus
2836 2974 2936 3027 tere
2960 2978 3178 3028 Joannes

2040 3036 2144 3085 Hoc
2167 3036 2428 3086 mediolanl
2449 3036 2612 3087 fertile
2640 3042 2812 3098 pressit
2845 3052 2987 3096 Opus.

1952 3098 2093 3148 Almo
2121 3099 2484 3149 Incutzu'rtoms
2504 3098 2679 3150 Donum
2699 3101 2766 3150 M°
2788 3101 2959 3153 CCCC°
2976 3101 3166 3153 LXXV°
3192 3118 3204 3152 :

1948 3160 2061 3210 Xll°
2084 3159 2338 3211 ΚΑιειωΔς
2358 3161 2565 3212 Avevsrt
2592 3176 2604 3209 :

1773 3248 1825 3314 Β
1925 3285 2221 3342 Character
2250 3287 2513 3341 rotundus
2545 3297 2657 3353 est,
2683 3288 2932 3359 elegans,
2968 3290 3126 3344 lineae
3158 3304 3256 3359 per
3283 3292 3429 3361 pagi-

1857 3396 1978 3436 nam
2005 3381 2125 3435 Iata:
2152 3380 2222 3434 26
2279 3381 2483 3435 Desunt
2518 3384 2760 3448 numeri,
2792 3383 3117 3452 signatum,
3157 3385 3432 3441 custodes.

1858 3474 2051 3529 Saaius
2088 3473 2277 3528 tribuit
2318 3473 2515 3526 Joanni
2565 3472 2803 3529 Wurster
2849 3474 2913 3527 de
2962 3472 3319 3547 Campidonia.
3349 3474 3435 3533 Cf.

1856 3564 1969 3620 Cat.
1998 3565 2135 3619 Bibl.
2170 3565 2446 3620 Creusam
2474 3567 2666 3620 noviss.
2698 3566 2811 3621 Duo
2838 3568 3083 3637 exempla
3131 3567 3280 3622 illius
3319 3579 3436 3623 ser-

1851 3658 2013 3711 vabat
2039 3656 2178 3711 Bibl.
2207 3656 2530 3712 Pinelliana.

1925 3746 2087 3801 1482.
2123 3747 2186 3802 S.
2220 3748 2258 3801 f.
2309 3749 2455 3804 iit-8°
2482 3750 2612 3803 min.
2660 3750 3074 3808 Confessionum
3123 3754 3246 3809 libri
3292 3754 3432 3809 Xlll.

1854 3838 2055 3894 Eadem
2084 3839 2376 3895 voluminis
2404 3841 2701 3912 descriptio
2729 3855 2811 3897 est
2845 3844 3097 3915 idemque
3127 3846 3433 3914 character,

1852 3944 2017 4000 quem
2057 3929 2109 3984 in
2141 3930 2297 3985 libris
2325 3932 2391 3985 de
2438 3932 2689 3986 Doctrina
2724 3933 3016 3990 Christiana
3058 3938 3225 3992 simili
3264 3940 3433 3994 forma

1852 4020 1972 4075 sine
2001 4021 2037 4075 l.
2081 4031 2136 4077 et
2182 4038 2233 4077 a.
2262 4023 2478 4093 excusis
2508 4025 2834 4090 notavimus,
2882 4027 3001 4083 solo
3047 4028 3170 4083 libri
3206 4045 3435 4086 numero

1850 4114 1905 4168 in
1948 4114 2214 4183 superiori
2243 4116 2485 4185 margine
2525 4115 2831 4172 deficiente.
2866 4119 3060 4189 Incipit
3109 4136 3139 4175 a
3187 4122 3425 4177 locorum

1852 4204 2210 4274 quorumdam
2236 4205 2588 4262 obscurorum
2620 4208 2672 4262 in
2707 4208 2790 4264 his
2819 4210 3105 4279 Augustini
3152 4213 3304 4269 libris
3334 4230 3435 4269 au-

1854 4299 2131 4353 notatione
2155 4340 2169 4361 ,
2208 4315 2326 4368 qua:
2354 4300 2579 4356 alteram
2624 4302 2738 4357 folii
2771 4305 2929 4373 primi
2957 4308 3204 4377 paginam
3238 4310 3433 4379 replet,

1853 4394 2023 4461 prima
2054 4408 2219 4449 vacua
2242 4393 2449 4449 relicta.
2476 4395 2533 4449 ln
2562 4397 2669 4452 fine
2707 4414 2720 4450 :
2762 4396 2991 4467 Explicit
3015 4381 3275 4470 ofessiona
3304 4406 3437 4460 beati

1852 4491 2119 4561 augustini
2150 4488 2283 4542 liber
2309 4488 2485 4543 XIII.
2519 4492 2667 4546 Anno
2710 4481 2803 4548 dtii
2828 4493 3349 4554 MCCCCLXXXII.
3382 4503 3435 4554 in

1853 4587 2019 4652 pfeslo
2058 4564 2288 4655 [aurati].

1925 4672 2101 4726 Editio
2139 4671 2353 4738 Veneta,
2384 4688 2437 4728 a.
2478 4672 2651 4739 1484,
2679 4676 2856 4743 in-40,
2904 4694 3061 4746 quam
3106 4679 3435 4736 Colonienses

1848 4764 2090 4828 laudant,
2124 4781 2229 4819 non
2259 4775 2342 4820 est
2368 4766 2527 4819 unius
2551 4765 2710 4834 hujus
2741 4767 2888 4832 libri,
2919 4770 3012 4824 sed
3041 4773 3430 4839 opusculorum

1850 4856 2085 4925 plurium
2106 4899 2120 4925 ,
2154 4872 2312 4926 quam
2343 4873 2442 4912 suo
2472 4858 2592 4913 loco
2622 4859 2785 4913 latius
2813 4860 3220 4931 descripsimus.

1923 4948 2049 5003 Sine
2077 4965 2211 5002 anno
2236 4959 2283 5001 et
2308 4951 2440 5017 loco,
2472 4952 2655 5020 iri-fol.
2698 4954 2826 5007 min.
2860 4954 2921 5009 Β.
2948 4956 3229 5025 Augustini
3261 4960 3430 5028 episc.

1849 5038 1968 5092 libri
2002 5038 2434 5095 Confessionum.
2463 5043 2725 5099 Volumen
2750 5056 2830 5099 est
2860 5046 3114 5104 foliorum
3140 5052 3435 5121 impresso-

1855 5127 2134 5195 rum152,
2179 5130 2371 5198 quibus
2401 5133 2452 5187 in
2502 5135 2623 5189 aliis
2668 5138 3095 5208 exemplaribus,
3143 5154 3197 5196 ut
3242 5145 3294 5199 in
3342 5162 3427 5211 eo,

1853 5220 1998 5291 quod
2025 5222 2094 5276 cl.
2128 5220 2306 5278 Braun
2337 5241 2497 5280 manu
2529 5229 2793 5296 versavit,
2835 5232 3094 5298 praecedit
3136 5251 3297 5290 unum
3323 5253 3432 5293 non

1854 5312 2206 5380 impressum,
2254 5314 2306 5367 in
2357 5325 2541 5370 nostro
2568 5318 2929 5386 deperditum.
2977 5322 3222 5393 Incipita
3265 5329 3433 5395 parti-

1852 5405 1972 5460 cula
2012 5404 2096 5458 Ex
2142 5406 2271 5458 libro
2324 5407 2766 5462 Relractationum
2814 5415 2982 5467 sancti
3024 5420 3285 5485 augustini
3322 5421 3434 5488 epi-

1852 5498 2017 5566 scopi.
2058 5496 2305 5551 Formula
2341 5497 2517 5553 finalis
2545 5501 2905 5567 desideratur,
2954 5507 3227 5565 miniatori
3256 5513 3433 5566 ascri-

1854 5589 2029 5643 benda
2059 5591 2249 5644 relicta
2274 5633 2287 5657 ,
2322 5591 2373 5646 id
2404 5593 2637 5659 quodin
2670 5608 2858 5652 nostro
2898 5602 3197 5669 exemplari
3242 5613 3346 5658 tam
3378 5606 3433 5661 in

1856 5681 1961 5735 fine
1991 5683 2177 5749 totius,
2210 5699 2368 5753 quam
2412 5686 2739 5753 singulorum
2772 5691 3054 5752 librorum.
3089 5693 3288 5751 factum
3324 5708 3426 5752 est.

1852 5776 1963 5830 Nec
1983 5775 2132 5830 initia
2164 5776 2425 5832 librorum
2457 5783 2663 5849 magnis
2708 5785 2899 5851 spatiis
2926 5803 2953 5839 a
2990 5789 3096 5843 fine
3126 5792 3433 5858 przeceden-

1853 5870 2008 5931 tium.
2034 5872 2127 5925 sed
2147 5886 2247 5935 una
2274 5881 2476 5930 tantum
2499 5873 2666 5940 linea,
2694 5876 2873 5932 Sancti
2893 5880 3162 5945 Augustini
3184 5882 3427 5940 liber.....
