4010 6350
213 332 305 389 ibi

1102 335 1424 400 .NOTl'l‘lA
1464 345 1878 406 LITTERARIA
1916 347 1981 406 1N
2021 352 2078 408 s.
2119 353 2581 415 aucusmuu.

3366 375 3463 431 142

210 444 537 521 perirentur,
571 461 635 501 ex
687 453 875 503 iisdem
932 451 1229 521 stngularia
1270 456 1518 525 quaadam
1568 458 1787 516 haurire
1811 467 1868 526 Α
1898 460 2215 521 LXXXIX.
2241 467 2495 539 Sequitur
2520 474 2761 541 proxime
2786 474 2962 532 tabula
2987 478 3040 533 in
3074 479 3236 537 libros
3267 498 3465 552 praece-

206 537 372 592 licuit.
401 535 678 595 Tribuitur
706 554 831 597 saec.
864 557 977 597 xw.
1009 544 1217 601 —-Xll.
1249 564 1396 605 num.
1432 551 1587 607 1948.
1632 550 1779 609 Libri

208 628 460 683 tredecim
491 630 543 685 in
573 631 679 687 line
708 633 917 701 mutili,
954 637 1007 691 in
1035 651 1157 708 cap.
1190 639 1259 696 36
1287 641 1407 697 libri
1440 644 1637 699 ultimi.
1664 645 1783 702 Tri-

206 718 386 775 buitur
415 734 543 776 saec.
576 737 686 780 xrv.
712 753 785 766 —-
806 724 958 795 Xlll,
992 744 1140 783 num.
1174 728 1335 787 2375.
1376 733 1520 791 Libri
1554 733 1670 793 Xlll
1700 738 1780 793 in-

206 810 358 881 tcgri.
393 812 671 869 Tribuitur
701 832 827 872 sane.
856 835 964 875 xw.
994 852 1065 862 —
1088 822 1227 891 XIV,
1262 840 1409 882 num.
1439 828 1598 886 2691.
1633 830 1779 889 Libri

204 901 313 957 Xlll
333 943 350 969 ,
377 904 475 959 sed
499 905 566 959 ab
591 905 745 962 initio
768 920 821 964 et
851 911 902 965 in
935 911 1041 968 line
1069 921 1323 971 truncati.
1349 916 1625 975 'l‘ribuitur
1649 934 1776 977 saec.

203 1008 307 1048 xm.
345 993 464 1050 XV.
489 1012 635 1052 num.
662 998 1179 1069 5296,60lbertinus.
1212 1006 1590 1079 Fragmentum
1620 1011 1781 1069 libri!

202 1085 262 1140 ab
290 1087 447 1144 initio
468 1104 638 1161 usque
662 1093 727 1148 ad
755 1108 877 1165 cap.
907 1096 995 1165 11,
1025 1113 1080 1153 n.
1106 1097 1157 1155 1.
1186 1099 1409 1157 Videtur
1434 1101 1777 1161 tribuendum

202 1190 315 1233 δαῖε.
348 1195 426 1234 ιι.

261 1270 440 1327 Codex
466 1271 828 1348 Genofcvanus
850 1294 868 1334 :
890 1280 1121 1353 —XVl,
1157 1300 1304 1339 num.
1350 1286 1441 1344 51.
1491 1287 1639 1346 Libri
1670 1300 1778 1349 tre-

201 1364 391 1435 decim,
425 1370 518 1425 sed
544 1371 758 1430 lacunis
783 1376 1104 1441 quibusdam
1129 1377 1267 1436 libro
1294 1392 1345 1447 x,
1374 1395 1450 1451 ιι,
1481 1398 1552 1439 xu
1570 1428 1584 1453 ,
1609 1401 1697 1453 xv,
1724 1396 1779 1443 et

198 1460 407 1527 ultimo,
458 1462 657 1521 aﬂ'ecti.
709 1467 1052 1526 Tribuendus
1102 1488 1228 1531 saec.
1282 1490 1390 1531 xtv.
1420 1476 1591 1535 Etiam
1634 1479 1777 1539 hunc

200 1559 367 1608 totum
400 1555 595 1626 legisse
624 1557 867 1615 afﬁrmat
898 1560 1118 1637 Rondet.

266 1644 328 1700 S.
358 1646 628 1719 Augustini
646 1651 1060 1711 Confessionum
1085 1655 1319 1716 Flosculi
1341 1664 1567 1720 resectis
1589 1680 1773 1724 rerum

195 1735 484 1794 difﬁcilium
532 1743 701 1812 spinis
750 1757 803 1801 et
842 1746 900 1802 in
936 1762 1031 1805 sex
1065 1753 1277 1809 areolas
1306 1754 1601 1813 distributi.
1633 1758 1773 1831 Lug-

194 1828 318 1884 duni
346 1831 518 1898 1618,
541 1832 716 1904 ἰπὶ-24,
742 1847 791 1893 et
814 1836 1056 1897 Coloniae
1088 1843 1246 1914 1620,
1276 1846 1453 1904 ill-12.
1479 1828 1769 1909 σοιοηίεηὶ.
1799 1840 1849 1902 Β

193 1931 238 1976 et
258 1919 605 1983 Heindreiclt.

470 2014 521 2071 Χ
536 2016 679 2072 γ.-
702 2020 816 2093 (38)
847 2020 925 2081 De
953 2023 1160 2081 Natura
1186 2028 1307 2084 boni
1335 2032 1482 2089 liber.

248 2104 456 2162 Gallice
500 2122 694 2167 versus
739 2114 893 2184 juxta
950 2116 1425 2179 Benedictinorum
1478 2125 1769 2185 editionem

188 2197 420 2255 insertus
444 2210 528 2257 est
554 2201 609 2258 in
633 2204 792 2274 libro,
824 2208 913 2263 cui
944 2210 1130 2266 titulus
1161 2231 1172 2267 :
1202 2213 1278 2268 La
1302 2214 1620 2274 Distinction
1645 2231 1693 2276 et
1719 2222 1771 2277 ta

187 2300 365 2347 nature
392 2294 465 2347 du
492 2294 603 2351 bien
633 2308 681 2352 et
722 2298 793 2353 du
833 2302 968 2369 mal,
1010 2313 1116 2360 ctc.
1151 2304 1305 2364 Paris
1328 2350 1344 2377 ,
1380 2306 1519 2368 1704
1543 2355 1557 2381 ,
1588 2313 1767 2372 ἰπὶ-12.

185 2380 316 2438 Vide
344 2384 677 2444 Colonienses
696 2433 711 2458 ,
740 2394 829 2462 qui
856 2395 929 2449 de
956 2396 1149 2454 eodem
1173 2399 1312 2456 libro
1340 2380 1574 2461 lectores
1596 2405 1661 2463 ad
1683 2424 1770 2466 se-

184 2485 433 2545 quentem
464 2475 804 2540 bibliotheca:
829 2488 1075 2559 suae,sed
1101 2488 1191 2563 qui
1219 2508 1507 2567 numquam
1541 2498 1764 2571 prodiit,

185 2577 384 2625 tomum
414 2577 719 2631 remittunt.

184 2658 226 2714 Χ
238 2657 340 2717 71.
366 2695 436 2705 -
462 2666 579 2740 (41)
634 2669 982 2798 Quarum?!
994 2675 1457 2801 daangelicarum
1482 2682 1576 2739 XC
1586 2680 1663 2740 Vl
1669 2681 1733 2740 11
1747 2731 1763 2758 ,

244 2828 439 2884 Insunt
484 2832 535 2887 in
591 2848 756 2905 opere
793 2837 1147 2904 Quwstionunt
1178 2841 1247 2898 Β.
1294 2845 1568 2918 Augustini
1616 2850 1765 2906 edito

186 2918 425 2992 Lugduni
452 2938 504 2977 a.
536 2923 693 2992 1497,
727 2928 797 2983 de
843 2944 953 3001 quo
981 2946 1161 3003 supra.
1197 2936 1239 2988 Α
1270 2935 1659 2996 Coloniensibus
1687 2942 1766 2997 al-

182 3014 343 3069 lertur
374 3016 480 3071 hoc
513 3018 635 3073 loco
677 3021 997 3091 Augustinus
1022 3025 1081 3081 in
1112 3026 1317 3083 Novum
1344 3028 1758 3104 Testamentum,

181 3106 323 3163 Paris
344 3110 508 3179 1619,
535 3124 638 3168 nec
654 3128 766 3169 non
791 3115 995 3173 Gallica
1020 3119 1262 3190 ejusdem
1288 3123 1470 3179 versio
1493 3124 1544 3179 in
1569 3123 1761 3198 Expli-

182 3202 342 3256 cation
380 3202 447 3257 de
472 3203 554 3260 St.
596 3206 853 3279 Augustin
882 3219 932 3265 et
961 3212 1050 3266 des
1081 3224 1253 3268 autres
1281 3212 1439 3272 Péres
1465 3217 1648 3276 Latins
1668 3234 1759 3275 sur
1783 3217 1831 3283 C

184 3291 224 3347 le
243 3293 495 3350 Nouveau
516 3296 822 3355 Testament.
850 3300 1005 3359 Paris
1020 3305 1179 3373 1675,
1203 3306 1352 3366 in-8°
1375 3323 1477 3366 nec
1499 3320 1607 3367 non
1627 3313 1752 3382 alia,

184 3388 334 3461 modo
364 3400 518 3446 recte
546 3404 785 3449 mentem
826 3413 1014 3454 eorum
1059 3405 1323 3471 ceperim,
1356 3407 1537 3462 versio
1562 3408 1755 3479 gallica

180 3478 314 3534 edita
344 3482 591 3556 Lugduni
618 3487 758 3558 apud
780 3484 1069 3562 Plaignard
1102 3493 1261 3559 1694.
1296 3496 1431 3554 in-8.
1458 3497 1524 3553 tv
1556 3478 1680 3556 von.

347 3569 399 3627 Χ
411 3572 546 3630 VII.
571 3607 640 3617 —
667 3576 785 3651 (45)
818 3578 895 3635 De
925 3579 1318 3641 Catechizandis
1342 3589 1574 3645 rudibus.

251 3661 399 3720 1678.
433 3665 613 3733 Paris,
646 3668 768 3725 chez
797 3672 980 3728 Andre
1012 3664 1235 3731 Pralard
1261 3719 1274 3741 ,
1306 3677 1475 3735 ἰπὶ-η.
1507 3699 1527 3733 (
1562 3683 1665 3740 Les
1693 3683 1756 3739 li-

185 3768 298 3809 vres
322 3756 389 3812 de
419 3758 477 3813 S.
505 3761 801 3832 Augustin,
840 3763 911 3820 de
952 3766 997 3824 la
1030 3768 1271 3825 maniére
1309 3771 1644 3845 d'ense’gner
1675 3777 1753 3831 les

183 3848 440 3920 principes
469 3853 540 3908 de
570 3855 619 3909 la
647 3856 878 3927 religion
905 3858 1222 3919 cbrétieune
1259 3864 1289 3918 ὸ
1335 3880 1467 3921 ceux
1506 3868 1601 3937 qui
1630 3870 1751 3925 n‘en

185 3951 299 3997 sont
321 3960 412 4014 pas
439 3960 644 4004 aucore
669 3951 949 4019 instruits;
978 3954 1049 4010 de
1078 3956 1130 4010 In
1158 3969 1313 4013 vertu
1338 3960 1406 4014 de
1430 3962 1751 4019 oontinence

186 4034 320 4091 etde
344 4038 715 4108 temperance;
748 4043 817 4098 de
844 4044 891 4098 la
924 4046 1172 4115 patience
1202 4058 1256 4105 et
1284 4063 1474 4108 contre
1510 4053 1560 4109 le
1590 4066 1749 4110 men-

187 4140 340 4198 songe
367 4148 380 4181 :
409 4132 639 4187 traduits
669 4151 734 4189 en
769 4137 1018 4206 francois.
1053 4156 1071 4193 ι

314 4238 735 4323 Χν111.-(44)
762 4247 837 4307 De
871 4252 914 4307 Τ
915 4255 1122 4311 rinilale
1151 4257 1270 4313 libri
1294 4260 1601 4329 quindecim.

255 4337 400 4395 1489.
435 4336 749 4409 Mediolani,
797 4363 886 4410 per
916 4345 1054 4401 Leon
1088 4346 1305 4418 Pacltel,
1340 4352 1521 4417 in-fol.
1553 4353 1611 4410 S.
1638 4356 1748 4411 Au-

193 4430 368 4496 gustini
394 4431 514 4486 libri
539 4430 635 4487 XV
663 4434 729 4489 de
758 4432 854 4492 SS.
886 4436 1169 4495 Trinitate.
1195 4439 1249 4495 In
1284 4440 1387 4495 line
1423 4460 1435 4495 :
1463 4441 1745 4501 Mediolani

1887 554 2111 625 dentes,
2144 557 2196 613 in
2228 560 2379 631 cujus
2419 562 2564 620 calce
2594 565 2776 624 decem
2808 567 3058 642 disticha,
3100 588 3324 645 quorum
3361 578 3461 633 ini-

1882 646 2014 702 tium
2044 665 2056 701 :

2074 737 2287 804 lliquora
2306 742 2349 793 si
2373 749 2602 807 penetrat
2618 745 2838 817 Cyclops,
2864 758 2959 805 etc.

1882 843 2219 903 Postremum
2248 847 2324 904 ita
2352 859 2508 907 sottat
2533 870 2545 906 :

2066 957 2278 1029 Numine
2303 972 2575 1029 sanctetuo
2595 972 2734 1029 pater
2756 981 2787 1020 o
2809 977 2983 1024 tueare
3008 974 3247 1028 Joannem

2129 1016 2542 1090 De.Amcrbacb;
2566 1016 2781 1091 presens
2795 1016 2985 1095 quilibi
3004 1016 3193 1099 {iiéi'sii
3201 1016 3344 1102 ibus.

1880 1122 2206 1183 Charactere
2235 1128 2465 1187 Gothico
2507 1132 2645 1190 binis
2688 1136 2956 1197 columnis
2999 1142 3319 1215 impressum
3352 1159 3456 1218 est,

1878 1223 1937 1269 ut
1970 1216 2223 1288 pleraque
2252 1221 2622 1282 Amerbachii.
2652 1227 2981 1304 Plerumque
3023 1251 3128 1291 una
3153 1252 3275 1295 cum
3304 1216 3459 1300 libris

1878 1305 1947 1363 de
1971 1306 2201 1367 Civitate
2227 1311 2326 1369 Dei
2355 1329 2451 1385 per
2482 1318 2735 1375 eumdem
2763 1319 2821 1377 b.
2853 1338 2905 1379 a.
2936 1324 3215 1396 impressis
3239 1345 3461 1403 compa-

1878 1409 2022 1456 ctum
2051 1406 2312 1463 cernitur.

1949 1494 2108 1552 1490.
2134 1495 2326 1563 Basil..
2350 1519 2441 1573 per
2460 1500 2545 1557 Io.
2568 1505 2900 1577 Amerbadt.,
2923 1512 3101 1586 in-fol.
3124 1516 3461 1589 Augustinus

1878 1587 1945 1644 de
1972 1586 2254 1647 Trinitate.
2280 1595 2626 1655 Concordant
2654 1604 2834 1660 omnia
2862 1621 2984 1663 cum
3015 1586 3351 1677 prmcedente
3367 1631 3459 1671 ac-

1876 1680 2237 1739 curatissime.
2263 1684 2557 1745 Character
2578 1691 2907 1753 luculentior
2925 1708 2979 1756 et
2999 1704 3275 1772 aequalior.
3302 1706 3460 1763 Com-

1876 1787 2181 1832 memorant
2226 1780 2474 1839 eamdem
2507 1784 2667 1843 Denis
2710 1786 2910 1847 Garell.
2961 1794 3099 1850 Bibl.
3151 1813 3205 1867 p.
3254 1798 3376 1867 155,
3406 1813 3459 1858 et

1876 1864 2148 1923 Gemeiner
2180 1868 2432 1943 Regensb.
2466 1875 2746 1935 Stadtbibl.
2783 1899 2833 1952 p.
2865 1884 2989 1951 197,
3019 1864 3211 1944 Gesner
3235 1864 3457 1949 Liibeck.

1874 1960 2184 2030 Stadtbibl.,
2218 1981 2271 2035 p.
2306 1966 2395 2022 51.
2429 1960 2662 2028 Uberius
2707 1975 2994 2048 descripsit
3030 1978 3215 2037 Masch
3245 1983 3453 2057 Beytrr.

1870 2070 1917 2108 ι.
1951 2052 2137 2109 Gesch.
2169 2057 2371 2115 merkw.
2402 2059 2497 2115 Bb.
2534 2064 2614 2119 St.
2645 2063 2720 2129 ll.
2755 2083 2808 2138 p.
2841 2069 2910 2125 75
2938 2086 3022 2141 sq.

1946 2144 2102 2201 1494.
2147 2146 2207 2204 8.
2252 2151 2396 2219 loco,
2444 2154 2642 2227 ἐπι-[οι.
2688 2160 3021 2231 Augustinus
3060 2165 3126 2220 de
3164 2165 3446 2225 Trinitate.

1872 2236 2175 2295 Editionem
2208 2240 2690 2305 Amerbachianam
2725 2251 2910 2322 refert,
2944 2258 3039 2311 sed
3060 2274 3245 2315 versus
3270 2262 3318 2315 in
3348 2264 3454 2319 line

1872 2330 2071 2388 tabula:
2098 2333 2309 2391 desunt.
2341 2336 2453 2393 Nisi
2493 2356 2581 2396 me
2619 2341 2757 2397 fallit
2789 2346 3047 2416 judicium
3081 2350 3356 2425 Friburgi,
3390 2356 3443 2409 hi

1870 2425 1992 2481 libri
2032 2430 2215 2486 excusi
2254 2440 2380 2487 sunt
2420 2449 2514 2503 per
2551 2437 2770 2493 eosdem
2815 2444 3197 2513 typograpbos,
3231 2448 3322 2517 qui
3354 2450 3453 2505 hoc

1868 2532 2010 2575 anno
2036 2537 2249 2593 quoque
2275 2539 2410 2595 opus
2435 2526 2498 2582 de
2523 2528 2738 2585 Civitate
2763 2530 2860 2587 Dei
2891 2534 3176 2594 dederunt.

1940 2611 2068 2670 Sine
2092 2631 2251 2683 anno,
2282 2626 2331 2672 et
2363 2619 2473 2673 loco
2492 2660 2509 2687 ,
2541 2623 2726 2693 ἑτι-[οι.
2777 2643 2796 2679 ι
2820 2626 3155 2697 Augustinus
3182 2631 3248 2685 dc
3277 2631 3453 2686 Trini-

1869 2711 1997 2759 tate.
2024 2722 2044 2757 ι
2075 2702 2265 2777 Incipit
2291 2710 2472 2765 statim
2503 2727 2531 2765 a
2560 2712 2823 2770 Sententia
2852 2717 2914 2772 Β.
2941 2720 3215 2793 Augustini
3241 2726 3303 2778 de
3324 2726 3452 2779 libro

1868 2795 2332 2857 Retractationum.
2365 2802 2422 2859 In
2448 2804 2551 2861 line
2578 2826 2588 2859 :
2613 2807 2740 2864 Aur.
2774 2811 3048 2884 Augustini
3076 2816 3303 2886 episcopi
3328 2819 3451 2872 liber

1867 2890 1929 2944 de
1954 2888 2208 2947 Trinitate
2232 2894 2348 2963 ﬁnit
2374 2895 2619 2968 feliciter.
2651 2900 2912 2959 Volumen
2934 2907 3247 2964 charactere
3269 2910 3447 2981 gothi-

1865 2994 1931 3035 co
1971 2996 2167 3053 magno
2198 2984 2487 3044 admodum
2531 2991 2761 3063 eleganti
2802 3009 2866 3051 ac
2904 2996 3094 3066 nitido,
3125 3000 3280 3056 lineis
3319 3003 3446 3071 late,

1864 3077 2146 3145 aequaliter
2185 3088 2361 3136 tamen
2400 3083 2724 3143 distantibus
2760 3087 3084 3158 impressum
3112 3102 3215 3147 est.
3246 3092 3442 3151 Charta

1863 3166 2089 3224 candida
2110 3184 2175 3227 ac
2194 3170 2359 3228 densa
2381 3215 2397 3237 ,
2423 3172 2554 3231 folia
2577 3176 2793 3234 maximi
2819 3181 3021 3236 moduli
3050 3195 3171 3238 sunt
3194 3228 3209 3251 ,
3242 3184 3446 3242 colum-

1862 3274 1946 3315 nae
1990 3261 2160 3330 binae,
2200 3265 2468 3337 margines
2512 3269 2625 3330 lati.
2680 3271 2888 3331 Abeunt
2928 3290 3114 3335 omnes
3150 3279 3445 3349 signatura

1859 3366 1922 3408 ac
1956 3354 2187 3412 numeri.

1931 3444 2061 3502 Sine
2088 3464 2246 3511 anno.
2279 3451 2395 3507 loco
2418 3460 2471 3507 et
2491 3458 2835 3530 typoyrapho,
2858 3460 3043 3533 iit-fol.
3074 3480 3209 3519 max.
3244 3465 3303 3521 Β.
3330 3466 3441 3523 Au-

1854 3538 2055 3607 gustini
2086 3538 2153 3596 de
2182 3541 2446 3601 Trinitate
2474 3546 2608 3605 liber
2635 3549 2794 3620 (libri
2816 3551 2959 3625 XV).
2991 3555 3046 3610 ltt
3075 3556 3181 3612 line
3207 3576 3219 3611 :
3245 3558 3441 3615 Aurelii

1856 3630 2132 3699 Augustini
2179 3634 2406 3704 episcopi
2454 3636 2585 3693 liber
2634 3639 2699 3695 de
2736 3639 2995 3699 Trinitate
3041 3646 3157 3715 ﬁnit
3201 3649 3436 3720 feliciter.
3516 3691 3523 3695 ι

1858 3717 2223 3777 Vetustissimi
2253 3724 2415 3796 hujus
2437 3727 2588 3797 juxta
2617 3745 2775 3801 quam
2804 3735 3065 3791 rarissimi
3090 3717 3209 3794 libri
3235 3741 3438 3797 descri-

1856 3812 2147 3883 ptionibus,
2194 3831 2331 3885 quas
2378 3820 2581 3887 primus
2628 3826 2865 3881 omnium
2914 3827 3151 3885 Denisius
3195 3832 3247 3886 in
3293 3832 3435 3888 Bibl.

1853 3901 2051 3961 Garell.
2096 3920 2151 3975 p.
2194 3906 2293 3976 37,
2321 3918 2375 3963 et
2405 3920 2524 3979 post
2552 3927 2671 3967 eum
2704 3915 3031 3972 Seemillerus
3063 3922 3114 3973 in
3146 3920 3432 3979 Incunabb.

1854 4003 1962 4066 lyp.
1989 3995 2213 4069 Ingolst.
2233 3996 2391 4055 Fasc.
2417 4000 2459 4069 1,
2498 4018 2550 4072 p.
2582 4005 2685 4073 54,
2720 4005 2906 4061 harum
2936 4008 3250 4066 deliciarum
3282 4030 3431 4068 ama-

1854 4074 2058 4143 toribus
2080 4083 2416 4162 obtulerunt,
2444 4094 2579 4173 adeo
2601 4097 2933 4154 satisfactum
2954 4107 3313 4173 cognoscendi
3336 4124 3398 4162 eo
3414 4141 3430 4149 -

1852 4191 1969 4233 rum
2002 4179 2183 4236 studio
2210 4181 2439 4239 vidimus
2458 4228 2473 4252 ,
2509 4196 2567 4240 ut
2594 4187 2719 4258 quid
2746 4205 2774 4243 a
2801 4191 2957 4248 nobis
2982 4195 3105 4250 addi
3136 4197 3270 4252 ultra
3302 4216 3429 4269 pos-

1849 4280 1929 4326 set
1952 4312 1966 4336 ,
1996 4277 2344 4343 quantumvis
2371 4280 2583 4335 curiosa
2607 4285 3012 4352 comparatione
3041 4289 3125 4346 vix
3154 4290 3429 4350 invenire-

1849 4377 1991 4418 mus.
2039 4362 2267 4421 Constat
2290 4379 2469 4425 autem
2499 4371 2746 4429 volumen
2780 4375 2883 4431 hoc
2910 4378 3051 4433 loliis
3077 4381 3180 4437 105
3207 4388 3427 4443 maximi

1850 4457 2089 4524 moduli,
2122 4460 2451 4531 impressum
2500 4467 2709 4537 paginis
2750 4471 2944 4539 sectis,
2999 4473 3155 4531 lineis
3189 4480 3259 4533 47
3299 4498 3432 4551 quas

2075 4522 2125 4525 η
2210 4522 2224 4531 ,
2500 4522 2517 4535 ,
2568 4522 2599 4537 υ
2692 4522 2699 4523 κ
2999 4522 3155 4531 --η-,ν
3190 4522 3250 4533 τ.

191 4522 441 4593 impressus
466 4545 558 4598 per
584 4530 884 4599 magistrum
916 4531 1243 4587 Leonardum
1289 4534 1502 4591 Rachel.
1535 4538 1682 4593 Anno
1711 4558 1744 4594 α
1772 4603 1822 4627 ἢ
1847 4550 2118 4621 margines
2148 4555 2465 4625 amplissimi
2510 4567 2563 4614 et
2588 4560 2696 4616 lata
2722 4561 3007 4621 interstitia
3035 4570 3424 4627 conchOran'.

1910 4603 1932 4605 ν
1964 4603 2114 4621 υνη--
2150 4603 2465 4625 ..._r--—_-.--.
2511 4603 2563 4614 νυ
2588 4603 2696 4616 ι-συι
2722 4603 3007 4621 auunculus:
3035 4603 3424 4627 υιιιιιιιῖιιυιδητ.

197 4616 431 4671 nativitate
458 4619 656 4673 domini
684 4623 843 4675 nostri
861 4620 987 4677 Iesu
1004 4623 1197 4680 Citriin
1225 4628 1477 4683 milesimo
1498 4632 1745 4715 quadrin-
1768 4603 1823 4666 Β
1845 4640 2060 4698 Charta:
2087 4644 2270 4703 densa:
2296 4658 2445 4718 sunt,
2473 4651 2570 4707 sed
2601 4655 2759 4721 paulo
2786 4659 3087 4729 crudiores,
3113 4680 3213 4720 nec
3244 4670 3429 4723 (‘afldl-

196 4710 437 4776 genteiimo
461 4715 803 4784 ortttcgesimo
831 4733 964 4770 nono
990 4721 1205 4782 septimo
1227 4718 1492 4776 Kalendas
1508 4723 1669 4792 junii.

250 4798 429 4857 Excusi
463 4813 591 4859 sunt
623 4806 673 4859 hi
705 4806 826 4861 libri
856 4824 959 4862 una
987 4824 1107 4865 cum
1140 4811 1345 4868 Hilario
1383 4814 1450 4869 de
1481 4816 1742 4874 Trinitate

195 4903 377 4963 unoque
421 4896 737 4967 plerumque
765 4900 1041 4958 volumine
1085 4904 1276 4973 inclusi
1300 4918 1613 4964 occurrunt.
1657 4908 1737 4966 Cl.

193 4979 240 5036 Τ.
273 4985 315 5050 1,
351 5002 398 5055 p.
427 4987 556 5045 279.
587 4992 789 5046 Aversa
824 5009 1018 5063 nempe
1061 4996 1233 5051 ultimi
1264 4998 1379 5067 ejus
1408 5001 1739 5071 voluminis,

190 5080 304 5144 quod
326 5080 586 5138 Hilarium
624 5086 1024 5153 complectitur,
1055 5091 1245 5159 pagina
1272 5096 1555 5160 rcgistrum
1585 5096 1742 5153 char-

188 5177 333 5227 tarum
364 5178 647 5247 utriusque
676 5181 862 5249 operis
893 5183 1114 5251 prabet.
1161 5185 1423 5255 lmprcssa
1458 5204 1587 5246 vero
1613 5203 1741 5250 sunt

184 5265 470 5325 charactere
512 5271 742 5327 Gothico
774 5276 1075 5332 minusculo
1123 5278 1329 5335 duabus
1382 5282 1650 5341 columnis
1683 5285 1736 5341 in

182 5355 342 5413 charta
376 5362 543 5416 nitida
575 5380 637 5425 ac
668 5365 837 5423 lirtna.
869 5365 1107 5424 luitiales
1134 5369 1326 5426 littera:
1356 5388 1553 5437 parva).
1586 5376 1739 5447 Pagi-

181 5461 344 5508 naruut
378 5452 701 5511 foliorumvc
730 5468 870 5514 nota:
912 5460 1125 5517 desunt.
1159 5462 1426 5522 Describit
1468 5467 1734 5527 Brauuius

178 5535 207 5588 ι.
236 5528 265 5595 I.
292 5543 351 5597 τ.
381 5544 452 5607 u,
498 5562 552 5615 p.
596 5548 713 5604 l87.

236 5632 385 5690 1489.
421 5636 605 5702 Basil.,
631 5657 722 5709 per
737 5639 769 5694 J
779 5659 826 5695 ο.
854 5643 1182 5712 Amerbach.,
1203 5647 1387 5719 in-fol.
1405 5647 1733 5721 Augustinus

174 5718 231 5774 de
254 5724 528 5783 Trinitate.
578 5730 633 5784 In
673 5732 776 5787 line
822 5732 947 5789 tum
977 5735 1110 5790 xv:
1149 5718 1343 5795 Aurelii
1371 5718 1643 5813 Augustini
1672 5746 1734 5797 do

174 5807 403 5873 Trinflate
450 5820 575 5875 liber
628 5824 896 5881 explicitus
942 5834 1038 5884 est.
1094 5828 1244 5886 Anno
1275 5807 1473 5889 domini
1505 5830 1735 5895 πασας

1846 4732 1928 4789 dte
1969 4736 2121 4792 satis.
2163 4737 2453 4799 Character
2490 4743 2751 4804 Gothicus
2794 4750 3014 4820 grandis
3059 4765 3111 4810 et
3156 4758 3427 4827 aliquanto

1844 4828 2116 4899 pinguior.
2149 4832 2355 4891 Desunt
2377 4838 2610 4906 numeri,
2640 4841 2952 4913 signaturis,
2987 4851 3261 4919 custodes,
3297 4854 3425 4911 item

1846 4920 2039 4979 litteras
2080 4924 2315 4984 initiales
2355 4930 2613 4988 librorum
2654 4943 2710 4991 et
2745 4942 3010 5009 capitum,
3042 4959 3176 5014 quas
3206 4948 3421 5017 quidem

1845 5025 2089 5072 nostrum
2130 5024 2406 5092 exemplar
2442 5028 2611 5085 minio
2639 5032 2805 5088 habet
2832 5036 3093 5105 appictas.
3125 5037 3309 5109 Capita
3342 5053 3422 5098 ta-

1843 5121 1968 5167 men
1996 5108 2160 5167 unius
2188 5122 2280 5169 aut
2307 5116 2533 5175 duarum
2562 5121 2827 5179 linearum
2857 5128 3043 5195 spatiis
3080 5128 3224 5187 inter
3248 5150 3308 5189 se
3338 5136 3389 5189 di
3408 5168 3421 5177 ο

1842 5206 2008 5266 stant,
2036 5216 2331 5276 eorumque
2357 5223 2671 5280 argumenta
2700 5225 2826 5272 ante
2853 5217 2976 5275 libri
3016 5221 3275 5296 cujusque
3316 5228 3422 5283 ini-

1842 5290 1971 5347 tium
1994 5299 2301 5354 summatim
2331 5301 2660 5361 indicantur.
2683 5307 2875 5379 Incipit
2896 5320 3068 5370 totum
3086 5330 3120 5371 ι
3145 5290 3422 5375 sentencia

1839 5383 1977 5441 beati
2006 5392 2270 5459 augustini
2295 5394 2359 5449 de
2388 5396 2518 5452 libro
2548 5402 2911 5458 retractionum
2934 5405 3085 5479 (sic),
3106 5425 3265 5481 quam
3290 5414 3419 5484 Epi-

1835 5475 1971 5530 stola
1998 5483 2262 5551 augustini
2296 5489 2486 5542 aurelii
2520 5486 2759 5562 yponé‘sis
2796 5475 3022 5571 episcopi
3040 5475 3137 5562 vad'
3162 5475 3420 5559 aurelium

1826 5568 2134 5643 :qpiscOpum
2158 5578 2530 5649 cartaginensis
2555 5583 2782 5654 ecclesie,
2814 5604 2937 5645 mox
2954 5568 2978 5656 ,⁷
3006 5597 3249 5650 capitulis
3282 5611 3417 5664 prae.

1835 5664 2039 5734 missis,
2069 5665 2241 5735 ipsius
2264 5669 2385 5726 libri
2416 5673 2572 5741 primi
2601 5674 2813 5735 initium
2840 5679 3116 5751 sequitur:
3131 5683 3412 5756 Exemplo,

1833 5753 1976 5824 quod
2005 5756 2178 5813 celeb.
2202 5757 2457 5819 Denisius
2482 5761 2762 5838 describit,
2787 5774 2960 5827 coaevi
2989 5775 3267 5843 cujusdam
3297 5753 3413 5834 ina-

1834 5855 1938 5901 nus
1968 5857 2300 5918 apposuerat
2324 5866 2525 5914 annum
2558 5859 2694 5920 1171
2726 5878 2740 5919 :
2771 5863 2904 5923 illud
2924 5881 3076 5940 vero,
3107 5868 3253 5940 quod
3278 5871 3411 5931 See-

2224 5979 2399 6033 τξ-έ-σ-κιρ
2446 6010 2505 6019 ,.
