4010 6350
540 348 651 412 145
1427 343 1983 404 SUPPLEMENTUM
2021 347 2113 402 AD

541 469 784 524 millerus
821 469 1072 525 manibus
1113 464 1343 521 versavit
1368 477 1511 518 anno
1538 463 1696 518 1178.
1727 463 1920 517 Ductor
1947 462 2117 518 Geor-

539 563 658 631 gius
700 558 908 630 Fingel.
956 558 1092 628 prof.
1137 555 1300 612 theol.
1328 553 1547 626 lngolst.
1575 566 1698 611 octo
1718 554 1937 610 ﬂorenis
1965 569 2116 610 eom-

542 663 844 722 paraverat.
878 654 1142 709 Caeterum
1173 653 1352 721 plures
1378 650 1640 707 lectiones
1665 651 1732 706 ab
1754 649 1988 705 editione
2015 649 2116 705 Be-

544 745 817 800 nedictina
841 755 898 801 et
921 745 1300 814 Antuerpiensi
1341 742 1711 814 discrepantes
1751 741 1888 796 hanc
1927 742 2123 796 editio-

545 853 668 894 nem
697 838 954 893 esbibere
984 836 1229 893 Denisius
1258 836 1580 907 signiﬁcavit
1616 844 1671 891 et
1709 834 1973 902 exemplis
2011 834 2124 904 qui-

543 927 768 982 busdam
798 926 993 982 additis
1020 927 1393 996 comprobavit
1418 967 1433 991 ,
1465 941 1567 981 nec
1597 938 1702 980 non
1732 924 2120 994 prooemiorum

540 1018 752 1074 ratione
791 1029 842 1074 et
880 1019 1262 1074 diStributioue
1300 1017 1534 1087 capitum
1581 1016 1801 1071 differre
1841 1024 2124 1084 utramque

541 1110 883 1177 observavit,
913 1112 1056 1182 quod
1082 1152 1095 1177 ,
1129 1110 1380 1181 quoniatn
1421 1123 1608 1163 omnes
1647 1107 1904 1162 hactenus
1932 1107 2126 1162 biblio-

542 1203 780 1272 graphos
822 1201 1052 1272 fugerit,
1096 1217 1203 1256 non
1244 1200 1621 1271 negligendum
1663 1209 1762 1254 est.
1807 1196 1890 1254 Cl.
1929 1195 2121 1252 91min.

539 1293 670 1350 Not.
701 1292 776 1350 Η.
809 1293 912 1350 Lit.
946 1310 994 1364 p.
1032 1293 1119 1350 82.

609 1387 738 1443 Sine
764 1405 920 1441 anno.
962 1387 1209 1452 Venetiis,
1249 1402 1339 1455 per
1366 1384 1688 1456 Paganinum
1716 1383 1779 1437 de
1807 1381 2116 1454 Paganinis,

536 1480 724 1537 in-A’.
767 1480 823 1536 S.
856 1479 1135 1550 Augustini
1175 1475 1243 1534 de
1268 1477 1534 1533 Trinitate
1575 1475 1701 1530 libri
1740 1473 1855 1540 XV,
1900 1472 2123 1542 adjectis

533 1575 776 1647 ejusdem
808 1575 1107 1643 argumenti
1139 1572 1287 1627 libris
1320 1570 1527 1626 Hilarii.
1557 1569 1638 1623 Cf.
1669 1568 1731 1622 Τ.
1759 1567 1800 1630 l,
1834 1583 1887 1634 p.
1915 1566 2045 1621 280.

610 1667 753 1724 διο.
782 1666 922 1721 XVI.
946 1695 1014 1706 --
1042 1665 1197 1720 1515.
1233 1662 1423 1732 Basil.,
1453 1678 1542 1734 per
1557 1659 1642 1714 Jo.
1671 1659 1770 1714 Ad.
1795 1659 1858 1712 de
1879 1657 2121 1730 Langen-

540 1759 719 1830 dorﬂ';
744 1759 944 1829 in-fol.
984 1778 1003 1812 ι
1032 1759 1096 1814 D.
1127 1757 1266 1828 Aug.
1295 1757 1454 1825 Hipp.
1485 1771 1573 1826 ep.
1605 1754 1672 1810 de
1699 1769 1909 1808 summa
1942 1753 2122 1807 Triui-

535 1862 647 1908 tate
673 1869 771 1920 que
800 1854 926 1908 deus
956 1850 1081 1924 (sic)
1110 1869 1122 1905 :
1172 1852 1252 1905 Ad
1278 1849 1546 1905 Aurelium
1567 1888 1582 1912 ,
1615 1847 2114 1916 Carthaginiensem

534 1946 843 2017 episc0pum
869 1963 882 1999 :
909 1944 1056 1999 Libri
1081 1943 1368 2014 quindecim
1391 1959 1410 1998 :
1432 1956 1567 2009 opus
1592 1956 1813 2011 prorsus
1833 1939 2115 1995 divinum:

535 2049 584 2095 et
605 2040 688 2093 cui
711 2037 826 2093 laus
855 2038 1018 2092 omnis
1047 2038 1285 2106 inferior,
1327 2035 1415 2089 ubi
1451 2048 1702 2100 perversa
1740 2033 2116 2087 lmreticorum

537 2130 784 2202 dogmata
805 2143 825 2184 :
856 2127 1308 2196 disputalimtibus
1329 2123 1659 2180 doctissimis
1688 2122 1961 2193 confutans
1992 2137 2119 2191 pro—

536 2222 699 2280 funda
731 2223 985 2292 mysteria
1023 2216 1391 2289 inattingibilis
1432 2215 1716 2269 divinitatis
1758 2214 1889 2267 mira
1919 2211 2118 2281 ingenii

537 2316 781 2372 claritate
817 2315 1046 2383 aperuit.
1091 2312 1188 2367 Cui
1221 2308 1527 2380 Theologice
1557 2308 1792 2384 veritates
1835 2303 2118 2360 illuminati

536 2407 765 2463 doctoris
791 2403 1063 2460 Francisci
1090 2403 1322 2458 Maronis
1353 2400 1627 2467 aptissime
1650 2407 2064 2454 connectuntur.
2091 2413 2111 2446 ι

533 2499 695 2556 Juxta
716 2498 924 2569 insigne
950 2493 1269 2568 typographi
1298 2510 1311 2545 :
1340 2490 1488 2546 Anno
1522 2487 1727 2544 M.D.X
1744 2487 1802 2542 V.
1851 2488 1991 2543 lnl‘ra
2022 2486 2117 2540 Di-

536 2592 836 2647 rectorium.
867 2588 997 2644 Vide
1019 2588 1109 2643 ed.
1135 2587 1394 2642 librorum
1420 2585 1483 2638 de
1505 2583 1718 2638 Civitate
1739 2581 1835 2636 Dei
1862 2596 1956 2651 per
1976 2595 2118 2636 eum-

531 2681 656 2740 dem
706 2681 1137 2752 typ0graphum,
1198 2678 1288 2732 ubi
1335 2690 1454 2745 qua
1505 2674 1649 2729 dicta
1698 2682 1865 2738 sunt,
1904 2673 1972 2727 de
2017 2670 2117 2726 hac

530 2773 692 2829 etiam
733 2772 877 2825 dicta
921 2778 1094 2838 putes.
1144 2769 1202 2822 ln
1247 2766 1648 2836 subscriptione
1685 2773 1900 2820 notatus
1942 2777 2116 2818 anuus

532 2860 902 2919 M.D.XIIII.
932 2860 1176 2917 Calendte
1200 2858 1395 2913 Juniw.
1427 2857 1483 2913 ln
1519 2871 1705 2912 aversa
1746 2857 1882 2912 tituli
1925 2859 2115 2926 pagina

533 2956 717 3011 brevis
746 2954 832 3010 Jo.
865 2951 1213 3008 Amerbacbii
1244 2950 1309 3004 ad
1342 2949 1602 3005 lectorem
1644 2949 1887 3017 praelatio
1913 2956 2112 3013 exstat,

531 3049 625 3104 sed
657 3061 777 3117 qua:
806 3046 953 3100 solas
982 3044 1253 3100 librorui-
1268 3040 1551 3111 Augustini
1577 3038 1761 3093 laudes
1789 3048 2001 3093 tractat.

609 3141 765 3198 15-20.
801 3139 1078 3210 Lugdun.,
1104 3153 1207 3193 tere
1231 3145 1280 3190 et
1308 3136 1502 3205 impert.
1539 3131 1629 3187 Jo.
1663 3130 1976 3201 Koburger;
2003 3139 2114 3184 arte

531 3243 698 3287 tamen
721 3247 782 3286 ac
808 3246 932 3285 cura
957 3228 1075 3283 Jac.
1107 3227 1347 3290 Saccon;
1388 3223 1591 3295 in-fol.
1636 3221 1693 3278 S.
1726 3222 2007 3292 Augustini
2039 3223 2106 3276 de

528 3325 793 3382 Trinitate
819 3323 944 3378 libri
979 3321 1096 3386 Χν,
1126 3320 1322 3390 quibus
1353 3317 1665 3386 theologicae
1697 3315 1956 3370 veritates
1983 3313 2107 3368 illu-

531 3416 717 3473 minati
739 3415 976 3470 doctoris
999 3411 1276 3468 Francisei
1301 3409 1534 3465 Maronis
1553 3415 1965 3463 connectuntur.
1993 3404 2108 3461 Una

527 3523 646 3564 cum
681 3505 832 3562 libris
860 3503 1142 3574 Augustini
1172 3501 1240 3556 de
1272 3501 1501 3555 Civitate
1529 3498 1625 3553 Dei
1665 3499 1977 3567 plerumque
2003 3495 2110 3550 cir-

527 3599 778 3658 ettmlerri
818 3598 1014 3654 solent.
1057 3593 1170 3651 Cat.
1212 3593 1350 3649 Bibl.
1382 3590 1624 3648 Casanat.
1658 3591 1722 3646 Τ.
1754 3589 1797 3659 l,
1827 3604 1948 3661 pag.
1981 3590 2106 3645 342.

1172 3685 1469 3742 Versiones.

595 3788 786 3844 Graece
833 3783 1171 3841 convertisse
1225 3780 1425 3836 dicitur
1473 3777 1573 3833 bos
1622 3776 1796 3832 libros
1846 3775 2109 3832 Maximus

527 3880 815 3945 Planudes,
846 3879 1000 3948 cujus
1040 3879 1212 3948 capita
1249 3871 1538 3940 nonnulla,
1580 3886 1698 3941 quae
1738 3872 1967 3942 probant
2008 3870 2105 3940 Sp.

526 3975 588 4031 S.
618 3973 779 4030 etiam
816 3988 883 4028 ex
916 3971 1049 4026 Filio
1082 3967 1396 4040 procedere,
1438 3974 1652 4022 exstant
1679 3965 1818 4018 inter
1847 3963 2110 4032 Opuscula

527 4066 701 4122 Aurea
731 4063 1016 4133 theologica
1045 4059 1389 4132 quorumdam
1417 4053 1779 4129 (sequiorum)
1813 4053 2109 4110 Grecorum

529 4157 599 4214 de
628 4158 876 4213 PI'OCCSS.
909 4155 1006 4225 Sp.
1031 4153 1089 4209 S.
1123 4152 1348 4208 collecta
1380 4165 1408 4202 a
1440 4149 1504 4202 P.
1538 4149 1786 4211 Arcadio,
1827 4148 1967 4203 edita
2001 4145 2108 4200 Ro-

528 4266 626 4306 ma!
652 4250 788 4320 typis
817 4247 877 4305 S.
907 4245 966 4303 C.
1011 4245 1074 4300 de
1113 4260 1330 4315 propag.
1372 4242 1498 4313 fide,
1535 4241 1725 4309 ἱππ-4⁸,
1767 4255 1796 4294 a
1829 4255 1947 4309 pag.
1983 4239 2106 4295 187.

515 4342 733 4401 .Eadetn
776 4340 885 4412 jam
929 4354 981 4394 a.
1015 4339 1152 4395 1650
1193 4335 1389 4391 ibidem
1436 4333 1579 4389 edita
1621 4348 1760 4398 esse,
1792 4330 1916 4400 quin
1945 4332 2106 4386 etiam

526 4437 694 4492 multo
717 4436 864 4506 prius
888 4434 1025 4490 1578
1045 4431 1266 4487 Basilete
1288 4428 1443 4483 ξιτ-8⁸
1464 4427 1557 4483 Gr.
1586 4427 1679 4482 lat.
1707 4440 1802 4496 per
1820 4423 1907 4478 Jo.
1933 4425 2105 4477 Leun-

526 4528 744 4583 clavium
770 4526 936 4583 fuisse
962 4523 1228 4594 publicata
1249 4536 1314 4577 ex
1341 4518 1621 4575 Whartoni
1641 4518 1709 4570 ad
1729 4516 1949 4571 Caecum
1969 4513 2107 4586 Sup-

527 4618 835 4689 plementis,
865 4624 1090 4673 monent
1122 4613 1491 4670 Colonienses.
1519 4609 1623 4666 Sed
1646 4609 1949 4664 Leunclavii
1972 4622 2108 4679 opus

536 4713 724 4768 dubito
765 4726 834 4764 an
870 4708 974 4764 huc
1016 4707 1154 4762 trahi
1191 4703 1402 4775 possit,
1433 4700 1575 4773 quod
1602 4699 1819 4755 aliunde
1849 4699 2109 4754 memoria

536 4812 697 4858 teneo
725 4801 924 4857 ibidem
950 4797 1126 4868 capita
1157 4795 1359 4864 aliquot
1399 4792 1468 4849 de
1493 4791 1756 4846 Trinitate
1783 4807 1849 4845 ex
1879 4790 2018 4845 libro
2044 4789 2107 4845 de

532 4912 660 4952 verre
692 4897 806 4949 vitae
834 4891 1122 4964 cognitione
1147 4898 1380 4952 exstare,
1402 4902 1521 4957 quae
1549 4886 1616 4940 ab
1645 4869 1880 4942 Arcudio
1904 4885 2106 4955 pariter

533 4990 585 5043 iu
610 5002 745 5058 opus
773 4984 1049 5040 laudatum
1079 4998 1132 5051 p.
1157 4977 1262 5036 672
1290 4978 1461 5034 relata
1490 4985 1635 5032 sunt.

599 5080 673 5134 De
699 5075 904 5133 Gallica
943 5074 1215 5138 versione,
1258 5071 1417 5140 cujus
1455 5068 1670 5124 Crucius
1709 5067 2106 5124 Cenomanensis

534 5169 780 5227 meminit
799 5209 813 5232 ,
845 5177 994 5222 recte
1023 5171 1263 5220 statuunt
1290 5160 1637 5217 Colonienses
1657 5204 1671 5228 ,
1705 5159 1873 5216 libros
1897 5161 1964 5215 de
1987 5159 2108 5215 Tri-

531 5266 698 5320 nitate
724 5276 845 5316 cum
869 5259 1018 5314 libris
1042 5258 1108 5313 de
1134 5257 1366 5313 Civitate
1399 5255 1511 5321 Dei,
1543 5253 1610 5310 ad
1637 5268 1774 5324 quos
1798 5253 1978 5309 versio
2004 5253 2104 5308 ista

520 5363 757 5426 spectat,
788 5351 856 5421 ab
880 5365 946 5406 eo
972 5363 1094 5406 esse
1121 5348 1396 5404 confusos.

522 5466 684 5524 XIX.
710 5493 781 5508 -—
812 5465 931 5535 (45)
970 5462 1050 5519 De
1089 5461 1354 5535 consensu
1388 5470 1611 5530 quatuor
1662 5459 2104 5531 Evangelistarum

1119 5531 1237 5587 libri
1265 5543 1505 5604 quatuor.

592 5631 720 5687 Sine
745 5644 902 5694 anno,
946 5628 1059 5682 loco
1095 5635 1144 5682 et
1187 5635 1391 5698 typogr.
1414 5667 1429 5690 ,
1460 5625 1664 5697 in-fol.
1709 5624 1788 5680 De
1823 5624 2101 5682 Consensu

519 5731 753 5793 quatuor
773 5719 1260 5790 Evangelistarum.
1274 5716 1546 5774 Volumen
1574 5718 1895 5774 charactere
1911 5717 2101 5774 Gothi-

519 5832 586 5872 co
613 5814 899 5872 admodum
930 5812 1206 5872 luculento
1231 5819 1285 5871 et
1314 5810 1508 5880 aquali
1531 5849 1548 5875 ,
1577 5812 1630 5867 in
1657 5809 1842 5867 charta
1869 5811 2096 5869 candida

2152 346 2379 404 OPEHA
2422 351 2478 408 S.
2520 350 2907 409 AUGUSTINI.
3671 366 3755 420 1H

2140 461 2192 524 A
2220 471 2277 520 et
2299 464 2462 520 densa
2489 507 2503 530 ,
2537 466 2678 521 binis
2720 467 2984 522 columnis
3025 466 3205 535 amplo
3247 481 3336 534 spa
3355 479 3422 523 uo
3444 475 3646 529 secretis
3668 479 3752 533 im-

2224 570 2471 625 pressum
2499 596 2514 621 ,
2557 556 2698 626 quod
2743 557 2792 609 in
2836 556 2998 625 duplo
3044 567 3223 611 servat
3270 556 3574 615 bibliotheca
3607 562 3750 636 Regia

2225 645 2527 701 Academia:
2559 658 2777 711 nostrae,
2810 647 2947 701 haud
2971 647 3132 702 dubie
3155 647 3358 704 Italiam
3383 654 3591 717 patriam
3612 671 3751 727 agno-

2226 739 2347 793 scit.
2378 739 2568 806 Incipit
2597 742 2663 794 ab
2691 740 2859 808 ipsius
2884 740 3162 809 Augusuni
3194 756 3354 811 super
3393 743 3490 799 hoc
3528 762 3677 816 opere
3707 753 3750 806 in

2227 832 2379 887 libris
2407 831 2864 888 Retractationum
2915 835 3242 898 testimOnio,
3277 837 3412 905 quod
3449 841 3614 894 statim
3652 843 3755 899 libri

2227 925 2386 995 primi
2418 926 2628 980 initium
2660 927 3025 996 subsequitur.
3058 927 3306 983 Securtdo
3335 939 3524 996 autem,
3557 936 3694 988 tertio
3716 947 3761 990 et

2226 1027 2417 1088 quarto
2446 1018 2584 1072 libro
2615 1019 3013 1088 prazmittantur
3040 1021 3287 1091 capitula,
3323 1021 3371 1076 id
3401 1032 3479 1076 est
3503 1030 3761 1082 summaria

2226 1110 2462 1180 cujusvis
2498 1113 2707 1181 capitis.
2755 1112 2810 1167 ιιι
2839 1111 2946 1167 ﬁne
2975 1131 2985 1164 :
3023 1113 3247 1181 Eaplicit
3272 1114 3482 1183 feliciter
3501 1115 3617 1170 liber
3635 1136 3764 1186 quar-

2226 1211 2306 1256 tus
2344 1202 2541 1258 Aurelii
2572 1206 2844 1276 Augustini
2895 1208 3188 1276 yponiensis
3237 1209 3458 1279 episcopi
3501 1209 3571 1262 De
3613 1229 3767 1268 asensu

2223 1308 2517 1352 sanctorum
2544 1309 2787 1368 quattuor
2810 1298 3277 1370 Et-artgelistarum.
3313 1302 3420 1356 Deo
3446 1306 3648 1373 gratias.
3675 1308 3769 1363 Pla-

2223 1389 2376 1458 gulas
2418 1399 2708 1459 quaternas
2756 1402 3002 1446 numerat
3048 1393 3164 1447 a-l.
3221 1395 3352 1447 Alia:
3397 1405 3534 1450 uola?
3580 1398 3770 1453 desunt.

2225 1479 2443 1535 Litteris
2461 1481 2756 1536 initialibus
2773 1486 3002 1551 spatium
3023 1486 3177 1552 plane
3193 1501 3414 1540 vacuum
3438 1497 3516 1541 est
3533 1489 3769 1544 relictum.

2296 1573 2451 1628 M75.
2480 1573 2723 1646 Lavinga:
2750 1576 2937 1645 absque
2966 1587 3166 1649 typogr.
3200 1580 3414 1638 indicio.
3443 1581 3609 1648 in-fol.
3649 1581 3777 1637 Liber

2223 1664 2353 1718 beati
2377 1666 2654 1735 yponensis
2683 1668 2907 1738 episcopi
2933 1669 3206 1737 Augustini
3247 1670 3310 1722 tle
3341 1669 3597 1723 Consensu
3625 1670 3774 1725 Evan-

2221 1756 2521 1827 gelistarum
2567 1757 2622 1810 in
2660 1766 2884 1827 quatuor
2926 1758 3082 1812 libros
3119 1761 3301 1830 incipit
3343 1763 3580 1830 feliciter.
3625 1764 3705 1820 Sic
3734 1766 3776 1820 in

2148 1835 2196 1895 Β
2222 1847 2336 1917 ipsa
2365 1849 2484 1902 libri
2512 1849 2689 1903 fronte
2720 1851 2927 1919 legitur.
2962 1851 3018 1906 1n
3048 1855 3150 1906 line
3181 1870 3192 1905 :
3224 1852 3398 1907 Liber.
3431 1852 3596 1907 Βμιιιὶ.
3625 1856 3778 1928 Augu-

2220 1942 2365 1994 stini.
2392 1939 2678 2008 Yponensis
2705 1944 2932 2011 episc0pi
2961 1945 3020 1998 de
3042 1944 3306 1999 Consensu
3330 1944 3776 2017 Evangelistarum.

2220 2034 2430 2104 explicit
2467 2035 2705 2103 feliciter.
2749 2034 2816 2089 In
2855 2038 3076 2090 civitate.
3121 2037 3448 2108 Laugingen.
3492 2039 3775 2110 Impressus.

2220 2125 2367 2178 Anno
2396 2142 2427 2178 a
2456 2137 2607 2192 partu
2645 2126 2869 2198 Virginis
2896 2131 3185 2198 salutifero.
3223 2130 3527 2184 Millesimo.
3557 2133 3781 2202 quadrin-

2221 2217 2501 2286 gentesimo
2539 2219 2911 2288 septuagesimo
2945 2220 3118 2273 tercio.
3165 2220 3362 2273 Pridie.
3407 2219 3558 2276 Idus.
3592 2223 3778 2292 Aprilis.

2221 2309 2444 2364 Constat
2481 2309 2594 2363 haec
2626 2311 2791 2364 editio
2821 2311 2960 2365 loliis
2991 2312 3092 2367 105
3122 2313 3322 2368 litteris
3351 2315 3606 2369 rotundis
3634 2330 3694 2370 ac
3717 2317 3785 2370 ui-

2221 2400 2346 2455 tidis
2379 2403 2720 2473 impressum,
2751 2404 2951 2474 absque
2981 2405 3319 2470 custodibus,
3359 2409 3786 2478 numeris,signa-

2220 2494 2390 2561 turis,
2442 2493 2636 2549 litteris
2681 2495 2976 2549 initialibus
3025 2511 3089 2550 ac
3138 2495 3334 2552 titulis.
3393 2498 3687 2567 Descripsit
3724 2498 3784 2552 cl.

2219 2588 2394 2643 Braun
2434 2589 2485 2644 in
2513 2589 2642 2644 Not.
2674 2588 2747 2643 11.
2782 2588 2887 2643 Lit.
2939 2589 3142 2658 (1788),
3188 2606 3239 2660 p.
3281 2592 3410 2647 154.
3461 2593 3786 2648 Rarissimam

2219 2695 2341 2736 esse
2371 2672 2681 2749 complures
2713 2681 2897 2736 testati
2922 2692 3050 2737 sunt
3072 2683 3469 2754 bibliographi,
3493 2701 3624 2755 quos
3643 2686 3789 2741 etiam

2221 2770 2483 2825 Braunius
2512 2772 2712 2826 laudat.

2291 2864 2446 2919 1558.
2490 2864 2672 2930 Paris,
2703 2865 2797 2917 in-
2817 2866 3001 2936 121.0.
3037 2868 3168 2922 Aur.
3208 2869 3552 2939 Augustinus
3577 2869 3642 2926 de
3668 2868 3792 2924 Con-

2218 2970 2380 3011 sensu
2414 2956 2898 3024 Evangelistarum.
2932 2957 3068 3012 Mus.
3101 2957 3258 3013 Britt.
3326 2982 3329 2985 ·

2289 3049 2446 3104 1559.
2483 3047 2730 3116 Colonias,
2761 3066 2824 3103 ea:
2855 3050 2947 3116 οΙῙ.
2981 3051 3182 3105 Heron.
3216 3053 3485 3122 Alopecii,
3517 3055 3706 3110 in-8’.
3735 3052 3792 3108 D.

2214 3140 2346 3194 Aur.
2366 3142 2503 3210 Aug.
2525 3141 2593 3196 de
2606 3141 2890 3198 Consensu
2913 3143 3388 3215 Evangelistarum
3413 3147 3541 3203 libri
3563 3151 3799 3218 quatuor;

2139 3203 2184 3268 Ο
2216 3231 2389 3290 Catal.
2419 3203 2616 3288 Bimae.

2911 3305 3112 3361 Versio.

2281 3381 2536 3439 Gallicam
2558 3384 2720 3454 hujus
2741 3387 2920 3451 operis
2941 3391 3224 3443 versionem
3249 3390 3434 3461 Lugd.
3465 3391 3624 3457 1526,
3652 3393 3713 3444 in.
3731 3391 3798 3447 8⁸.

2211 3487 2475 3534 memorat
2497 3477 2615 3532 Jac.
2649 3480 2696 3533 le
2721 3480 2864 3551 Long
2905 3481 2959 3536 in
2997 3480 3137 3536 Bibl.
3171 3483 3334 3539 Sacr.
3385 3503 3439 3555 p.
3475 3486 3605 3543 619.
3635 3485 3804 3541 Colon.

2536 3590 2662 3646 XX.
2686 3622 2754 3633 -
2778 3593 2892 3664 (52)
2927 3593 3003 3649 De
3034 3596 3096 3652 S.
3141 3595 3462 3669 Virginitate

2285 3705 2444 3760 1562.
2480 3705 2676 3776 Romae,
2710 3723 2800 3778 ap.
2840 3707 2995 3762 Paul.
3030 3709 3333 3764 Manutium
3361 3752 3378 3766 .
3413 3753 3426 3766 .
3458 3753 3470 3764 .
3506 3753 3516 3764 .
3554 3712 3613 3768 S.
3645 3713 3808 3781 Augu-

2211 3797 2336 3852 stini
2381 3797 2517 3853 liber
2557 3798 2625 3854 de
2665 3799 2723 3855 S.
2768 3799 3110 3870 Virginitate.
3157 3803 3310 3857 Exst.
3360 3805 3513 3859 inter
3549 3801 3810 3871 Opuseula

2211 3889 2311 3946 SS.
2346 3889 2454 3944 DD.
2483 3890 2754 3947 Ambrosii
2779 3936 2792 3961 ,
2827 3892 3139 3964 Hieronymi
3176 3902 3232 3951 et
3263 3896 3575 3967 Augustini
3606 3898 3675 3954 de
3706 3897 3814 3952 Vir-

2211 3982 2455 4052 ginitate.

2862 4055 3145 4112 Versiones.

2282 4144 2439 4200 1638.
2477 4143 2652 4213 Paris,
2696 4146 2820 4200 cites
2857 4145 2990 4200 Jean
3030 4148 3294 4216 Camusat,
3347 4152 3442 4206 in-
3467 4153 3553 4208 8°.
3603 4171 3623 4204 ι
3654 4153 3728 4207 De
3764 4150 3806 4204 la

2211 4236 2382 4291 sainte
2427 4237 2702 4308 virginité,
2752 4239 3000 4295 discours
3041 4241 3242 4296 traduit
3291 4243 3368 4298 de
3414 4244 3480 4302 S.
3530 4244 3816 4316 Augustin,

2213 4343 2342 4384 avoc
2366 4329 2461 4384 des
2487 4345 2802 4401 remarques
2831 4347 2963 4397 pour
2985 4333 3031 4386 la
3058 4333 3226 4390 clarté
3252 4335 3328 4390 de
3363 4337 3416 4390 la
3444 4339 3703 4393 doctriue
3733 4350 3821 4406 par

2210 4417 2406 4475 Claude
2435 4421 2690 4493 Seguenot
2720 4441 2737 4473 ι
2777 4423 2948 4494 (cujus
2983 4425 3084 4479 sub
3116 4426 3346 4490 nomine
3386 4429 3630 4485 latuisse
3655 4431 3826 4484 ierunt

2209 4512 2462 4566 Joannem
2511 4515 2580 4566 du
2634 4513 2842 4585 Vergier
2887 4517 2948 4569 de
2999 4515 3318 4583 Ilauranne,
3373 4523 3647 4579 abbatem
3697 4523 3824 4577 San-

2134 4583 2188 4644 D
2210 4603 2515 4674 Cyranum).
2549 4583 2793 4660 Pertinet
2820 4606 2882 4661 :id
2910 4608 3052 4662 hunc
3078 4602 3274 4662 librum
3309 4632 3323 4666 :
3356 4611 3612 4668 Censura
3638 4614 3700 4670 S.
3730 4610 3828 4665 Fa-

2209 4699 2414 4753 cultatis
2441 4700 2740 4770 theologica:
2769 4699 3098 4766 Parisiensis,
3126 4703 3231 4755 lata
3263 4703 3324 4758 in
3361 4706 3606 4773 librum,
3636 4707 3726 4776 qui
3750 4706 3826 4758 in-

2208 4791 2446 4846 scribitur
2479 4808 2497 4845 :
2540 4791 2616 4846 De
2658 4791 2713 4846 la
2758 4794 2921 4846 sainte
2967 4795 3221 4864 virginité,
3277 4805 3398 4852 etc.
3463 4799 3652 4865 Paris,
3699 4795 3832 4869 apud

2208 4881 2424 4935 Adrian.
2458 4881 2764 4952 Tapuinort,
2799 4883 2955 4950 1658,
2990 4884 3082 4936 in-
3107 4885 3154 4938 i'
3195 4884 3287 4940 Cf.
3318 4885 3474 4945 Bibl.
3509 4888 3739 4946 Jansen.
3781 4904 3831 4959 p.

2209 4973 2332 5041 198,
2363 4989 2413 5027 a.
2445 4973 2603 5030 1722.
3204 4994 3214 5000 -

2283 5065 2397 5120 Huc
2424 5065 2585 5120 etiam
2618 5066 2821 5121 referas
2847 5087 2858 5120 :

2283 5155 2441 5212 1680.
2475 5155 2651 5226 Paris,
2677 5157 2799 5213 cites
2830 5159 2979 5214 Helie
3000 5159 3170 5215 Josset
3194 5179 3210 5225 ,'
3243 5163 3306 5216 in
3327 5192 3356 5204 —
3380 5166 3512 5221 12°.
3567 5186 3590 5221 ι
3619 5167 3837 5224 Trailez

2209 5247 2278 5304 de
2303 5251 2508 5306 morale
2535 5251 2604 5306 de
2638 5251 2696 5307 S.
2725 5252 2987 5322 Augustin
3015 5297 3030 5319 ,
3074 5269 3208 5324 pour
3238 5263 3385 5314 tous
3419 5260 3512 5314 les
3539 5261 3724 5326 états,
3752 5260 3838 5330 qui

2207 5353 2524 5411 composent
2553 5345 2604 5398 le
2630 5359 2787 5416 corps
2812 5346 2878 5400 de
2908 5347 3143 5415 l’Eglise,
3176 5352 3443 5418 scavoir,
3475 5357 3542 5410 1°
3579 5355 3654 5411 de
3680 5355 3730 5410 la
3752 5354 3840 5410 Sto

2205 5434 2479 5503 virginité,
2509 5452 2642 5507 pour
2666 5438 2744 5492 les
2773 5439 3013 5509 vierges;
3043 5440 3105 5492 2°
3129 5441 3197 5494 du
3223 5441 3368 5499 bien
3403 5447 3484 5502 de
3510 5450 3564 5503 la
3593 5447 3838 5510 viduité,‘

2205 5527 2270 5584 3°
2295 5527 2366 5584 de
2392 5529 2444 5583 la
2473 5530 2713 5586 maniére
2739 5531 2872 5586 dont
2909 5549 2979 5586 on
3016 5532 3126 5588 doit
3169 5534 3327 5602 prier
3373 5539 3525 5594 Dieu
3570 5556 3723 5612 pour
3764 5539 3840 5594 les
3871 5597 3877 5612 ε

2202 5636 2437 5687 veuves;
2461 5625 2523 5679 4°
2551 5623 2619 5679 du
2652 5623 2774 5679 bien
2799 5625 2867 5682 de
2897 5627 3260 5697 mariage;5°
3295 5630 3379 5686 du
3404 5601 3672 5705 mariage
3696 5644 3753 5691 et
3773 5601 3886 5690 de;

2203 5715 2253 5771 la
2281 5718 2673 5788 eoneupisenee
2711 5737 2719 5770 :
2758 5721 2989 5777 traduits
3031 5740 3096 5776 en
3144 5721 3404 5789 francois
3456 5744 3565 5798 par
3605 5729 3682 5786 Μ.
3712 5727 3844 5786 Jean

2205 5805 2431 5866 ﬂamen.
2459 5830 2480 5864 θ
