4010 6350
209 397 301 454 115

471 513 631 569 XXI.
655 546 725 558 —
747 515 860 587 (55)
894 516 968 570 De
997 515 1208 572 Unitate
1238 516 1505 574 Ecclesia.

268 607 420 662 1602.
452 607 736 678 Moguntia
775 650 786 663 .
817 651 828 662 .
859 651 868 661 .
915 610 973 665 S.
1002 611 1289 682 Augustini
1331 611 1467 666 liber
1505 627 1601 668 seu
1643 611 1770 682 Epi-

206 702 330 757 stola
372 702 440 756 de
485 700 705 757 Unitate
751 703 1000 758 Ecclesia:
1041 716 1228 760 contra
1280 703 1528 760 Petiliani
1574 704 1768 759 Donat.

207 792 515 863 Epistulam,
549 798 905 866 argumentis,
941 797 1084 852 notis
1107 811 1267 866 atque
1294 799 1500 869 analysi
1531 799 1769 852 illustra-

207 897 269 952 ta,
307 888 489 941 studio
509 887 656 949 Iusti
684 888 904 944 Calcini.
954 891 1143 946 Exstat
1170 893 1225 947 in
1256 894 1499 962 ejusdem
1531 893 1774 948 Prascri-

206 981 426 1048 ptionum
453 980 698 1034 adversus
724 981 948 1036 Harett.
983 982 1178 1039 Tractt.
1213 1000 1240 1038 a
1271 1002 1391 1057 pag.
1415 985 1540 1041 249.
1572 984 1630 1039 In
1653 983 1766 1040 Cat.

207 1071 326 1125 Bibl.
358 1071 516 1128 Bodl.
550 1075 693 1128 idem
725 1075 860 1128 liber
886 1079 1110 1146 praeﬁxo
1155 1093 1206 1133 a.
1240 1079 1379 1135 1605
1411 1080 1678 1144 laudatur,
1712 1086 1771 1134 ut

203 1166 351 1218 semel
375 1166 484 1231 jam
511 1180 540 1217 a
571 1165 727 1220 nobis
754 1169 1039 1222 monitum.

266 1255 417 1312 1657.
452 1257 768 1312 Helmstadii
793 1276 856 1314 ea:
877 1273 1079 1332 typogr.
1105 1260 1294 1316 Calixt.
1327 1263 1514 1318 iit-8°.
1545 1262 1640 1320 SS.
1665 1265 1768 1337 Cy-

201 1352 354 1422 priani
403 1361 458 1404 et
486 1353 768 1422 Augustini
817 1354 883 1409 de
923 1357 1129 1410 unitate
1177 1357 1432 1412 Ecclesiae
1479 1365 1764 1413 tractatus.

202 1443 407 1498 Accedit
447 1442 653 1518 Georgii
695 1445 916 1511 Calixti,
957 1448 1014 1503 S.
1050 1448 1216 1503 theol.
1248 1449 1394 1504 doct.
1425 1457 1482 1505 et
1513 1451 1564 1504 in
1595 1450 1762 1506 Acad.

201 1533 324 1591 Iulia
357 1535 493 1604 prof.
534 1538 774 1605 primarii
799 1579 813 1602 ,
845 1539 896 1591 in
925 1540 1240 1594 eorumdem
1285 1541 1544 1596 librorum
1573 1541 1762 1596 lectio-

205 1644 318 1684 nem
347 1628 747 1684 Introductionis
775 1633 1157 1704 fragmentum,
1185 1635 1382 1691 edente
1405 1636 1560 1690 Frid.
1589 1635 1763 1692 Ulrico

201 1721 409 1788 Calixto,
434 1722 640 1796 Georgii
667 1725 798 1794 ﬁlio.
830 1745 848 1776 ι

260 1814 414 1869 1690.
455 1814 729 1886 Ultrajecti
756 1819 897 1886 apud
923 1819 1131 1873 viduam
1164 1820 1304 1876 Cuil.
1337 1820 1545 1890 Clerck,
1573 1823 1626 1876 in
1645 1823 1760 1878 .4’.

1107 400 1383 459 ΝΟΤΙΤΙΑ
1421 402 1846 462 LITTERARIA
1884 404 1952 463 IN
1989 407 2045 464 S.
2089 408 2554 471 AUGUSTINUM.

3353 420 3460 483 “6

1799 521 1852 582 Α
1962 550 2030 562 -
2062 521 2304 591 Parisiis,
2339 527 2478 594 apud
2504 527 2695 584 Anton.
2739 531 3090 605 Augarellum,
3123 535 3215 591 sub
3255 536 3459 594 intersi-

1873 612 1995 682 gnio
2037 611 2104 667 D.
2135 612 2338 682 Jacobi,
2368 618 2448 670 ria
2475 621 2542 672 ad
2570 619 2630 675 S.
2655 618 2929 678 Iacobum.
2964 664 2977 677 .
2998 664 3012 680 .
3049 665 3062 679 .
3091 627 3149 682 8.
3182 630 3312 684 Aur.
3345 632 3452 687 Au-

1872 705 2075 774 gustini
2127 706 2196 761 de
2233 706 2439 777 Spiritu
2488 719 2546 764 et
2587 711 2797 767 Littera
2852 712 2990 770 liber
3013 731 3152 772 unus
3199 734 3299 773 una
3333 735 3452 776 cum

1874 798 2106 867 epistola
2139 801 2204 854 ad
2259 802 2468 858 Sixtum
2497 806 2876 876 presbyterum
2915 809 3171 868 adversus
3216 813 3452 885 Pelagia.

1873 903 2064 944 norum
2099 903 2432 962 argumenta.

1946 980 2108 1038 1542.
2145 981 2391 1040 Parisiis.
2417 1028 2429 1041 .
2453 1027 2467 1039 .
2497 988 2665 1046 iii-8".
2695 989 2841 1046 Idem
2872 991 3030 1050 liber.
3066 994 3276 1053 Vidisse
3298 1013 3358 1055 se
3380 1009 3439 1055 te

1871 1081 2046 1129 statur
2075 1088 2265 1132 auctor
2294 1076 2656 1137 Coloniensis.

1945 1165 2103 1221 1545.
2126 1166 2531 1242 Wittemberga,
2550 1174 2808 1243 impressit
2824 1175 3082 1248 Iosephus
3097 1179 3259 1254 Klug,
3285 1184 3338 1238 in
3357 1184 3452 1239 -8°.

1868 1258 2174 1329 Augustini,
2209 1261 2627 1333 Hipponenensis
2651 1267 2770 1340 (sic)
2799 1270 3058 1343 episcopi,
3085 1273 3220 1330 liber
3242 1275 3312 1331 de
3331 1277 3454 1347 Spi-

1870 1350 1975 1404 ritu
2008 1361 2063 1405 et
2089 1351 2315 1408 Littera.
2372 1354 2505 1411 Cum
2557 1358 2876 1428 praefatione
2932 1371 2987 1417 et
3042 1367 3457 1434 praemunitione

1871 1440 2313 1501 lectoris.Nescio
2331 1462 2398 1501 an
2423 1448 2624 1505 fallitur
2641 1450 3020 1508 Hendreichius
3039 1457 3092 1510 iu
3115 1453 3456 1513 Pand.Bran-

1868 1535 2188 1607 deb.p.311,
2203 1539 2499 1598 editionem
2520 1542 2959 1616 Vitebergensem
2974 1562 3025 1602 a.
3053 1549 3191 1605 1548
3209 1551 3452 1609 laudans.

1942 1626 2101 1682 1568.
2127 1629 2441 1697 Antuerpia,
2471 1634 2639 1691 in-16.
2669 1639 2724 1691 S.
2756 1639 2884 1692 Aur.
2917 1638 3054 1711 Aug.
3073 1645 3143 1696 de
3167 1640 3371 1712 Spiritu
3399 1651 3454 1698 et

1867 1718 2074 1773 Littera
2104 1721 2168 1775 ad
2200 1721 2571 1780 Marcellinum
2594 1729 2732 1784 liber
2767 1746 2925 1786 unus.
2961 1732 3216 1801 Ejusdem
3249 1734 3319 1791 de
3358 1749 3453 1791 na-

1868 1822 1986 1867 tura
2018 1822 2073 1868 et
2099 1818 2293 1886 gratia.
2320 1817 2450 1873 Item
2486 1819 2555 1875 de
2597 1821 2702 1876 lide
2731 1833 2785 1876 et
2811 1824 3090 1893 operibus.
3122 1824 3452 1882 Colonienses

191 1907 384 1962 Aurelii
403 1908 967 1980 Augustini,episcopi
994 1912 1369 1982 Hipponensis,
1392 1914 1528 1969 liber
1547 1915 1614 1970 de
1638 1914 1757 1971 Uni-

1875 1919 1935 1959 ex
1962 1906 2176 1978 Lipenio
2206 1918 2261 1964 et
2312 1909 2590 1966 Becmanni
2628 1913 2748 1969 Cat.
2800 1914 2938 1970 Bibl.
2983 1915 3232 1990 Francof.
3273 1933 3324 1990 p.
3358 1917 3448 1985 35,

191 2007 289 2053 tate
323 1999 588 2055 Ecclesiae
622 2012 812 2057 contra
858 2004 1192 2060 Donatistas.
1235 2006 1387 2060 Exst.
1432 2021 1554 2062 cum
1597 2007 1761 2063 Com-

186 2092 465 2146 mentariis
497 2093 780 2149 uberrimis
808 2104 862 2150 et
892 2097 1190 2152 utilissimis
1220 2098 1273 2153 in
1305 2096 1607 2154 Melchioris
1629 2100 1765 2171 Ley-

184 2184 380 2238 declteri
421 2185 657 2242 Historia
695 2187 956 2243 illustrata
994 2190 1244 2248 Ecclesia
1282 2193 1567 2264 Africana,
1609 2195 1763 2266 cujus

182 2286 352 2335 totum
376 2293 514 2351 pene
546 2291 748 2336 tomum
771 2285 1063 2340 secundum
1094 2289 1373 2344 constituit
1404 2290 1722 2360 inscriptum
1744 2309 1781 2345 :1

179 2374 367 2430 Tantus
399 2379 660 2431 secundus
684 2379 750 2431 ad
781 2377 994 2433 Librum
1022 2381 1298 2452 Augustini
1327 2386 1390 2436 de
1414 2383 1624 2440 Unitate
1653 2384 1761 2439 Ec-

173 2468 342 2521 clesia
370 2480 554 2522 contra
585 2468 910 2535 Donatistns,
945 2473 1007 2526 de
1027 2453 1324 2546 .Principiis
1354 2473 1598 2530 Ecclesia
1619 2475 1760 2544 Afri-

170 2576 342 2626 cana,
386 2561 628 2626 illiusque
661 2563 765 2632 ﬁde
799 2564 852 2616 in
896 2564 1142 2619 Articulis
1180 2567 1242 2619 de
1269 2565 1444 2638 Capite
1472 2567 1674 2622 Christo
1711 2578 1760 2622 et

167 2651 406 2708 Ecclesia
427 2696 442 2717 ,
483 2655 547 2708 de
579 2655 624 2709 υ
632 2659 789 2710 nitate
817 2667 864 2710 et
891 2657 1208 2724 Schismate,
1251 2661 1586 2731 plurimisque
1613 2660 1757 2716 Reli-

165 2747 334 2815 gionis
362 2745 677 2801 Christiana
704 2750 954 2818 capitibus
980 2752 1104 2822 agit.

846 2842 1040 2898 Versio.

235 2931 445 2986 Gallice
471 2933 632 2988 vertit
668 2935 993 3006 notulasque
1018 2935 1083 2990 ad
1113 2936 1476 2992 dilﬁciliorum
1511 2938 1752 2994 locorum

170 3027 585 3095 intelligentiam
625 3031 856 3098 aspersit
909 3029 1026 3083 Jac.
1064 3031 1278 3104 Tigeou,
1321 3033 1751 3102 Andegavensis,

173 3120 334 3176 theol.
358 3122 554 3177 doctor
577 3133 630 3178 et
660 3128 956 3180 eanonicus
1004 3126 1258 3180 Ecclesia:
1289 3127 1616 3182 cathedralis
1641 3127 1752 3183 Me-

176 3215 359 3278 tensis,
383 3229 507 3284 qua
540 3215 685 3269 illius
712 3219 886 3270 versio
920 3216 1116 3283 prodiit
1151 3217 1362 3273 Rhemis
1389 3218 1554 3287 1567,
1583 3218 1748 3287 in-8',

1867 1998 2066 2068 quibus
2092 1999 2230 2055 adde
2257 2000 2664 2060 Hendreichium
2685 2006 2723 2060 l.
2753 2009 2791 2061 l.

1937 2089 2078 2145 Sac.
2140 2091 2612 2152 XVIII.—1767.
2676 2098 2900 2170 Lipsia,
2943 2103 3086 2173 apud
3148 2100 3240 2158 lo.
3293 2102 3444 2159 Frid.

1869 2181 2157 2239 Witsleben
2180 2203 2200 2252 ;
2227 2187 2388 2243 ili-8°.
2423 2188 2550 2245 Aur.
2585 2191 2910 2262 Augustini,
2945 2194 3068 2266 Hip.
3108 2211 3197 2267 ep.
3227 2197 3298 2256 de
3328 2197 3448 2269 Spi-

1865 2276 1974 2332 ritu
1997 2289 2050 2334 et
2073 2279 2274 2336 Littera
2315 2283 2381 2337 ad
2421 2283 2794 2342 Marcellinum
2827 2287 2969 2343 liber
2993 2305 3130 2345 unus
3180 2305 3212 2347 e
3257 2305 3447 2348 recen-

1862 2371 2016 2428 sione
2037 2373 2512 2433 Benedictinorum
2540 2393 2571 2432 e
2593 2378 2936 2453 Congreg.S.
2966 2383 3156 2450 Mauri,
3185 2386 3444 2442 varietate

1862 2461 2157 2519 lectionum
2195 2467 2873 2543 animadversionibusque
2919 2474 3182 2532 brevibus
3212 2476 3442 2532 illustra-

1861 2562 1949 2611 tus
1987 2557 2056 2610 ab
2084 2555 2172 2613 Io.
2198 2557 2390 2616 Christ.
2413 2559 2648 2618 Beniam.
2666 2563 2868 2636 Teegio.
2901 2570 2958 2622 S.
2986 2568 3042 2626 S.
3078 2568 3264 2625 Theol.
3295 2568 3442 2632 Cult.

1860 2650 1995 2704 —ln
2033 2652 2354 2720 prafatioue
2393 2669 2560 2723 pauca
2610 2656 2680 2713 de
2727 2660 3017 2717 occasione
3067 2662 3232 2718 libelli
3281 2664 3439 2734 hujus

1859 2744 2096 2816 itemque
2123 2747 2189 2802 de
2211 2747 2541 2804 editionibus
2553 2765 2616 2807 ac
2637 2754 3048 2811 recensionibus
3072 2756 3194 2825 ejus
3219 2773 3444 2813 monen-

1860 2847 1969 2902 tur,
2006 2838 2097 2894 ubi
2119 2844 2282 2894 etiam
2310 2840 2378 2896 ad
2411 2842 2642 2898 aliorum
2692 2846 2950 2902 librorum
2996 2849 3306 2918 singulatim
3329 2849 3443 2905 edi-

1861 2937 2036 2984 torum
2067 2932 2394 2987 mentionem
2429 2933 2688 2991 decurrit.
2714 2935 2994 3008 Inscripsit
3021 2936 3210 2994 Erdm.
3236 2937 3441 2995 Rudul-

1857 3022 1963 3093 pho
1992 3022 2272 3091 Fiscliero,
2291 3025 2548 3097 theolngo
2575 3026 2939 3098 Coburgensi.

1926 3117 2085 3173 1770.
2143 3116 2357 3186 Lipsia,
2403 3119 2546 3188 apud
2583 3119 2707 3174 .loh.
2757 3118 2912 3178 Frid.
2965 3120 3439 3194 Langenhemium;

1854 3211 2016 3265 iit-8°.
2051 3213 2182 3265 Attr.
2214 3214 2352 3282 Aug.
2492 3213 2558 3268 de
2585 3211 2682 3276 Sp.
2725 3224 2779 3268 et
2808 3213 3033 3270 Litteris
3081 3217 3147 3270 ad
3180 3214 3251 3273 Μ.
3303 3215 3440 3272 liber

176 3304 267 3358 sub
294 3272 376 3358 tit.
440 3304 641 3376 Epistre
669 3323 736 3360 ou
766 3309 812 3360 le
839 3272 989 3362 Liure
1014 3308 1077 3361 de
1099 3307 1161 3364 S.
1194 3272 1446 3382 Augustin
1469 3272 1753 3366 ξίείίιγηέιὶ
1779 3272 1826 3336 C
1857 3319 2015 3359 unus.
2036 3347 2050 3362 .
2071 3343 2084 3356 .
2103 3345 2118 3359 .
2150 3272 2347 3360 Iterum
2377 3305 2547 3362 edidit
2570 3272 2672 3363 rel.
2701 3306 2788 3362 .Io.
2823 3307 3015 3364 Christ.
3043 3308 3277 3363 Beniam.
3309 3306 3439 3365 Tce-

177 3396 234 3449 de
264 3395 496 3468 l‘Eglise,
523 3408 698 3452 contre
742 3396 986 3465 Petilien,
1038 3417 1244 3470 eresque
1293 3402 1582 3469 Donatiste,
1633 3418 1752 3456 avec

174 3490 421 3542 certaines
443 3489 790 3547 obseruations
844 3509 977 3563 pour
998 3493 1242 3548 entendre
1299 3495 1370 3548 les
1419 3496 1558 3549 lieua:
1632 3494 1751 3566 plus

175 3580 448 3649 difﬁciles;
480 3586 720 3652 imprime
739 3585 771 3638 ὰ
803 3585 974 3639 Ileims
1019 3604 1117 3652 par
1137 3586 1270 3640 .lean
1297 3589 1360 3642 de
1387 3586 1612 3660 Foigny.
1661 3586 1746 3644 Cf.

179 3670 455 3728 Dueerdier
494 3677 584 3730 ed.
616 3677 678 3730 de
720 3677 966 3749 Juvigny.
1009 3677 1069 3732 T.
1101 3677 1192 3746 IV,
1221 3695 1270 3748 p.
1303 3679 1428 3734 5H.

381 3766 794 3839 XXII.—(67)
825 3769 902 3822 De
926 3769 1127 3840 Spiritu
1156 3781 1203 3824 et
1229 3769 1424 3824 Littera
1452 3770 1599 3824 liber.

243 3859 382 3914 Sac.
413 3860 905 3927 XV.-—-Sineanno,
931 3864 1040 3916 loro
1054 3873 1100 3914 et
1123 3872 1349 3935 typogr.,
1371 3862 1539 3918 ενι-4⁸.
1557 3862 1613 3919 8.
1641 3863 1750 3919 Au—

178 3952 368 4018 gustini
391 3951 528 4008 liber
555 3951 624 4007 de
653 3953 854 4022 Spiritu
888 3964 941 4008 et
968 3954 1188 4008 Littera.
1212 3953 1472 4024 Adjectus
1503 3964 1586 4010 est
1623 3953 1753 4008 Trn-

180 4052 338 4096 ctatus
365 4047 618 4116 anonymi
648 4046 713 4100 de
740 4045 1001 4117 periculis.
1035 4063 1148 4116 qua
1169 4048 1469 4118 contingunt
1491 4049 1626 4102 circa
1650 4047 1746 4104 Sa-

183 4146 485 4190 cramentum
545 4136 930 4205 Eucharistia,
980 4140 1063 4192 cui
1114 4155 1316 4192 annexa
1371 4147 1446 4193 est
1507 4140 1750 4194 resolutio

185 4233 464 4295 quastionis
486 4249 504 4286 .'
527 4241 703 4286 utrum
731 4232 985 4304 suffragia
1015 4234 1152 4300 facta
1206 4249 1298 4304 pro
1336 4233 1509 4286 multis
1538 4233 1752 4302 aquali-

186 4330 250 4374 ter
283 4326 472 4393 prosint
498 4325 715 4396 singulis
744 4327 767 4380 ?
795 4327 1032 4380 Exhibet
1061 4328 1130 4383 cl.
1165 4325 1432 4381 Seemilter
1457 4324 1586 4380 fasc.
1621 4327 1662 4395 Ι,
1696 4343 1748 4396 p.

192 4415 299 4470 191.
323 4418 516 4471 Totum
539 4420 790 4472 volumen
822 4419 967 4473 foliis
993 4420 1062 4475 58
1084 4419 1388 4486 conﬁcitur,
1420 4413 1750 4489 exscriptum

189 4509 484 4566 rharamere
509 4512 761 4580 Gathieo,
791 4527 949 4581 quem
971 4513 1109 4566 alius
1126 4512 1531 4581 comparatione
1553 4511 1749 4566 ibidem

192 4603 400 4670 propius
421 4602 739 4660 declaravit.
779 4604 959 4659 Linea
999 4605 1070 4659 9.8
1103 4607 1351 4673 paginam
1387 4602 1610 4658 faciunt.
1637 4602 1750 4656 Nu-

194 4700 333 4762 meri,
363 4701 671 4768 signatura},
696 4696 974 4762 custodes,
1016 4696 1251 4750 initiales
1307 4695 1499 4749 litteras
1526 4703 1579 4748 et
1615 4695 1751 4748 tituli

194 4789 395 4854 desunt,
430 4791 532 4844 nisi
561 4789 700 4859 quod
735 4790 804 4842 ab
829 4789 979 4842 initio
1009 4790 1240 4859 legitur:
1291 4787 1484 4856 Incipit
1513 4787 1755 4858 prologus

194 4881 307 4934 beati
332 4884 610 4956 Augustini
648 4883 876 4950 episcOpi
923 4882 977 4934 in
1005 4883 1130 4934 libro
1180 4880 1305 4952 (sic)
1357 4879 1420 4934 de
1461 4879 1662 4950 Spiritu
1710 4891 1756 4934 et

194 4975 372 5031 Littera
393 4995 410 5032 :
442 4989 494 5032 et
531 4978 582 5031 in
613 4977 718 5031 ﬁne
748 4976 893 5038 libri,
919 4977 1007 5045 qui
1039 4976 1092 5029 in
1116 4977 1339 5043 primam
1366 4975 1610 5044 paginam
1641 4973 1752 5028 lolii

188 5071 251 5126 35
276 5073 497 5127 incidit:
534 5072 765 5142 Explicit
795 5071 918 5125 liber
959 5069 1098 5124 Beati
1133 5070 1405 5140 Augustini
1428 5070 1654 5140 episcopi
1693 5072 1754 5124 de

188 5164 361 5228 spiritu
385 5175 434 5218 et
466 5165 662 5218 littera.

248 5257 770 5314 Sac.XVl.—1524.
798 5257 1214 5327 Norimberga...
1243 5256 1304 5310 D.
1329 5255 1760 5327 Aur.Augustini

182 5350 242 5405 de
267 5352 470 5414 Spiritu
492 5363 545 5407 et
571 5351 772 5407 Littera
804 5354 938 5406 liber
965 5368 1122 5408 unus.
1149 5349 1755 5408 LaudantColoaienses.

253 5444 406 5497 1527.
447 5446 694 5511 Colonia,
727 5446 869 5513 apud
907 5445 1168 5500 Heronem
1221 5447 1557 5517 Al0pecium;
1613 5447 1753 5501 in-8.

187 5533 241 5588 D.
265 5539 399 5590 Aur.
436 5537 722 5606 Augustini
753 5537 821 5591 de
850 5537 1052 5606 Spiritu
1083 5544 1142 5592 et
1165 5536 1366 5591 Littera
1423 5537 1561 5591 liber
1591 5551 1753 5593 unus.

183 5625 435 5684 Eamdem
464 5630 762 5685 editionem
793 5631 892 5686 sub
921 5644 1064 5685 anno
1108 5628 1247 5685 1528
1275 5627 1484 5700 profert
1511 5627 1756 5700 Ossinger

181 5717 228 5775 in
251 5721 384 5776 Bibl.
417 5725 696 5794 Augustin.

257 5814 418 5890 1558‘.
451 5815 674 5890 Parisiis
695 5858 714 5888 ,
740 5819 880 5888 apud
925 5817 1084 5876 Joan.
1107 5817 1311 5890 Roigny
1338 5816 1552 5885 ;in-16.
1605 5816 1750 5874 Idem

176 5880 332 5944 liber.
366 5885 632 5949 Ossinqer.

1852 3397 1990 3470 gius.
2020 3397 2236 3453 Schola
2271 3397 2536 3468 Sangerh.
2587 3398 2704 3456 Col.
2738 3399 2822 3455 Ill.
2860 3400 3262 3458 Correctiorem
3311 3415 3438 3459 sese

1856 3491 2144 3560 proﬁtetur
2173 3491 2343 3546 altera
2372 3491 2567 3559 editio,
2605 3501 2760 3550 aucta
2803 3493 3023 3564 insuper
3054 3495 3229 3551 indice
3254 3509 3437 3552 rerum

1855 3581 2307 3638 memorabilium.

2506 3655 2790 3712 Versiones.

1925 3764 2131 3820 Italica.
2161 3795 2234 3807 —
2262 3767 2422 3823 1545.
2484 3767 2719 3836 Venezia,
2769 3788 2860 3843 per
2898 3771 3075 3826 Comin
3113 3774 3183 3826 da
3233 3769 3436 3838 Trino;

1853 3858 2020 3917 iit-8°.
2044 3877 2062 3912 ι
2081 3858 2256 3928 Opera
2276 3860 2560 3915 utilissima
2585 3862 2672 3918 del
2693 3863 3028 3932 B.Agostino
3045 3863 3105 3920 V.
3137 3861 3178 3918 I.
3213 3863 3280 3918 de
3307 3863 3436 3932 Spi—

1853 3953 1956 4007 ritu
1982 3964 2028 4006 et
2049 3952 2249 4008 Littera
2269 3953 2559 4019 chiamata,
2590 3956 2639 4010 al
2670 3954 2728 4008 Β.
2759 3955 3090 4021 Marcellino,
3113 3963 3436 4010 novamente

1855 4043 1907 4098 di
1937 4045 2104 4098 latino
2135 4046 2187 4100 in
2217 4046 2437 4116 volgare
2462 4045 2713 4102 tradotta.
2764 4065 2783 4098 s

1912 4135 2146 4191 Gallica.
2180 4137 2421 4192 -1547.
2458 4139 2622 4206 Lyon,
2637 4137 2877 4209 parJean
2903 4135 3093 4203 Pitier,
3116 4138 3285 4194 ἕπε-16.
3316 4155 3335 4191 t
3362 4137 3438 4196 Le

1856 4226 1994 4283 livre
2041 4229 2110 4284 de
2138 4228 2357 4298 I'Esprit
2421 4238 2474 4284 et
2531 4230 2598 4284 de
2643 4231 2690 4284 la
2723 4229 2907 4286 Lettre
2939 4230 3008 4285 de
3050 4229 3110 4286 S.
3144 4230 3435 4301 Augustin,

1855 4321 2055 4373 traduit
2085 4336 2180 4389 par
2207 4319 2426 4390 Jacques
2467 4319 2539 4374 Le
2593 4320 2768 4377 Conte.
2811 4339 2829 4374 ι
2881 4321 2963 4377 CI.
3005 4319 3296 4378 Duuerdier
3345 4322 3435 4380 ed.

1857 4427 2014 4477 nova,
2040 4413 2102 4466 T.
2123 4413 2212 4476 IV,
2237 4429 2288 4482 p.
2307 4412 2431 4466 274.

1929 4505 2085 4558 1551.
2141 4504 2315 4570 Paris,
2367 4507 2429 4559 de
2479 4504 2842 4578 l'Imprimerie
2879 4508 2943 4561 tle
2989 4506 3153 4564 Mich.
3192 4505 3440 4576 Voscan;

1856 4596 2000 4651 in-b‘
2017 4616 2061 4649 ,ι
2095 4595 2366 4666 Opuscule
2391 4598 2456 4651 de
2472 4598 2529 4652 S.
2553 4600 2833 4668 Augustin,
2861 4598 3072 4668 évéque
3087 4599 3156 4655 de
3177 4599 3440 4671 Hyppone

1863 4703 1928 4743 en
1963 4689 2207 4759 Afrique,
2244 4689 2314 4744 de
2338 4689 2553 4758 l'Esprit
2577 4701 2631 4744 et
2665 4691 2732 4746 de
2761 4691 2809 4745 la
2859 4694 3064 4754 Lettre,
3097 4693 3296 4747 traduit
3339 4706 3441 4761 par

1872 4780 2110 4835 Valentin
2137 4783 2209 4836 du
2251 4781 2480 4852 Caunoy.
2524 4801 2542 4834 ι
2572 4781 2740 4837 Maitt.
2777 4795 2913 4854 part.
2941 4799 2999 4852 tt,
3028 4785 3092 4841 Τ.
3124 4783 3210 4850 III,
3229 4799 3284 4854 p.
3313 4784 3439 4841 598.

1865 4871 2149 4927 therdier
2167 4874 2255 4928 ed.
2286 4889 2443 4936 nova,
2479 4873 2540 4926 '1‘.
2573 4874 2661 4939 IV,
2696 4889 2749 4943 p.
2776 4874 2902 4931 439.

1938 4963 2093 5018 1700.
2127 4963 2310 5032 Paris,
2342 4967 2464 5020 chez
2504 4964 2828 5036 .Iean-Bapt.
2880 4965 3177 5037 Coignard;
3225 4966 3439 5023 ist-12.

1872 5075 1889 5108 ι
1921 5056 1995 5112 Le
2022 5057 2180 5112 Livre
2206 5057 2275 5112 de
2303 5057 2363 5113 S.
2394 5060 2656 5127 Augustin
2687 5059 2754 5112 de
2795 5057 3021 5127 l’Esprit
3070 5067 3125 5113 et
3145 5059 3214 5114 de
3245 5059 3293 5113 la
3317 5059 3441 5116 Let-

1871 5159 1972 5216 tre,
2010 5151 2206 5204 traduit
2240 5165 2306 5204 en
2341 5150 2576 5215 francois
2611 5165 2706 5204 sur
2741 5149 2976 5205 I’édition
3016 5150 3113 5206 des
3138 5150 3242 5207 PP.
3275 5152 3441 5209 Βέηέ-

1867 5241 2080 5303 dictins,
2112 5257 2210 5311 par
2236 5240 2478 5312 Philippe
2512 5241 2749 5295 Goibaud
2778 5246 2846 5296 du
2873 5242 3015 5299 Bois.
3055 5262 3075 5297 ο

1947 5332 2177 5390 XXIII.
2200 5364 2269 5376 —
2287 5334 2401 5407 (68)
2427 5333 2504 5388 De
2537 5332 2669 5390 Fide
2687 5347 2736 5390 et
2759 5335 3030 5408 Operibus,
3051 5337 3180 5394 liber
3210 5357 3360 5395 unus.

1939 5427 2092 5482 1475.
2130 5426 2377 5482 Colonia.
2409 5467 2421 5481 .
2452 5469 2465 5482 .
2496 5467 2508 5480 .
2551 5427 2723 5481 ino4°.
2765 5431 2828 5486 Β.
2867 5431 3155 5502 Augustini
3199 5434 3337 5490 liber
3379 5435 3443 5489 de

1866 5519 1999 5575 Fide
2030 5530 2084 5575 et
2109 5519 2395 5591 Operibus.
2426 5519 2542 5574 Cat.
2574 5517 2715 5574 Bibl.
2747 5519 2954 5578 Boldei.

1930 5610 2090 5668 1523.
2125 5612 2479 5683 Argentorati,
2507 5626 2568 5665 ea:
2583 5611 2794 5681 ofﬁcina
2813 5615 3069 5668 litterario
3088 5619 3336 5685 ingeniosi
3354 5620 3446 5670 uiri

1855 5702 1947 5758 Jo.
1987 5702 2313 5775 Grieninger,
2355 5701 2524 5758 ἔνι-4⁸.
2559 5704 2674 5759 Divi
2705 5705 2991 5776 Augustini
3012 5708 3228 5764 libellus
3254 5725 3446 5766 aureus

1854 5795 1924 5851 de
1955 5794 2087 5851 Fide
2114 5805 2167 5849 et
2194 5793 2484 5864 Uperibus.
2519 5793 2714 5850 Exstat
2741 5810 2860 5852 cum
2893 5795 3106 5853 Ysidoro
3131 5800 3197 5853 de
3220 5804 3368 5856 sectis
3399 5819 3446 5868 ρι

1854 5887 2150 5944 nominibus
2194 5885 2553 5944 hareticorum
2584 5927 2603 5950 ,
2664 5887 2788 5943 item
2843 5887 3150 5949 Hieronvmi
3202 5891 3330 5946 libro
3382 5894 3446 5949 de
