4010 6350
522 389 625 444 147

1417 382 1971 445 δυΡΡιΕΜΕΝΤυΜ
2009 381 2101 439 AD
2137 377 2371 439 OPBBA
2408 375 2462 434 8.
2508 371 2905 432 AUGUSTINI.

3675 379 3761 436 118

520 499 685 569 Perp.
719 497 862 570 Virg.
898 498 1081 553 Marios
1109 506 1163 553 et
1186 497 1425 568 Epistola
1451 496 1562 567 ejus
1578 493 2110 567 co'ntraVigilantium
2137 491 2193 555 Α
2214 487 2532 562 Ypponensts
2562 487 2626 543 de
2652 485 2870 542 Cioitate
2893 481 2991 539 Dei
3019 482 3148 537 liber
3177 483 3676 544 vicesimussecundus
3693 507 3767 548 ex.

516 593 749 663 junctim
780 593 911 648 editi
952 592 1020 647 ab
1075 591 1221 645 Hier.
1272 588 1544 656 Gebwiler,
1601 570 1927 645 cathedralis
1978 587 2112 642 tedis

521 688 654 756 Arg.
684 687 954 742 Litterarii
982 684 1409 755 Ludimagistro.
1437 684 1556 739 Fol.
1583 698 1795 738 v-xxvr.

590 809 664 822 —
692 779 936 853 Augusta
971 778 1256 841 Vindelic.,
1287 778 1456 833 in-8'.
1491 778 1551 833 ὓ.
1572 778 1705 835 Aur.
1730 779 1870 848 Aug.
1895 776 2116 835 liberde

523 871 655 927 Fide
685 880 739 927 et
764 871 1027 940 Operibus
1056 870 1134 926 Μ.
1164 870 1297 925 Bibi.
1333 868 1479 925 Eccl.
1512 868 1627 926 Col.
1659 885 1715 939 p.
1746 870 1872 925 757.

597 963 753 1019 1528.
789 964 1035 1018 Coloniae.
1066 961 1365 1018 Excudebat
1394 962 1686 1017 Eucherius
1716 959 2119 1028 Cervieornius;

444 1050 445 1053 “
522 1055 698 1113 iri-8°.
733 1056 794 1112 D.
826 1055 958 1111 Aur.
991 1055 1276 1126 Augustini
1308 1056 1375 1111 de
1403 1054 1537 1111 Fide
1575 1066 1631 1111 et
1675 1054 1942 1126 Operibus
1984 1053 2121 1109 liber

521 1164 683 1205 unus.
720 1166 740 1201 ι
775 1149 1019 1204 Occurrit
1051 1148 1277 1203 subinde
1306 1159 1621 1217 compactus
1649 1161 1771 1203 cum
1805 1146 1941 1202 libro
1978 1145 2120 1217 ejus.

526 1242 651 1297 dem
679 1241 742 1294 de
772 1239 978 1295 Natura
1007 1251 1051 1295 et
1078 1240 1263 1295 Gratia
1290 1256 1357 1295 ex
1388 1239 1577 1296 eadem
1604 1238 1845 1294 ofﬁcina.

600 1336 759 1391 1554.
791 1334 967 1401 Paris,
992 1336 1134 1408 apud
1153 1333 1411 1389 Joannem
1432 1333 1663 1406 Roigny,
1690 1332 1865 1389 iri-16.
1893 1333 1958 1389 D.
1983 1333 2119 1403 Aug.

528 1431 663 1485 liber
693 1430 761 1485 de
793 1430 928 1486 Fide
949 1439 1003 1486 et
1030 1429 1320 1500 Operibus.
1348 1428 1523 1482 Μαίη.
1552 1427 1619 1484 '1‘.
1648 1426 1715 1497 li,
1740 1442 1796 1499 p.
1823 1442 1880 1495 ιι,
1909 1442 1962 1498 p.
1995 1425 2120 1493 799,

530 1523 617 1579 ed.
652 1522 704 1577 2.

602 1616 762 1673 1559.
796 1616 1010 1686 ιὶρςίω,
1038 1614 1210 1670 in-8’.
1238 1614 1299 1670 Β.
1326 1614 1463 1672 Aur.
1491 1614 1630 1684 Aug.
1657 1612 1796 1668 liber
1822 1610 1891 1667 de
1906 1610 2039 1667 Fide
2075 1619 2129 1665 et

529 1712 796 1782 Operibus
823 1726 943 1766 cum
975 1710 1293 1781 praefatione
1319 1707 1531 1783 Georgii
1584 1705 1816 1763 Wicelii.
1863 1704 1947 1761 Ci.
1995 1703 2128 1758 Bec-

528 1805 709 1858 manni
738 1803 848 1858 Cat.
883 1801 1022 1857 Bibl.
1058 1800 1313 1873 Francof.
1341 1819 1394 1873 p.
1418 1802 1508 1859 35.
1539 1799 1691 1856 Unde
1710 1799 1821 1870 jam
1846 1795 2134 1853 laudarunt

530 1896 911 1952 Hendreicltius
937 1905 992 1951 et
1019 1894 1374 1951 Colonienses.

602 1988 763 2045 1552.
806 1987 1057 2056 Colonias,
1106 1987 1245 2060 apud
1293 1986 1509 2041 Petrum
1556 1984 1758 2053 Horst;
1786 1982 1948 2041 in-8’.
1977 1981 2127 2038 Idem

530 2081 670 2138 iiber
700 2096 821 2136 cum
851 2080 1157 2136 Enchiridio
1187 2079 1429 2152 ejusdem
1461 2078 1583 2135 vide
1612 2093 1710 2134 suo
1736 2078 1878 2133 loco.

604 2174 763 2231 1568.
815 2175 1147 2246 Αηιαετρὶω,
1192 2172 1354 2229 iit-8'.
1405 2171 1550 2229 idem
1598 2172 1738 2227 liber
1784 2167 2131 2225 laudantibus

530 2266 923 2326 Coloniensibus
950 2267 989 2322 Ι.
1023 2266 1065 2321 l.
1834 2278 1845 2285 λ

606 2360 766 2418 1652.
795 2357 1051 2429 Francof.
1075 2359 1145 2413 ad
1177 2357 1256 2418 Μ.
1284 2368 1335 2414 et
1382 2355 1618 2423 Rintelii,
1666 2353 1829 2412 ἐτι-8⁸.
1881 2355 1941 2412 S.
1994 2356 2127 2409 Aur.

534 2454 891 2526 Augustini...
934 2453 1073 2509 liber
1098 2453 1167 2507 de
1190 2452 1323 2507 Fide
1346 2459 1400 2507 et
1420 2450 1705 2521 Operibus.
1734 2448 1942 2505 Edente
1970 2448 2129 2502 Joan.

535 2546 851 2602 Henniclu'o.
910 2544 1043 2600 Cum
1102 2545 1485 2600 dissertatione
1533 2543 1776 2613 ejusdem
1830 2540 2135 2614 argumenti

534 2643 728 2701 eodem
756 2649 998 2698 auctore.
1016 2639 1402 2696 Hendreich.in
1421 2638 1594 2694 Pand.
1614 2636 1901 2707 Brandebz,
1922 2652 1974 2708 p.
2003 2636 2131 2692 542.

1193 2734 1483 2791 Versiones.

612 2830 770 2887 1545.
808 2828 1054 2897 Venezia,
1088 2845 1179 2901 per
1207 2827 1391 2883 Comin
1420 2828 1487 2881 da
1516 2826 1702 2892 Trino,
1733 2823 1898 2880 ἔνι-8⁸.
1942 2822 2028 2878 «11
2073 2822 2139 2879 li-

536 2926 636 2982 bro
666 2924 755 2980 del
787 2924 850 2979 Β.
880 2923 1139 2995 Agostino
1162 2922 1227 2979 V.
1259 2921 1300 2978 1.
1331 2923 1471 2978 della
1499 2921 1647 2978 Fede
1674 2936 1705 2977 e
1733 2920 1855 2976 dell’
1869 2934 2055 2992 opere,
2082 2919 2135 2976 di

536 3018 709 3074 latino
737 3018 790 3073 in
821 3016 1041 3087 volgare
1069 3024 1395 3070 novamente
1426 3013 1686 3069 tradotto.
1717 3032 1737 3066 ι

803 3107 945 3163 XXI
962 3110 1020 3164 V.
1050 3138 1123 3149 —
1145 3106 1264 3181 (72)
1295 3107 1372 3162 De
1404 3106 1611 3162 Natura
1639 3116 1687 3162 et
1709 3104 1913 3161 Gratia.

2219 581 2367 651 plieit
2392 587 2573 651 contra
2591 593 2844 651 paganos.
2885 575 2995 630 Sub
3044 591 3179 628 anno
3220 591 3250 626 α
3298 575 3550 631 nativitete
3591 576 3772 640 Domini

2219 646 2713 730 ALCCCCLIl'i'ii.
2744 670 3063 740 Pontiﬁcum
3090 670 3254 725 PAULI
3278 685 3421 742 papw
3440 673 3639 728 secundi
3657 693 3773 735 anno

2218 770 2332 841 ejus
2375 767 2548 820 tertio.
2598 764 2774 819 Tertio
2820 771 3068 835 regnante
3113 762 3463 817 Romanorum
3506 766 3779 837 imperatore

2221 859 2533 915 hinnuleo.
2567 857 2857 911 lndiotlone
2884 854 3013 919 XV,
3046 855 3129 908 die
3151 870 3267 908 aere
3295 855 3592 912 duodecima
3616 865 3781 919 mensis

2219 951 2389 1006 Junii.
2425 951 2533 1005 Deo
2557 951 2773 1023 gratias.
2805 947 2955 1003 (ὲου
2984 947 3171 1003 AL.—-
3195 947 3582 1017 lmpresserunt
3606 950 3784 1009 Conra-
3850 942 3853 945 ’

2223 1042 2324 1099 dus
2354 1043 2466 1100 Sw.
2490 1051 2545 1099 et
2583 1040 2853 1098 Arnoldus
2897 1042 3169 1096 Pannartz
3193 1041 3418 1111 juvante
3465 1040 3603 1096 haud
3644 1044 3785 1102 dubie

2224 1137 2342 1192 viro
2367 1136 2551 1206 aliquo
2572 1134 2785 1201 solerti,
2815 1134 2967 1204 cujus
2995 1140 3191 1189 nomen
3222 1132 3277 1187 in
3310 1130 3504 1188 litteris
3524 1131 3662 1188 θοι)
3690 1136 3784 1191 AL.

2226 1227 2468 1284 insidere
2498 1236 2605 1283 tam
2649 1226 2808 1282 facile
2853 1225 2959 1282 sibi
3006 1241 3195 1281 omnes
3242 1223 3606 1295 persuadent,
3651 1243 3788 1298 quam

2230 1333 2452 1389 operam
2482 1319 2539 1373 in
2562 1316 2895 1389 explicandis
2925 1332 3114 1373 eorum
3143 1315 3417 1388 mysteriis
3443 1316 3669 1387 perdunt
3706 1320 3789 1392 (a).

2229 1412 2446 1484 Pagina;
2467 1411 2521 1468 in
2540 1412 2674 1467 duas
2688 1412 2970 1468 columnas
2990 1411 3258 1467 linearum
3281 1408 3353 1463 M
3378 1409 3650 1479 impressa
3668 1423 3790 1481 sunt,

2230 1519 2362 1575 quas
2391 1504 2555 1573 ampli
2585 1504 2856 1574 margines
2884 1503 3147 1558 ambiunt.
3182 1501 3501 1556 Praecedunt
3534 1516 3608 1557 ιη
3640 1504 3795 1559 rubri-

2231 1611 2419 1654 carum
2450 1597 2603 1653 iolla.
2631 1597 2710 1653 Ci.
2744 1596 2973 1665 Audim.
3008 1610 3062 1666 p.
3093 1595 3149 1651 6.
3182 1595 3489 1650 Recensent
3514 1594 3669 1650 etiam
3709 1595 3796 1651 De-

2234 1692 2358 1747 bure
2383 1689 2642 1762 Bibliogr.
2672 1690 2821 1745 instr.
2856 1689 2920 1744 T.
2953 1689 2993 1757 l,
3029 1704 3079 1759 p.
3110 1688 3234 1744 245.
3288 1685 3543 1743 Exsubat
3582 1686 3637 1741 in
3679 1686 3795 1743 Bibl.

2234 1782 2397 1839 Ducis
2426 1785 2491 1838 de
2521 1784 2573 1838 la
2607 1781 2836 1839 Veliére.

2152 1881 2202 1942 B
2301 1877 2464 1933 1168.
2493 1874 2749 1930 Romaein
2777 1876 2927 1929 domo
2957 1873 3099 1928 Petri
3144 1873 3211 1929 de
3262 1871 3435 1939 diem;
3459 1872 3637 1943 inofol.
3680 1888 3799 1928 mox.

2233 1971 2295 2029 S.
2339 1970 2627 2043 Augustini
2669 1968 2739 2024 de
2772 1969 2888 2025 Civ.
2925 1968 3017 2023 Dei
3048 1967 3169 2023 libri
3202 1965 3375 2022 XXII.
3407 1966 3466 2021 in
3496 1966 3674 2023 calce:
3704 1963 3801 2019 Hoc

2230 2064 2502 2123 Comedus
2554 2080 2722 2137 opus,
2776 2074 2880 2119 etc.
2938 2062 3007 2117 In
3057 2063 3209 2117 domo
3267 2060 3415 2116 Petri
3467 2059 3530 2115 de
3579 2058 3797 2114 Humano.

2235 2154 2613 2216 [CCCCJJ
2625 2154 2792 2212 VIII.
2825 2175 2844 2208 ι
2866 2154 3036 2226 Hujus
3075 2153 3336 2211 editionis
3377 2152 3670 2219 character,
3704 2167 3799 2207 mea

2234 2251 2450 2323 quidem
2471 2250 2759 2316 sententia,
2780 2248 2999 2304 nitidior
3012 2256 3117 2315 est,
3134 2262 3298 2319 quam
3323 2246 3379 2302 in
3403 2245 3675 2302 Lactantio
3685 2245 3801 2315 ejus-

2234 2343 2360 2400 dem
2391 2345 2538 2400 anni.
2570 2343 2679 2401 Sed
2705 2351 2886 2399 textus
2912 2342 3241 2419 lnguinatior
3272 2347 3361 2395 est
3388 2350 3443 2395 et
3473 2338 3671 2394 mendis
3706 2352 3803 2393 sca-

2238 2448 2317 2497 tet
2345 2439 2687 2496 itedissimis.
2737 2436 3057 2493 Prrecedunt
3101 2451 3190 2490 xiv
3239 2435 3373 2491 folia
3423 2433 3755 2489 rubricarum.
3783 2450 3800 2485 ι

2235 2533 2322 2590 Ci.
2356 2532 2560 2589 Debure
2586 2531 2725 2588 Bibi.
2753 2534 2934 2598 instr.,
2965 2530 3077 2585 Cat.
3110 2530 3246 2584 Bibl.
3288 2527 3596 2585 Smitltimue
3615 2526 3801 2599 (Venet.

2239 2627 2400 2688 i755.
2432 2627 2619 2698 ἔνι-ι’),
2649 2642 2703 2697 p.
2733 2626 2825 2696 εγ,
2859 2631 2914 2682 et
2940 2622 3079 2679 Bibl.
3117 2622 3318 2679 Pinell.
3349 2622 3412 2678 τ.
3443 2623 3486 2687 ι,
3519 2637 3572 2694 ρ.
3603 2619 3683 2676 ss.

2311 2718 2470 2775 M70.
2505 2719 2704 2785 Romw,
2734 2720 2875 2791 apud
2903 2718 3144 2782 eosdem;
3173 2717 3365 2788 in-fol.
3399 2732 3546 2771 max.
3574 2714 3627 2771 8.
3656 2716 3808 2785 Augu-

2238 2812 2365 2868 stini
2387 2813 2455 2868 de
2478 2811 2687 2867 Ciqu.
2714 2811 2835 2866 libri
2858 2810 3023 2866 XXII.
3051 2809 3116 2865 In
3144 2811 3289 2865 calce
3314 2826 3332 2864 :
3359 2810 3557 2884 Aspicis
3578 2808 3805 2877 illustris.,

2238 2912 2348 2961 etc.
2382 2902 2729 2960 Audiﬂredus
2748 2902 2998 2973 diligenti
3030 2903 3190 2958 trium
3220 2901 3525 2958 editionum
3571 2900 3809 2956 Romana-

2242 3012 2361 3054 rum
2392 2998 2535 3054 iuter
2563 3012 2623 3054 se
2651 2996 3057 3068 comparatione
3104 2997 3237 3052 citra
3284 2987 3505 3052 omnem
3554 2992 3809 3048 dubitatio-

2244 3105 2366 3147 nem
2393 3089 2594 3162 pesuit,
2627 3090 2869 3146 diversas
2897 3088 3128 3146 invicem
3169 3104 3299 3146 esse
3335 3098 3502 3162 atque
3543 3085 3812 3159 singulatim

616 3203 776 3262 1524.
811 3202 1192 3273 Norimbergw,
1224 3200 1387 3257 iri-8'.
1432 3201 1493 3255 D.
1552 3203 1683 3255 Aur.
1734 3197 2021 3271 Augustini
2070 3197 2141 3254 de
2186 3266 2216 3273 Δ
2243 3184 2485 3241 iteratas.
2512 3185 2687 3257 Atque
2722 3183 2860 3253 haec,
2884 3184 3045 3240 tertia
3068 3186 3231 3241 etiam
3263 3184 3629 3255 praecedente,
3658 3194 3814 3237 emen-

541 3302 743 3358 Natura
772 3306 828 3356 et
857 3297 1040 3355 Gratia
1069 3266 1203 3353 liber
1229 3311 1387 3352 unus.
1418 3295 1647 3351 Notatur
1672 3309 1699 3346 a
1730 3266 2137 3349 Coloniensibus.

2247 3278 2424 3335 datior
2451 3287 2535 3335 est
2563 3287 2618 3335 et
2644 3277 2901 3351 pleraque
2928 3278 3057 3335 vitia
3088 3278 3206 3349 ejus
3251 3277 3543 3335 abstersit.
3592 3272 3818 3332 Exstabat

614 3393 777 3451 1528.
811 3390 1102 3447 Eucharius
1139 3389 1494 3445 Cervicorm‘us
1540 3384 1840 3442 excutiebat.
1890 3383 1950 3440 In
1992 3384 2142 3441 ﬁne:

542 3490 698 3561 Apud
727 3488 786 3546 S.
818 3487 1084 3543 Coloniam
1124 3486 1357 3556 impensa
1400 3481 1478 3540 Μ.
1526 3479 1801 3552 Godefridi
1850 3478 2141 3553 Hyttorpii,

544 3584 669 3639 civis
699 3581 1089 3655 Agrippinensis
1115 3577 1447 3641 celeberrimi,
1478 3575 1649 3631 in-8’.
1704 3574 1765 3629 D.
1817 3572 1953 3631 Aur.
2006 3576 2144 3645 Aug.

544 3674 614 3731 de
659 3672 857 3729 Natura
903 3680 958 3726 et
991 3670 1173 3726 Gratia
1204 3668 1343 3725 liber
1371 3683 1530 3725 unus.
1558 3666 1819 3731 Pratl‘atus
1850 3675 1933 3723 est
1962 3668 2148 3749 paucis

543 3766 730 3823 verbis
752 3762 841 3820 Jo.’
878 3762 1132 3819 Petreius.

620 3840 785 3916 i568.
811 3856 1129 3927 Antuerpiaz,
1163 3871 1251 3928 ap.
1283 3852 1616 3927 Gymnicum,
1644 3851 1810 3909 iri-8'.
1840 3869 1863 3905 ι
1905 3850 1971 3915 D.
2012 3852 2146 3910 Aur.

546 3954 685 4023 Aug.
716 3951 854 4007 liber
881 3951 948 4007 de
970 3950 1169 4006 Natura
1197 3958 1250 4004 et
1277 3948 1481 4005 Gratia.
1513 3965 1533 4000 ι
1570 3946 1649 4023 Μ’.
1683 3945 1822 4001 Bibl.
1858 3944 2006 4002 Eccl.
2031 3946 2145 4004 Col.

546 4061 603 4117 p.
635 4046 764 4110 757,
794 4059 912 4116 quae
942 4045 986 4098 si
1017 4058 1144 4099 vera
1190 4041 1449 4115 prodidit,
1499 4038 1776 4097 accenseri
1823 4039 1989 4096 debet
2037 4041 2151 4096 haec

548 4137 715 4195 editio
745 4136 1070 4204 rarissimis,
1101 4135 1285 4206 paucis
1316 4133 1569 4190 nimirum
1596 4132 1749 4188 libris
1770 4133 1859 4202 iis,
1885 4146 2021 4205 quos
2042 4133 2153 4189 An-

552 4232 777 4302 tnerpia:
807 4230 1030 4286 Joannis
1062 4229 1312 4301 Gymnici
1343 4230 1574 4286 celebris
1598 4230 1871 4303 quondam
1899 4239 2149 4302 typograv

547 4320 641 4396 pili
671 4321 1014 4378 Coloniensis
1065 4322 1322 4391 impensis
1370 4322 1618 4392 impressi
1670 4333 1817 4379 sunt.
1871 4322 1962 4378 Sic
2006 4324 2149 4379 enim

547 4423 791 4473 statuere
848 4415 1053 4481 malim,
1111 4428 1272 4486 quam
1320 4430 1444 4471 cum
1496 4415 1777 4471 Maettario
1830 4416 2151 4489 Gymnicum

547 4511 728 4582 ipsum
763 4509 1057 4581 Antuerpia
1083 4508 1363 4565 Coloniam
1404 4510 1728 4581 migrantem
1776 4511 1975 4577 facere,
2026 4526 2150 4570 cum

548 4620 616 4663 ex
666 4604 968 4661 Annalibus
1016 4602 1181 4659 etiam
1224 4610 1455 4671 constet,
1506 4619 1629 4660 eum
1680 4604 1791 4675 jam
1834 4618 1975 4661 anno
2008 4605 2149 4665 1555

546 4697 787 4755 Colonia:
810 4695 1016 4767 prelum
1044 4697 1375 4766 exercuisse,
1406 4696 1648 4768 adeoque
1669 4714 1776 4757 non
1802 4706 1922 4769 post
1946 4714 2146 4759 annum

548 4791 708 4857 1540,
738 4790 979 4855 demum,
1011 4786 1166 4858 cujus
1191 4788 1317 4846 anni
1356 4788 1647 4847 editionem
1695 4792 2147 4863 Antuerpiensem

548 4880 869 4938 Maettarius
890 4890 1309 4947 commemorat,
1325 4880 1659 4941 domicilium
1678 4882 1750 4939 ibi
1769 4882 1934 4955 ﬁgere
1951 4884 2143 4954 potuit.

1252 4973 1450 5030 Versio.

620 5068 780 5125 1545.
822 5066 1045 5125 νεηειὶα
1072 5085 1161 5141 per
1187 5068 1367 5124 Comin
1384 5070 1451 5127 da
1480 5066 1661 5136 Trino,
1695 5068 1864 5124 in—8'.
1901 5087 1921 5125 ο
1948 5069 1986 5125 ll
2005 5069 2145 5125 libro

548 5161 637 5217 del
673 5161 734 5215 Β.
766 5161 1033 5233 Agostino
1063 5176 1298 5219 vescovo
1323 5162 1534 5234 lppon.,
1566 5163 1619 5219 di
1643 5162 1897 5219 Naturae
1919 5162 2134 5232 Gratia,

548 5262 736 5309 contra
768 5253 976 5325 Pelag;
1004 5254 1058 5317 di
1082 5254 1253 5313 latino
1274 5255 1326 5311 in
1348 5258 1488 5327 volg.
1517 5265 1841 5314 novamente
1856 5255 2113 5315 lrsdntto.
2128 5274 2147 5309 ι

764 5345 869 5401 XX
883 5347 947 5405 V.
968 5378 1036 5391 --
1066 5349 1181 5421 (7t)
1215 5348 1293 5405 De
1320 5348 1535 5407 Civitate
1570 5352 1669 5407 Dei
1697 5351 1841 5417 Libri
1876 5348 2074 5415 XXII.

616 5442 758 5496 Sec.
783 5440 898 5499 XV.
917 5472 990 5486 —
1012 5442 1171 5500 “67.
1193 5442 1241 5498 E
1263 5444 1583 5502 Honesterio
1605 5446 1913 5505 Sublacensi
1935 5449 1978 5516 f.
2005 5461 2145 5503 mu.

545 5533 605 5590 S.
640 5533 775 5592 Aur.
806 5538 1085 5609 Augustini
1112 5538 1183 5598 de
1210 5536 1446 5603 Civitate
1472 5539 1569 5603 Dei
1597 5539 1723 5601 libri
1750 5538 1920 5597 XXII.
1951 5539 2011 5597 in
2035 5540 2148 5597 esi-

546 5640 609 5682 ce
632 5644 646 5681 ς
669 5626 897 5685 Αυκειιι
922 5629 1234 5693 Aucusrnst.
1260 5631 1505 5691 Doctoris
1526 5633 1720 5706 egregii
1739 5639 1893 5705 atque
1913 5630 2145 5705 episcopi

545 5786 674 5913 cii:
679 5786 1122 5931 ἒηῗὲὲὶἮξιεξῆἷξΫ
1125 5788 1263 5919 $2.?
1266 5806 1408 5918 ἕᾝὲ
1411 5786 1922 5931 ῗιξιπιξέηξθέιὲιζῖῗ
1926 5785 2139 5931 1ξὲἷίἓὶἱί

508 5935 638 6015 ἰιιι·
674 5929 845 5991 verba
868 5930 977 5989 Deo
1011 5934 1238 5995 gratias.
1282 5940 1343 5990 ut
1371 5940 1521 5990 recte
1571 5930 1737 5988 etiam
1772 5929 2138 6007 gAudiﬂ‘redus

2248 3369 2303 3424 in
2328 3366 2469 3424 Bibl.
2493 3367 2689 3424 Pinell.

2319 3460 2643 3528 —Venetiis,
2666 3477 2755 3535 per
2773 3459 2861 3516 Io.
2887 3464 2949 3517 de
2970 3462 3010 3518 S
3018 3463 3132 3531 pira
3159 3473 3209 3517 et
3235 3460 3579 3517 Vindelinum
3602 3457 3820 3530 fratrem;

2248 3552 2434 3623 inviol.
2468 3554 2749 3623 Augustini
2779 3553 2898 3610 libri
2928 3553 3075 3608 XXII
3103 3554 3170 3611 de
3199 3555 3441 3610 Civitate
3471 3553 3589 3608 Dei.
3619 3550 3673 3606 in
3701 3550 3821 3604 line:

2438 3669 2532 3781 gui
2556 3670 2722 3721 docuit
2744 3668 2968 3719 Venetos
2994 3670 3205 3719 exscribi
3263 3683 3385 3727 osse
3403 3667 3639 3731 Joannes,

2491 3744 2613 3781 ense
2635 3730 2744 3781 fere
2770 3732 2899 3780 trino
2921 3738 3132 3781 centena
3159 3684 3421 3781 vol‘bmina
3448 3722 3593 3781 Plini.

2491 3744 2613 3781 ense
2635 3730 2744 3781 fere
2770 3732 2899 3780 trino
2921 3738 3132 3781 centena
3159 3722 3421 3781 volumina
3448 3722 3593 3789 Plini,

2436 3794 2500 3866 Et
2523 3795 2729 3866 totidem
2749 3794 2914 3866 magni
2942 3793 3194 3866 Ciceronis
3218 3795 3373 3866 Spira
3402 3792 3597 3849 libellos

2436 3850 2653 3919 ererat
2675 3850 2871 3913 Aureli,
2896 3856 3059 3919 subita
3085 3856 3172 3905 sed
3194 3850 3366 3906 morte
3394 3860 3695 3919 peremptus,

2436 3914 2544 3966 Non
2572 3919 2729 3979 potuit
2752 3922 2964 3979 emptum
2987 3916 3196 3966 Venetis
3219 3919 3371 3967 linire
3396 3914 3647 3976 bolumén,

2438 3979 2733 4041 Yindelinus
2749 3979 2889 4033 adest
2909 3980 3129 4041 ejusdem
3154 3980 3339 4037 Frater
3366 3988 3419 4031 et
3444 3984 3554 4037 arte

2435 4039 2543 4091 Non
2570 4042 2727 4091 minor
2745 4039 3360 4119 Hadficaquennloia‘bitur
3384 4043 3534 4101 urbe.

2828 4102 3095 4158 M.CCCC.
3106 4102 3269 4158 LXX.

2256 4237 2517 4301 Praecedit
2560 4238 2869 4295 rubicorum
2922 4237 3099 4297 tabula
3134 4253 3226 4293 xrv
3262 4238 3443 4295 foliis.
3473 4255 3493 4291 ι
3543 4234 3738 4299 Debure
3764 4230 3836 4286 Bi-

2253 4329 2441 4403 bliogr.
2476 4331 2622 4391 instr.
2655 4328 2909 4387 Biblioth.
2958 4328 3276 4397 Smithiana,
3334 4329 3457 4385 Cat.
3490 4329 3627 4384 Bibl.
3661 4326 3833 4384 Bnnav.

2252 4422 2497 4481 Laudant
2521 4422 2763 4481 eamdem
2795 4419 2908 4484 Cat.
2943 4419 3082 4475 Bibl.
3116 4419 3249 4493 Reg.
3274 4435 3330 4478 et
3360 4420 3505 4479 Bibl.
3542 4418 3732 4477 Pinell.
3771 4434 3787 4469 ι

2327 4514 2483 4569 1475.
2518 4512 2823 4583 Moguntina,
2858 4528 2947 4586 per
2972 4510 3118 4567 Petr.
3146 4511 3427 4580 Schoe/fer
3448 4513 3514 4567 de
3540 4504 3836 4575 Gernslteim;

2250 4607 2430 4679 in-fol.
2466 4605 2527 4661 ll
2554 4606 2653 4665 vol.
2680 4602 2749 4660 Β.
2783 4607 2915 4669 Aur.
2958 4606 3096 4675 Aug.
3144 4603 3265 4660 libri
3318 4604 3473 4670 XXII
3523 4605 3592 4662 de
3635 4600 3840 4659 Civitate

2254 4701 2347 4757 Dei
2388 4716 2509 4756 cum
2548 4697 2760 4757 Thema
2800 4697 2981 4759 Valois
3018 4706 3075 4754 et
3115 4697 3239 4754 Nic.
3280 4699 3499 4755 Triveth
3541 4704 3839 4756 commenta-

2249 4794 2364 4850 riis.
2408 4792 2586 4851 lnﬁne
2631 4792 2814 4853 rubris
2843 4792 3250 4849 characteribus
3276 4808 3291 4847 :
3319 4792 3499 4867 Igitur
3532 4790 3726 4848 Aurelii
3752 4786 3841 4843 Au-

2248 4886 2461 4955 gustini,
2488 4892 2595 4940 etc.
2626 4882 2720 4955 (cf.
2748 4882 2881 4939 edit.
2911 4882 3395 4955 Hieronymianam
3423 4885 3497 4940 ib.
3527 4899 3581 4941 a.
3611 4883 3745 4939 M70
3767 4891 3843 4948 per

2249 4978 2433 5035 eumd.
2466 4986 2681 5051 typogr.
2712 4979 3014 5046 excusam),
3048 4985 3470 5037 consummatum
3516 4992 3608 5046 per
3652 4974 3843 5030 Petrum

2252 5069 2510 5138 Scltoi/fer
2526 5070 2588 5123 de
2605 5067 2935 5136 Gernzheim,
2950 5086 3087 5123 anno
3102 5068 3319 5124 Domini
3340 5070 3397 5124 Μ
3408 5064 3839 5134 ,εοεαιχχίξιμ

2248 5162 2332 5215 die
2364 5160 2427 5216 V.
2484 5162 2669 5217 mensis
2729 5161 3040 5231 Septembris
3086 5162 3384 5235 presidibus
3428 5163 3642 5218 ecclesia
3677 5154 3843 5217 baioli-

2255 5274 2312 5313 ce
2342 5257 2492 5319 Sixto
2523 5258 2681 5317 tercio
2708 5258 2948 5331 pontiﬁce
2979 5256 3219 5324 Summo,
3247 5259 3365 5314 sedi
3395 5258 3525 5314 Ant.
3562 5250 3845 5327 Moguntina

2255 5351 2446 5420 Adolj'o
2494 5352 2719 5409 secundo
2771 5351 2978 5424 presule
3027 5351 3308 5423 magniﬁco
3364 5359 3580 5407 tenente
3607 5357 3772 5402 autem
3793 5356 3843 5395 ac

2250 5444 2571 5522 gubernante
2621 5443 3005 5501 Christianismi
3050 5444 3359 5501 monarchia
3422 5446 3733 5513 imperatore
3775 5450 3843 5492 se-

2247 5539 2517 5595 renissima
2545 5536 2831 5595 Frederico
2862 5539 3017 5595 tercio
3043 5537 3232 5595 Cesare
3257 5553 3470 5612 seraper
3499 5538 3750 5610 Augusto.
3775 5528 3841 5586 ln-

2245 5631 2379 5703 cipit
2404 5646 2435 5687 a
2466 5630 2647 5687 tabula
2676 5630 2915 5701 capitum
2940 5629 3068 5687 libri
3099 5630 3283 5702 primi,
3318 5644 3451 5703 qua
3472 5643 3581 5685 una
3612 5640 3732 5683 cum
3762 5635 3841 5677 ex-

2247 5786 2477 5843 monuit.
2509 5783 2850 5841 Probabilior
2879 5781 3029 5841 Petri
3058 5784 3304 5844 Scriverii
3334 5786 3645 5857 sententia,
3690 5780 3840 5857 Getie-

2244 5857 2872 5995 psgasttﬂﬁiodofredi
2898 5857 3173 5916 Alemanni
3205 5872 3412 5917 nomen
3443 5852 3835 5932 .substlﬁtuentisi
