4010 6350
190 335 299 438 'm'

1094 376 1377 439 ms
1414 375 1835 436 IIT'I’ERARIA
1872 379 1941 438 IN
1977 380 2037 443 8.
2078 382 2552 448 AUGUSTINUM.

3368 395 3471 459 150

191 503 372 569 cerpto
402 509 469 552 ex
500 492 655 552 libris
700 495 1169 553 Retmtationum
1226 512 1337 555 uno
1364 500 1497 557 folio
1527 516 1773 572 compre-
1800 499 1859 561 A-
1878 500 2077 554 domini
2088 501 2340 559 milesimo
2358 508 2864 579 quadringentesimo
2877 513 3249 585 septuagesimo
3267 516 3473 585 quinto:

193 592 462 648 benditur.
496 591 637 650 Tum
666 593 915 662 sequitur
937 594 1116 664 ipsum
1140 594 1428 666 Augustini
1451 605 1775 665 opustotnm

194 688 323 744 intra
362 689 468 743 hoc
497 688 732 758 primum
763 688 877 747 vol.
916 688 1223 745 absolutum
1277 691 1438 762 inque
1487 692 1593 746 line
1640 691 1773 761 legi-

194 792 313 837 tur:
348 779 533 834 Finito
564 780 696 835 libro
745 781 811 835 sit
861 782 977 837 ltus
1016 792 1068 839 et
1106 784 1275 857 gloria
1294 782 1529 840 Christo.
1573 786 1778 842 Deinde

192 875 347 929 minio
375 874 741 941 impressum:
777 872 970 931 festus
999 878 1173 933 sancti
1189 878 1459 949 Augustini
1485 878 1548 933 de
1568 877 1780 933 Civitate

120 974 130 983 '
193 967 300 1032 Dei,
360 966 651 1039 [agentia
700 969 1014 1040 inpressu,
1075 968 1293 1042 explieit
1339 969 1585 1041 feliciter,
1641 986 1779 1026 anno

192 1060 416 1134 LXXiij.
443 1063 683 1118 Alterum
705 1064 957 1120 volumen
984 1065 1362 1134 complectitur
1388 1066 1777 1121 commentaria

188 1172 345 1226 supra
370 1156 589 1212 laudata
618 1172 747 1214 cum
774 1158 956 1216 indice
980 1159 1344 1229 alphabetico.
1379 1158 1463 1215 Ad
1494 1167 1781 1229 utramque

188 1252 480 1309 voluminis
523 1252 726 1309 calcem
777 1253 928 1310 ﬁnita
978 1254 1396 1325 subscriptione,
1448 1268 1604 1311 more
1648 1254 1778 1310 con;

186 1356 357 1414 sueto,
380 1348 611 1419 insignia
632 1347 953 1421 typographi
977 1348 1148 1405 minio
1172 1349 1441 1419 impressa
1459 1356 1776 1405 cernuntur.

108 1440 121 1447 ’
184 1441 384 1497 Debere
422 1440 675 1514 Bibliogr.
725 1442 877 1497 instr.
924 1440 1196 1499 Seemiller
1238 1441 1365 1498 lasc.
1414 1440 1457 1511 l,
1510 1456 1632 1513 pag.
1683 1441 1775 1512 49,

186 1535 359 1591 Brutus
385 1534 515 1595 Not.
547 1536 623 1594 ιι.
658 1536 761 1592 tu.
796 1535 1003 1609 (nas),
1023 1551 1078 1608 ι).
1110 1534 1234 1593 iss.

259 1634 518 1687 Auctores
545 1645 679 1687 vero
703 1630 903 1686 herum
929 1628 1487 1695 Commentariorum,
1520 1643 1641 1699 qua:
1672 1628 1783 1699 pri-

186 1738 275 1780 ma
311 1723 425 1780 vice
454 1722 545 1779 llic
573 1712 777 1779 excusa
807 1730 957 1791 sunt,
990 1723 1150 1795 Angli
1191 1730 1424 1793 uterque
1466 1722 1688 1777 luerunt
1727 1729 1783 1776 et

183 1818 251 1873 de
277 1816 707 1874 Prmdieatorum
736 1817 931 1873 ordine
951 1817 1133 1873 ambo.
1165 1815 1426 1872 Nicotaus
1449 1813 1665 1871 Treuetlt
1685 1829 1781 1871 seu

1880 604 2025 649 sexto
2057 612 2221 651 nonas
2257 600 2505 656 octobres.
2540 602 2867 675 lmpressum
2894 616 2979 663 est
3004 608 3267 664 columnis
3301 611 3471 679 binis;

1884 688 2074 759 incipit
2112 706 2140 743 a
2174 691 2354 747 tabula
2384 698 2610 767 capitum
2648 714 2702 755 tv
2746 700 2875 757 folia
2903 705 3322 774 complectente.
3357 707 3469 764 Cat.

1879 781 2016 838 Bibl.
2060 783 2220 842 Ducis
2263 789 2325 842 de
2365 789 2418 843 la
2450 789 2677 861 Vatiere,
2707 798 2766 850 it.
2798 795 2934 851 Bibl.
2971 798 3301 854 Smithianat.
3335 800 3468 856 Ser-

1880 879 2041 935 vabat
2068 882 2315 939 eamdem
2346 884 2476 939 olim
2507 885 2643 942 Bibl.
2674 886 2909 958 Pinellii,
2946 892 3184 963 itemque
3216 909 3319 947 una
3352 890 3498 948 ctisi‘.

1879 984 1977 1027 sex
2010 974 2445 1042 prtecedentihus
2475 976 2611 1032 Bibl.
2655 978 2948 1038 Creucnnte.
2980 982 3103 1038 Vid.
3137 983 3247 1039 Cat.
3284 978 3503 1039 novissi

1951 1063 2281 1133 —l'enetiis,
2316 1086 2405 1140 per
2436 1068 2727 1128 Gabrielem
2748 1071 2895 1128 Petri
2915 1075 2977 1130 de
3000 1074 3267 1145 Tarnis-io;
3296 1078 3470 1146 in-fol.
3494 1080 3499 1085 ’

1879 1157 2169 1231 Augustini
2200 1162 2268 1217 de
2294 1160 2523 1220 Civitate
2545 1164 2641 1221 Dei
2666 1167 2786 1222 libri
2820 1166 2986 1224 XXII.
3019 1170 3071 1224 ln
3100 1172 3202 1225 line
3236 1188 3248 1223 :
3282 1172 3479 1225 Aurelii

1880 1250 2159 1323 Augustini
2184 1254 2248 1309 de
2277 1254 2494 1311 Civitote
2518 1256 2617 1313 Dei
2642 1258 2799 1314 Liber
2820 1258 3013 1314 XXII.
3046 1263 3332 1317 et'ultimus
3366 1266 3479 1334 feli—

1880 1345 2006 1399 citer
2035 1346 2168 1415 ﬁnit.
2201 1345 2624 1422 Impressumque
2649 1363 2725 1407 est
2754 1369 2883 1419 opus
2913 1352 3009 1407 hoc
3039 1371 3070 1407 a
3091 1353 3329 1423 diligenti
3360 1354 3479 1407 Ma—

1879 1438 2040 1510 gistro
2093 1437 2333 1496 Gabriele
2362 1441 2508 1497 Petri
2536 1442 2600 1498 de
2648 1443 2905 1499 Tarvisio.
2962 1445 3016 1498 Μ
3026 1444 3391 1500 ,εειιίλιιχχ
3412 1446 3473 1500 V.

1880 1534 2129 1589 existente
2162 1533 2319 1591 Petro
2362 1536 2627 1593 Macenico
2660 1538 2801 1593 Duce
2834 1538 3191 1594 Venetiarum.
3235 1539 3474 1594 Venetiis.

1882 1623 1998 1683 Cat.
2029 1625 2169 1683 Bibl.
2202 1626 2341 1684 Bud.
2368 1628 2434 1687 Τ.
2467 1628 2509 1699 Ι,
2545 1648 2595 1702 p.
2627 1631 2717 1697 89,
2754 1633 2844 1688 ubi
2876 1634 3068 1689 merito
3100 1634 3380 1688 rarissimis
3410 1633 3477 1687 li-

1880 1719 1992 1776 bris
2018 1732 2366 1778 accensetur.
2400 1722 2479 1779 Ex
2522 1722 2781 1798 Catalogo
2811 1741 2943 1783 vero
2968 1725 3109 1782 Bibl.
3148 1727 3306 1781 Ducis
3334 1727 3397 1781 de
3430 1727 3480 1781 la

1888 1810 2098 1869 Valiere
2137 1814 2418 1882 discimus,
2464 1816 2603 1872 binis
2643 1816 2915 1874 columnis
2947 1820 3201 1874 volumen
3230 1834 3352 1875 esse
3382 1819 3481 1873 im-

180 1910 371 1975 Tn‘set,
397 1912 488 1969 vel
516 1913 680 1968 etiam
709 1912 957 1982 Traueth,
985 1910 1196 1982 origine
1222 1909 1614 1966 Nortwicensis
1636 1916 1774 1974 erat,
1809 1896 1857 1958 B
1883 1920 2153 1978 pressum,
2185 1908 2493 1978 praecedere
2523 1912 2879 1967 materiarum
2911 1913 3148 1969 tabulam
3187 1928 3281 1970 xw
3314 1912 3477 1977 loliis,

179 2015 341 2061 natus
368 2005 521 2061 circa
552 2020 756 2061 annum
791 2005 954 2070 1258,
991 2005 1210 2074 vitaque
1247 2004 1462 2059 iunctus
1509 2017 1562 2057 a.
1614 2000 1775 2057 1528.

178 2099 590 2157 Commentatus
629 2109 713 2154 est
751 2100 805 2154 in
856 2113 1048 2155 omnes
1090 2098 1263 2154 libros
1297 2096 1445 2153 XXII
1492 2114 1503 2150 :
1554 2094 1780 2151 Thomas

180 2191 404 2248 Walleis
430 2206 567 2247 vero
590 2206 687 2248 seu
718 2190 1005 2255 Vallensis.
1031 2190 1154 2247 aliis
1179 2188 1395 2245 Gualois
1417 2188 1501 2245 vel
1524 2195 1781 2258 corrupte

186 2282 389 2349 Valois,
438 2285 581 2339 haud
626 2284 791 2340 dubie
840 2299 985 2356 quau
1038 2300 1102 2340 ex
1152 2284 1463 2354 principatu
1490 2280 1785 2337 Walliao-

174 2377 411 2433 rinndus
457 2387 626 2443 esset,
675 2377 968 2447 theologia)
1006 2378 1203 2435 doctor
1240 2376 1588 2438 Oxoniensis.
1636 2375 1780 2432 diem

172 2486 341 2526 suum
389 2471 528 2526 obiit
573 2486 622 2524 a.
680 2470 839 2537 1549,
888 2471 1217 2542 scripsitque
1262 2470 1673 2540 Expositionem
1726 2468 1781 2522 in

171 2563 370 2619 decem
395 2565 603 2634 primos
627 2564 795 2618 libros
826 2579 857 2619 e
885 2563 1029 2619 XXII
1060 2563 1128 2619 de
1158 2562 1391 2619 Civitate
1427 2562 1542 2629 Dei,
1572 2576 1691 2633 qua:
1714 2559 1781 2615 il-

169 2658 327 2711 nitur
358 2656 415 2710 in
448 2656 589 2711 libro
615 2672 673 2723 x,
708 2671 827 2727 cap.
867 2656 962 2711 29.
1004 2655 1303 2727 Utriusque
1339 2669 1561 2727 operam
1603 2652 1783 2725 magni

167 2749 301 2803 olim
361 2747 561 2803 iactam
612 2762 737 2804 esse
788 2755 1062 2804 testantur
1110 2749 1393 2805 innumera
1454 2762 1612 2816 mss.,
1664 2761 1785 2818 qua

167 2839 366 2895 adhuc
403 2839 462 2894 in
501 2840 845 2897 bibliOthecls
885 2841 1284 2897 Parisiensibus
1315 2841 1657 2910 potissimum
1688 2854 1784 2895 su-

168 2941 413 3003 persunt
440 2935 714 3005 exempla,
742 2934 809 2991 de
838 2935 1033 3006 quibus
1057 2932 1409 2990 vid.'Echard
1435 2933 1489 2989 in
1519 2934 1622 2991 SS.
1647 2932 1783 2989 0rd.

174 3026 365 3082 Praed.
409 3038 546 3083 tom.
591 3028 659 3095 Il,
701 3044 825 3101 pag.
859 3029 960 3085 561
992 3038 1047 3085 et
1078 3029 1202 3085 597.
1241 3029 1526 3085 Creditum
1568 3038 1652 3084 est
1692 3028 1787 3082 ali-

174 3121 423 3193 quando,
483 3121 815 3179 Trevethum
859 3134 913 3179 et
964 3123 1230 3181 Thomam
1277 3121 1569 3191 coniuncto
1610 3121 1789 3176 studio

1879 2000 2194 2070 signaturas
2218 2013 2341 2058 esse
2367 2001 2538 2058 a...ad
2558 1998 2607 2055 D
2634 2003 2860 2059 secundi
2887 2004 3187 2074 alphabeti.
3220 2003 3483 2065 Memora-

1881 2099 1969 2146 tur
2009 2092 2170 2148 etiam
2215 2092 2270 2148 in
2313 2094 2571 2167 Catalogo
2616 2094 2756 2152 Bibl.
2798 2094 3128 2152 Bodleianae
3159 2095 3245 2151 ed.
3275 2106 3479 2152 recent.

1882 2186 2061 2255 p.88,
2093 2188 2234 2257 apud
2267 2187 2443 2245 Denis.
2480 2191 2531 2244 in
2560 2186 2700 2250 Bibl.
2729 2185 2932 2248 Corell.
2962 2190 3025 2247 Τ.
3056 2189 3101 2259 l,
3138 2208 3186 2262 p.
3224 2191 3344 2247 i55.
3372 2190 3484 2247 Ad-

1882 2276 2042 2334 datur
2067 2279 2139 2335 cl.
2174 2280 2339 2336 Reuss
2370 2282 2422 2336 in
2446 2279 2586 2338 Bibl.
2616 2281 2842 2356 Tubing.
2871 2282 3083 2358 (1780),
3117 2300 3169 2359 p.
3202 2284 3289 2339 69.

1959 2372 2120 2429 1477.
2174 2372 2422 2445 Neapoli,
2472 2391 2563 2448 per
2612 2374 2894 2431 Matthiam
2940 2374 3252 2442 Heraeum;
3302 2376 3482 2449 in-fol.

1886 2469 2013 2525 min.
2043 2468 2101 2524 S.
2124 2468 2411 2541 Augustini
2434 2470 2503 2525 de
2528 2469 2761 2526 Civitate
2786 2470 2881 2525 Dei
2908 2471 3029 2526 libri
3052 2469 3219 2526 XXII.
3250 2469 3307 2525 In
3336 2469 3443 2526 line
3468 2486 3484 2524 :

1886 2562 2087 2617 Aurelii
2116 2562 2396 2632 Augustini
2434 2564 2499 2618 de
2538 2564 2754 2623 Civitate
2786 2563 2884 2625 Dei
2911 2564 3039 2619 liber
3067 2562 3237 2619 XXII
3279 2574 3324 2619 et
3357 2563 3484 2619 ulti-

1888 2671 2001 2711 mus
2034 2656 2254 2726 feliciter
2278 2658 2509 2730 explicit.
2530 2656 2611 2712 Im
2620 2676 2945 2731 pressumque
2966 2669 3037 2713 est
3064 2676 3195 2727 onus
3220 2660 3316 2712 hoc
3340 2657 3486 2714 Nec.

1887 2750 1997 2823 poli
2018 2767 2049 2804 a
2070 2750 2305 2821 diligenti
2329 2753 2575 2822 magistro
2600 2751 2822 2806 Matthia
2852 2750 3078 2805 Morava.
3108 2752 3253 2804 Anno
3266 2745 3483 2804 Christi.

1890 2841 2461 2902 M.CCCC.LXXVII.
2493 2845 2605 2900 Cat.
2642 2844 2781 2900 Bibl.
2813 2845 2967 2900 Ducis
2993 2845 3056 2900 de
3084 2848 3135 2900 la
3159 2844 3381 2901 Valiere.

1966 2938 2129 2995 M79.
2160 2937 2409 3007 Basilete,
2444 2958 2535 3012 per
2566 2938 2730 2994 Mich.
2768 2940 3071 3005 Wenszler;
3100 2941 3277 3012 in-fol.
3319 2939 3488 2996 lidetl

1891 3043 2013 3085 cum
2036 3032 2450 3087 commentariis
2474 3032 2698 3087 Thomte
2726 3032 2909 3099 Valois
2931 3045 2982 3088 et
3012 3032 3219 3088 Nicolai
3240 3032 3487 3088 Triveth.

1893 3120 1953 3177 ln
1982 3121 2087 3177 line
2108 3122 2423 3179 charactere
2448 3124 2615 3180 rubro
2644 3124 2999 3194 impressum:
3033 3114 3153 3198 Igii
3176 3125 3364 3194 auretij
3399 3142 3493 3179 au-

181 3215 316 3273 istas
360 3216 773 3274 lucubrationes
812 3218 1213 3288 composuisse,
1249 3216 1384 3271 falso
1416 3224 1621 3271 tamen.
1654 3214 1786 3269 Nam
1824 3280 1858 3288 _
1893 3214 2091 3286 gustini
2128 3213 2357 3267 ciuitatis
2392 3214 2677 3268 orthodoxe
2715 3214 2900 3269 sideris
2928 3204 3162 3287 pfulgidi
3193 3214 3495 3288 deAciuitate

187 3309 291 3364 Ista
328 3309 675 3383 coniunctio,
705 3280 1162 3381 quemadmodum
1201 3280 1365 3364 etiam
1403 3309 1454 3363 in
1488 3308 1590 3364 hac
1618 3308 1788 3377 prima
1816 3280 1860 3343 (ἶ
1894 3280 1979 3361 dei
2012 3324 2143 3376 opus
2172 3307 2669 3380 praeclarissimum.
2704 3308 2836 3361 binis
2866 3280 3011 3362 saere
3038 3280 3222 3381 pagiue
3251 3283 3509 3378 nfessori?

193 3403 437 3460 editione
475 3405 705 3475 obtinet,
751 3405 979 3461 notariis
1020 3406 1249 3463 debetur
1277 3413 1331 3461 et
1359 3402 1613 3459 omnibus
1643 3402 1790 3459 codi-

198 3496 345 3553 cibus
358 3512 491 3554 mss.
516 3508 605 3555 est
619 3498 903 3555 solemnis.
921 3498 1125 3554 Nicolai
1151 3506 1329 3554 autem
1349 3497 1543 3553 Trevet
1554 3497 1603 3550 hi
1625 3510 1791 3567 expo—

200 3590 322 3646 sitio
351 3593 405 3647 in
436 3591 487 3647 X
513 3593 724 3663 priores
751 3593 927 3648 libros
948 3606 1242 3663 numquam
1274 3590 1474 3661 prodiit
1499 3599 1660 3660 atque
1688 3587 1793 3643 hoc

202 3697 327 3739 casu
372 3684 606 3742 fortasse
649 3686 705 3742 in
745 3696 1067 3758 perpetuum
1108 3685 1215 3741 luci
1253 3684 1524 3741 subtracta
1558 3690 1663 3739 est.
1705 3680 1792 3737 Ci.

205 3790 401 3850 praeter
440 3782 716 3838 laudatum
758 3777 1066 3839 Echardnm
1101 3783 1589 3854 locupletissimum
1626 3783 1678 3836 in
1708 3781 1793 3837 his

208 3884 505 3943 auctorem,
536 3876 754 3931 Fabric.
788 3876 929 3931 Bibl.
962 3876 1102 3933 Med.
1124 3886 1179 3932 et
1209 3876 1309 3931 Ini.
1342 3876 1461 3931 Lat.

278 3970 433 4027 1471.
468 3970 668 4037 Romae,
702 3988 788 4044 ap.
826 3969 1015 4028 Udalr.
1045 3969 1314 4037 Gallum;
1351 3972 1527 4041 in-fol.
1559 3962 1703 4025 mox.
1731 3968 1794 4026 S.

216 4061 493 4133 Augustini
542 4063 609 4118 de
654 4064 884 4121 Civitate
929 4064 1025 4119 Dei
1071 4064 1197 4119 libri
1238 4063 1402 4117 XXII.
1461 4061 1518 4117 In
1574 4062 1723 4117 calce
1780 4079 1795 4117 :

222 4150 428 4209 Presens
468 4155 663 4210 Aurelii
705 4155 983 4226 Augustini
1024 4142 1318 4226 Hippone;
1487 4154 1549 4207 de
1587 4152 1801 4208 Civitate

224 4242 313 4298 Dei
339 4248 622 4315 preclarum
654 4263 783 4315 opus
806 4264 824 4300 .·
849 4246 1001 4301 Alma
1025 4246 1079 4300 in
1102 4245 1226 4301 urbe
1250 4246 1416 4300 Roma
1441 4245 1598 4299 totius
1621 4242 1804 4297 mundi

225 4338 391 4407 regina
439 4348 485 4392 et
536 4338 840 4409 dignissima
885 4339 1208 4409 imperatrice
1250 4354 1268 4392 :
1306 4355 1405 4407 que
1450 4339 1581 4392 sicut
1626 4336 1805 4391 ceteris

228 4430 417 4484 urbibus
438 4431 691 4501 dignitate
712 4441 880 4499 preest
900 4414 919 4487 ξ
940 4433 1013 4486 ita
1032 4432 1311 4503 ingeniosis
1333 4433 1456 4485 viris
1478 4442 1549 4487 est
1571 4432 1759 4502 referta
1783 4446 1800 4485 :

230 4536 319 4575 non
346 4532 654 4579 attrameuto
683 4524 905 4599 plumali
934 4524 1138 4579 calamo
1168 4542 1328 4597 neque
1359 4525 1479 4579 stilo
1520 4541 1636 4580 ereo
1668 4541 1686 4579 :
1714 4524 1805 4579 sed

1895 3402 1988 3455 bus
2014 3401 2215 3455 eximiis
2245 3402 2300 3454 id
2320 3401 2802 3456 commentantibus.
2832 3400 3053 3456 rubricis
3082 3401 3357 3471 tabulaque
3386 3400 3497 3451 dis-

1895 3511 2091 3554 cretum
2134 3489 2315 3570 ’τῖοειδα
2366 3500 2421 3553 in
2470 3498 2596 3553 urbe
2639 3497 2891 3554 Basilica.
2940 3502 3169 3572 partium
3216 3496 3493 3553 alemanie.

1898 3610 2052 3662 quam
2081 3609 2183 3647 non
2203 3594 2370 3647 solum
2392 3592 2527 3646 aeris
2553 3592 2829 3647 clementia
2851 3600 2898 3646 et
2925 3593 3164 3662 fertilitas
3185 3593 3298 3663 agri
3321 3604 3499 3645 verum

1897 3674 2016 3737 etii?
2049 3674 2402 3755 imp-mentium
2451 3680 2712 3736 subtilitas
2757 3682 2926 3735 reddit
2984 3669 3385 3750 famantissima'.
3433 3677 3499 3731 ad

1898 3772 2106 3828 laudem
2136 3774 2387 3827 trinitatis
2414 3772 2687 3827 indiuiduo
2712 3771 2944 3825 ciuitatis
2984 3771 3068 3824 dei
3099 3770 3264 3842 psidis
3294 3768 3501 3851 ingenio

1896 3874 1946 3921 et
1977 3866 2237 3920 industria
2274 3862 2552 3918 Mihahelis
2583 3861 2876 3917 Wenzsler.
2918 3861 3067 3916 Anno
3111 3861 3291 3915 salutis
3331 3866 3502 3913 nostre

1899 3967 2015 4027 post
2044 3956 2121 4010 Μ.
2153 3964 2200 4010 et
2233 3951 2686 4011 CCCC.LXXIX.
2724 3952 2834 4026 Viij
2859 3952 2932 4007 ltl.
2974 3954 3156 4023 aprili:
3191 3967 3399 4024 operose
3423 3959 3498 4004 est

1899 4058 2335 4105 consummatum.
2375 4048 2573 4103 Subter
2615 4046 2697 4101 his
2728 4046 2939 4118 insigne
2977 4044 3298 4119 typographi
3332 4044 3500 4099 lll‘lllio

1902 4143 2107 4215 pariter
2137 4141 2388 4212 refulget.
2424 4138 2626 4211 Incipit
2664 4154 2692 4193 a
2742 4139 3013 4195 Sententia
3044 4139 3317 4211 Augustini
3343 4154 3408 4193 ea:
3436 4137 3500 4191 ti-

1903 4238 2008 4293 bris
2051 4234 2524 4298 Retractationum,
2558 4247 2719 4302 quam
2750 4232 2932 4288 statim
2966 4231 3140 4285 tabula
3169 4231 3404 4300 capitum
3436 4228 3499 4284 li-

1902 4329 1986 4387 bri
2031 4328 2191 4400 primi
2236 4326 2505 4398 sequitur,
2547 4323 2852 4395 cujusmodi
2902 4324 3195 4394 unicuique
3237 4322 3376 4377 libro
3417 4328 3504 4377 est

1902 4421 2146 4495 prmﬂxa.
2180 4420 2309 4476 Post
2340 4427 2546 4474 textum
2579 4417 2777 4489 legitur
2808 4416 3146 4485 subscriptio
3175 4414 3340 4469 rubro
3373 4414 3501 4469 item

1905 4517 2227 4575 charactere
2241 4524 2460 4571 exarata
2478 4512 2771 4583 additoque
2794 4509 2929 4566 inira
2956 4508 3254 4582 typothette
3276 4507 3503 4581 insigni:

232 4616 497 4685 artiﬁciosa
533 4618 760 4687 quadam
787 4617 1148 4671 adinventione
1175 4633 1264 4673 seu
1290 4618 1702 4671 caracterizandi
1732 4617 1805 4671 sic
1830 4667 1883 4687 ἢ
1910 4611 2100 4681 Textus
2125 4610 2295 4665 sancti
2320 4608 2595 4681 Augustini
2622 4607 2686 4661 tle
2714 4606 2916 4661 civitate
2944 4604 3027 4659 dei
3052 4603 3263 4657 Basilea
3290 4604 3508 4679 impres—

236 4667 1886 4780 usus;gius'isisg;iii.‘.‘..}...;;..1gignis:D
1912 4667 1998 4763 ἐπε
2038 4703 2272 4775 Explicit
2313 4667 2553 4775 [ειίὲίιετ.
2595 4699 2745 4757 Anno
2789 4696 3049 4753 LXXIX.
3092 4696 3338 4753 Adbibiti
3364 4667 3513 4754 Vsunt

237 4809 346 4854 tum.
389 4820 475 4871 per
518 4803 823 4859 Udalricum
861 4802 1071 4857 Gallum
1109 4801 1422 4856 Almannum
1451 4810 1498 4857 et
1529 4801 1809 4873 Symonem
1914 4800 2265 4859 characteres
2296 4797 2514 4853 Gothici
2542 4794 2833 4851 luculentte
2859 4792 3070 4862 formae,
3120 4790 3173 4845 in
3217 4798 3369 4845 textu
3399 4805 3513 4846 Ila-

238 4892 427 4951 Nicotoi
447 4898 510 4952 de
529 4897 863 4952 Luca.Anno
882 4896 1093 4952 Domini
1114 4894 1808 4953 M.CCCC.LXXUII.die
1912 4893 2082 4965 jores,
2129 4892 2183 4947 in
2218 4890 2662 4959 Commentariis,
2694 4888 2786 4962 qui
2820 4900 2962 4959 pone
2990 4894 3317 4959 sequuntur,
3354 4884 3514 4958 longe

236 5003 338 5044 tero
376 4990 525 5045 Illi.
572 4994 763 5045 mensis
802 4988 1099 5057 Februarii,
1151 4990 1469 5061 Pontiﬁcatu
1511 5005 1628 5045 vero
1671 4990 1811 5046 Sis-ti
1914 4987 2179 5044 minores.
2220 4984 2500 5041 Columnae
2549 4982 2717 5050 binae,
2767 4994 2996 5055 prorsus
3035 4977 3237 5035 absunt
3273 4979 3515 5051 numeri,
3562 5054 3565 5057 ι

236 5081 449 5139 dicinina
488 5084 619 5156 (sic)
662 5085 983 5156 providentia
1016 5082 1159 5153 Pape
1188 5085 1361 5154 quarti
1390 5098 1526 5137 anno
1552 5086 1666 5155 ejus
1708 5091 1811 5137 ter-
1915 5079 2228 5150 signatum,
2262 5077 2539 5146 custodes,
2581 5075 2777 5132 littera:
2816 5072 3053 5129 initiales
3093 5071 3368 5142 titulique.
3418 5072 3517 5131 Deo

235 5177 315 5233 tio.
363 5178 709 5234 Antecedunt
754 5178 1094 5233 rubricarum
1150 5176 1277 5233 folia
1325 5191 1439 5243 xm,
1492 5191 1614 5231 cum
1664 5174 1807 5231 loliis
1915 5173 2044 5226 bure
2066 5172 2118 5225 in
2149 5169 2262 5225 Cat.
2293 5168 2432 5223 Bibl.
2461 5168 2623 5224 Ducis
2648 5167 2713 5221 de
2729 5168 2780 5221 la
2812 5164 3041 5230 Voliere.
3068 5163 3339 5233 Seemiller
3361 5162 3521 5221 Incu-

230 5268 426 5327 duobus
454 5272 629 5343 puris.
663 5270 961 5328 Character
990 5286 1097 5326 non
1124 5270 1347 5325 omnino
1375 5281 1481 5325 tam
1506 5269 1811 5325 luculentus
1916 5266 2042 5321 nab.
2074 5263 2299 5339 Ingolst.
2327 5262 2485 5319 Fasc.
2514 5261 2579 5327 ll,
2606 5276 2664 5335 p.
2690 5260 2760 5321 56
2790 5275 2874 5332 sq.
2920 5258 2923 5259 ⁷
3540 5300 3563 5337 ί

231 5374 303 5418 est
330 5376 383 5420 et
412 5381 644 5437 magnus
683 5379 747 5421 ac
780 5366 1145 5421 Romanarum
1176 5364 1501 5431 editionum,
1529 5363 1625 5420 sed
1657 5362 1815 5434 longe
1997 5356 2160 5414 1482.
2202 5356 2452 5413 Romte...
2480 5354 2658 5425 in—fol.
2690 5351 3025 5425 Augustinus
3046 5349 3114 5408 de
3141 5347 3374 5407 Civitate
3404 5350 3524 5407 Dei.
3564 5412 3571 5417 ,

231 5468 402 5513 contra
434 5460 715 5530 aequalior.
1926 5452 2166 5524 Hujusce
2215 5450 2475 5509 editionis
2519 5446 2779 5504 memoria
2811 5446 2926 5503 sola
2961 5452 3169 5517 perstat
3198 5443 3341 5517 apud
3390 5441 3527 5499 Lob~

222 5576 223 5587 λ
296 5552 451 5610 1475.
497 5554 723 5609 Venetiis
761 5570 851 5625 ap.
897 5551 1020 5608 Nic.
1062 5550 1523 5624 Jenson.;in-fol.
1552 5549 1611 5606 S.
1645 5550 1821 5620 Augu-
1928 5547 2079 5602 beum
2128 5545 2279 5601 Nova
2322 5543 2464 5598 Bibl.
2516 5558 2639 5598 mss.
2689 5556 2748 5613 p.
2790 5542 2914 5598 547.
2958 5556 3109 5596 num.
3166 5539 3272 5596 689
3317 5554 3333 5599 :
3383 5534 3565 5617 umlo

231 5646 349 5701 stini
385 5649 453 5705 tle
493 5646 731 5704 Civitate
775 5647 872 5703 Dei
915 5645 1037 5702 libri
1081 5646 1248 5701 XXII.
1300 5645 1356 5701 ln
1405 5644 1513 5700 line
1565 5658 1581 5698 :
1624 5641 1824 5697 Aurelii
1928 5638 2236 5697 Maettarius
2265 5637 2317 5697 in
2346 5634 2554 5695 forulos
2587 5646 2719 5690 suos
2745 5632 2935 5688 retulit
2956 5630 3022 5688 Τ.
3054 5631 3098 5697 ι,
3132 5646 3185 5703 p.
3214 5646 3272 5686 ιι.
3305 5645 3362 5701 p.
3396 5627 3563 5721 455."

230 5740 499 5815 Augustini
532 5760 662 5813 opus
701 5743 766 5797 dc
804 5743 1014 5814 civitate
1044 5742 1125 5796 dei
1152 5740 1369 5814 feliciter
1390 5738 1603 5811 explicit
1639 5753 1659 5794 :
1700 5754 1823 5792 con-
1927 5732 2143 5790 Loerius
2172 5730 2429 5790 laudabat
2452 5728 2674 5802 insuper
2693 5726 2937 5801 eiusdem
2962 5724 3083 5782 libri
3112 5724 3367 5815 paginam
3397 5722 3525 5815 1554ν

232 5814 415 5906 fectum
442 5838 657 5893 venetiis
683 5838 748 5892 ab
774 5836 979 5910 egregio
1010 5843 1057 5890 et
1089 5822 1289 5907 άίιὶςᾶί
1313 5835 1565 5906 magistro
1596 5831 1822 5889 Nicolao
1928 5844 1984 5884 n.
2026 5826 2195 5891 1019;
2235 5824 2331 5881 sed
2370 5838 2683 5896 perperam,
2715 5830 2774 5879 ut
2799 5819 3003 5879 dudum
3040 5816 3200 5877 solita
3227 5814 3528 5877 acerbitate
3550 5876 3557 5899 ,ν

233 5928 407 5985 ienson
436 5945 457 5985 :
481 5928 645 5985 Petro
676 5927 987 5985 Moseniclto
1006 5928 1248 5988 principe
1268 5944 1289 5983 :
1315 5925 1526 5982 Annam
1555 5923 1825 5978 natiuitate
1927 5920 2139 5979 monuit
2168 5916 2401 5977 Audilr.
2423 5933 2486 5976 ι).
2516 5915 2645 5973 252.
