4010 6350
493 353 590 413 151
1404 357 1952 414 δυΡΡ1.ΕΜΕΝτωι
1992 356 2084 413 Al)
2126 355 2356 412 OPERA
2399 355 2458 414 S.
2500 355 2901 415 AUGUSTINI.
3669 356 3765 412 152

563 469 722 524 1481.
758 467 1040 524 Lovanii...
1085 470 1261 539 iit-fol.
1307 469 1364 524 S.
1415 470 1695 540 Augustini
1738 470 1806 526 de
1845 469 2078 526 Civilale
2105 471 2160 532 Α
2257 467 2418 524 1494.
2461 465 2744 540 Friburgi,
2803 469 2985 539 iit-fol.
3037 469 3485 526 Amerbachianae
3533 469 3761 529 iteratio.

490 555 583 615 Dei
613 576 733 614 cum
768 562 1072 615 (Zomincnt.
1102 562 1201 614 'l‘lt.
1234 561 1431 615 Valuis.
1467 560 1644 616 Μαίη.
1677 562 1739 616 Τ.
1771 563 1811 627 Ι,
1845 571 1982 632 part.
2013 577 2072 627 tt,

489 671 543 724 p.
582 654 708 716 455,
752 656 937 710 addito
979 655 1203 707 lleidam
1244 655 1556 709 testimonio
1600 671 1666 710 ex
1702 653 1817 710 Cat.
1849 672 1900 723 p.
1931 654 1984 721 6,
2017 671 2070 708 n.

490 746 614 812 12!,
665 748 868 815 3bSt|ll8
917 746 1164 800 uberiorn
1205 747 1590 801 declaratiouc.
1634 747 1903 802 incertum
1945 761 2074 816 ergo

486 838 810 893 eumdcmne
869 839 1286 909 typographum.
1333 839 1422 908 qui
1465 858 1516 892 a.
1568 839 1704 895 1488
1754 841 1901 909 prelo
1949 855 2070 894 cum

485 931 778 995 commisit,
805 947 870 985 an
900 933 1066 985 alium
1092 947 1368 988 anetorem
1399 941 1677 1001 agnoscat.

555 1023 713 1079 1486.
757 1023 1005 1090 Venetis},
1049 1041 1136 1095 per
1178 1024 1363 1080 Bonet.
1408 1025 1759 1090 Locatellum;
1796 1025 1962 1078 ἰηοιο.
2009 1025 2067 1078 Β.

481 1116 764 1186 Augustini
809 1115 933 1171 libri
977 1115 1122 1172 XXII
1147 1116 1215 1172 de
1249 1116 1478 1174 Civitate
1506 1117 1620 1172 Dei.
1650 1118 1707 1171 lu
1740 1116 1848 1172 line
1878 1133 1891 1168 :
1928 1116 2071 1188 Opus

479 1207 544 1260 de
570 1208 775 1261 ciuitate
816 1206 914 1261 Dei
955 1209 1170 1280 feliciter
1198 1207 1409 1276 explicit
1451 1224 1470 1263 :
1509 1212 1798 1280 confectum
1845 1208 2071 1263 Venetiis

478 1319 568 1370 per
597 1301 844 1357 Bonetum
872 1302 1213 1372 Locatellum,
1245 1304 1505 1372 impendio
1526 1312 1573 1357 et
1599 1303 1888 1375 sumptibus
1916 1303 2070 1356 Octa-

477 1395 616 1448 viani
642 1395 788 1450 Scoti
812 1394 1202 1451 Madcetiensis.
1233 1397 1388 1453 1486.
1413 1398 1594 1467 quinto
1620 1395 1803 1450 Idibus
1827 1395 2066 1450 Februa-

474 1489 560 1547 rii.
595 1486 708 1542 Cat.
746 1489 862 1545 libr.
896 1491 1084 1545 rarior.
1117 1489 1254 1545 Bibl.
1289 1491 1518 1547 Budens.
1547 1501 1601 1546 et
1630 1490 1765 1547 Bibl.
1805 1491 2000 1548 Pinell.

549 1581 708 1636 1488.
736 1581 994 1648 Τιιοιοειε,
1023 1600 1110 1652 per
1124 1582 1410 1638 Henricum
1426 1583 1608 1656 Mayer
1632 1583 1941 1640 Alamanum
1959 1584 2069 1658 (die

471 1671 594 1728 ΧΙΙ
618 1672 895 1746 Octobris);
929 1676 1107 1746 in-fol.
1139 1677 1267 1730 min.
1301 1676 1526 1732 Thomas
1559 1677 1740 1733 Valois
1769 1688 1822 1733 et
1855 1677 2065 1734 Nicolai

473 1763 694 1821 Triveth
725 1765 1127 1822 Commentnria
1162 1768 1216 1823 in
1249 1769 1420 1823 libros
1455 1769 1515 1826 S.
1558 1770 1845 1840 Augustini
1872 1770 1941 1826 de
1968 1769 2061 1827 Ci-

2179 562 2236 617 1η
2267 563 2412 616 line:
2449 561 2690 617 Finitum
2721 574 2794 617 est
2831 563 2926 616 hoc
2955 580 3085 630 opus
3121 565 3175 617 in
3217 562 3478 635 friburga.
3514 563 3767 620 Annoin-

2180 657 2498 710 carnationis
2532 656 2635 710 Dni
2670 654 3146 711 MCCCCXCHII.
3177 656 3329 712 East.
3363 657 3530 713 etiam
3563 659 3617 712 in
3650 655 3762 714 Cat.

2178 749 2315 804 Bibl.
2349 749 2504 803 Bodl.
2537 758 2594 805 et
2621 747 2911 804 Crevennoe
2936 752 3126 804 noviss.

2251 845 2376 899 Sine
2403 861 2560 911 anno,
2594 846 2705 898 loco
2729 853 2778 898 et
2802 853 3007 918 typOgr.
3032 861 3049 911 ;
3077 845 3256 915 iit-fol.
3291 843 3350 901 S.
3384 844 3672 916 Augustini
3701 845 3768 900 de

2175 937 2408 994 Civitate
2463 939 2560 994 Dei
2603 939 2640 992 l.
2688 939 2863 1006 XXII,
2921 955 3043 994 cum
3097 937 3520 996 Commentariis
3564 938 3766 994 Thomas

2185 1032 2364 1088 Valois
2393 1042 2448 1088 et
2489 1032 2612 1088 Nic.
2645 1033 2872 1088 Triveth.

2248 1127 2419 1196 Hujus
2449 1127 2708 1182 editionis
2735 1129 3030 1184 rarissima:
3055 1129 3212 1199 juxta
3243 1144 3405 1200 quam
3457 1127 3769 1198 antiquissi-

2177 1237 2278 1277 mze
2309 1221 2555 1277 notitiam
2586 1222 2936 1292 suppeditant
2977 1224 3048 1279 cl.
3110 1223 3359 1278 Morellus
3389 1225 3441 1277 in
3467 1221 3610 1277 Bibl.
3644 1220 3767 1278 Pin.
3805 1252 3808 1255 ~

2175 1315 2241 1371 Τ.
2272 1314 2320 1379 l,
2380 1331 2432 1384 p.
2463 1315 2572 1379 86;
2612 1314 2879 1370 Seemiller
2907 1316 3043 1370 fasc.
3083 1316 3142 1380 l,
3189 1331 3240 1385 p.
3281 1315 3418 1380 120;
3466 1316 3771 1384 iterumque

2175 1423 2282 1463 non
2316 1409 2515 1462 minori
2546 1408 2822 1479 diligentia
2866 1410 3154 1480 descripsit
3188 1410 3336 1464 Plac.
3372 1409 3548 1464 Braun
3575 1410 3629 1463 in
3659 1407 3772 1464 No-

2176 1501 2292 1555 titia
2314 1499 2458 1555 Hist.
2482 1499 2588 1554 Lit.
2622 1517 2675 1570 p.
2705 1501 2758 1556 9.
2791 1502 3040 1569 ConStat,
3073 1513 3132 1558 ut
3165 1502 3334 1557 editio
3356 1518 3405 1558 a.
3439 1503 3615 1566 M73,
3638 1501 3771 1556 dua-

2174 1592 2277 1648 bus
2315 1591 2719 1662 quodammodo
2765 1594 3046 1665 partibus,
3090 1609 3322 1666 quarum
3355 1595 3503 1665 prior
3533 1604 3770 1662 textum,

2173 1686 2472 1755 majoribus
2501 1688 2729 1754 litteris,
2771 1690 3043 1758 posterior
3084 1691 3538 1760 commentarium
3572 1690 3771 1745 minori

2171 1776 2490 1834 charactere
2545 1780 2819 1834 columnis
2867 1780 3076 1835 duabus
3101 1781 3427 1852 impressum
3477 1780 3641 1836 sistit.
3693 1780 3772 1837 Ae

472 1859 645 1915 vitate
695 1861 808 1923 Dei,
853 1878 959 1916 una
1003 1877 1127 1917 cum
1175 1863 1581 1931 complemento
1621 1865 1804 1921 fratris
1855 1864 2064 1924 Nicolai
2098 1852 2144 1914 Β
2175 1877 2356 1925 textus
2381 1871 2596 1940 quidem
2622 1871 2813 1941 pagina
2847 1872 2914 1926 47
2938 1913 2952 1937 ,
2977 1875 3495 1930 commentariorum
3537 1889 3669 1931 vero
3701 1875 3769 1932 57

469 1949 718 2008 Cerseth.
751 1953 834 2008 Cf.
866 1953 982 2009 Cat.
1015 1953 1156 2009 Bibl.
1187 1955 1465 2011 Crevennar
1493 1957 1684 2012 noviss.

541 2074 610 2085 —
655 2043 890 2113 Lovanii,
943 2063 1033 2118 per
1085 2045 1346 2102 Joannem
1403 2048 1833 2121 Westfalensem;
1882 2053 2062 2124 in-fol.

467 2139 751 2208 Augustini
792 2139 858 2194 de
895 2139 1132 2195 Civitate
1173 2141 1268 2195 Dei
1311 2142 1347 2195 l.
1390 2141 1557 2209 XXII,
1596 2159 1718 2200 cum
1755 2146 2062 2200 Comment.

467 2229 570 2284 Th.
616 2231 799 2286 Valois
835 2241 887 2287 et
925 2231 1042 2288 Nic.
1086 2233 1331 2290 Triveth.
1380 2235 1433 2290 In
1476 2237 1581 2292 line
1613 2255 1626 2291 :
1660 2236 1978 2305 Impressum
2009 2240 2065 2293 in

465 2323 606 2376 alma
641 2321 992 2378 Vniuersitate
1021 2324 1357 2393 Louaniensi,
1402 2344 1517 2397 qua:
1545 2327 1886 2383 Brabantiam
1925 2332 2065 2385 haud

464 2430 686 2481 parvum
724 2431 833 2486 pra:
875 2419 1055 2472 ceteris
1087 2427 1324 2473 ornatam
1348 2421 1540 2486 reddit,
1573 2422 1776 2492 ingenio
1805 2431 1850 2476 et
1878 2423 2063 2477 indus-

464 2508 567 2561 tria
583 2506 806 2564 Ioannis
821 2509 1209 2580 Westfalensis.
1229 2518 1378 2568 Anno
1396 2514 1875 2572 M.CCCC.LXXX
1890 2515 2059 2571 VIII.

465 2598 678 2654 XIIII.
714 2601 967 2657 Calendas
1002 2603 1258 2660 Octobris.
1301 2605 1570 2662 Maittaire
1615 2607 1679 2663 T.
1725 2607 1764 2672 Ι,
1812 2625 1865 2679 p.
1908 2624 1969 2670 tl.
2004 2625 2060 2680 p.

464 2694 593 2751 495.
652 2696 804 2766 Apud
849 2699 987 2752 alios
1036 2707 1216 2755 tamen
1273 2701 1678 2773 bibliographos
1727 2705 2060 2760 mentionem

463 2786 582 2857 ejus
615 2804 721 2844 non
753 2790 1082 2855 invenimus,
1115 2794 1419 2864 nititurque
1449 2795 1586 2850 adeo
1623 2797 1795 2853 solius
1831 2799 2063 2853 Maetta-

464 2881 534 2936 rii
584 2883 709 2949 ﬁde,
755 2900 818 2940 ex
865 2900 970 2954 qua
1012 2889 1261 2944 eamdem
1299 2889 1594 2946 editionem
1639 2890 1861 2959 laudant
1903 2891 2062 2947 Colo-

463 2977 704 3042 nienses,
740 2978 1064 3050 Ossingerus
1086 2982 1311 3052 aliique.

539 3072 697 3128 1489.
762 3073 1012 3137 Venetiis,
1063 3077 1198 3146 typis
1252 3075 1490 3132 Vineent.
1551 3077 1823 3133 Octaviani
1878 3079 2060 3145 Scoti;

463 3165 639 3234 ἔνι-[οι.
675 3167 1007 3235 Augu~tinus
1031 3168 1098 3221 de
1125 3167 1357 3223 Civitate
1385 3170 1477 3224 Dei
1507 3185 1626 3223 eum
1648 3170 2058 3226 commentariis

2169 1961 2344 2018 lineas
2392 1964 2796 2032 complectitur.
2832 1965 3072 2021 Litteras
3120 1966 3476 2023 Germanicas
3529 1967 3770 2038 appellat

2170 2052 2458 2123 Horatius;
2507 2054 2844 2112 Seemillerus
2872 2059 3032 2127 plane
3057 2057 3266 2116 similes
3319 2075 3443 2116 esse
3496 2061 3614 2115 vult
3659 2061 3769 2129 iis,

2167 2148 2367 2217 quibus
2392 2164 2624 2206 recusus
2655 2159 2739 2205 est
2769 2152 3060 2223 Augustini
3117 2152 3258 2208 liber
3307 2163 3533 2223 quartus
3556 2152 3626 2208 de
3659 2153 3766 2208 Do-

2168 2244 2344 2298 ctrina
2378 2241 2690 2299 Christiana
2723 2260 2820 2312 per
2847 2246 2932 2302 Ju.
2967 2246 3224 2302 Mentelin
3265 2248 3728 2316 Argentinensem
3752 2287 3769 2312 ,

2168 2335 2257 2390 cui
2304 2336 2508 2391 idcirco
2557 2348 2836 2409 acceptam
2887 2339 3098 2396 referre
3152 2340 3332 2395 nullus
3380 2339 3614 2396 dubitat.
3663 2341 3770 2410 Qui

2167 2440 2289 2481 cum
2314 2426 2426 2496 jam
2456 2443 2508 2482 a.
2553 2428 2692 2485 1478
2722 2429 2867 2484 diem
2896 2431 3092 2486 obierit
3111 2470 3127 2496 ,
3169 2439 3294 2486 ante
3320 2431 3464 2486 hunc
3493 2440 3642 2488 certe
3666 2447 3769 2487 ex-

2165 2533 2354 2589 pressa
2381 2534 2502 2576 esse
2527 2520 2779 2577 deberet.
2838 2521 2947 2577 Sed
2972 2523 3131 2594 longe
3182 2524 3538 2579 vetustiorem
3571 2533 3767 2594 putat,

2166 2625 2268 2666 nec
2291 2611 2360 2665 ab
2388 2626 2530 2666 anno
2583 2612 2722 2669 1470
2753 2614 2911 2670 valde
2958 2624 3246 2683 remotam,
3305 2615 3478 2681 adeo,
3520 2625 3581 2670 ut
3608 2615 3768 2686 prin-

2166 2717 2298 2774 ceps
2327 2704 2466 2761 forte
2494 2720 2616 2761 cum
2648 2709 3060 2764 commentariis
3092 2709 3325 2764 laudatis
3355 2709 3642 2765 statuenda
3677 2708 3764 2765 fo-

2164 2805 2271 2860 ret,
2301 2812 2460 2864 quam
2488 2800 2813 2854 sententiam
2831 2799 2940 2868 jam
2966 2801 3222 2856 Morellus
3241 2802 3528 2872 amplexus
3557 2799 3766 2860 fuerat.

2163 2889 2325 2944 Caret
2348 2891 2601 2945 omnibus
2619 2931 2635 2957 ,
2660 2907 2794 2963 quas
2824 2894 3045 2964 sequior
3071 2904 3203 2948 aetas
3232 2909 3332 2964 per
3354 2895 3487 2948 artis
3508 2909 3766 2964 progres-

2163 2998 2284 3037 sum
2304 2983 2509 3039 sensim
2530 2984 2854 3051 introduxit,
2885 2985 3137 3042 {oliorum
3164 2989 3594 3059 paginarumque
3615 2987 3766 3044 notis

2163 3075 2480 3130 numerisve
2503 3117 2517 3142 ,
2551 3076 2678 3131 item
2721 3076 2918 3132 litteris
2948 3076 3248 3133 initialibus
3269 3120 3283 3144 ,
3315 3093 3416 3134 nec
3443 3093 3552 3134 non
3585 3079 3764 3135 titulis

2163 3173 2272 3220 tam
2326 3165 2381 3221 in
2429 3166 2605 3224 fronte
2631 3149 2850 3239 operis,
2882 3185 3048 3240 quam
3095 3171 3435 3242 singulorum
3491 3171 3762 3229 librorum

464 3257 678 3313 Thamar
714 3258 912 3325 Valuis,
949 3262 1064 3315 sive
1098 3260 1317 3316 Walleis
1348 3271 1402 3316 et
1433 3261 1642 3316 Nicolai
1674 3263 1901 3319 Triveth.
1935 3263 2049 3318 Cat.
2080 3235 2127 3300 C
2160 3268 2254 3313 aut
2280 3261 2517 3328 capitum
2545 3235 2710 3316 initiis
2731 3303 2745 3325 .
2777 3235 3044 3332 quesolo
3071 3235 3247 3331 spatio
3275 3279 3450 3321 vacuo
3477 3305 3496 3333 ,
3552 3280 3659 3322 nec
3698 3279 3765 3322 eo

462 3351 602 3406 Bibl.
636 3353 914 3419 Cnsanat.;
949 3356 1089 3431 unde
1128 3357 1372 3427 suppleri
1408 3360 1608 3427 poterit
1648 3359 1962 3413 Maettarius
1988 3358 2050 3413 Τ.

461 3445 500 3512 l,
535 3466 591 3514 γ.
622 3463 678 3513 ιι,
710 3464 758 3515 p.
789 3447 915 3502 5l0.

532 3569 604 3604 -έ-
636 3539 818 3606 Busil.,
843 3559 931 3608 ap.
954 3540 1043 3595 Jo.
1069 3543 1496 3610 Amerbachium;
1519 3545 1698 3616 iit-fol.
1726 3545 2053 3615 Augustinus

462 3632 531 3689 de
561 3631 785 3688 Civitatc
817 3635 907 3688 liei
938 3649 1060 3689 cum
1088 3646 1422 3693 commento.
1458 3636 1513 3692 In
1546 3638 1652 3693 ﬁne
1683 3655 1694 3690 :

583 3768 689 3818 Hoc
712 3782 832 3831 opus
857 3776 1083 3820 exactum
1104 3771 1264 3819 divina
1285 3779 1392 3820 arte
1417 3772 1618 3821 Joannis

647 3831 1033 3896 Amerbaceusis
1061 3848 1071 3882 :
1097 3833 1252 3882 lector
1271 3835 1454 3896 ubique
1478 3836 1619 3895 legas

588 3892 790 3958 Ingenis
815 3895 862 3941 in
888 3901 1026 3943 textu
1054 3896 1209 3958 glosis
1230 3909 1320 3944 seu
1345 3892 1571 3958 margine
1590 3897 1766 3946 mirum
1798 3911 1808 3945 :

648 3954 755 4013 Quo
779 3957 956 4006 merito
981 3954 1163 4016 gaudet
1185 3959 1301 4007 urbs
1325 3954 1518 4007 Basilea
1542 3963 1712 4008 decus.

458 4078 607 4132 Anno
627 4055 884 4150 salutiferi
910 4082 1174 4152 virginalis
1198 4094 1378 4152 partus
1401 4086 1711 4153 octogesimo
1735 4101 1867 4140 nono
1891 4100 2052 4155 supra

457 4172 786 4226 millesimum
813 4185 1088 4247 quaterque
1119 4181 1450 4231 centesimum
1478 4179 1646 4232 idibus
1676 4177 1976 4234 Februarii.

528 4264 940 4332 Commentarii,
987 4278 1118 4323 sunt
1156 4269 1364 4325 Thamar
1398 4271 1580 4325 Valois
1612 4282 1664 4326 et
1698 4272 1906 4327 Nicolai
1936 4273 2054 4327 Tri-

454 4357 588 4422 ueth,
633 4372 805 4413 sacrm
846 4362 1056 4430 paginae
1098 4363 1472 4432 professorum
1502 4367 1624 4421 0rd.
1657 4365 1942 4422 Prmdicat.
1973 4373 2052 4425 Ac

453 4449 603 4506 illius
631 4453 847 4522 quidem
878 4467 1020 4508 noue
1049 4457 1100 4509 iu
1134 4471 1256 4526 cap.
1282 4457 1350 4514 29
1381 4459 1504 4514 libri
1536 4477 1567 4513 κ
1604 4461 1892 4518 deﬁciunt:
1926 4463 2053 4518 reli-

452 4559 559 4614 qua
596 4560 692 4615 per
720 4545 1000 4603 Nicolaum
1032 4549 1252 4604 Triveth
1284 4562 1411 4606 sunt
1436 4555 1767 4624 conscripta.
1805 4557 1846 4609 A
1881 4555 2048 4610 Nico-

2164 3351 2452 3405 admodum
2501 3355 2682 3422 amplo
2737 3354 2880 3408 inter
2928 3370 2987 3409 se
3037 3355 3482 3425 distinguuntur,
3533 3347 3766 3429 prater-

2162 3461 2324 3515 quam
2347 3447 2492 3517 quod
2529 3449 2595 3503 ad
2619 3449 2823 3504 calcem
2852 3450 2975 3506 libri
3016 3468 3147 3508 xvnt
3171 3454 3532 3525 subscriptio,
3579 3464 3640 3512 et
3669 3456 3767 3513 de-

2164 3541 2290 3596 hinc
2318 3557 2345 3594 a
2378 3542 2519 3597 libro
2563 3543 2777 3600 decimo
2817 3559 2964 3600 nono
2991 3547 3374 3617 inscriptiones
3413 3550 3683 3606 librorum
3711 3561 3768 3608 et

2161 3634 2524 3706 capitulorum
2593 3634 2961 3695 inveniantur.
3021 3639 3386 3697 Nihilominus
3463 3655 3766 3701 occurrunt

2162 3731 2476 3800 frequenter
2508 3732 2826 3801 marginalia
2855 3733 3155 3791 decurtatis
3185 3747 3370 3792 textus
3401 3739 3562 3795 lineis
3581 3756 3766 3811 appo-

2160 3822 2283 3885 sita,
2318 3823 2460 3893 quod
2500 3823 2552 3878 in
2582 3824 2987 3882 Basilecusibus
3015 3843 3236 3900 quoque
3266 3846 3451 3887 eorum
3493 3833 3766 3891 librorum

2160 3916 2488 3972 editionibus
2529 3917 2944 3987 deprehendere
2990 3937 3075 3978 me
3120 3926 3363 3980 memini.
3414 3927 3665 3997 Denique
3712 3931 3767 3984 in

2158 4009 2266 4065 line
2295 4019 2471 4065 textus
2498 4012 2730 4082 legitur:
2795 4011 2974 4068 Finito
3017 4017 3150 4070 libro
3199 4025 3265 4072 sit
3320 4020 3436 4073 laus
3486 4030 3534 4073 et
3587 4023 3770 4094 gloria

2159 4100 2401 4169 Christo;
2433 4117 2553 4172 post
2595 4109 2982 4162 commentaria
3016 4121 3143 4164 vero
3190 4111 3369 4166 tabula
3400 4114 3769 4169 materiarum

2157 4195 2349 4251 decem
2395 4197 2535 4252 loliis
2557 4214 2660 4254 non
2686 4201 2914 4255 omnino
2943 4203 3167 4274 integris
3191 4205 3580 4275 comprehensa
3613 4207 3769 4264 desi-

2158 4289 2239 4344 nit
2279 4289 2530 4360 subjecto
2566 4309 2580 4346 :
2628 4292 2857 4364 Explicit
2891 4293 3110 4351 Tabula.

2228 4380 2370 4437 διες.
2406 4382 2546 4440 XVI.
2570 4415 2640 4425 --
2664 4386 2820 4441 1515.
2849 4386 3098 4455 Basilew,
3121 4405 3212 4461 per
3235 4390 3337 4444 Ad.
3366 4390 3508 4446 Petri
3529 4392 3597 4446 de
3618 4391 3772 4449 Lan»

2155 4472 2412 4543 gendorf;
2441 4473 2624 4530 in-lol.
2657 4474 2779 4530 Divi
2806 4478 3009 4532 Aurelii
3042 4479 3351 4550 Augustini,
3384 4483 3770 4553 Hipponensis

2156 4566 2323 4636 episc.
2375 4567 2442 4621 ad
2487 4568 2857 4625 Marcellinum
2887 4571 2953 4626 de
2980 4571 3208 4628 Civitate
3239 4575 3336 4629 Dei
3363 4586 3554 4631 contra
3588 4594 3770 4650 paga-

452 4639 540 4693 lao
569 4653 783 4737 quoque
817 4642 1054 4737 profecta
1083 4653 1169 4698 est
1192 4645 1377 4737 tabula
1417 4661 1512 4700 seu
1543 4647 1724 4703 index.
1755 4647 2053 4704 Character
2078 4627 2131 4686 Ῑ)
2156 4627 2255 4714 nos
2284 4659 2408 4714 libri
2436 4660 2541 4715 duo
2564 4672 2618 4716 et
2647 4663 2832 4732 viginti
2862 4682 2874 4717 :
2905 4681 3044 4736 opus
3078 4627 3770 4737 dignissimumvi—hithriia-

451 4741 537 4787 est
561 4731 846 4798 Gothicus,
878 4735 1146 4790 columna}
1174 4734 1314 4797 dure.
1342 4737 1438 4792 sed
1468 4738 1766 4792 Commenta
1797 4743 2051 4810 utrinque

449 4826 701 4894 apposito
727 4835 961 4896 quatuor
993 4829 1310 4896 plerumque
1345 4831 1593 4900 paginam
1621 4830 1846 4887 faciunt.
1883 4833 1939 4887 In
1968 4834 2048 4887 in-

452 4918 655 4973 teriore
684 4920 824 4973 tituli
851 4920 1044 4990 pagina
1069 4919 1359 4989 Augustini
1380 4921 1589 4991 elﬁgies
1613 4925 1758 4993 ligno
1781 4925 2044 4993 impressa

449 5025 575 5068 cum
614 5012 718 5066 alia
755 5012 933 5083 ﬁgura
970 5015 1367 5080 emblematica,
1409 5015 1761 5086 inscriptione
1791 5027 1846 5073 et
1872 5020 2044 5072 versi-

447 5103 552 5158 bus
593 5105 955 5174 conspicitur.
1000 5105 1298 5173 Descripsit
1339 5109 1584 5164 eamdem
1617 5107 1880 5166 Braunius
1918 5111 2046 5166 Not.

451 5195 528 5252 Η.
552 5194 681 5251 Litt.
710 5197 773 5253 Τ.
810 5198 868 5263 Il,
897 5213 953 5268 p.
983 5198 1104 5253 182.

521 5291 685 5346 1490.
721 5289 972 5360 Βαεὶιεεε,
1003 5309 1094 5362 αρ.
1143 5292 1232 5348 Jo.
1262 5296 1603 5363 Amerbach.,'
1634 5299 1819 5370 ἔνι-[οι.
1868 5300 2047 5356 Editio

446 5383 575 5439 anni
617 5385 981 5453 przecetleutis
1023 5400 1274 5442 accurate
1317 5388 1512 5446 iterum
1566 5409 1860 5464 expressa,
1894 5396 2044 5464 ﬁnita

447 5474 628 5529 idibus
687 5473 1010 5529 Februariis.
1048 5476 1209 5532 Denis
1265 5478 1461 5536 Garell.
1516 5481 1655 5539 Bibl.
1691 5501 1743 5554 p.
1779 5485 1912 5550 154;
1944 5484 2047 5540 Ge-

447 5567 651 5622 miner
687 5567 1038 5640 Regensburg.
1078 5569 1218 5625 Bibl.
1250 5588 1304 5644 p.
1340 5573 1465 5630 197.
1499 5575 1760 5633 Exstabat
1793 5581 1960 5633 etiam
1991 5581 2045 5634 in

449 5658 594 5715 Bibl.
645 5658 806 5714 Ducis
838 5661 900 5714 de
928 5663 978 5715 la
1009 5661 1234 5718 Voliere.
1283 5665 1506 5722 Gessner
1551 5667 1768 5724 Lubeclt.
1817 5670 1954 5726 Bibl.
1989 5688 2042 5744 p.

356 5827 357 5830 η
452 5752 544 5810 51.
577 5751 808 5809 Curiose
838 5755 1125 5828 descripsit
1160 5758 1345 5816 Masch
1369 5760 1581 5834 Beytrr.
1610 5780 1658 5818 s.
1691 5762 1879 5823 Gesch.
1906 5784 2044 5822 mer-

460 5844 558 5901 kw.
587 5847 687 5905 Bb.
724 5847 805 5905 St.
840 5848 916 5910 ll.
944 5865 1001 5913 ν.
1038 5852 1106 5908 75
1133 5869 1194 5918 sq

2157 4766 2344 4808 narum
2374 4754 2787 4826 divinarumque
2820 4758 3123 4814 litterarum
3156 4763 3456 4832 disciplinis
3510 4765 3768 4823 clarissi-

2153 4861 2243 4900 me
2267 4847 2550 4901 refertum.
2602 4848 2730 4903 Cum
2768 4852 3170 4908 Commentariis
3224 4854 3434 4911 Thamar
3495 4857 3680 4916 Valois
3711 4871 3770 4918 et

2154 4937 2366 4993 Nicolai
2397 4939 2602 4994 Triveth
2624 4957 2644 4995 :
2675 4956 2775 4998 nec
2819 4959 2931 4998 non
2951 4945 3318 5002 additionibus
3348 4947 3534 5004 Jacobi
3559 4950 3770 5008 Passa-
3842 4965 3845 4968 ·

2149 5034 2319 5088 uaniii
2349 5043 2514 5104 atque
2561 5035 2878 5106 theologicis
2905 5038 3226 5094 veritatibus
3257 5039 3532 5096 Francisci
3565 5042 3768 5099 Maro-

2154 5124 2253 5178 nis.
2290 5123 2459 5179 Porro
2483 5124 2810 5194 impressum
2834 5136 2918 5182 est
2946 5127 3104 5183 titulo
3135 5129 3347 5201 insigne
3373 5134 3566 5189 Adami
3599 5134 3767 5193 Petri

2153 5215 2338 5269 addito
2362 5217 2509 5270 Anno
2536 5216 2608 5269 M.
2643 5217 2713 5271 Ι).
2747 5219 2874 5274 XV.
2909 5219 3049 5275 Infra
3074 5240 3086 5276 :
3111 5222 3462 5300 Directm'ium
3487 5229 3542 5281 in
3569 5230 3769 5300 singu—

2154 5307 2231 5361 los
2275 5309 2431 5361 totius
2477 5310 2644 5377 aperis
2696 5310 2850 5364 libros
2903 5313 3072 5366 indice
3129 5326 3266 5369 certo
3321 5328 3642 5388 congestum.
3703 5321 3766 5376 In

2152 5403 2345 5471 pagina
2378 5415 2575 5456 aversa
2608 5404 2823 5472 eadem,
2851 5420 2969 5473 qua:
2999 5405 3050 5459 in
3077 5405 3510 5464 Amerbachiaua
3537 5411 3763 5467 baben-

2153 5502 2261 5548 tur.
2328 5494 2630 5566 Praciigitur
2696 5497 2890 5552 deinde
2945 5497 3193 5568 prtel‘atio
3254 5497 3468 5556 Fratris
3517 5499 3766 5559 Conradi

2152 5583 2417 5639 Leontorii
2472 5584 2860 5643 Malbonnensis
2915 5588 3066 5662 (sic)
3119 5591 3441 5649 charactere
3497 5593 3765 5650 Romano

2153 5675 2413 5747 impressa
2439 5718 2454 5743 ,
2479 5693 2580 5749 qua
2617 5681 2880 5736 rationem
2915 5692 2968 5736 et
2993 5682 3302 5741 institutum
3331 5688 3511 5757 operis
3557 5687 3762 5758 Augu-

2150 5771 2368 5825 stiniani
2395 5771 2579 5827 docet.
2604 5774 2656 5828 ln
2675 5774 2780 5830 (ine
2803 5775 3048 5845 ejusdem
3071 5777 3299 5834 Conradi
3315 5779 3580 5836 Leontorii
3605 5780 3762 5836 Mal-

2151 5863 2454 5918 bronnensis
2485 5865 2632 5936 (sic)
2662 5868 2952 5937 subjicitur
2983 5871 3257 5942 epilogus,
3300 5872 3357 5928 in
3410 5888 3518 5944 quo
3546 5873 3761 5945 ingen-
