4010 6350
226 404 313 464 I53

1122 401 1397 459 NOTI'I‘IA
1436 401 1848 469 LITTERAHIA
1889 400 1957 457 IN
1994 403 2051 457 S.
2095 403 2557 461 AUGUS’I‘INUM.

3368 412 3468 463 181

222 532 314 577 tem
336 528 517 575 textus
536 518 998 586 emendationem,
1020 517 1311 573 multorum
1335 532 1468 573 mss.
1495 511 1786 573 collatione
1813 520 1865 579 Α
1962 519 2100 576 δέκα.
2135 520 2298 575 XVII.
2338 553 2404 563 -—
2450 522 2606 579 I600.
2639 524 2968 593 Antuerpiar,
3019 524 3163 592 apud
3194 522 3468 593 Plantin.;

222 611 501 683 perfectam
554 611 868 677 pollicetur,
930 625 1029 666 nec
1084 624 1188 664 non
1237 609 1612 678 subscriptio,
1669 624 1788 679 qua:

221 702 465 758 Joannem
504 701 817 772 Koburger,
854 700 1369 772 Nurimbergensem
1411 700 1784 769 bibliOpolant,

221 797 480 867 impensas
511 794 857 865 ineprimendi
908 794 1202 849 voluminis
1249 794 1443 850 fecisse
1497 795 1783 865 significat.

221 886 328 942 Ilaec
354 902 568 957 quoque
589 888 824 942 rotundo
853 888 1174 943 charactere
1192 927 1209 952 ,
1238 887 1506 954 reliquum
1533 887 1784 940 volumen

219 978 399 1033 litteris
421 977 668 1035 Gothicis
689 988 921 1048 quatuor
955 979 1294 1047 plerumque,
1329 978 1598 1032 interdum
1623 978 1785 1033 etiam

215 1071 445 1141 quinque
496 1071 766 1125 columnis
816 1079 871 1125 et
925 1072 1135 1126 crebris
1181 1070 1509 1126 sectionibus
1560 1071 1788 1139 impres-

213 1173 319 1217 sum
348 1162 538 1218 oculos
563 1172 618 1215 et
645 1163 747 1218 hoc
778 1163 893 1232 ipso
930 1172 984 1218 et
1014 1162 1164 1217 vario
1189 1162 1557 1217 characternm
1587 1177 1786 1232 genere

212 1268 260 1311 ttt
285 1255 473 1312 eadem
507 1256 698 1327 pagina
728 1257 893 1312 obvio
937 1255 1185 1311 oﬂendit.
1220 1255 1371 1325 Casp.
1402 1253 1650 1309 Barthius
1680 1255 1788 1308 Ad-

210 1365 332 1405 sers.
358 1366 477 1415 ux,
521 1364 639 1419 cap.
669 1350 771 1415 10,
806 1368 856 1419 p.
889 1349 1063 1419 2795,
1100 1349 1238 1405 hanc
1262 1350 1555 1405 editionem
1603 1350 1787 1404 multis

210 1458 329 1498 mss.
363 1444 645 1498 meliorem
670 1453 845 1499 vocat.

275 1534 426 1591 1520.
463 1535 702 1608 Lugduni
752 1537 993 1608 impensis
1027 1536 1117 1591 Jo.
1152 1535 1459 1608 Koburger,
1513 1542 1622 1591 arte
1665 1535 1781 1593 Jac.

210 1626 465 1691 Saccon.;
518 1628 709 1697 in-fol.
770 1627 1104 1696 Augustinus
1131 1628 1201 1683 de
1253 1630 1485 1683 Civitate
1544 1628 1635 1684 Dei
1681 1646 1785 1683 una

205 1734 316 1771 cunt
343 1718 483 1773 libris
512 1719 580 1773 de
608 1718 877 1774 Trinitate
902 1761 917 1784 ,
946 1734 1082 1788 quos
1116 1718 1264 1775 vide.
1314 1719 1479 1775 Plane
1526 1734 1782 1790 expressa

202 1820 281 1866 est
323 1810 636 1879 praecedens
667 1810 1016 1867 Basileensis.

1893 612 2074 682 ἔνι-[οι.
2104 612 2271 667 Iidem
2299 614 2442 669 libri.
2477 615 2553 670 Μ.
2577 615 2716 670 Bibl.
2747 616 2929 672 Colon.

1964 704 2124 760 1610.
2157 704 2461 763 Geticum...
2491 709 2659 764 ενι-8⁸.
2691 709 2856 766 Iidem
2900 710 3042 765 libri.
3073 711 3269 765 Iisdem
3306 727 3466 783 spon-

1889 794 2109 849 soribus.
2516 854 2521 859 _

1963 888 2122 943 1H5.
2160 887 2401 959 Parisiis,
2435 893 2527 945 sub
2555 892 2745 965 insigni
2774 895 2958 961 urbis;
2987 896 3162 965 in-{oL
3196 912 3215 945 ι
3254 894 3311 949 S.
3352 893 3465 947 Atto

1888 980 2090 1047 gus‘tioi
2125 982 2160 1034 l.
2198 981 2363 1036 XXII.
2392 984 2458 1039 de
2486 983 2721 1041 Civitate
2752 986 2869 1053 Dei,
2904 987 3165 1055 recogniti
3198 1002 3293 1053 per
3314 986 3466 1040 theo-

1890 1074 2039 1142 logos
2071 1073 2469 1134 Lovanienses:
2501 1094 2621 1131 cum
2650 1088 2940 1133 comment.
2986 1078 3142 1134 Leon.
3176 1078 3385 1149 (Σοφιιωὶ
3411 1086 3465 1133 et

1886 1161 1975 1219 Jo.
2007 1164 2139 1219 Lud.
2176 1164 2336 1219 Vivis.
2380 1186 2399 1219 s
2435 1166 2551 1221 Cal.
2589 1168 2724 1223 Bibl.
2759 1168 2934 1223 Thott.

1959 1254 2117 1310 1624.
2154 1254 2433 1330 Francof.,
2465 1263 2602 1330 typis
2633 1259 2865 1315 Wechel.
2916 1277 3002 1332 ap.
3045 1258 3186 1314 Dan.
3234 1270 3281 1314 et
3331 1259 3462 1313 Dav.

1887 1352 2111 1405 Aubrios
2154 1363 2203 1405 et
2250 1352 2411 1407 Clem.
2464 1353 2762 1418 Schleich.;
2812 1353 2995 1423 in-{ol.
3049 1352 3210 1419 Casp.
3261 1351 3463 1406 Harthii

1887 1441 2414 1497 Commentariorum
2461 1445 2511 1496 in
2563 1443 2626 1497 D.
2673 1447 2802 1497 Aur.
2851 1443 3135 1514 Augustini
3180 1442 3464 1497 Civitatem

1888 1534 1981 1588 Dei
2007 1535 2139 1588 liber
2172 1534 2375 1603 primus
2415 1550 2509 1589 seu
2552 1536 2996 1590 Adversariorum
3030 1536 3332 1590 Comment.
3367 1534 3495 1589 lib._

1887 1641 1976 1681 ιχ.
2010 1626 2195 1680 Exstat
2225 1642 2346 1679 cum
2377 1622 2704 1681 Adv‘ersariis
2730 1643 2758 1679 a
2785 1642 2907 1697 pag.
2935 1626 3079 1682 28l6
3105 1641 3224 1694 sqq.
3257 1626 3465 1681 Pra'ce-

1886 1716 1963 1771 dit
1998 1718 2110 1771 haec
2154 1718 2269 1786 cjus
2315 1717 2614 1772 admonitio
2650 1736 2666 1774 ε
2705 1717 2893 1772 Eccum
2936 1718 3055 1784 tibi,
3088 1720 3253 1772 amice
3282 1716 3464 1785 lector,

1886 1812 2138 1883 specimen
2191 1811 2690 1870 Commentariorum
2743 1824 3037 1866 nostrorum
3086 1814 3139 1865 in
3193 1810 3462 1865 Civitatem

266 1902 426 1959 1522.
458 1903 707 1970 Basilear,
739 1905 881 1973 apud
905 1903 993 1959 Io.
1024 1900 1253 1959 Froben.
1278 1922 1297 1971 ;
1325 1906 1508 1975 iss-fol.
1541 1904 1605 1958 D.
1645 1906 1776 1959 Aur.
1812 1907 1857 1966 B
1889 1901 2130 1973 Divinam
2158 1906 2455 1977 Augustini,
2487 1906 2666 1959 multis
2696 1908 2994 1977 expetitum.
3026 1906 3321 1971 Sequentur
3346 1906 3461 1973 ipsa
3487 1949 3491 1953 .

192 1996 480 2066 Augustini
518 2010 657 2065 opus
686 1997 1145 2052 absolutissimum
1174 1997 1243 2052 de
1272 1996 1499 2052 Civitate
1531 1996 1621 2051 Dei
1649 2038 1664 2063 ,
1712 1996 1779 2050 ad

194 2097 381 2143 vetera
426 2090 756 2157 exemplaria
788 2090 1040 2145 collatum
1082 2099 1138 2147 et
1166 2091 1569 2145 commentariis
1622 2091 1779 2145 illus-

190 2190 395 2234 tratum
425 2182 609 2236 studio
639 2192 692 2236 et
722 2182 911 2236 labore
938 2183 1028 2235 Jo.
1069 2180 1209 2236 Lud.
1268 2182 1426 2236 Vivis.
1475 2179 1590 2236 Cat.
1634 2179 1776 2235 Bibl.

190 2272 323 2343 Reg.
372 2272 514 2327 Mus.
566 2272 720 2328 Britt.
768 2284 815 2328 et
864 2272 1091 2328 Budens.
1128 2271 1304 2329 Prima
1352 2274 1468 2329 hac
1505 2282 1588 2328 est
1615 2274 1781 2329 editio

186 2380 311 2420 cum
336 2364 493 2419 Vivis
515 2368 937 2421 commentariis.
971 2365 1099 2420 Post
1118 2365 1604 2420 dedicationem-ad
1630 2366 1778 2421 Ben—

182 2457 361 2509 ricum
389 2455 540 2510 VIII
575 2458 777 2528 Anglia:
800 2473 1004 2528 regem,
1033 2456 1143 2511 dat.
1204 2455 1423 2512 Lovanii
1450 2458 1599 2511 nonis
1620 2457 1781 2512 Iuliis

182 2545 259 2598 ll.
300 2546 373 2600 υ.
408 2545 581 2601 XXII
626 2548 867 2618 praelatio
897 2550 1235 2603 occasionem
1289 2548 1473 2615 operis
1528 2550 1781 2619 Augusti-

180 2640 336 2695 niani
365 2640 575 2695 docens
591 2650 645 2694 et
670 2642 960 2710 singularis
987 2651 1245 2711 praeterea
1276 2642 1341 2695 de
1360 2642 1605 2696 veteribus
1624 2644 1780 2696 inter-

175 2734 415 2803 pretibus
432 2732 591 2804 hujus
605 2733 770 2788 libelli
791 2736 966 2805 deque
987 2731 1169 2799 Gothis
1197 2736 1287 2807 qui
1313 2735 1535 2791 Romam
1556 2738 1779 2807 ceperint

176 2825 510 2882 dissertatio
536 2837 620 2881 est
647 2828 874 2896 adjecta.

257 2917 427 2972 1554.
459 2914 657 2983 Paris.,
687 2918 867 2988 in-fol.
900 2918 957 2974 S.
987 2918 1118 2974 Aur.
1150 2921 1284 2988 Aug.
1316 2919 1382 2974 de
1403 2918 1630 2976 Civitate
1658 2920 1775 2989 Dei,

181 3007 389 3065 edente
423 3010 562 3064 Lud.
601 3010 747 3066 Vive.
781 3009 897 3066 Cat.
934 3012 1065 3066 Bibl.
1094 3009 1243 3067 Bern.
1270 3013 1333 3068 Τ.
1368 3013 1422 3079 I,
1458 3030 1513 3083 p.
1548 3014 1634 3068 16.

258 3100 423 3157 1555.
444 3101 683 3170 Parisiis,
700 3106 842 3173 apud
856 3104 1099 3159 Carolunt
1118 3102 1365 3159 Guillard
1380 3120 1400 3171 ;
1418 3106 1596 3176 iit-fol.
1611 3106 1776 3162 Iidem

189 3193 313 3249 libri
340 3210 465 3249 cum
489 3194 680 3251 eodem
715 3195 1140 3252 Commentario.
1172 3195 1417 3254 Laudant
1446 3198 1780 3254 Colonienses

1885 1994 2286 2063 Commentario,
2334 2000 2378 2049 si
2430 1996 2570 2051 Deus
2610 2000 2764 2051 vitam
2805 1998 3040 2060 dederit;
3076 1996 3217 2069 Opus
3245 1998 3463 2050 immen-

1882 2106 2020 2156 sum,
2045 2101 2094 2143 et
2118 2092 2233 2144 licet
2266 2092 2513 2155 ominari,
2538 2100 2811 2145 (sternunt.
2840 2090 3165 2157 Reliquimus
3188 2100 3381 2153 autem,
3404 2096 3463 2143 ut

1882 2184 2215 2252 scripsimus;
2261 2200 2365 2236 non
2410 2184 2630 2237 sublatis
2659 2184 2746 2247 iis,
2779 2200 2891 2253 qua:
2935 2199 3000 2237 ea:
3043 2182 3363 2235 Adversariis
3407 2180 3462 2234 in

1886 2276 2024 2329 hunc
2052 2275 2497 2330 Commentarium
2519 2277 2919 2342 transtulimus;
2948 2276 3101 2346 idque
3126 2275 3375 2338 consilio,
3406 2278 3465 2326 ut

1881 2368 2030 2438 quale
2073 2369 2237 2441 ipsum
2282 2384 2409 2439 opus
2452 2368 2550 2425 sit.
2596 2384 2653 2419 eo
2697 2366 2911 2436 facilius
2938 2366 3300 2438 penpiciatur.
3332 2363 3462 2432 Quae

1883 2461 2050 2530 ipsius
2072 2460 2275 2515 Barthii
2298 2461 2458 2515 verba
2484 2476 2549 2516 eo
2576 2459 2845 2515 lubentius
2870 2460 2975 2513 huc
2998 2460 3457 2528 transcripsimus,

1881 2554 2027 2623 quod
2055 2568 2225 2620 nuper
2251 2553 2466 2606 demum
2500 2552 2705 2619 Lipenii
2726 2594 2741 2615 ,
2776 2551 3030 2606 sublesta
3055 2565 3159 2605 non
3182 2565 3307 2603 raro
3336 2547 3462 2605 ﬁdei

1882 2646 2067 2710 testis,
2097 2646 2403 2699 auctoritati
2435 2654 2639 2697 tantum
2670 2644 2889 2699 dedisse
2934 2642 3288 2697 Colonienses
3318 2641 3459 2697 vidi-

1882 2754 2003 2793 mus
2023 2779 2037 2804 ,
2066 2747 2122 2793 ut
2155 2738 2552 2807 refragantibus
2598 2738 2725 2793 licet
2750 2736 2944 2791 Christ.
2980 2735 3208 2801 Daumii,
3239 2734 3460 2789 Barthio

1882 2830 2155 2899 quondam
2186 2829 2622 2893 familiarissimi,
2672 2829 3039 2898 aliorumque,
3090 2842 3225 2898 quos
3269 2826 3370 2895 ipsi
3402 2824 3458 2881 in

1882 2921 2118 2976 medium
2150 2920 2475 2990 producunt,
2511 2918 2754 2974 melioris
2782 2932 2921 2973 nota:
2953 2919 3277 2987 scriptorum
3302 2916 3460 2971 testi.

1883 3015 2077 3069 moniis
2105 3013 2470 3083 gravissimis,
2519 3029 2624 3066 non
2660 3027 2881 3081 prorsus
2928 3023 3106 3067 tamen
3149 3011 3217 3065 de
3263 3008 3459 3079 integri

1882 3105 2043 3176 hujus
2067 3104 2340 3159 Barthiaui
2367 3104 2749 3158 commentarii
2778 3102 3037 3166 editione,
3067 3102 3282 3172 qualem
3316 3099 3461 3153 Halte

1885 3198 2012 3255 Sax.
2050 3214 2101 3251 a.
2134 3196 2272 3250 1620
2313 3194 2491 3249 in-fol.
2542 3196 2716 3249 lucem
2748 3192 2951 3247 vidisse
2981 3191 3234 3261 Lipenius
3279 3186 3460 3260 prodi-

194 3304 243 3356 p.
262 3288 386 3343 739.
415 3290 472 3346 Si
498 3290 814 3359 praecedens
842 3291 1010 3346 editio
1026 3301 1171 3347 recte
1197 3307 1255 3347 se
1270 3294 1451 3360 habet,
1472 3309 1578 3347 non
1594 3293 1782 3347 dubito
1810 3286 1855 3350 C
1886 3288 2061 3353 derat,
2087 3287 2463 3356 desperarent.
2489 3286 2823 3354 Impasuerat
2850 3283 2953 3337 illis
2974 3290 3132 3337 etiam
3159 3283 3285 3347 hoc,
3314 3278 3458 3348 quod

194 3380 320 3450 quin
380 3396 447 3435 ex
502 3382 695 3436 eodem
750 3383 1067 3452 bibliopolio
1128 3384 1362 3455 profecta
1413 3387 1485 3441 sit
1533 3401 1597 3441 ac
1640 3387 1773 3441 haec.

272 3472 503 3539 —Bas.,
534 3492 623 3543 ap.
652 3474 803 3529 Hier.
831 3475 1056 3531 Froben.
1087 3487 1135 3531 et
1160 3477 1285 3533 Nic.
1310 3478 1571 3550 episcop.;
1596 3480 1648 3532 in
1680 3478 1775 3549 fol.

202 3585 223 3620 ι
255 3567 318 3623 D.
353 3570 560 3629 Aurelii
609 3572 926 3641 Augustini,
971 3571 1130 3642 Hipp.
1186 3588 1274 3644 ep.
1318 3572 1387 3627 de
1412 3570 1650 3627 Civitate
1681 3572 1777 3628 Dei

197 3658 318 3715 libri
341 3661 505 3727 XXII,
535 3664 601 3716 ad
620 3664 808 3732 priscae
824 3666 1255 3736 veneranquue
1282 3664 1568 3719 vetustatis
1594 3680 1780 3727 exem-

197 3753 367 3823 plaria
403 3754 581 3811 denuo
610 3758 793 3811 collati
821 3758 1307 3828 eruditissimisqtte
1349 3760 1569 3827 insuper
1610 3755 1777 3812 Com-

200 3848 484 3903 mentariis
515 3864 610 3919 per
649 3850 1010 3919 undequaque
1038 3850 1260 3906 doctiss.
1294 3850 1469 3904 virum
1514 3847 1603 3903 Io.
1637 3848 1775 3904 Lud.

205 3938 384 3996 Vivent
414 3944 667 3998 illustrati
694 3956 749 4000 et
774 3944 1058 4014 recogniti.
1106 3945 1356 3999 Accessit
1382 3943 1547 3998 index
1590 3942 1782 3997 fecun-

200 4032 475 4089 dissimus.
514 4055 533 4087 s
580 4035 854 4090 Inaversa
884 4036 1022 4090 tituli
1052 4035 1241 4105 pagina
1272 4035 1527 4100 Henrici,
1572 4034 1780 4104 Anglire
1820 4022 1825 4027 ’

206 4126 382 4194 rcgis.
414 4127 646 4197 epistola
668 4128 897 4197 legitur,
952 4141 1054 4197 qua
1107 4125 1241 4180 Lud.
1286 4124 1407 4179 Vivi
1448 4140 1546 4192 pro
1586 4124 1781 4178 oblatis

203 4218 299 4273 sibi
330 4220 612 4290 Augustini
638 4220 793 4274 libris
817 4220 1019 4290 gratias
1049 4219 1211 4289 agit,,
1237 4218 1362 4274 data
1404 4216 1647 4272 Grenuici
1696 4217 1783 4271 die

208 4307 445 4364 XXIIII
482 4309 607 4365 Jan.
658 4310 816 4366 1525.

274 4402 433 4459 1570.
462 4401 684 4455 Basilete
706 4443 720 4467 ,
756 4418 845 4472 per
871 4402 1194 4457 Ambrosium
1220 4410 1265 4456 et
1296 4400 1564 4456 Aurelium
1585 4396 1784 4454 Frobe-

208 4497 314 4549 nios
358 4500 587 4563 fratres;
636 4494 821 4565 in-fol.
856 4512 875 4546 ι
916 4494 956 4548 D
1010 4492 1215 4550 Aurelii
1264 4493 1583 4561 Augustini,
1617 4492 1778 4562 Hipp.
1815 4516 1831 4524 --

209 4602 289 4656 ep.
318 4587 387 4643 de
416 4586 651 4643 Civitate
695 4585 791 4640 Dei
818 4586 941 4641 libri
968 4586 1138 4648 XXII,
1187 4584 1252 4639 ad
1299 4586 1492 4653 prisca
1519 4599 1782 4639 veneran-

1882 3383 1996 3453 ipsc
2025 3380 2279 3435 Barthius
2310 3381 2361 3434 in
2391 3380 2506 3434 suis
2536 3380 2602 3433 ad
2633 3378 2865 3433 Statium
2888 3372 3461 3431 Auimadversionibus

1881 3475 2081 3543 saepius
2113 3473 2270 3543 hujus
2300 3471 2674 3528 commentarii
2707 3471 2757 3525 in
2797 3470 3150 3539 Augustinum
3175 3466 3458 3520 meminis-

1880 3578 1983 3625 set.
2013 3568 2119 3623 Sed
2151 3582 2273 3637 quae
2306 3566 2505 3620 ibidem
2534 3580 2600 3619 ex
2629 3564 2692 3618 iis
2725 3563 3001 3633 proferunt
3022 3560 3182 3615 verba
3202 3601 3216 3623 ,
3253 3567 3458 3613 tantum

1881 3662 2143 3730 scriptum
2169 3661 2279 3728 jam
2309 3658 2473 3711 fuisse
2501 3672 2626 3711 eum
2662 3654 2913 3724 probant,
2946 3669 3051 3706 non
3084 3652 3233 3715 item,
3269 3660 3327 3704 ut
3354 3647 3461 3719 ipsi

1882 3754 2091 3817 volunt,
2115 3751 2340 3807 editum.
2372 3749 2633 3804 Caaterum
2668 3747 2853 3814 ingens
2886 3756 3011 3797 tunc
3038 3741 3299 3811 temporis
3318 3738 3461 3810 apud

1883 3845 2074 3901 doctos
2099 3842 2345 3897 homines
2383 3839 2542 3908 hujus
2572 3834 2943 3892 commentarii
2977 3833 3077 3887 fuit
3101 3830 3459 3897 desiderium,

1882 3936 2148 4008 imprimis
2190 3934 2446 4004 quoniam
2479 3930 2597 3999 ipse
2626 3938 2817 3983 auctor
2847 3927 2917 3981 de
2943 3941 3008 3980 eo
3040 3935 3149 3979 tam
3181 3922 3464 3993 magnifice

1883 4032 2096 4087 locutus
2124 4036 2243 4083 erat
2264 4067 2279 4092 ,
2307 4034 2363 4080 et
2388 4024 2585 4093 oppido
2614 4021 2769 4091 pauci
2799 4027 2985 4081 erant,
3012 4016 3103 4086 qui
3132 4031 3241 4069 non
3264 4014 3460 4069 eximie

1884 4121 2219 4179 reconditam
2253 4120 2407 4172 istius
2432 4115 2535 4170 viri
2566 4113 2865 4169 doctrinam
2896 4109 3317 4163 admirarentur.
3349 4104 3463 4160 Ho-

1884 4216 1971 4271 die
2000 4230 2105 4270 non
2138 4212 2393 4282 majorem
2420 4210 2471 4263 in
2499 4208 2839 4275 eojacluram
2871 4203 3058 4257 orbem
3081 4199 3356 4256 eruditum
3388 4196 3467 4253 fe—

1884 4309 2027 4365 cisse
2056 4307 2329 4363 credimus
2352 4349 2366 4373 ,
2396 4317 2556 4371 quam
2592 4299 2644 4353 in
2678 4311 2765 4364 eo,
2794 4310 2953 4365 quem
2978 4291 3277 4348 Salmasius
3300 4303 3467 4360 super

1886 4402 2183 4459 Arnobium
2217 4398 2597 4454 meditabatur.

1960 4495 2115 4553 1656.
2145 4493 2397 4560 Parisiis,
2442 4493 2535 4545 sub
2575 4490 2764 4561 insigni
2804 4486 3011 4557 Magna:
3058 4481 3258 4545 Navis,
3284 4476 3469 4547 iit-fol.

1892 4609 1911 4644 ι
1952 4590 2007 4647 S.
2041 4587 2248 4645 Aurelii
2280 4585 2596 4654 Augustini,
2630 4583 2788 4649 Hipp.
2838 4594 2924 4645 ep.
2959 4576 3036 4629 De
3062 4572 3299 4629 Civitate
3342 4566 3470 4624 libri

208 4679 393 4751 dieque
419 4682 705 4736 vetustatis
728 4678 1054 4749 exemplaria
1083 4680 1192 4745 jam
1227 4683 1419 4733 iterum
1458 4689 1580 4747 post
1608 4678 1782 4731 virum
1812 4661 1866 4723 Ῑ)
1889 4681 2055 4739 XXII.
2114 4682 2190 4735 Ex
2222 4675 2600 4733 vetustissimis
2651 4670 3027 4741 manuscriptis
3070 4664 3471 4735 exemplaribus

210 4774 568 4843 nndequaque
596 4770 969 4825 doctissimum
987 4770 1246 4823 Joannem
1270 4769 1584 4823 Ludovicum
1613 4767 1786 4824 Vivem

211 4877 417 4917 summo
437 4864 623 4918 studio
651 4862 832 4917 collati
861 4876 923 4917 ac
947 4862 1186 4929 ejusdem
1218 4861 1623 4917 commentariis
1658 4876 1785 4916 eru-

211 4955 489 5012 ditissimis
538 4955 811 5011 Illustrati.
861 4955 1109 5011 Accessit
1152 4953 1324 5011 Index
1374 4956 1573 5022 multo,
1626 4970 1785 5026 quam

213 5059 360 5106 antea
400 5049 611 5114 fuerat,
655 5047 949 5105 fecundior.
979 5065 1002 5099 s

277 5143 577 5198 Videantur
600 5158 718 5213 quae
735 5143 802 5198 de
825 5142 925 5197 hac
944 5142 1183 5199 editione
1214 5145 1267 5200 in
1304 5145 1587 5201 Annalibus
1616 5145 1786 5202 Colle-

217 5238 432 5291 ctionum
459 5238 788 5292 notavimus.
824 5236 877 5290 In
908 5244 1021 5289 toto
1040 5236 1315 5293 volumine
1339 5238 1467 5293 nihil
1486 5250 1567 5294 est
1588 5247 1788 5309 praeter

220 5329 624 5397 praefationem,
666 5326 809 5398 quod
851 5326 919 5381 ad
949 5326 1213 5398 integram
1245 5343 1464 5396 operum
1493 5330 1786 5386 editionem

225 5422 432 5491 respicit
458 5430 514 5476 et
540 5419 801 5489 impedire
832 5420 1035 5489 potuit,
1065 5419 1355 5489 quominus
1385 5422 1675 5490 separatim
1700 5422 1789 5477 hic

224 5521 389 5567 tomus
417 5513 764 5567 venderetur.

286 5604 440 5660 i596.
472 5603 762 5677 [Genevte]
792 5604 1077 5659 excutiebat
1120 5602 1346 5662 Iacobus
1393 5606 1587 5672 Stoer;
1628 5607 1790 5675 ἔνι-8⁸,

226 5698 283 5753 ll
314 5702 481 5756 tomis.
526 5700 589 5759 Π.
632 5700 764 5753 Aur.
801 5700 936 5768 Aug.
965 5699 1122 5769 Hipp.
1151 5716 1237 5770 ep.
1270 5700 1336 5757 de
1363 5702 1596 5756 Civitate
1628 5701 1786 5757 Dei'l.

229 5790 383 5848 XXII.
416 5792 644 5848 'I‘omum
692 5792 928 5861 quintum
968 5792 1201 5861 Operam
1236 5793 1474 5847 omnium
1502 5792 1556 5848 li.
1591 5793 1630 5848 l.
1654 5803 1709 5850 et
1736 5809 1788 5850 a.

236 5870 547 5943 excusorum
575 5882 839 5941 efficiunt.
871 5883 996 5939 Vid.
1020 5897 1181 5950 supra
1210 5886 1262 5942 in
1284 5885 1570 5942 Annalibus
1594 5886 1730 5952 Opp.

1890 4789 1986 4845 per
2015 4772 2281 4842 theologos
2323 4768 2661 4821 Lovanienses
2704 4765 2771 4817 ah
2816 4761 3115 4817 innumeris
3147 4757 3356 4812 mendis
3385 4768 3473 4808 re-

1890 4876 2167 4936 purgatns.
2203 4882 2221 4914 ι
2250 4863 2485 4928 Quorum
2515 4858 2850 4928 diligentiam
2874 4860 3158 4909 attestatur
3179 4850 3280 4905 sub
3304 4848 3470 4905 ﬁnem

1889 4959 2048 5021 tOuii,
2078 4956 2492 5025 casrigationutn
2521 4951 2662 5005 ratio
2690 4959 2743 5003 et
2777 4948 3067 5003 lectionum
3093 4942 3330 4997 varietas
3357 4956 3474 4996 ma-

1888 5052 1994 5123 jori
2022 5067 2085 5105 ex
2113 5059 2270 5119 parte
2299 5056 2571 5102 annotata.
2604 5045 2734 5097 Cutn
2762 5036 3184 5095 Commentariis
3230 5034 3389 5090 novis
3417 5043 3474 5091 et

1896 5144 2173 5215 perpetuis
2219 5142 2282 5194 lt.
2325 5140 2384 5193 Ρ.
2434 5138 2495 5193 F.
2533 5135 2787 5192 Leonardi
2830 5131 3070 5202 Coqutei,
3105 5128 3311 5184 Aurelii
3346 5128 3474 5182 Ere-

1895 5237 2064 5301 mitte,
2093 5230 2465 5304 Augustiuiani
2488 5273 2500 5294 ,
2538 5229 2689 5283 Doct.
2719 5225 2911 5281 Theol.
2946 5222 3119 5280 Paris.
3142 5231 3198 5277 et
3219 5220 3309 5277 Jo.
3334 5218 3471 5274 Lud.

1902 5328 2066 5383 Vivis.

1968 5418 2250 5490 Inscripsit
2280 5416 2438 5471 Leon.
2464 5416 2718 5485 Coqua'us
2744 5411 3071 5467 Christianae
3117 5422 3145 5461 a
3187 5404 3476 5463 L0tharin-

1896 5518 1984 5590 gia
2031 5517 2237 5586 Magum
2264 5512 2493 5587 Etruria:
2544 5508 2677 5564 Dnci
2722 5507 2880 5563 Matri
2909 5521 2939 5561 a
2970 5503 3138 5560 sacris
3164 5496 3480 5557 Confessio-

1900 5610 2078 5665 nibus.
2106 5608 2256 5663 Nouo
2284 5607 2401 5675 ejus
2433 5618 2584 5672 atque
2632 5602 2911 5670 copiosam
2945 5595 3303 5663 theologicam
3351 5606 3481 5647 eru-

1899 5700 2158 5756 ditionem
2187 5698 2504 5758 ostendnnt,
2535 5708 2695 5763 quam
2720 5692 2854 5748 Lud.
2883 5691 3031 5745 Vivis
3056 5685 3482 5743 commentarius

1898 5798 2187 5864 omnigena
2211 5789 2552 5858 antiquitatis
2574 5787 2821 5844 doctrina
2844 5784 3068 5840 illustris
3092 5790 3193 5838 est.
3218 5780 3336 5850 Ipse
3348 5794 3483 5850 quo-

1898 5902 2004 5953 que
2031 5888 2093 5941 de
2122 5883 2455 5947 inscriptione
2472 5924 2485 5950 ,
2516 5882 2799 5947 occasione,
2823 5877 3098 5947 partitione
3117 5919 3131 5945 ,
3162 5873 3410 5944 dignitate
3433 5878 3484 5925 et
