  <div class='ocr_page' id='page_1' title='image "/cluster/home/n/w/nwhite01/storage/ocr_20150623/47/hvd.32044015471527/083.png"; bbox 0 0 4010 6350; ppageno 0'>
   <div class='ocr_carea' id='block_1_1' title="bbox 1406 342 2893 406">
    <p class='ocr_par' dir='ltr' id='par_1_1' title="bbox 1406 342 2893 406">
     <span class='ocr_line' id='line_1_1' title="bbox 1406 342 2893 406; baseline 0.003 -5"><span class='ocrx_word' id='word_1_1' title='bbox 1406 342 1965 403; x_wconf 74' lang='lat' dir='ltr'><strong>SUPPLEMENTUM</strong></span> <span class='ocrx_word' id='word_1_2' title='bbox 2006 345 2099 401; x_wconf 81' lang='lat' dir='ltr'><strong>AD</strong></span> <span class='ocrx_word' id='word_1_3' title='bbox 2134 344 2365 405; x_wconf 74' lang='lat' dir='ltr'><strong>OPERA</strong></span> <span class='ocrx_word' id='word_1_4' title='bbox 2406 349 2465 404; x_wconf 90' lang='lat' dir='ltr'><strong>S.</strong></span> <span class='ocrx_word' id='word_1_5' title='bbox 2504 348 2893 406; x_wconf 80' lang='lat' dir='ltr'><strong>AUGUSTINI.</strong></span> 
     </span>
    </p>
   </div>
   <div class='ocr_carea' id='block_1_2' title="bbox 3540 309 3791 427">
    <p class='ocr_par' dir='ltr' id='par_1_2' title="bbox 3540 309 3791 427">
     <span class='ocr_line' id='line_1_2' title="bbox 3540 309 3791 427; baseline 0.02 -5"><span class='ocrx_word' id='word_1_6' title='bbox 3645 309 3791 427; x_wconf 35' lang='lat' dir='ltr'><strong>ut.</strong></span> 
     </span>
    </p>
   </div>
   <div class='ocr_carea' id='block_1_3' title="bbox 523 456 3729 540">
    <p class='ocr_par' dir='ltr' id='par_1_3' title="bbox 523 456 3729 540">
     <span class='ocr_line' id='line_1_3' title="bbox 523 456 3729 540; baseline 0.001 -19"><span class='ocrx_word' id='word_1_7' title='bbox 523 466 745 523; x_wconf 77' lang='lat' dir='ltr'><strong>utilitate</strong></span> <span class='ocrx_word' id='word_1_8' title='bbox 790 466 988 523; x_wconf 87' lang='lat' dir='ltr'><strong>horum</strong></span> <span class='ocrx_word' id='word_1_9' title='bbox 1035 463 1300 522; x_wconf 88' lang='lat' dir='ltr'><strong>librorum</strong></span> <span class='ocrx_word' id='word_1_10' title='bbox 1328 501 1345 528; x_wconf 97' lang='lat'><strong>,</strong></span> <span class='ocrx_word' id='word_1_11' title='bbox 1374 460 1518 532; x_wconf 88' lang='lat' dir='ltr'><strong>quod</strong></span> <span class='ocrx_word' id='word_1_12' title='bbox 1564 461 1704 516; x_wconf 97' lang='lat' dir='ltr'><strong>haud</strong></span> <span class='ocrx_word' id='word_1_13' title='bbox 1746 460 2108 532; x_wconf 75' lang='lat' dir='ltr'><strong>perfunctorie</strong></span> <span class='ocrx_word' id='word_1_14' title='bbox 2133 456 2188 525; x_wconf 67' lang='grc' dir='ltr'><strong>Δ</strong></span> <span class='ocrx_word' id='word_1_15' title='bbox 2213 477 2382 518; x_wconf 89' lang='lat' dir='ltr'><strong>nense</strong></span> <span class='ocrx_word' id='word_1_16' title='bbox 2442 481 2462 515; x_wconf 75' lang='grc' dir='ltr'>ι</span> <span class='ocrx_word' id='word_1_17' title='bbox 2488 462 2728 519; x_wconf 75' lang='lat' dir='ltr'><strong>Plurima</strong></span> <span class='ocrx_word' id='word_1_18' title='bbox 2757 465 3140 527; x_wconf 81' lang='lat' dir='ltr'><strong>commendant</strong></span> <span class='ocrx_word' id='word_1_19' title='bbox 3192 466 3327 524; x_wconf 78' lang='lat' dir='ltr'><strong>bene</strong></span> <span class='ocrx_word' id='word_1_20' title='bbox 3369 483 3601 540; x_wconf 81' lang='lat' dir='ltr'><strong>operam,</strong></span> <span class='ocrx_word' id='word_1_21' title='bbox 3628 493 3729 537; x_wconf 64' lang='grc' dir='ltr'><strong>ποι.</strong></span> 
     </span>
    </p>
   </div>
   <div class='ocr_carea' id='block_1_4' title="bbox 528 557 1686 629">
    <p class='ocr_par' dir='ltr' id='par_1_4' title="bbox 528 557 1686 629">
     <span class='ocr_line' id='line_1_4' title="bbox 528 557 1686 629; baseline -0.003 -16"><span class='ocrx_word' id='word_1_22' title='bbox 528 557 693 613; x_wconf 90' lang='lat' dir='ltr'><strong>Vives</strong></span> <span class='ocrx_word' id='word_1_23' title='bbox 716 566 923 629; x_wconf 88' lang='lat' dir='ltr'><strong>egerat,</strong></span> <span class='ocrx_word' id='word_1_24' title='bbox 953 558 1131 613; x_wconf 90' lang='lat' dir='ltr'><strong>denuo</strong></span> <span class='ocrx_word' id='word_1_25' title='bbox 1158 562 1559 612; x_wconf 71' lang='lat' dir='ltr'><strong>commentatus</strong></span> <span class='ocrx_word' id='word_1_26' title='bbox 1579 564 1686 611; x_wconf 88' lang='lat' dir='ltr'><strong>est.</strong></span> 
     </span>
    </p>
   </div>
   <div class='ocr_carea' id='block_1_5' title="bbox 596 647 2104 719">
    <p class='ocr_par' dir='ltr' id='par_1_5' title="bbox 596 647 2104 719">
     <span class='ocr_line' id='line_1_5' title="bbox 596 647 2104 719; baseline -0.003 -12"><span class='ocrx_word' id='word_1_27' title='bbox 596 649 759 707; x_wconf 83' lang='grc'><strong>1651.</strong></span> <span class='ocrx_word' id='word_1_28' title='bbox 804 650 1115 705; x_wconf 77' lang='lat' dir='ltr'><strong>Pariaiia....</strong></span> <span class='ocrx_word' id='word_1_29' title='bbox 1146 649 1326 719; x_wconf 69' lang='grc' dir='ltr'><strong>ἔνι-[οι.</strong></span> <span class='ocrx_word' id='word_1_30' title='bbox 1357 648 1526 703; x_wconf 85' lang='lat' dir='ltr'><strong>Iidem</strong></span> <span class='ocrx_word' id='word_1_31' title='bbox 1566 661 1691 704; x_wconf 86' lang='lat' dir='ltr'><strong>cum</strong></span> <span class='ocrx_word' id='word_1_32' title='bbox 1717 647 1933 718; x_wconf 66' lang='grc' dir='ltr'><strong>(ἰαιυωί</strong></span> <span class='ocrx_word' id='word_1_33' title='bbox 1957 662 2104 703; x_wconf 88' lang='lat' dir='ltr'><strong>com-</strong></span> 
     </span>
    </p>
   </div>
   <div class='ocr_carea' id='block_1_6' title="bbox 525 741 1517 807">
    <p class='ocr_par' dir='ltr' id='par_1_6' title="bbox 525 741 1517 807">
     <span class='ocr_line' id='line_1_6' title="bbox 525 741 1517 807; baseline -0.011 -5"><span class='ocrx_word' id='word_1_34' title='bbox 525 744 829 802; x_wconf 85' lang='lat' dir='ltr'><strong>mentariis.</strong></span> <span class='ocrx_word' id='word_1_35' title='bbox 861 743 934 796; x_wconf 87' lang='lat' dir='ltr'><strong>Ita</strong></span> <span class='ocrx_word' id='word_1_36' title='bbox 967 741 1316 795; x_wconf 81' lang='lat' dir='ltr'><strong>Colonienses.</strong></span> <span class='ocrx_word' id='word_1_37' title='bbox 1510 802 1517 807; x_wconf 28' lang='grc' dir='ltr'>θ</span> 
     </span>
    </p>
   </div>
   <div class='ocr_carea' id='block_1_7' title="bbox 597 830 2102 902">
    <p class='ocr_par' dir='ltr' id='par_1_7' title="bbox 597 830 2102 902">
     <span class='ocr_line' id='line_1_7' title="bbox 597 830 2102 902; baseline -0.002 -12"><span class='ocrx_word' id='word_1_38' title='bbox 597 834 757 890; x_wconf 78' lang='grc'><strong>1661.</strong></span> <span class='ocrx_word' id='word_1_39' title='bbox 788 832 1100 902; x_wconf 83' lang='lat' dir='ltr'><strong>Hamburgi,</strong></span> <span class='ocrx_word' id='word_1_40' title='bbox 1131 839 1324 900; x_wconf 84' lang='lat' dir='ltr'><strong>sumpt.</strong></span> <span class='ocrx_word' id='word_1_41' title='bbox 1353 831 1516 889; x_wconf 75' lang='lat' dir='ltr'><strong>Zach.</strong></span> <span class='ocrx_word' id='word_1_42' title='bbox 1549 831 1807 899; x_wconf 82' lang='lat' dir='ltr'><strong>Hertelii;</strong></span> <span class='ocrx_word' id='word_1_43' title='bbox 1836 831 2007 898; x_wconf 68' lang='lat' dir='ltr'><strong>iit-4°,</strong></span> <span class='ocrx_word' id='word_1_44' title='bbox 2040 830 2102 887; x_wconf 85' lang='lat' dir='ltr'><strong>II</strong></span> 
     </span>
    </p>
   </div>
   <div class='ocr_carea' id='block_1_8' title="bbox 527 924 2106 995">
    <p class='ocr_par' dir='ltr' id='par_1_8' title="bbox 527 924 2106 995">
     <span class='ocr_line' id='line_1_8' title="bbox 527 924 2106 995; baseline -0.001 -14"><span class='ocrx_word' id='word_1_45' title='bbox 527 927 701 981; x_wconf 82' lang='lat' dir='ltr'><strong>tomis.</strong></span> <span class='ocrx_word' id='word_1_46' title='bbox 738 924 797 981; x_wconf 91' lang='lat' dir='ltr'><strong>S.</strong></span> <span class='ocrx_word' id='word_1_47' title='bbox 834 928 963 979; x_wconf 90' lang='lat' dir='ltr'><strong>Aur.</strong></span> <span class='ocrx_word' id='word_1_48' title='bbox 1006 924 1143 995; x_wconf 78' lang='lat' dir='ltr'><strong>Aug.</strong></span> <span class='ocrx_word' id='word_1_49' title='bbox 1178 925 1339 995; x_wconf 84' lang='lat' dir='ltr'><strong>Hipp.</strong></span> <span class='ocrx_word' id='word_1_50' title='bbox 1369 940 1458 995; x_wconf 90' lang='lat' dir='ltr'><strong>ep.</strong></span> <span class='ocrx_word' id='word_1_51' title='bbox 1500 925 1567 981; x_wconf 89' lang='lat' dir='ltr'><strong>de</strong></span> <span class='ocrx_word' id='word_1_52' title='bbox 1602 924 1828 981; x_wconf 86' lang='lat' dir='ltr'><strong>Civitate</strong></span> <span class='ocrx_word' id='word_1_53' title='bbox 1860 925 1953 981; x_wconf 85' lang='lat' dir='ltr'><strong>Dei</strong></span> <span class='ocrx_word' id='word_1_54' title='bbox 1987 924 2106 981; x_wconf 84' lang='lat' dir='ltr'><strong>libri</strong></span> 
     </span>
    </p>
   </div>
   <div class='ocr_carea' id='block_1_9' title="bbox 529 1016 2106 1085">
    <p class='ocr_par' dir='ltr' id='par_1_9' title="bbox 529 1016 2106 1085">
     <span class='ocr_line' id='line_1_9' title="bbox 529 1016 2106 1085; baseline 0.001 -13"><span class='ocrx_word' id='word_1_55' title='bbox 529 1016 704 1085; x_wconf 90' lang='lat' dir='ltr'><strong>XXII,</strong></span> <span class='ocrx_word' id='word_1_56' title='bbox 740 1018 792 1072; x_wconf 91' lang='lat' dir='ltr'><strong>in</strong></span> <span class='ocrx_word' id='word_1_57' title='bbox 824 1017 961 1072; x_wconf 87' lang='lat' dir='ltr'><strong>duos</strong></span> <span class='ocrx_word' id='word_1_58' title='bbox 992 1027 1167 1072; x_wconf 84' lang='lat' dir='ltr'><strong>tomos</strong></span> <span class='ocrx_word' id='word_1_59' title='bbox 1211 1018 1397 1084; x_wconf 84' lang='lat' dir='ltr'><strong>divisi,</strong></span> <span class='ocrx_word' id='word_1_60' title='bbox 1447 1033 1511 1074; x_wconf 81' lang='lat' dir='ltr'><strong>ex</strong></span> <span class='ocrx_word' id='word_1_61' title='bbox 1564 1018 1945 1075; x_wconf 85' lang='lat' dir='ltr'><strong>vetustissimis</strong></span> <span class='ocrx_word' id='word_1_62' title='bbox 1973 1033 2106 1075; x_wconf 83' lang='lat' dir='ltr'><strong>mss.</strong></span> 
     </span>
    </p>
   </div>
   <div class='ocr_carea' id='block_1_10' title="bbox 528 1110 2107 1181">
    <p class='ocr_par' dir='ltr' id='par_1_10' title="bbox 528 1110 2107 1181">
     <span class='ocr_line' id='line_1_10' title="bbox 528 1110 2107 1181; baseline 0.001 -16"><span class='ocrx_word' id='word_1_63' title='bbox 528 1110 931 1179; x_wconf 83' lang='lat' dir='ltr'><strong>exemplaribus</strong></span> <span class='ocrx_word' id='word_1_64' title='bbox 962 1110 1267 1181; x_wconf 73' lang='lat' dir='ltr'><strong>emendati,</strong></span> <span class='ocrx_word' id='word_1_65' title='bbox 1313 1113 1464 1181; x_wconf 83' lang='lat' dir='ltr'><strong>juxta</strong></span> <span class='ocrx_word' id='word_1_66' title='bbox 1516 1112 1860 1166; x_wconf 80' lang='lat' dir='ltr'><strong>novissimam</strong></span> <span class='ocrx_word' id='word_1_67' title='bbox 1910 1111 2107 1167; x_wconf 65' lang='lat' dir='ltr'><strong>editio-</strong></span> 
     </span>
    </p>
   </div>
   <div class='ocr_carea' id='block_1_11' title="bbox 527 1200 2110 1259">
    <p class='ocr_par' dir='ltr' id='par_1_11' title="bbox 527 1200 2110 1259">
     <span class='ocr_line' id='line_1_11' title="bbox 527 1200 2110 1259; baseline 0.001 -2"><span class='ocrx_word' id='word_1_68' title='bbox 527 1216 646 1257; x_wconf 89' lang='lat' dir='ltr'><strong>netu</strong></span> <span class='ocrx_word' id='word_1_69' title='bbox 678 1200 1081 1259; x_wconf 84' lang='lat' dir='ltr'><strong>Coloniensem.</strong></span> <span class='ocrx_word' id='word_1_70' title='bbox 1112 1203 1392 1258; x_wconf 83' lang='lat' dir='ltr'><strong>Accedunt</strong></span> <span class='ocrx_word' id='word_1_71' title='bbox 1415 1202 1803 1259; x_wconf 87' lang='lat' dir='ltr'><strong>Commentarii</strong></span> <span class='ocrx_word' id='word_1_72' title='bbox 1836 1204 2034 1258; x_wconf 75' lang='lat' dir='ltr'><strong>eruditi</strong></span> <span class='ocrx_word' id='word_1_73' title='bbox 2056 1216 2110 1258; x_wconf 77' lang='lat' dir='ltr'><strong>et</strong></span> 
     </span>
    </p>
   </div>
   <div class='ocr_carea' id='block_1_12' title="bbox 526 1294 2110 1366">
    <p class='ocr_par' dir='ltr' id='par_1_12' title="bbox 526 1294 2110 1366">
     <span class='ocr_line' id='line_1_12' title="bbox 526 1294 2110 1366; baseline 0.001 -15"><span class='ocrx_word' id='word_1_74' title='bbox 526 1294 723 1365; x_wconf 78' lang='lat' dir='ltr'><strong>integri</strong></span> <span class='ocrx_word' id='word_1_75' title='bbox 751 1296 1000 1365; x_wconf 88' lang='lat' dir='ltr'><strong>quidem,</strong></span> <span class='ocrx_word' id='word_1_76' title='bbox 1043 1296 1126 1351; x_wconf 86' lang='lat' dir='ltr'><strong>Jo.</strong></span> <span class='ocrx_word' id='word_1_77' title='bbox 1172 1297 1309 1351; x_wconf 88' lang='lat' dir='ltr'><strong>Lud.</strong></span> <span class='ocrx_word' id='word_1_78' title='bbox 1344 1296 1524 1363; x_wconf 82' lang='lat' dir='ltr'><strong>Vivis,</strong></span> <span class='ocrx_word' id='word_1_79' title='bbox 1572 1297 1779 1366; x_wconf 80' lang='lat' dir='ltr'><strong>Hispal.</strong></span> <span class='ocrx_word' id='word_1_80' title='bbox 1812 1312 1874 1352; x_wconf 91' lang='lat' dir='ltr'><strong>ac</strong></span> <span class='ocrx_word' id='word_1_81' title='bbox 1901 1297 2110 1353; x_wconf 86' lang='lat' dir='ltr'><strong>Leonh.</strong></span> 
     </span>
    </p>
   </div>
   <div class='ocr_carea' id='block_1_13' title="bbox 528 1384 2110 1459">
    <p class='ocr_par' dir='ltr' id='par_1_13' title="bbox 528 1384 2110 1459">
     <span class='ocr_line' id='line_1_13' title="bbox 528 1384 2110 1459; baseline 0.001 -17"><span class='ocrx_word' id='word_1_82' title='bbox 528 1384 749 1456; x_wconf 84' lang='lat' dir='ltr'><strong>Coquaei</strong></span> <span class='ocrx_word' id='word_1_83' title='bbox 790 1388 1218 1443; x_wconf 78' lang='lat' dir='ltr'><strong>Aurelianensis.</strong></span> <span class='ocrx_word' id='word_1_84' title='bbox 1268 1390 1399 1443; x_wconf 78' lang='lat' dir='ltr'><strong>Cum</strong></span> <span class='ocrx_word' id='word_1_85' title='bbox 1450 1388 1626 1444; x_wconf 90' lang='lat' dir='ltr'><strong>indice</strong></span> <span class='ocrx_word' id='word_1_86' title='bbox 1654 1389 1906 1459; x_wconf 90' lang='lat' dir='ltr'><strong>gemino,</strong></span> <span class='ocrx_word' id='word_1_87' title='bbox 1937 1388 2110 1444; x_wconf 86' lang='lat' dir='ltr'><strong>altero</strong></span> 
     </span>
    </p>
   </div>
   <div class='ocr_carea' id='block_1_14' title="bbox 529 1478 2113 1553">
    <p class='ocr_par' dir='ltr' id='par_1_14' title="bbox 529 1478 2113 1553">
     <span class='ocr_line' id='line_1_14' title="bbox 529 1478 2113 1553; baseline -0.001 -14"><span class='ocrx_word' id='word_1_88' title='bbox 529 1478 777 1539; x_wconf 86' lang='lat' dir='ltr'><strong>locorum</strong></span> <span class='ocrx_word' id='word_1_89' title='bbox 805 1480 895 1537; x_wconf 90' lang='lat' dir='ltr'><strong>Sc.</strong></span> <span class='ocrx_word' id='word_1_90' title='bbox 930 1481 1012 1549; x_wconf 91' lang='lat' dir='ltr'><strong>S.,</strong></span> <span class='ocrx_word' id='word_1_91' title='bbox 1045 1482 1223 1538; x_wconf 86' lang='lat' dir='ltr'><strong>altero</strong></span> <span class='ocrx_word' id='word_1_92' title='bbox 1249 1498 1433 1538; x_wconf 89' lang='lat' dir='ltr'><strong>rerum</strong></span> <span class='ocrx_word' id='word_1_93' title='bbox 1466 1498 1530 1539; x_wconf 89' lang='lat' dir='ltr'><strong>ac</strong></span> <span class='ocrx_word' id='word_1_94' title='bbox 1554 1482 1845 1539; x_wconf 79' lang='lat' dir='ltr'><strong>verborum</strong></span> <span class='ocrx_word' id='word_1_95' title='bbox 1873 1482 2113 1553; x_wconf 88' lang='lat' dir='ltr'><strong>locuple-</strong></span> 
     </span>
    </p>
   </div>
   <div class='ocr_carea' id='block_1_15' title="bbox 529 1572 1541 1630">
    <p class='ocr_par' dir='ltr' id='par_1_15' title="bbox 529 1572 1541 1630">
     <span class='ocr_line' id='line_1_15' title="bbox 529 1572 1541 1630; baseline 0.005 -2"><span class='ocrx_word' id='word_1_96' title='bbox 529 1572 762 1630; x_wconf 89' lang='lat' dir='ltr'><strong>tissimo.</strong></span> <span class='ocrx_word' id='word_1_97' title='bbox 1536 1574 1541 1583; x_wconf 83' lang='lat'><em>&#39;</em></span> 
     </span>
    </p>
   </div>
   <div class='ocr_carea' id='block_1_16' title="bbox 604 1665 2113 1741">
    <p class='ocr_par' dir='ltr' id='par_1_16' title="bbox 604 1665 2113 1741">
     <span class='ocr_line' id='line_1_16' title="bbox 604 1665 2113 1741; baseline 0.002 -19"><span class='ocrx_word' id='word_1_98' title='bbox 604 1666 752 1723; x_wconf 62' lang='lat' dir='ltr'><strong>Sac.</strong></span> <span class='ocrx_word' id='word_1_99' title='bbox 788 1665 971 1721; x_wconf 76' lang='lat' dir='ltr'><strong>XVIII.</strong></span> <span class='ocrx_word' id='word_1_100' title='bbox 1002 1667 1255 1724; x_wconf 70' lang='grc'><strong>-1748.</strong></span> <span class='ocrx_word' id='word_1_101' title='bbox 1286 1667 1602 1741; x_wconf 84' lang='lat' dir='ltr'><strong>Neapoli....</strong></span> <span class='ocrx_word' id='word_1_102' title='bbox 1624 1669 1789 1725; x_wconf 68' lang='grc' dir='ltr'><strong>ὅπου.</strong></span> <span class='ocrx_word' id='word_1_103' title='bbox 1814 1670 1872 1727; x_wconf 89' lang='lat' dir='ltr'><strong>S.</strong></span> <span class='ocrx_word' id='word_1_104' title='bbox 1903 1673 2113 1740; x_wconf 87' lang='lat' dir='ltr'><strong>Augus-</strong></span> 
     </span>
    </p>
   </div>
   <div class='ocr_carea' id='block_1_17' title="bbox 534 1756 2111 1820">
    <p class='ocr_par' dir='ltr' id='par_1_17' title="bbox 534 1756 2111 1820">
     <span class='ocr_line' id='line_1_17' title="bbox 534 1756 2111 1820; baseline 0.003 -9"><span class='ocrx_word' id='word_1_105' title='bbox 534 1756 633 1811; x_wconf 89' lang='lat' dir='ltr'><strong>tini</strong></span> <span class='ocrx_word' id='word_1_106' title='bbox 659 1757 781 1812; x_wconf 88' lang='lat' dir='ltr'><strong>libri</strong></span> <span class='ocrx_word' id='word_1_107' title='bbox 813 1756 955 1812; x_wconf 82' lang='lat' dir='ltr'><strong>XXII</strong></span> <span class='ocrx_word' id='word_1_108' title='bbox 982 1757 1051 1814; x_wconf 91' lang='lat' dir='ltr'><strong>de</strong></span> <span class='ocrx_word' id='word_1_109' title='bbox 1079 1758 1313 1816; x_wconf 83' lang='lat' dir='ltr'><strong>Civitate</strong></span> <span class='ocrx_word' id='word_1_110' title='bbox 1342 1760 1437 1816; x_wconf 86' lang='lat' dir='ltr'><strong>Dei</strong></span> <span class='ocrx_word' id='word_1_111' title='bbox 1475 1774 1598 1820; x_wconf 86' lang='lat' dir='ltr'><strong>cuto</strong></span> <span class='ocrx_word' id='word_1_112' title='bbox 1644 1760 1787 1816; x_wconf 81' lang='lat' dir='ltr'><strong>netis</strong></span> <span class='ocrx_word' id='word_1_113' title='bbox 1815 1764 2111 1816; x_wconf 59' lang='lat' dir='ltr'><strong>monacho.</strong></span> 
     </span>
    </p>
   </div>
   <div class='ocr_carea' id='block_1_18' title="bbox 2208 553 3731 639">
    <p class='ocr_par' dir='ltr' id='par_1_18' title="bbox 2208 553 3731 639">
     <span class='ocr_line' id='line_1_18' title="bbox 2208 553 3731 639; baseline 0.011 -31"><span class='ocrx_word' id='word_1_114' title='bbox 2208 553 2375 609; x_wconf 87' lang='lat' dir='ltr'><strong>sionis</strong></span> <span class='ocrx_word' id='word_1_115' title='bbox 2406 554 2673 624; x_wconf 80' lang='lat' dir='ltr'><strong>elegantia</strong></span> <span class='ocrx_word' id='word_1_116' title='bbox 2696 598 2711 619; x_wconf 89' lang='lat'><strong>,</strong></span> <span class='ocrx_word' id='word_1_117' title='bbox 2742 557 2904 615; x_wconf 76' lang='lat' dir='ltr'><strong>index</strong></span> <span class='ocrx_word' id='word_1_118' title='bbox 2937 558 3215 626; x_wconf 77' lang='lat' dir='ltr'><strong>copiosus,</strong></span> <span class='ocrx_word' id='word_1_119' title='bbox 3246 559 3492 629; x_wconf 74' lang='lat' dir='ltr'><strong>splendor</strong></span> <span class='ocrx_word' id='word_1_120' title='bbox 3520 567 3731 639; x_wconf 75' lang='lat' dir='ltr'><strong>artificii,</strong></span> 
     </span>
    </p>
   </div>
   <div class='ocr_carea' id='block_1_19' title="bbox 2206 644 3735 717">
    <p class='ocr_par' dir='ltr' id='par_1_19' title="bbox 2206 644 3735 717">
     <span class='ocr_line' id='line_1_19' title="bbox 2206 644 3735 717; baseline 0.004 -19"><span class='ocrx_word' id='word_1_121' title='bbox 2206 644 2494 715; x_wconf 85' lang='lat' dir='ltr'><strong>ipsumque</strong></span> <span class='ocrx_word' id='word_1_122' title='bbox 2537 648 2767 717; x_wconf 89' lang='lat' dir='ltr'><strong>denique</strong></span> <span class='ocrx_word' id='word_1_123' title='bbox 2810 646 2870 701; x_wconf 91' lang='lat' dir='ltr'><strong>P.</strong></span> <span class='ocrx_word' id='word_1_124' title='bbox 2916 648 2981 702; x_wconf 80' lang='grc' dir='ltr'><strong>Μ.</strong></span> <span class='ocrx_word' id='word_1_125' title='bbox 3026 650 3301 711; x_wconf 83' lang='lat' dir='ltr'><strong>Benedicti</strong></span> <span class='ocrx_word' id='word_1_126' title='bbox 3345 651 3478 717; x_wconf 80' lang='lat' dir='ltr'><strong>XIV,</strong></span> <span class='ocrx_word' id='word_1_127' title='bbox 3507 658 3588 710; x_wconf 76' lang='lat' dir='ltr'><strong>cui</strong></span> <span class='ocrx_word' id='word_1_128' title='bbox 3612 658 3735 716; x_wconf 88' lang='lat' dir='ltr'><strong>dedi.</strong></span> 
     </span>
    </p>
   </div>
   <div class='ocr_carea' id='block_1_20' title="bbox 2208 741 3737 816">
    <p class='ocr_par' dir='ltr' id='par_1_20' title="bbox 2208 741 3737 816">
     <span class='ocr_line' id='line_1_20' title="bbox 2208 741 3737 816; baseline 0.006 -21"><span class='ocrx_word' id='word_1_129' title='bbox 2208 750 2325 795; x_wconf 87' lang='lat' dir='ltr'><strong>cata</strong></span> <span class='ocrx_word' id='word_1_130' title='bbox 2357 750 2469 801; x_wconf 87' lang='lat' dir='ltr'><strong>est,</strong></span> <span class='ocrx_word' id='word_1_131' title='bbox 2501 756 2700 796; x_wconf 84' lang='lat' dir='ltr'><strong>nomen</strong></span> <span class='ocrx_word' id='word_1_132' title='bbox 2721 786 2733 807; x_wconf 92' lang='lat'><strong>,</strong></span> <span class='ocrx_word' id='word_1_133' title='bbox 2771 750 2906 796; x_wconf 87' lang='lat' dir='ltr'><strong>teste</strong></span> <span class='ocrx_word' id='word_1_134' title='bbox 2933 741 3069 797; x_wconf 86' lang='lat' dir='ltr'><strong>Bibl.</strong></span> <span class='ocrx_word' id='word_1_135' title='bbox 3094 742 3230 813; x_wconf 70' lang='lat' dir='ltr'><strong>degli</strong></span> <span class='ocrx_word' id='word_1_136' title='bbox 3261 745 3378 798; x_wconf 74' lang='lat' dir='ltr'><strong>Aut.</strong></span> <span class='ocrx_word' id='word_1_137' title='bbox 3420 747 3674 816; x_wconf 62' lang='lat' dir='ltr'><strong>volgaria.</strong></span> <span class='ocrx_word' id='word_1_138' title='bbox 3692 752 3737 807; x_wconf 88' lang='lat' dir='ltr'><strong>in</strong></span> 
     </span>
    </p>
   </div>
   <div class='ocr_carea' id='block_1_21' title="bbox 2208 830 3709 907">
    <p class='ocr_par' dir='ltr' id='par_1_21' title="bbox 2208 830 3709 907">
     <span class='ocr_line' id='line_1_21' title="bbox 2208 830 3709 907; baseline 0.005 -22"><span class='ocrx_word' id='word_1_139' title='bbox 2208 830 2463 887; x_wconf 82' lang='lat' dir='ltr'><strong>Raccolta</strong></span> <span class='ocrx_word' id='word_1_140' title='bbox 2489 832 2739 901; x_wconf 70' lang='lat' dir='ltr'><strong>d‘Opusc.</strong></span> <span class='ocrx_word' id='word_1_141' title='bbox 2771 832 2950 887; x_wconf 76' lang='lat' dir='ltr'><strong>scient.</strong></span> <span class='ocrx_word' id='word_1_142' title='bbox 2976 849 3002 886; x_wconf 84' lang='lat' dir='ltr'><strong>e</strong></span> <span class='ocrx_word' id='word_1_143' title='bbox 3024 833 3157 901; x_wconf 58' lang='grc' dir='ltr'><strong>ῥέοι.</strong></span> <span class='ocrx_word' id='word_1_144' title='bbox 3187 833 3248 887; x_wconf 96' lang='grc' dir='ltr'><strong>Τ.</strong></span> <span class='ocrx_word' id='word_1_145' title='bbox 3280 833 3491 899; x_wconf 80' lang='lat' dir='ltr'><strong>XXXII,</strong></span> <span class='ocrx_word' id='word_1_146' title='bbox 3522 853 3573 907; x_wconf 91' lang='lat' dir='ltr'><strong>p.</strong></span> <span class='ocrx_word' id='word_1_147' title='bbox 3604 841 3709 897; x_wconf 69' lang='grc'><strong>545.</strong></span> 
     </span>
    </p>
   </div>
   <div class='ocr_carea' id='block_1_22' title="bbox 2282 923 3739 996">
    <p class='ocr_par' dir='ltr' id='par_1_22' title="bbox 2282 923 3739 996">
     <span class='ocr_line' id='line_1_22' title="bbox 2282 923 3739 996; baseline 0.007 -19"><span class='ocrx_word' id='word_1_148' title='bbox 2282 924 2440 979; x_wconf 70' lang='grc'><strong>1712.</strong></span> <span class='ocrx_word' id='word_1_149' title='bbox 2481 924 2731 990; x_wconf 66' lang='lat' dir='ltr'><strong>Venetia,</strong></span> <span class='ocrx_word' id='word_1_150' title='bbox 2779 940 3020 996; x_wconf 71' lang='lat' dir='ltr'><strong>oppresso</strong></span> <span class='ocrx_word' id='word_1_151' title='bbox 3066 923 3204 980; x_wconf 73' lang='lat' dir='ltr'><strong>Pici.</strong></span> <span class='ocrx_word' id='word_1_152' title='bbox 3234 923 3498 996; x_wconf 69' lang='lat' dir='ltr'><strong>Bussaglie</strong></span> <span class='ocrx_word' id='word_1_153' title='bbox 3523 944 3548 982; x_wconf 78' lang='grc' dir='ltr'><strong><em>ο</em></strong></span> <span class='ocrx_word' id='word_1_154' title='bbox 3577 926 3739 989; x_wconf 63' lang='lat' dir='ltr'><strong>FN)“.</strong></span> 
     </span>
    </p>
   </div>
   <div class='ocr_carea' id='block_1_23' title="bbox 2212 1014 3743 1080">
    <p class='ocr_par' dir='ltr' id='par_1_23' title="bbox 2212 1014 3743 1080">
     <span class='ocr_line' id='line_1_23' title="bbox 2212 1014 3743 1080; baseline 0.007 -11"><span class='ocrx_word' id='word_1_155' title='bbox 2212 1014 2583 1069; x_wconf 77' lang='lat' dir='ltr'><strong>Hcrtsltauser.</strong></span> <span class='ocrx_word' id='word_1_156' title='bbox 2606 1032 2623 1080; x_wconf 83' lang='lat'><strong>,°</strong></span> <span class='ocrx_word' id='word_1_157' title='bbox 2654 1017 2705 1070; x_wconf 86' lang='lat' dir='ltr'><strong>in</strong></span> <span class='ocrx_word' id='word_1_158' title='bbox 2734 1017 2820 1071; x_wconf 66' lang='lat'><strong>4°.</strong></span> <span class='ocrx_word' id='word_1_159' title='bbox 2861 1035 2880 1068; x_wconf 74' lang='grc' dir='ltr'>σ</span> <span class='ocrx_word' id='word_1_160' title='bbox 2919 1016 3069 1073; x_wconf 78' lang='lat' dir='ltr'><strong>Delia</strong></span> <span class='ocrx_word' id='word_1_161' title='bbox 3094 1016 3232 1073; x_wconf 63' lang='lat' dir='ltr'><strong>Citii</strong></span> <span class='ocrx_word' id='word_1_162' title='bbox 3253 1016 3305 1074; x_wconf 87' lang='lat' dir='ltr'><strong>di</strong></span> <span class='ocrx_word' id='word_1_163' title='bbox 3329 1019 3421 1072; x_wconf 89' lang='lat' dir='ltr'><strong>Dio</strong></span> <span class='ocrx_word' id='word_1_164' title='bbox 3446 1018 3497 1073; x_wconf 86' lang='lat' dir='ltr'><strong>di</strong></span> <span class='ocrx_word' id='word_1_165' title='bbox 3524 1020 3576 1076; x_wconf 90' lang='lat' dir='ltr'><strong>S.</strong></span> <span class='ocrx_word' id='word_1_166' title='bbox 3602 1021 3743 1079; x_wconf 76' lang='lat' dir='ltr'><strong>Aure-</strong></span> 
     </span>
    </p>
   </div>
   <div class='ocr_carea' id='block_1_24' title="bbox 2212 1106 3746 1181">
    <p class='ocr_par' dir='ltr' id='par_1_24' title="bbox 2212 1106 3746 1181">
     <span class='ocr_line' id='line_1_24' title="bbox 2212 1106 3746 1181; baseline 0.007 -21"><span class='ocrx_word' id='word_1_167' title='bbox 2212 1106 2283 1160; x_wconf 89' lang='lat' dir='ltr'><strong>lio</strong></span> <span class='ocrx_word' id='word_1_168' title='bbox 2312 1108 2592 1175; x_wconf 73' lang='lat' dir='ltr'><strong>Agostino.</strong></span> <span class='ocrx_word' id='word_1_169' title='bbox 2651 1108 2824 1163; x_wconf 76' lang='lat' dir='ltr'><strong>Temo</strong></span> <span class='ocrx_word' id='word_1_170' title='bbox 2872 1109 3075 1177; x_wconf 82' lang='lat' dir='ltr'><strong>primo,</strong></span> <span class='ocrx_word' id='word_1_171' title='bbox 3117 1109 3220 1164; x_wconf 85' lang='lat' dir='ltr'><strong>ohe</strong></span> <span class='ocrx_word' id='word_1_172' title='bbox 3258 1112 3577 1179; x_wconf 81' lang='lat' dir='ltr'><strong>comprende</strong></span> <span class='ocrx_word' id='word_1_173' title='bbox 3601 1114 3661 1181; x_wconf 72' lang='lat' dir='ltr'><strong>gli</strong></span> <span class='ocrx_word' id='word_1_174' title='bbox 3688 1115 3746 1170; x_wconf 74' lang='lat' dir='ltr'><strong>XI</strong></span> 
     </span>
    </p>
   </div>
   <div class='ocr_carea' id='block_1_25' title="bbox 2212 1197 3748 1272">
    <p class='ocr_par' dir='ltr' id='par_1_25' title="bbox 2212 1197 3748 1272">
     <span class='ocr_line' id='line_1_25' title="bbox 2212 1197 3748 1272; baseline 0.008 -22"><span class='ocrx_word' id='word_1_175' title='bbox 2212 1197 2369 1268; x_wconf 83' lang='lat' dir='ltr'><strong>primi</strong></span> <span class='ocrx_word' id='word_1_176' title='bbox 2402 1199 2546 1255; x_wconf 86' lang='lat' dir='ltr'><strong>libri.</strong></span> <span class='ocrx_word' id='word_1_177' title='bbox 2588 1219 2607 1257; x_wconf 76' lang='grc' dir='ltr'>ι</span> <span class='ocrx_word' id='word_1_178' title='bbox 2646 1199 2772 1255; x_wconf 69' lang='lat' dir='ltr'><strong>llaec</strong></span> <span class='ocrx_word' id='word_1_179' title='bbox 2801 1207 2885 1255; x_wconf 88' lang='lat' dir='ltr'><strong>est</strong></span> <span class='ocrx_word' id='word_1_180' title='bbox 2914 1215 3104 1259; x_wconf 78' lang='lat' dir='ltr'><strong>recens</strong></span> <span class='ocrx_word' id='word_1_181' title='bbox 3150 1200 3313 1256; x_wconf 82' lang='lat' dir='ltr'><strong>editio</strong></span> <span class='ocrx_word' id='word_1_182' title='bbox 3359 1202 3587 1272; x_wconf 79' lang='lat' dir='ltr'><strong>antiquae</strong></span> <span class='ocrx_word' id='word_1_183' title='bbox 3632 1206 3748 1263; x_wconf 82' lang='lat' dir='ltr'><strong>illius</strong></span> 
     </span>
    </p>
   </div>
   <div class='ocr_carea' id='block_1_26' title="bbox 2213 1288 3750 1359">
    <p class='ocr_par' dir='ltr' id='par_1_26' title="bbox 2213 1288 3750 1359">
     <span class='ocr_line' id='line_1_26' title="bbox 2213 1288 3750 1359; baseline 0.005 -17"><span class='ocrx_word' id='word_1_184' title='bbox 2213 1288 2512 1355; x_wconf 84' lang='lat' dir='ltr'><strong>versionis,</strong></span> <span class='ocrx_word' id='word_1_185' title='bbox 2542 1288 2612 1345; x_wconf 87' lang='lat' dir='ltr'><strong>de</strong></span> <span class='ocrx_word' id='word_1_186' title='bbox 2639 1290 2792 1359; x_wconf 85' lang='lat' dir='ltr'><strong>cujus</strong></span> <span class='ocrx_word' id='word_1_187' title='bbox 2813 1297 3037 1347; x_wconf 85' lang='lat' dir='ltr'><strong>auctore</strong></span> <span class='ocrx_word' id='word_1_188' title='bbox 3064 1290 3328 1351; x_wconf 76' lang='lat' dir='ltr'><strong>editorem</strong></span> <span class='ocrx_word' id='word_1_189' title='bbox 3353 1290 3561 1347; x_wconf 88' lang='lat' dir='ltr'><strong>Petrum</strong></span> <span class='ocrx_word' id='word_1_190' title='bbox 3589 1293 3750 1351; x_wconf 80' lang='lat' dir='ltr'><strong>Bassa-</strong></span> 
     </span>
    </p>
   </div>
   <div class='ocr_carea' id='block_1_27' title="bbox 2210 1379 3752 1450">
    <p class='ocr_par' dir='ltr' id='par_1_27' title="bbox 2210 1379 3752 1450">
     <span class='ocr_line' id='line_1_27' title="bbox 2210 1379 3752 1450; baseline 0.006 -17"><span class='ocrx_word' id='word_1_191' title='bbox 2210 1379 2373 1450; x_wconf 83' lang='lat' dir='ltr'><strong>gliam</strong></span> <span class='ocrx_word' id='word_1_192' title='bbox 2409 1380 2668 1448; x_wconf 79' lang='lat' dir='ltr'><strong>prolixius</strong></span> <span class='ocrx_word' id='word_1_193' title='bbox 2717 1381 2768 1434; x_wconf 92' lang='lat' dir='ltr'><strong>in</strong></span> <span class='ocrx_word' id='word_1_194' title='bbox 2823 1380 3049 1449; x_wconf 90' lang='lat' dir='ltr'><strong>epistola</strong></span> <span class='ocrx_word' id='word_1_195' title='bbox 3101 1380 3431 1439; x_wconf 84' lang='lat' dir='ltr'><strong>dedicatoria</strong></span> <span class='ocrx_word' id='word_1_196' title='bbox 3473 1381 3592 1437; x_wconf 85' lang='lat' dir='ltr'><strong>huic</strong></span> <span class='ocrx_word' id='word_1_197' title='bbox 3633 1394 3752 1442; x_wconf 80' lang='lat' dir='ltr'><strong>tonio</strong></span> 
     </span>
    </p>
   </div>
   <div class='ocr_carea' id='block_1_28' title="bbox 2213 1472 3750 1548">
    <p class='ocr_par' dir='ltr' id='par_1_28' title="bbox 2213 1472 3750 1548">
     <span class='ocr_line' id='line_1_28' title="bbox 2213 1472 3750 1548; baseline 0.004 -21"><span class='ocrx_word' id='word_1_198' title='bbox 2213 1473 2494 1543; x_wconf 69' lang='lat' dir='ltr'><strong>praemissa</strong></span> <span class='ocrx_word' id='word_1_199' title='bbox 2511 1472 2816 1542; x_wconf 77' lang='lat' dir='ltr'><strong>disputasse</strong></span> <span class='ocrx_word' id='word_1_200' title='bbox 2832 1474 3096 1535; x_wconf 77' lang='lat' dir='ltr'><strong>diximus.</strong></span> <span class='ocrx_word' id='word_1_201' title='bbox 3117 1474 3359 1533; x_wconf 75' lang='lat' dir='ltr'><strong>Alterum</strong></span> <span class='ocrx_word' id='word_1_202' title='bbox 3380 1482 3490 1537; x_wconf 86' lang='lat' dir='ltr'><strong>tum</strong></span> <span class='ocrx_word' id='word_1_203' title='bbox 3513 1476 3593 1543; x_wconf 90' lang='lat' dir='ltr'><strong>(a.</strong></span> <span class='ocrx_word' id='word_1_204' title='bbox 3621 1477 3750 1548; x_wconf 71' lang='lat' dir='ltr'><strong>I745)</strong></span> 
     </span>
    </p>
   </div>
   <div class='ocr_carea' id='block_1_29' title="bbox 2213 1565 3751 1629">
    <p class='ocr_par' dir='ltr' id='par_1_29' title="bbox 2213 1565 3751 1629">
     <span class='ocr_line' id='line_1_29' title="bbox 2213 1565 3751 1629; baseline 0 -7"><span class='ocrx_word' id='word_1_205' title='bbox 2213 1566 2453 1622; x_wconf 87' lang='lat' dir='ltr'><strong>nondum</strong></span> <span class='ocrx_word' id='word_1_206' title='bbox 2502 1565 2807 1627; x_wconf 85' lang='lat' dir='ltr'><strong>absolutum</strong></span> <span class='ocrx_word' id='word_1_207' title='bbox 2862 1565 3029 1625; x_wconf 74' lang='lat' dir='ltr'><strong>fuisse</strong></span> <span class='ocrx_word' id='word_1_208' title='bbox 3074 1565 3278 1629; x_wconf 83' lang='lat' dir='ltr'><strong>diserte</strong></span> <span class='ocrx_word' id='word_1_209' title='bbox 3308 1576 3490 1622; x_wconf 87' lang='lat' dir='ltr'><strong>monet</strong></span> <span class='ocrx_word' id='word_1_210' title='bbox 3516 1576 3686 1629; x_wconf 82' lang='lat' dir='ltr'><strong>auctor</strong></span> <span class='ocrx_word' id='word_1_211' title='bbox 3710 1570 3751 1627; x_wconf 82' lang='lat' dir='ltr'><strong>tl.</strong></span> 
     </span>
    </p>
   </div>
   <div class='ocr_carea' id='block_1_30' title="bbox 2214 1655 3756 1729">
    <p class='ocr_par' dir='ltr' id='par_1_30' title="bbox 2214 1655 3756 1729">
     <span class='ocr_line' id='line_1_30' title="bbox 2214 1655 3756 1729; baseline 0.005 -20"><span class='ocrx_word' id='word_1_212' title='bbox 2214 1655 2351 1711; x_wconf 86' lang='lat' dir='ltr'><strong>Bibl.</strong></span> <span class='ocrx_word' id='word_1_213' title='bbox 2394 1658 2531 1727; x_wconf 68' lang='grc' dir='ltr'><strong>ὀρεινὶ</strong></span> <span class='ocrx_word' id='word_1_214' title='bbox 2574 1658 2698 1713; x_wconf 79' lang='lat' dir='ltr'><strong>Aut.</strong></span> <span class='ocrx_word' id='word_1_215' title='bbox 2746 1658 2881 1729; x_wconf 72' lang='lat' dir='ltr'><strong>vulg.</strong></span> <span class='ocrx_word' id='word_1_216' title='bbox 2916 1656 2953 1711; x_wconf 97' lang='lat' dir='ltr'><strong>I.</strong></span> <span class='ocrx_word' id='word_1_217' title='bbox 2985 1657 3019 1711; x_wconf 92' lang='lat' dir='ltr'><strong>l.</strong></span> <span class='ocrx_word' id='word_1_218' title='bbox 3054 1655 3162 1713; x_wconf 87' lang='lat' dir='ltr'><strong>Sed</strong></span> <span class='ocrx_word' id='word_1_219' title='bbox 3207 1655 3549 1726; x_wconf 83' lang='lat' dir='ltr'><strong>postmodum</strong></span> <span class='ocrx_word' id='word_1_220' title='bbox 3576 1657 3756 1717; x_wconf 70' lang='lat' dir='ltr'><strong>additus</strong></span> 
     </span>
    </p>
   </div>
   <div class='ocr_carea' id='block_1_31' title="bbox 2214 1747 3755 1807">
    <p class='ocr_par' dir='ltr' id='par_1_31' title="bbox 2214 1747 3755 1807">
     <span class='ocr_line' id='line_1_31' title="bbox 2214 1747 3755 1807; baseline 0.002 -4"><span class='ocrx_word' id='word_1_221' title='bbox 2214 1763 2336 1803; x_wconf 83' lang='lat' dir='ltr'><strong>esse</strong></span> <span class='ocrx_word' id='word_1_222' title='bbox 2362 1749 2540 1803; x_wconf 80' lang='lat' dir='ltr'><strong>debet.</strong></span> <span class='ocrx_word' id='word_1_223' title='bbox 2575 1748 2704 1803; x_wconf 85' lang='lat' dir='ltr'><strong>Nam</strong></span> <span class='ocrx_word' id='word_1_224' title='bbox 2737 1748 3083 1807; x_wconf 76' lang='lat' dir='ltr'><strong>Audiﬂ‘redus</strong></span> <span class='ocrx_word' id='word_1_225' title='bbox 3115 1750 3171 1805; x_wconf 86' lang='lat' dir='ltr'><strong>iu</strong></span> <span class='ocrx_word' id='word_1_226' title='bbox 3200 1747 3320 1805; x_wconf 86' lang='lat' dir='ltr'><strong>Cat.</strong></span> <span class='ocrx_word' id='word_1_227' title='bbox 3358 1748 3493 1804; x_wconf 86' lang='lat' dir='ltr'><strong>Bibl.</strong></span> <span class='ocrx_word' id='word_1_228' title='bbox 3535 1750 3755 1806; x_wconf 82' lang='lat' dir='ltr'><strong>Casaaat.</strong></span> 
     </span>
    </p>
   </div>
   <div class='ocr_carea' id='block_1_32' title="bbox 531 1839 3759 1923">
    <p class='ocr_par' dir='ltr' id='par_1_32' title="bbox 531 1839 3759 1923">
     <span class='ocr_line' id='line_1_32' title="bbox 531 1839 3759 1923; baseline 0.002 -17"><span class='ocrx_word' id='word_1_229' title='bbox 531 1862 651 1906; x_wconf 82' lang='lat' dir='ltr'><strong>rum</strong></span> <span class='ocrx_word' id='word_1_230' title='bbox 678 1848 736 1905; x_wconf 90' lang='lat' dir='ltr'><strong>s.</strong></span> <span class='ocrx_word' id='word_1_231' title='bbox 768 1849 959 1905; x_wconf 73' lang='lat' dir='ltr'><strong>Mauri.</strong></span> <span class='ocrx_word' id='word_1_232' title='bbox 991 1848 1106 1905; x_wconf 84' lang='lat' dir='ltr'><strong>Cat.</strong></span> <span class='ocrx_word' id='word_1_233' title='bbox 1144 1850 1283 1906; x_wconf 82' lang='lat' dir='ltr'><strong>Bibl.</strong></span> <span class='ocrx_word' id='word_1_234' title='bbox 1320 1850 1381 1907; x_wconf 91' lang='lat' dir='ltr'><strong>s.</strong></span> <span class='ocrx_word' id='word_1_235' title='bbox 1410 1851 1543 1923; x_wconf 80' lang='lat' dir='ltr'><strong>Aug.</strong></span> <span class='ocrx_word' id='word_1_236' title='bbox 1572 1852 1640 1907; x_wconf 80' lang='lat' dir='ltr'><strong>ad</strong></span> <span class='ocrx_word' id='word_1_237' title='bbox 1668 1852 1871 1911; x_wconf 75' lang='lat' dir='ltr'><strong>Nidum</strong></span> <span class='ocrx_word' id='word_1_238' title='bbox 1900 1852 2074 1921; x_wconf 81' lang='lat' dir='ltr'><strong>Neap.</strong></span> <span class='ocrx_word' id='word_1_239' title='bbox 2146 1849 2188 1909; x_wconf 78' lang='grc' dir='ltr'>Β</span> <span class='ocrx_word' id='word_1_240' title='bbox 2216 1839 2346 1896; x_wconf 70' lang='lat' dir='ltr'><strong>duos</strong></span> <span class='ocrx_word' id='word_1_241' title='bbox 2381 1840 2531 1899; x_wconf 63' lang='lat' dir='ltr'><strong>citat.</strong></span> <span class='ocrx_word' id='word_1_242' title='bbox 2564 1840 2766 1901; x_wconf 79' lang='lat' dir='ltr'><strong>Test</strong></span> <span class='ocrx_word' id='word_1_243' title='bbox 2796 1840 3016 1897; x_wconf 68' lang='lat' dir='ltr'><strong>Latinus</strong></span> <span class='ocrx_word' id='word_1_244' title='bbox 3066 1839 3303 1903; x_wconf 64' lang='grc' dir='ltr'><strong>γενείοθί</strong></span> <span class='ocrx_word' id='word_1_245' title='bbox 3347 1840 3666 1911; x_wconf 64' lang='lat' dir='ltr'><strong>adiungitur.</strong></span> <span class='ocrx_word' id='word_1_246' title='bbox 3695 1842 3759 1896; x_wconf 78' lang='lat' dir='ltr'><strong>in-</strong></span> 
     </span>
    </p>
   </div>
   <div class='ocr_carea' id='block_1_33' title="bbox 1173 1942 1470 1997">
    <p class='ocr_par' dir='ltr' id='par_1_33' title="bbox 1173 1942 1470 1997">
     <span class='ocr_line' id='line_1_33' title="bbox 1173 1942 1470 1997; baseline 0 0"><span class='ocrx_word' id='word_1_247' title='bbox 1173 1942 1470 1997; x_wconf 74' lang='lat' dir='ltr'><strong>Versiones.</strong></span> 
     </span>
    </p>
   </div>
   <div class='ocr_carea' id='block_1_34' title="bbox 605 2032 2113 2107">
    <p class='ocr_par' dir='ltr' id='par_1_34' title="bbox 605 2032 2113 2107">
     <span class='ocr_line' id='line_1_34' title="bbox 605 2032 2113 2107; baseline 0.004 -20"><span class='ocrx_word' id='word_1_248' title='bbox 605 2032 925 2089; x_wconf 88' lang='lat' dir='ltr'><strong>Versionum</strong></span> <span class='ocrx_word' id='word_1_249' title='bbox 958 2048 1173 2104; x_wconf 88' lang='lat' dir='ltr'><strong>quoque</strong></span> <span class='ocrx_word' id='word_1_250' title='bbox 1198 2034 1359 2104; x_wconf 84' lang='lat' dir='ltr'><strong>hujus</strong></span> <span class='ocrx_word' id='word_1_251' title='bbox 1387 2036 1759 2106; x_wconf 83' lang='lat' dir='ltr'><strong>Augustiniani</strong></span> <span class='ocrx_word' id='word_1_252' title='bbox 1790 2037 1974 2107; x_wconf 87' lang='lat' dir='ltr'><strong>operis</strong></span> <span class='ocrx_word' id='word_1_253' title='bbox 2004 2052 2113 2095; x_wconf 83' lang='lat' dir='ltr'><strong>non</strong></span> 
     </span>
    </p>
   </div>
   <div class='ocr_carea' id='block_1_35' title="bbox 536 2122 2117 2193">
    <p class='ocr_par' dir='ltr' id='par_1_35' title="bbox 536 2122 2117 2193">
     <span class='ocr_line' id='line_1_35' title="bbox 536 2122 2117 2193; baseline 0.004 -15"><span class='ocrx_word' id='word_1_254' title='bbox 536 2122 763 2193; x_wconf 78' lang='lat' dir='ltr'><strong>exiguus</strong></span> <span class='ocrx_word' id='word_1_255' title='bbox 808 2133 892 2180; x_wconf 87' lang='lat' dir='ltr'><strong>est</strong></span> <span class='ocrx_word' id='word_1_256' title='bbox 939 2140 1221 2181; x_wconf 90' lang='lat' dir='ltr'><strong>numerus.</strong></span> <span class='ocrx_word' id='word_1_257' title='bbox 1254 2126 1385 2183; x_wconf 87' lang='lat' dir='ltr'><strong>Nam</strong></span> <span class='ocrx_word' id='word_1_258' title='bbox 1429 2135 1483 2182; x_wconf 90' lang='lat' dir='ltr'><strong>et</strong></span> <span class='ocrx_word' id='word_1_259' title='bbox 1512 2127 1665 2183; x_wconf 88' lang='lat' dir='ltr'><strong>vario</strong></span> <span class='ocrx_word' id='word_1_260' title='bbox 1694 2128 1952 2185; x_wconf 89' lang='lat' dir='ltr'><strong>idiomate</strong></span> <span class='ocrx_word' id='word_1_261' title='bbox 1991 2129 2117 2185; x_wconf 83' lang='lat' dir='ltr'><strong>red-</strong></span> 
     </span>
    </p>
   </div>
   <div class='ocr_carea' id='block_1_36' title="bbox 536 2213 2114 2291">
    <p class='ocr_par' dir='ltr' id='par_1_36' title="bbox 536 2213 2114 2291">
     <span class='ocr_line' id='line_1_36' title="bbox 536 2213 2114 2291; baseline 0.005 -22"><span class='ocrx_word' id='word_1_262' title='bbox 536 2213 708 2270; x_wconf 86' lang='lat' dir='ltr'><strong>ditum</strong></span> <span class='ocrx_word' id='word_1_263' title='bbox 737 2223 842 2282; x_wconf 87' lang='lat' dir='ltr'><strong>est,</strong></span> <span class='ocrx_word' id='word_1_264' title='bbox 878 2225 933 2271; x_wconf 88' lang='lat' dir='ltr'><strong>et</strong></span> <span class='ocrx_word' id='word_1_265' title='bbox 956 2220 1155 2287; x_wconf 67' lang='lat' dir='ltr'><strong>saepius</strong></span> <span class='ocrx_word' id='word_1_266' title='bbox 1185 2218 1376 2274; x_wconf 88' lang='lat' dir='ltr'><strong>eodem</strong></span> <span class='ocrx_word' id='word_1_267' title='bbox 1400 2259 1417 2286; x_wconf 90' lang='lat'><strong>,</strong></span> <span class='ocrx_word' id='word_1_268' title='bbox 1456 2220 1550 2275; x_wconf 85' lang='lat' dir='ltr'><strong>sed</strong></span> <span class='ocrx_word' id='word_1_269' title='bbox 1586 2220 1737 2275; x_wconf 90' lang='lat' dir='ltr'><strong>nullo</strong></span> <span class='ocrx_word' id='word_1_270' title='bbox 1758 2220 2114 2291; x_wconf 70' lang='lat' dir='ltr'><strong>frequentius,</strong></span> 
     </span>
    </p>
   </div>
   <div class='ocr_carea' id='block_1_37' title="bbox 537 2307 2118 2381">
    <p class='ocr_par' dir='ltr' id='par_1_37' title="bbox 537 2307 2118 2381">
     <span class='ocr_line' id='line_1_37' title="bbox 537 2307 2118 2381; baseline 0.004 -19"><span class='ocrx_word' id='word_1_271' title='bbox 537 2322 696 2378; x_wconf 86' lang='lat' dir='ltr'><strong>quam</strong></span> <span class='ocrx_word' id='word_1_272' title='bbox 728 2307 957 2363; x_wconf 81' lang='lat' dir='ltr'><strong>Gallico.</strong></span> <span class='ocrx_word' id='word_1_273' title='bbox 988 2309 1068 2365; x_wconf 76' lang='lat' dir='ltr'><strong>Ex</strong></span> <span class='ocrx_word' id='word_1_274' title='bbox 1099 2309 1343 2378; x_wconf 88' lang='lat' dir='ltr'><strong>pluribus</strong></span> <span class='ocrx_word' id='word_1_275' title='bbox 1373 2321 1555 2366; x_wconf 83' lang='lat' dir='ltr'><strong>autem</strong></span> <span class='ocrx_word' id='word_1_276' title='bbox 1602 2312 1693 2381; x_wconf 88' lang='lat' dir='ltr'><strong>qui</strong></span> <span class='ocrx_word' id='word_1_277' title='bbox 1736 2312 1839 2367; x_wconf 81' lang='lat' dir='ltr'><strong>huc</strong></span> <span class='ocrx_word' id='word_1_278' title='bbox 1882 2314 2118 2369; x_wconf 91' lang='lat' dir='ltr'><strong>studium</strong></span> 
     </span>
    </p>
   </div>
   <div class='ocr_carea' id='block_1_38' title="bbox 539 2403 2122 2475">
    <p class='ocr_par' dir='ltr' id='par_1_38' title="bbox 539 2403 2122 2475">
     <span class='ocr_line' id='line_1_38' title="bbox 539 2403 2122 2475; baseline 0.003 -18"><span class='ocrx_word' id='word_1_279' title='bbox 539 2414 694 2458; x_wconf 88' lang='lat' dir='ltr'><strong>suum</strong></span> <span class='ocrx_word' id='word_1_280' title='bbox 733 2403 1084 2473; x_wconf 73' lang='lat' dir='ltr'><strong>contulerunt</strong></span> <span class='ocrx_word' id='word_1_281' title='bbox 1140 2404 1537 2475; x_wconf 82' lang='lat' dir='ltr'><strong>Francngallis,</strong></span> <span class='ocrx_word' id='word_1_282' title='bbox 1603 2421 1764 2461; x_wconf 85' lang='lat' dir='ltr'><strong>nemo</strong></span> <span class='ocrx_word' id='word_1_283' title='bbox 1810 2408 1967 2462; x_wconf 89' lang='lat' dir='ltr'><strong>laude</strong></span> <span class='ocrx_word' id='word_1_284' title='bbox 2021 2423 2122 2463; x_wconf 78' lang='lat' dir='ltr'><strong>sna</strong></span> 
     </span>
    </p>
   </div>
   <div class='ocr_carea' id='block_1_39' title="bbox 544 2493 2126 2569">
    <p class='ocr_par' dir='ltr' id='par_1_39' title="bbox 544 2493 2126 2569">
     <span class='ocr_line' id='line_1_39' title="bbox 544 2493 2126 2569; baseline 0.004 -22"><span class='ocrx_word' id='word_1_285' title='bbox 544 2493 686 2563; x_wconf 80' lang='lat' dir='ltr'><strong>apud</strong></span> <span class='ocrx_word' id='word_1_286' title='bbox 720 2495 1007 2564; x_wconf 87' lang='lat' dir='ltr'><strong>populares</strong></span> <span class='ocrx_word' id='word_1_287' title='bbox 1037 2498 1233 2566; x_wconf 84' lang='lat' dir='ltr'><strong>caruit,</strong></span> <span class='ocrx_word' id='word_1_288' title='bbox 1270 2498 1620 2569; x_wconf 88' lang='lat' dir='ltr'><strong>studioseque</strong></span> <span class='ocrx_word' id='word_1_289' title='bbox 1669 2510 1891 2569; x_wconf 79' lang='lat' dir='ltr'><strong>excepta</strong></span> <span class='ocrx_word' id='word_1_290' title='bbox 1921 2508 2043 2553; x_wconf 89' lang='lat' dir='ltr'><strong>sunt</strong></span> <span class='ocrx_word' id='word_1_291' title='bbox 2070 2510 2126 2554; x_wconf 88' lang='lat' dir='ltr'><strong>et</strong></span> 
     </span>
    </p>
   </div>
   <div class='ocr_carea' id='block_1_40' title="bbox 541 2586 2125 2657">
    <p class='ocr_par' dir='ltr' id='par_1_40' title="bbox 541 2586 2125 2657">
     <span class='ocr_line' id='line_1_40' title="bbox 541 2586 2125 2657; baseline 0.003 -16"><span class='ocrx_word' id='word_1_292' title='bbox 541 2586 697 2656; x_wconf 84' lang='lat' dir='ltr'><strong>prelo</strong></span> <span class='ocrx_word' id='word_1_293' title='bbox 744 2587 1098 2657; x_wconf 86' lang='lat' dir='ltr'><strong>multiplicata</strong></span> <span class='ocrx_word' id='word_1_294' title='bbox 1152 2587 1419 2657; x_wconf 85' lang='lat' dir='ltr'><strong>Radulphi</strong></span> <span class='ocrx_word' id='word_1_295' title='bbox 1471 2590 1535 2643; x_wconf 88' lang='lat' dir='ltr'><strong>de</strong></span> <span class='ocrx_word' id='word_1_296' title='bbox 1583 2588 1823 2657; x_wconf 75' lang='lat' dir='ltr'><strong>Prwllia,</strong></span> <span class='ocrx_word' id='word_1_297' title='bbox 1878 2588 2125 2645; x_wconf 83' lang='lat' dir='ltr'><strong>Gentiani</strong></span> 
     </span>
    </p>
   </div>
   <div class='ocr_carea' id='block_1_41' title="bbox 544 2676 2123 2751">
    <p class='ocr_par' dir='ltr' id='par_1_41' title="bbox 544 2676 2123 2751">
     <span class='ocr_line' id='line_1_41' title="bbox 544 2676 2123 2751; baseline 0.002 -19"><span class='ocrx_word' id='word_1_298' title='bbox 544 2676 786 2744; x_wconf 77' lang='lat' dir='ltr'><strong>Hmcti,</strong></span> <span class='ocrx_word' id='word_1_299' title='bbox 833 2678 897 2734; x_wconf 81' lang='lat' dir='ltr'><strong>de</strong></span> <span class='ocrx_word' id='word_1_300' title='bbox 939 2678 1219 2745; x_wconf 73' lang='lat' dir='ltr'><strong>Ceriziers,</strong></span> <span class='ocrx_word' id='word_1_301' title='bbox 1251 2680 1503 2741; x_wconf 78' lang='lat' dir='ltr'><strong>Ludovici</strong></span> <span class='ocrx_word' id='word_1_302' title='bbox 1540 2679 1668 2751; x_wconf 61' lang='grc' dir='ltr'><strong>σίγα</strong></span> <span class='ocrx_word' id='word_1_303' title='bbox 1696 2691 1753 2736; x_wconf 85' lang='lat' dir='ltr'><strong>et</strong></span> <span class='ocrx_word' id='word_1_304' title='bbox 1798 2680 1942 2736; x_wconf 81' lang='lat' dir='ltr'><strong>Petri</strong></span> <span class='ocrx_word' id='word_1_305' title='bbox 1972 2681 2123 2736; x_wconf 86' lang='lat' dir='ltr'><strong>Lom-</strong></span> 
     </span>
    </p>
   </div>
   <div class='ocr_carea' id='block_1_42' title="bbox 543 2769 2127 2846">
    <p class='ocr_par' dir='ltr' id='par_1_42' title="bbox 543 2769 2127 2846">
     <span class='ocr_line' id='line_1_42' title="bbox 543 2769 2127 2846; baseline 0.005 -23"><span class='ocrx_word' id='word_1_306' title='bbox 543 2769 675 2825; x_wconf 82' lang='lat' dir='ltr'><strong>berti</strong></span> <span class='ocrx_word' id='word_1_307' title='bbox 698 2772 1006 2827; x_wconf 88' lang='lat' dir='ltr'><strong>conanima.</strong></span> <span class='ocrx_word' id='word_1_308' title='bbox 1039 2772 1147 2830; x_wconf 89' lang='lat' dir='ltr'><strong>Sed</strong></span> <span class='ocrx_word' id='word_1_309' title='bbox 1173 2774 1383 2845; x_wconf 87' lang='lat' dir='ltr'><strong>singula</strong></span> <span class='ocrx_word' id='word_1_310' title='bbox 1409 2775 1558 2830; x_wconf 84' lang='lat' dir='ltr'><strong>brevi</strong></span> <span class='ocrx_word' id='word_1_311' title='bbox 1580 2774 1819 2831; x_wconf 90' lang='lat' dir='ltr'><strong>indicqu</strong></span> <span class='ocrx_word' id='word_1_312' title='bbox 1857 2778 2127 2846; x_wconf 84' lang='lat' dir='ltr'><strong>complec-</strong></span> 
     </span>
    </p>
   </div>
   <div class='ocr_carea' id='block_1_43' title="bbox 546 2872 743 2918">
    <p class='ocr_par' dir='ltr' id='par_1_43' title="bbox 546 2872 743 2918">
     <span class='ocr_line' id='line_1_43' title="bbox 546 2872 743 2918; baseline 0 0"><span class='ocrx_word' id='word_1_313' title='bbox 546 2872 743 2918; x_wconf 82' lang='lat' dir='ltr'><strong>tamur.</strong></span> 
     </span>
    </p>
   </div>
   <div class='ocr_carea' id='block_1_44' title="bbox 614 2954 2130 3028">
    <p class='ocr_par' dir='ltr' id='par_1_44' title="bbox 614 2954 2130 3028">
     <span class='ocr_line' id='line_1_44' title="bbox 614 2954 2130 3028; baseline 0.004 -19"><span class='ocrx_word' id='word_1_314' title='bbox 614 2954 837 3010; x_wconf 69' lang='lat' dir='ltr'><strong>Italicae.</strong></span> <span class='ocrx_word' id='word_1_315' title='bbox 868 2985 940 2998; x_wconf 85' lang='lat'><strong>——-</strong></span> <span class='ocrx_word' id='word_1_316' title='bbox 971 2957 1032 3012; x_wconf 91' lang='lat' dir='ltr'><strong>S.</strong></span> <span class='ocrx_word' id='word_1_317' title='bbox 1063 2958 1101 3011; x_wconf 93' lang='lat' dir='ltr'><strong>l.</strong></span> <span class='ocrx_word' id='word_1_318' title='bbox 1135 2967 1183 3013; x_wconf 83' lang='lat' dir='ltr'><strong>et</strong></span> <span class='ocrx_word' id='word_1_319' title='bbox 1213 2974 1299 3027; x_wconf 87' lang='lat' dir='ltr'><strong>a.,</strong></span> <span class='ocrx_word' id='word_1_320' title='bbox 1335 2959 1514 3028; x_wconf 77' lang='lat' dir='ltr'><strong>in-fol.</strong></span> <span class='ocrx_word' id='word_1_321' title='bbox 1554 2978 1573 3014; x_wconf 81' lang='lat' dir='ltr'><strong>t</strong></span> <span class='ocrx_word' id='word_1_322' title='bbox 1616 2960 1655 3015; x_wconf 91' lang='lat' dir='ltr'><strong>Il</strong></span> <span class='ocrx_word' id='word_1_323' title='bbox 1686 2960 1825 3015; x_wconf 91' lang='lat' dir='ltr'><strong>libro</strong></span> <span class='ocrx_word' id='word_1_324' title='bbox 1853 2961 1907 3016; x_wconf 90' lang='lat' dir='ltr'><strong>di</strong></span> <span class='ocrx_word' id='word_1_325' title='bbox 1934 2963 1992 3017; x_wconf 84' lang='lat' dir='ltr'><strong>S.</strong></span> <span class='ocrx_word' id='word_1_326' title='bbox 2022 2962 2130 3016; x_wconf 79' lang='lat' dir='ltr'><strong>An-</strong></span> 
     </span>
    </p>
   </div>
   <div class='ocr_carea' id='block_1_45' title="bbox 543 3048 2130 3122">
    <p class='ocr_par' dir='ltr' id='par_1_45' title="bbox 543 3048 2130 3122">
     <span class='ocr_line' id='line_1_45' title="bbox 543 3048 2130 3122; baseline 0.007 -23"><span class='ocrx_word' id='word_1_327' title='bbox 543 3048 780 3117; x_wconf 88' lang='lat' dir='ltr'><strong>gustino,</strong></span> <span class='ocrx_word' id='word_1_328' title='bbox 813 3048 881 3103; x_wconf 89' lang='lat' dir='ltr'><strong>de</strong></span> <span class='ocrx_word' id='word_1_329' title='bbox 909 3049 955 3102; x_wconf 89' lang='lat' dir='ltr'><strong>Ia</strong></span> <span class='ocrx_word' id='word_1_330' title='bbox 985 3049 1104 3103; x_wconf 89' lang='lat' dir='ltr'><strong>Cita</strong></span> <span class='ocrx_word' id='word_1_331' title='bbox 1132 3050 1184 3104; x_wconf 92' lang='lat' dir='ltr'><strong>di</strong></span> <span class='ocrx_word' id='word_1_332' title='bbox 1221 3052 1317 3105; x_wconf 91' lang='lat' dir='ltr'><strong>Dio</strong></span> <span class='ocrx_word' id='word_1_333' title='bbox 1339 3093 1352 3115; x_wconf 90' lang='lat'><strong>,</strong></span> <span class='ocrx_word' id='word_1_334' title='bbox 1405 3051 1439 3105; x_wconf 91' lang='lat' dir='ltr'><strong>il</strong></span> <span class='ocrx_word' id='word_1_335' title='bbox 1468 3054 1627 3122; x_wconf 85' lang='lat' dir='ltr'><strong>quale</strong></span> <span class='ocrx_word' id='word_1_336' title='bbox 1646 3052 1677 3107; x_wconf 74' lang='grc' dir='ltr'>ὀ</span> <span class='ocrx_word' id='word_1_337' title='bbox 1702 3053 1876 3108; x_wconf 87' lang='lat' dir='ltr'><strong>diviso</strong></span> <span class='ocrx_word' id='word_1_338' title='bbox 1902 3055 1954 3108; x_wconf 90' lang='lat' dir='ltr'><strong>in</strong></span> <span class='ocrx_word' id='word_1_339' title='bbox 1986 3054 2130 3110; x_wconf 83' lang='lat' dir='ltr'><strong>XXII</strong></span> 
     </span>
    </p>
   </div>
   <div class='ocr_carea' id='block_1_46' title="bbox 546 3138 2127 3218">
    <p class='ocr_par' dir='ltr' id='par_1_46' title="bbox 546 3138 2127 3218">
     <span class='ocr_line' id='line_1_46' title="bbox 546 3138 2127 3218; baseline 0.006 -25"><span class='ocrx_word' id='word_1_340' title='bbox 546 3138 703 3207; x_wconf 88' lang='lat' dir='ltr'><strong>libri,</strong></span> <span class='ocrx_word' id='word_1_341' title='bbox 739 3141 959 3195; x_wconf 88' lang='lat' dir='ltr'><strong>tradotti</strong></span> <span class='ocrx_word' id='word_1_342' title='bbox 1012 3144 1062 3197; x_wconf 91' lang='lat' dir='ltr'><strong>in</strong></span> <span class='ocrx_word' id='word_1_343' title='bbox 1114 3144 1290 3213; x_wconf 88' lang='lat' dir='ltr'><strong>lingua</strong></span> <span class='ocrx_word' id='word_1_344' title='bbox 1337 3144 1572 3215; x_wconf 87' lang='lat' dir='ltr'><strong>volgare.</strong></span> <span class='ocrx_word' id='word_1_345' title='bbox 1617 3163 1636 3198; x_wconf 72' lang='grc' dir='ltr'><strong>ι</strong></span> <span class='ocrx_word' id='word_1_346' title='bbox 1672 3143 1787 3201; x_wconf 84' lang='lat' dir='ltr'><strong>Cat.</strong></span> <span class='ocrx_word' id='word_1_347' title='bbox 1817 3145 1953 3201; x_wconf 84' lang='lat' dir='ltr'><strong>Bibl.</strong></span> <span class='ocrx_word' id='word_1_348' title='bbox 1999 3148 2127 3218; x_wconf 83' lang='lat' dir='ltr'><strong>Reg.</strong></span> 
     </span>
    </p>
   </div>
   <div class='ocr_carea' id='block_1_47' title="bbox 2217 1931 3763 2003">
    <p class='ocr_par' dir='ltr' id='par_1_47' title="bbox 2217 1931 3763 2003">
     <span class='ocr_line' id='line_1_47' title="bbox 2217 1931 3763 2003; baseline 0.003 -18"><span class='ocrx_word' id='word_1_349' title='bbox 2217 1947 2488 2002; x_wconf 81' lang='lat' dir='ltr'><strong>superque</strong></span> <span class='ocrx_word' id='word_1_350' title='bbox 2538 1932 2650 1989; x_wconf 84' lang='lat' dir='ltr'><strong>Vita</strong></span> <span class='ocrx_word' id='word_1_351' title='bbox 2699 1934 2987 2003; x_wconf 75' lang='lat' dir='ltr'><strong>Augustini</strong></span> <span class='ocrx_word' id='word_1_352' title='bbox 3030 1947 3063 1989; x_wconf 89' lang='lat' dir='ltr'><strong>a</strong></span> <span class='ocrx_word' id='word_1_353' title='bbox 3107 1931 3358 1995; x_wconf 73' lang='lat' dir='ltr'><strong>Possidio</strong></span> <span class='ocrx_word' id='word_1_354' title='bbox 3384 1934 3579 2002; x_wconf 76' lang='lat' dir='ltr'><strong>scripta</strong></span> <span class='ocrx_word' id='word_1_355' title='bbox 3605 1932 3763 1989; x_wconf 82' lang='lat' dir='ltr'><strong>Latine</strong></span> 
     </span>
    </p>
   </div>
   <div class='ocr_carea' id='block_1_48' title="bbox 2216 2028 2469 2081">
    <p class='ocr_par' dir='ltr' id='par_1_48' title="bbox 2216 2028 2469 2081">
     <span class='ocr_line' id='line_1_48' title="bbox 2216 2028 2469 2081; baseline -0.004 -2"><span class='ocrx_word' id='word_1_356' title='bbox 2216 2028 2469 2081; x_wconf 85' lang='lat' dir='ltr'><strong>accessit.</strong></span> 
     </span>
    </p>
   </div>
   <div class='ocr_carea' id='block_1_49' title="bbox 2288 2116 3769 2185">
    <p class='ocr_par' dir='ltr' id='par_1_49' title="bbox 2288 2116 3769 2185">
     <span class='ocr_line' id='line_1_49' title="bbox 2288 2116 3769 2185; baseline -0.001 -11"><span class='ocrx_word' id='word_1_357' title='bbox 2288 2116 2523 2177; x_wconf 65' lang='lat' dir='ltr'><strong>Gallica.</strong></span> <span class='ocrx_word' id='word_1_358' title='bbox 2554 2147 2624 2158; x_wconf 91' lang='lat'>—</span> <span class='ocrx_word' id='word_1_359' title='bbox 2654 2116 2816 2177; x_wconf 68' lang='grc'><strong>1486.</strong></span> <span class='ocrx_word' id='word_1_360' title='bbox 2858 2118 3152 2185; x_wconf 77' lang='lat' dir='ltr'><strong>Abbeoille,</strong></span> <span class='ocrx_word' id='word_1_361' title='bbox 3194 2118 3321 2177; x_wconf 68' lang='lat' dir='ltr'><strong>cites</strong></span> <span class='ocrx_word' id='word_1_362' title='bbox 3357 2117 3491 2173; x_wconf 68' lang='lat' dir='ltr'><strong>least</strong></span> <span class='ocrx_word' id='word_1_363' title='bbox 3518 2119 3585 2179; x_wconf 78' lang='lat' dir='ltr'><strong>dtt</strong></span> <span class='ocrx_word' id='word_1_364' title='bbox 3612 2116 3704 2172; x_wconf 62' lang='lat' dir='ltr'><strong>Pri</strong></span> <span class='ocrx_word' id='word_1_365' title='bbox 3731 2126 3769 2173; x_wconf 78' lang='lat' dir='ltr'><strong>et</strong></span> 
     </span>
    </p>
   </div>
   <div class='ocr_carea' id='block_1_50' title="bbox 2219 2207 3771 2281">
    <p class='ocr_par' dir='ltr' id='par_1_50' title="bbox 2219 2207 3771 2281">
     <span class='ocr_line' id='line_1_50' title="bbox 2219 2207 3771 2281; baseline 0.001 -17"><span class='ocrx_word' id='word_1_366' title='bbox 2219 2207 2401 2265; x_wconf 80' lang='lat' dir='ltr'><strong>Pierre</strong></span> <span class='ocrx_word' id='word_1_367' title='bbox 2441 2208 2669 2275; x_wconf 74' lang='lat' dir='ltr'><strong>Gérard;</strong></span> <span class='ocrx_word' id='word_1_368' title='bbox 2696 2210 2903 2281; x_wconf 45' lang='lat' dir='ltr'><strong>inofol”</strong></span> <span class='ocrx_word' id='word_1_369' title='bbox 2935 2208 2995 2271; x_wconf 80' lang='lat' dir='ltr'><strong>II</strong></span> <span class='ocrx_word' id='word_1_370' title='bbox 3028 2211 3130 2271; x_wconf 78' lang='lat' dir='ltr'><strong>vel.</strong></span> <span class='ocrx_word' id='word_1_371' title='bbox 3168 2229 3187 2261; x_wconf 83' lang='grc'><em>‹</em></span> <span class='ocrx_word' id='word_1_372' title='bbox 3224 2210 3323 2273; x_wconf 78' lang='lat' dir='ltr'><strong>Dix</strong></span> <span class='ocrx_word' id='word_1_373' title='bbox 3354 2210 3611 2280; x_wconf 83' lang='lat' dir='ltr'><strong>prcmiers</strong></span> <span class='ocrx_word' id='word_1_374' title='bbox 3635 2210 3771 2271; x_wconf 76' lang='lat' dir='ltr'><strong>livres</strong></span> 
     </span>
    </p>
   </div>
   <div class='ocr_carea' id='block_1_51' title="bbox 2221 2301 3773 2374">
    <p class='ocr_par' dir='ltr' id='par_1_51' title="bbox 2221 2301 3773 2374">
     <span class='ocr_line' id='line_1_51' title="bbox 2221 2301 3773 2374; baseline 0.002 -14"><span class='ocrx_word' id='word_1_375' title='bbox 2221 2304 2292 2360; x_wconf 89' lang='lat' dir='ltr'><strong>de</strong></span> <span class='ocrx_word' id='word_1_376' title='bbox 2323 2304 2699 2374; x_wconf 77' lang='lat' dir='ltr'><strong>Monseigneur</strong></span> <span class='ocrx_word' id='word_1_377' title='bbox 2747 2303 2805 2359; x_wconf 88' lang='lat' dir='ltr'><strong>S.</strong></span> <span class='ocrx_word' id='word_1_378' title='bbox 2851 2304 3115 2373; x_wconf 72' lang='lat' dir='ltr'><strong>Augustin</strong></span> <span class='ocrx_word' id='word_1_379' title='bbox 3169 2304 3238 2361; x_wconf 87' lang='lat' dir='ltr'><strong>de</strong></span> <span class='ocrx_word' id='word_1_380' title='bbox 3279 2303 3334 2358; x_wconf 90' lang='lat' dir='ltr'><strong>la</strong></span> <span class='ocrx_word' id='word_1_381' title='bbox 3389 2302 3506 2359; x_wconf 82' lang='lat' dir='ltr'><strong>Cité</strong></span> <span class='ocrx_word' id='word_1_382' title='bbox 3554 2302 3619 2359; x_wconf 91' lang='lat' dir='ltr'><strong>de</strong></span> <span class='ocrx_word' id='word_1_383' title='bbox 3661 2301 3773 2363; x_wconf 70' lang='lat' dir='ltr'><strong>Dicit</strong></span> 
     </span>
    </p>
   </div>
   <div class='ocr_carea' id='block_1_52' title="bbox 2218 2392 3771 2471">
    <p class='ocr_par' dir='ltr' id='par_1_52' title="bbox 2218 2392 3771 2471">
     <span class='ocr_line' id='line_1_52' title="bbox 2218 2392 3771 2471; baseline -0.003 -19"><span class='ocrx_word' id='word_1_384' title='bbox 2218 2395 2511 2454; x_wconf 76' lang='lat' dir='ltr'><strong>translates</strong></span> <span class='ocrx_word' id='word_1_385' title='bbox 2537 2411 2634 2466; x_wconf 88' lang='lat' dir='ltr'><strong>par</strong></span> <span class='ocrx_word' id='word_1_386' title='bbox 2662 2395 2834 2455; x_wconf 82' lang='lat' dir='ltr'><strong>Raoul</strong></span> <span class='ocrx_word' id='word_1_387' title='bbox 2876 2397 2942 2453; x_wconf 81' lang='lat' dir='ltr'><strong>de</strong></span> <span class='ocrx_word' id='word_1_388' title='bbox 2986 2394 3246 2457; x_wconf 77' lang='lat' dir='ltr'><strong>Preulles.</strong></span> <span class='ocrx_word' id='word_1_389' title='bbox 3286 2413 3311 2449; x_wconf 74' lang='grc' dir='ltr'><strong><em>ι</em></strong></span> <span class='ocrx_word' id='word_1_390' title='bbox 3347 2394 3407 2459; x_wconf 81' lang='lat' dir='ltr'><strong>In</strong></span> <span class='ocrx_word' id='word_1_391' title='bbox 3448 2392 3771 2471; x_wconf 66' lang='lat' dir='ltr'><strong>ﬁnetomil:</strong></span> 
     </span>
    </p>
   </div>
   <div class='ocr_carea' id='block_1_53' title="bbox 2230 2482 3778 2559">
    <p class='ocr_par' dir='ltr' id='par_1_53' title="bbox 2230 2482 3778 2559">
     <span class='ocr_line' id='line_1_53' title="bbox 2230 2482 3778 2559; baseline -0.001 -18"><span class='ocrx_word' id='word_1_392' title='bbox 2230 2507 2249 2541; x_wconf 72' lang='grc' dir='ltr'>ι</span> <span class='ocrx_word' id='word_1_393' title='bbox 2285 2488 2539 2558; x_wconf 83' lang='lat' dir='ltr'><strong>linpritné</strong></span> <span class='ocrx_word' id='word_1_394' title='bbox 2569 2504 2633 2542; x_wconf 89' lang='lat' dir='ltr'><strong>en</strong></span> <span class='ocrx_word' id='word_1_395' title='bbox 2666 2490 2715 2545; x_wconf 87' lang='lat' dir='ltr'><strong>la</strong></span> <span class='ocrx_word' id='word_1_396' title='bbox 2742 2488 2870 2543; x_wconf 90' lang='lat' dir='ltr'><strong>ville</strong></span> <span class='ocrx_word' id='word_1_397' title='bbox 2914 2482 3248 2549; x_wconf 67' lang='lat' dir='ltr'><strong>d&#39;AbbevilIe</strong></span> <span class='ocrx_word' id='word_1_398' title='bbox 3289 2504 3392 2559; x_wconf 82' lang='lat' dir='ltr'><strong>par</strong></span> <span class='ocrx_word' id='word_1_399' title='bbox 3437 2488 3565 2545; x_wconf 79' lang='lat' dir='ltr'><strong>Jeau</strong></span> <span class='ocrx_word' id='word_1_400' title='bbox 3604 2487 3666 2542; x_wconf 90' lang='lat' dir='ltr'><strong>du</strong></span> <span class='ocrx_word' id='word_1_401' title='bbox 3694 2483 3778 2540; x_wconf 76' lang='grc' dir='ltr'><strong>Ρτό</strong></span> 
     </span>
    </p>
   </div>
   <div class='ocr_carea' id='block_1_54' title="bbox 2226 2578 3780 2648">
    <p class='ocr_par' dir='ltr' id='par_1_54' title="bbox 2226 2578 3780 2648">
     <span class='ocr_line' id='line_1_54' title="bbox 2226 2578 3780 2648; baseline -0.003 -11"><span class='ocrx_word' id='word_1_402' title='bbox 2226 2591 2279 2637; x_wconf 89' lang='lat' dir='ltr'><strong>et</strong></span> <span class='ocrx_word' id='word_1_403' title='bbox 2337 2582 2517 2641; x_wconf 86' lang='lat' dir='ltr'><strong>Pierre</strong></span> <span class='ocrx_word' id='word_1_404' title='bbox 2577 2581 2782 2641; x_wconf 79' lang='lat' dir='ltr'><strong>Gérard</strong></span> <span class='ocrx_word' id='word_1_405' title='bbox 2838 2580 3128 2637; x_wconf 86' lang='lat' dir='ltr'><strong>marchaus</strong></span> <span class='ocrx_word' id='word_1_406' title='bbox 3174 2581 3470 2648; x_wconf 80' lang='lat' dir='ltr'><strong>libraires,</strong></span> <span class='ocrx_word' id='word_1_407' title='bbox 3512 2578 3698 2639; x_wconf 72' lang='lat' dir='ltr'><strong>acbevé</strong></span> <span class='ocrx_word' id='word_1_408' title='bbox 3739 2578 3780 2637; x_wconf 85' lang='lat' dir='ltr'><strong>Ie</strong></span> 
     </span>
    </p>
   </div>
   <div class='ocr_carea' id='block_1_55' title="bbox 2228 2672 3782 2742">
    <p class='ocr_par' dir='ltr' id='par_1_55' title="bbox 2228 2672 3782 2742">
     <span class='ocr_line' id='line_1_55' title="bbox 2228 2672 3782 2742; baseline -0.003 -11"><span class='ocrx_word' id='word_1_409' title='bbox 2228 2674 2441 2733; x_wconf 84' lang='lat' dir='ltr'><strong>XXVIII</strong></span> <span class='ocrx_word' id='word_1_410' title='bbox 2471 2674 2541 2733; x_wconf 87' lang='lat' dir='ltr'><strong>de</strong></span> <span class='ocrx_word' id='word_1_411' title='bbox 2588 2673 2891 2733; x_wconf 67' lang='lat' dir='ltr'><strong>Nuvetiibre</strong></span> <span class='ocrx_word' id='word_1_412' title='bbox 2916 2716 2932 2739; x_wconf 94' lang='lat'><strong>,</strong></span> <span class='ocrx_word' id='word_1_413' title='bbox 2975 2673 3081 2729; x_wconf 87' lang='lat' dir='ltr'><strong>l‘an</strong></span> <span class='ocrx_word' id='word_1_414' title='bbox 3119 2672 3213 2731; x_wconf 90' lang='lat' dir='ltr'><strong>mil</strong></span> <span class='ocrx_word' id='word_1_415' title='bbox 3242 2682 3446 2742; x_wconf 77' lang='lat' dir='ltr'><strong>quatre</strong></span> <span class='ocrx_word' id='word_1_416' title='bbox 3473 2687 3595 2729; x_wconf 87' lang='lat' dir='ltr'><strong>cens</strong></span> <span class='ocrx_word' id='word_1_417' title='bbox 3621 2678 3782 2741; x_wconf 66' lang='lat' dir='ltr'><strong>quam</strong></span> 
     </span>
    </p>
   </div>
   <div class='ocr_carea' id='block_1_56' title="bbox 2226 2763 3779 2837">
    <p class='ocr_par' dir='ltr' id='par_1_56' title="bbox 2226 2763 3779 2837">
     <span class='ocr_line' id='line_1_56' title="bbox 2226 2763 3779 2837; baseline -0.005 -15"><span class='ocrx_word' id='word_1_418' title='bbox 2226 2770 2374 2837; x_wconf 88' lang='lat' dir='ltr'><strong>vingt</strong></span> <span class='ocrx_word' id='word_1_419' title='bbox 2399 2777 2451 2821; x_wconf 91' lang='lat' dir='ltr'><strong>et</strong></span> <span class='ocrx_word' id='word_1_420' title='bbox 2474 2768 2573 2820; x_wconf 82' lang='lat' dir='ltr'><strong>six.</strong></span> <span class='ocrx_word' id='word_1_421' title='bbox 2614 2785 2631 2818; x_wconf 74' lang='grc' dir='ltr'><strong><em>ι</em></strong></span> <span class='ocrx_word' id='word_1_422' title='bbox 2660 2766 2831 2820; x_wconf 77' lang='lat' dir='ltr'><strong>Tunc</strong></span> <span class='ocrx_word' id='word_1_423' title='bbox 2853 2767 2895 2821; x_wconf 96' lang='lat' dir='ltr'><strong>ll</strong></span> <span class='ocrx_word' id='word_1_424' title='bbox 2922 2786 2933 2820; x_wconf 87' lang='lat'><strong>:</strong></span> <span class='ocrx_word' id='word_1_425' title='bbox 2968 2785 2985 2817; x_wconf 84' lang='grc'><strong>‹</strong></span> <span class='ocrx_word' id='word_1_426' title='bbox 3020 2764 3121 2818; x_wconf 87' lang='lat' dir='ltr'><strong>Les</strong></span> <span class='ocrx_word' id='word_1_427' title='bbox 3148 2765 3545 2833; x_wconf 85' lang='lat' dir='ltr'><strong>septdernicrs</strong></span> <span class='ocrx_word' id='word_1_428' title='bbox 3568 2763 3730 2818; x_wconf 88' lang='lat' dir='ltr'><strong>livres.</strong></span> <span class='ocrx_word' id='word_1_429' title='bbox 3762 2780 3779 2815; x_wconf 66' lang='grc' dir='ltr'>ι</span> 
     </span>
    </p>
   </div>
   <div class='ocr_carea' id='block_1_57' title="bbox 2228 2852 3785 2931">
    <p class='ocr_par' dir='ltr' id='par_1_57' title="bbox 2228 2852 3785 2931">
     <span class='ocr_line' id='line_1_57' title="bbox 2228 2852 3785 2931; baseline -0.004 -16"><span class='ocrx_word' id='word_1_430' title='bbox 2228 2860 2286 2923; x_wconf 85' lang='lat' dir='ltr'><strong>In</strong></span> <span class='ocrx_word' id='word_1_431' title='bbox 2331 2859 2437 2915; x_wconf 79' lang='lat' dir='ltr'><strong>fine</strong></span> <span class='ocrx_word' id='word_1_432' title='bbox 2468 2878 2479 2912; x_wconf 92' lang='lat'>:</span> <span class='ocrx_word' id='word_1_433' title='bbox 2521 2878 2539 2911; x_wconf 83' lang='lat' dir='ltr'><strong>t</strong></span> <span class='ocrx_word' id='word_1_434' title='bbox 2582 2860 2866 2927; x_wconf 75' lang='lat' dir='ltr'><strong>lmprimcz</strong></span> <span class='ocrx_word' id='word_1_435' title='bbox 2894 2877 2987 2931; x_wconf 83' lang='lat' dir='ltr'><strong>par</strong></span> <span class='ocrx_word' id='word_1_436' title='bbox 3013 2858 3085 2913; x_wconf 81' lang='lat' dir='ltr'><strong>les</strong></span> <span class='ocrx_word' id='word_1_437' title='bbox 3114 2857 3298 2915; x_wconf 68' lang='lat' dir='ltr'><strong>indutu</strong></span> <span class='ocrx_word' id='word_1_438' title='bbox 3332 2857 3363 2913; x_wconf 68' lang='grc' dir='ltr'><strong>ὲ</strong></span> <span class='ocrx_word' id='word_1_439' title='bbox 3389 2857 3681 2915; x_wconf 74' lang='lat' dir='ltr'><strong>Abheville.</strong></span> <span class='ocrx_word' id='word_1_440' title='bbox 3708 2852 3785 2908; x_wconf 78' lang='lat' dir='ltr'><strong>V&#39;ll</strong></span> 
     </span>
    </p>
   </div>
   <div class='ocr_carea' id='block_1_58' title="bbox 2228 2945 3787 3021">
    <p class='ocr_par' dir='ltr' id='par_1_58' title="bbox 2228 2945 3787 3021">
     <span class='ocr_line' id='line_1_58' title="bbox 2228 2945 3787 3021; baseline -0.005 -14"><span class='ocrx_word' id='word_1_441' title='bbox 2228 2952 2468 3018; x_wconf 87' lang='lat' dir='ltr'><strong>d’Avril,</strong></span> <span class='ocrx_word' id='word_1_442' title='bbox 2513 2951 2606 3007; x_wconf 89' lang='lat' dir='ltr'><strong>mil</strong></span> <span class='ocrx_word' id='word_1_443' title='bbox 2646 2960 2839 3021; x_wconf 85' lang='lat' dir='ltr'><strong>quatre</strong></span> <span class='ocrx_word' id='word_1_444' title='bbox 2876 2964 3007 3009; x_wconf 88' lang='lat' dir='ltr'><strong>cens</strong></span> <span class='ocrx_word' id='word_1_445' title='bbox 3033 2959 3222 3019; x_wconf 89' lang='lat' dir='ltr'><strong>quatre</strong></span> <span class='ocrx_word' id='word_1_446' title='bbox 3253 2952 3403 3018; x_wconf 83' lang='lat' dir='ltr'><strong>vingt</strong></span> <span class='ocrx_word' id='word_1_447' title='bbox 3439 2957 3493 3007; x_wconf 88' lang='lat' dir='ltr'><strong>et</strong></span> <span class='ocrx_word' id='word_1_448' title='bbox 3523 2947 3620 3009; x_wconf 68' lang='lat' dir='ltr'><strong>sit,</strong></span> <span class='ocrx_word' id='word_1_449' title='bbox 3652 2945 3787 3014; x_wconf 79' lang='lat' dir='ltr'><strong>apres</strong></span> 
     </span>
    </p>
   </div>
   <div class='ocr_carea' id='block_1_59' title="bbox 2230 3039 3787 3116">
    <p class='ocr_par' dir='ltr' id='par_1_59' title="bbox 2230 3039 3787 3116">
     <span class='ocr_line' id='line_1_59' title="bbox 2230 3039 3787 3116; baseline -0.006 -16"><span class='ocrx_word' id='word_1_450' title='bbox 2230 3044 2487 3116; x_wconf 86' lang='lat' dir='ltr'><strong>Pasques.</strong></span> <span class='ocrx_word' id='word_1_451' title='bbox 2538 3065 2557 3099; x_wconf 75' lang='grc' dir='ltr'><strong><em>ι</em></strong></span> <span class='ocrx_word' id='word_1_452' title='bbox 2591 3076 2659 3087; x_wconf 95' lang='lat'><strong><em>—</em></strong></span> <span class='ocrx_word' id='word_1_453' title='bbox 2688 3047 3127 3105; x_wconf 84' lang='lat' dir='ltr'><strong>Conimemorant</strong></span> <span class='ocrx_word' id='word_1_454' title='bbox 3156 3044 3294 3100; x_wconf 82' lang='lat' dir='ltr'><strong>hanc</strong></span> <span class='ocrx_word' id='word_1_455' title='bbox 3324 3043 3617 3105; x_wconf 82' lang='lat' dir='ltr'><strong>editionem</strong></span> <span class='ocrx_word' id='word_1_456' title='bbox 3647 3039 3787 3094; x_wconf 68' lang='lat' dir='ltr'><strong>Haet-</strong></span> 
     </span>
    </p>
   </div>
   <div class='ocr_carea' id='block_1_60' title="bbox 2233 3131 3790 3211">
    <p class='ocr_par' dir='ltr' id='par_1_60' title="bbox 2233 3131 3790 3211">
     <span class='ocr_line' id='line_1_60' title="bbox 2233 3131 3790 3211; baseline -0.004 -18"><span class='ocrx_word' id='word_1_457' title='bbox 2233 3140 2418 3203; x_wconf 81' lang='lat' dir='ltr'><strong>taritts,</strong></span> <span class='ocrx_word' id='word_1_458' title='bbox 2448 3138 2655 3197; x_wconf 77' lang='lat' dir='ltr'><strong>Deburo</strong></span> <span class='ocrx_word' id='word_1_459' title='bbox 2686 3138 2938 3211; x_wconf 80' lang='lat' dir='ltr'><strong>Biblicgr.</strong></span> <span class='ocrx_word' id='word_1_460' title='bbox 2967 3139 3119 3195; x_wconf 77' lang='lat' dir='ltr'><strong>ium.</strong></span> <span class='ocrx_word' id='word_1_461' title='bbox 3155 3136 3215 3192; x_wconf 87' lang='grc' dir='ltr'><strong>Τ.</strong></span> <span class='ocrx_word' id='word_1_462' title='bbox 3250 3136 3270 3193; x_wconf 93' lang='lat' dir='ltr'><strong>I</strong></span> <span class='ocrx_word' id='word_1_463' title='bbox 3300 3154 3353 3203; x_wconf 88' lang='lat' dir='ltr'><strong>p.</strong></span> <span class='ocrx_word' id='word_1_464' title='bbox 3389 3136 3529 3199; x_wconf 64' lang='grc'><strong>818.</strong></span> <span class='ocrx_word' id='word_1_465' title='bbox 3560 3131 3790 3189; x_wconf 74' lang='lat' dir='ltr'><strong>Deburiut</strong></span> 
     </span>
    </p>
   </div>
   <div class='ocr_carea' id='block_1_61' title="bbox 547 3221 2124 3305">
    <p class='ocr_par' dir='ltr' id='par_1_61' title="bbox 547 3228 2124 3305">
     <span class='ocr_line' id='line_1_61' title="bbox 547 3228 2124 3305; baseline 0.006 -20"><span class='ocrx_word' id='word_1_466' title='bbox 547 3228 611 3285; x_wconf 88' lang='grc' dir='ltr'><strong>Τ.</strong></span> <span class='ocrx_word' id='word_1_467' title='bbox 642 3230 683 3295; x_wconf 91' lang='grc'><strong>1,</strong></span> <span class='ocrx_word' id='word_1_468' title='bbox 713 3247 768 3301; x_wconf 89' lang='lat' dir='ltr'><strong>p.</strong></span> <span class='ocrx_word' id='word_1_469' title='bbox 800 3232 924 3299; x_wconf 73' lang='grc'><strong>581,</strong></span> <span class='ocrx_word' id='word_1_470' title='bbox 965 3250 1019 3287; x_wconf 92' lang='lat' dir='ltr'><strong>n.</strong></span> <span class='ocrx_word' id='word_1_471' title='bbox 1054 3234 1175 3300; x_wconf 83' lang='lat'><strong>786,</strong></span> <span class='ocrx_word' id='word_1_472' title='bbox 1210 3238 1458 3305; x_wconf 85' lang='lat' dir='ltr'><strong>apposito</strong></span> <span class='ocrx_word' id='word_1_473' title='bbox 1486 3237 1741 3293; x_wconf 84' lang='lat' dir='ltr'><strong>lemmate</strong></span> <span class='ocrx_word' id='word_1_474' title='bbox 1782 3251 1921 3293; x_wconf 72' lang='lat' dir='ltr'><strong>vetus</strong></span> <span class='ocrx_word' id='word_1_475' title='bbox 1952 3242 2124 3295; x_wconf 79' lang='lat' dir='ltr'><strong>editio.</strong></span> 
     </span>
    </p>
   </div>
   <div class='ocr_carea' id='block_1_62' title="bbox 2226 3221 3790 3305">
    <p class='ocr_par' dir='ltr' id='par_1_62' title="bbox 2236 3222 3790 3294">
     <span class='ocr_line' id='line_1_62' title="bbox 2236 3222 3790 3294; baseline -0.006 -11"><span class='ocrx_word' id='word_1_476' title='bbox 2236 3246 2341 3285; x_wconf 77' lang='lat' dir='ltr'><strong>seu.</strong></span> <span class='ocrx_word' id='word_1_477' title='bbox 2385 3234 2437 3285; x_wconf 89' lang='lat' dir='ltr'><strong>In</strong></span> <span class='ocrx_word' id='word_1_478' title='bbox 2470 3229 2580 3284; x_wconf 81' lang='lat' dir='ltr'><strong>Cat.</strong></span> <span class='ocrx_word' id='word_1_479' title='bbox 2632 3229 2771 3285; x_wconf 81' lang='lat' dir='ltr'><strong>Bibl.</strong></span> <span class='ocrx_word' id='word_1_480' title='bbox 2805 3228 2963 3285; x_wconf 80' lang='lat' dir='ltr'><strong>Ducis</strong></span> <span class='ocrx_word' id='word_1_481' title='bbox 3005 3230 3068 3284; x_wconf 81' lang='lat' dir='ltr'><strong>de</strong></span> <span class='ocrx_word' id='word_1_482' title='bbox 3096 3230 3148 3285; x_wconf 79' lang='lat' dir='ltr'><strong>la</strong></span> <span class='ocrx_word' id='word_1_483' title='bbox 3181 3228 3396 3289; x_wconf 71' lang='lat' dir='ltr'><strong>Valiére</strong></span> <span class='ocrx_word' id='word_1_484' title='bbox 3436 3228 3499 3289; x_wconf 86' lang='grc' dir='ltr'><strong>Τ.</strong></span> <span class='ocrx_word' id='word_1_485' title='bbox 3536 3226 3577 3291; x_wconf 90' lang='grc'><strong>1,</strong></span> <span class='ocrx_word' id='word_1_486' title='bbox 3608 3243 3655 3294; x_wconf 90' lang='lat' dir='ltr'><strong>p.</strong></span> <span class='ocrx_word' id='word_1_487' title='bbox 3686 3222 3790 3278; x_wconf 82' lang='grc'><strong>167.</strong></span> 
     </span>
    </p>
   </div>
   <div class='ocr_carea' id='block_1_63' title="bbox 551 3322 2129 3399">
    <p class='ocr_par' dir='ltr' id='par_1_63' title="bbox 551 3322 2129 3399">
     <span class='ocr_line' id='line_1_63' title="bbox 551 3322 2129 3399; baseline 0.006 -21"><span class='ocrx_word' id='word_1_488' title='bbox 551 3323 607 3378; x_wconf 89' lang='lat' dir='ltr'><strong>In</strong></span> <span class='ocrx_word' id='word_1_489' title='bbox 638 3322 777 3379; x_wconf 78' lang='lat' dir='ltr'><strong>Bibl.</strong></span> <span class='ocrx_word' id='word_1_490' title='bbox 828 3326 1143 3393; x_wconf 83' lang='lat' dir='ltr'><strong>Smitltiamv,</strong></span> <span class='ocrx_word' id='word_1_491' title='bbox 1170 3344 1224 3399; x_wconf 90' lang='lat' dir='ltr'><strong>p.</strong></span> <span class='ocrx_word' id='word_1_492' title='bbox 1256 3329 1349 3395; x_wconf 70' lang='grc'><strong>28,</strong></span> <span class='ocrx_word' id='word_1_493' title='bbox 1380 3331 1576 3399; x_wconf 89' lang='lat' dir='ltr'><strong>legitur</strong></span> <span class='ocrx_word' id='word_1_494' title='bbox 1607 3348 1619 3383; x_wconf 87' lang='lat'><strong>:</strong></span> <span class='ocrx_word' id='word_1_495' title='bbox 1648 3330 1723 3385; x_wconf 90' lang='lat' dir='ltr'><strong>La</strong></span> <span class='ocrx_word' id='word_1_496' title='bbox 1749 3332 1881 3386; x_wconf 78' lang='lat' dir='ltr'><strong>Cittt‘t</strong></span> <span class='ocrx_word' id='word_1_497' title='bbox 1905 3335 1956 3385; x_wconf 86' lang='lat' dir='ltr'><strong>di</strong></span> <span class='ocrx_word' id='word_1_498' title='bbox 1978 3332 2081 3387; x_wconf 85' lang='lat' dir='ltr'><strong>Dio</strong></span> <span class='ocrx_word' id='word_1_499' title='bbox 2112 3350 2129 3388; x_wconf 91' lang='lat'><strong><em>:</em></strong></span> 
     </span>
    </p>
   </div>
   <div class='ocr_carea' id='block_1_64' title="bbox 550 3419 2132 3491">
    <p class='ocr_par' dir='ltr' id='par_1_64' title="bbox 550 3419 2132 3491">
     <span class='ocr_line' id='line_1_64' title="bbox 550 3419 2132 3491; baseline 0.007 -21"><span class='ocrx_word' id='word_1_500' title='bbox 550 3419 773 3471; x_wconf 79' lang='lat' dir='ltr'><strong>tradeua</strong></span> <span class='ocrx_word' id='word_1_501' title='bbox 819 3419 1022 3491; x_wconf 76' lang='lat' dir='ltr'><strong>(ferae)</strong></span> <span class='ocrx_word' id='word_1_502' title='bbox 1064 3422 1133 3475; x_wconf 86' lang='lat' dir='ltr'><strong>da</strong></span> <span class='ocrx_word' id='word_1_503' title='bbox 1175 3420 1371 3488; x_wconf 75' lang='lat' dir='ltr'><strong>[acopo</strong></span> <span class='ocrx_word' id='word_1_504' title='bbox 1412 3420 1741 3477; x_wconf 75' lang='lat' dir='ltr'><strong>Passavanti.</strong></span> <span class='ocrx_word' id='word_1_505' title='bbox 1790 3423 2045 3479; x_wconf 80' lang='lat' dir='ltr'><strong>Deburius</strong></span> <span class='ocrx_word' id='word_1_506' title='bbox 2079 3427 2132 3481; x_wconf 87' lang='lat' dir='ltr'><strong>in</strong></span> 
     </span>
    </p>
   </div>
   <div class='ocr_carea' id='block_1_65' title="bbox 552 3508 2133 3573">
    <p class='ocr_par' dir='ltr' id='par_1_65' title="bbox 552 3508 2133 3573">
     <span class='ocr_line' id='line_1_65' title="bbox 552 3508 2133 3573; baseline 0.006 -9"><span class='ocrx_word' id='word_1_507' title='bbox 552 3510 665 3565; x_wconf 81' lang='lat' dir='ltr'><strong>Cat.</strong></span> <span class='ocrx_word' id='word_1_508' title='bbox 697 3508 836 3566; x_wconf 85' lang='lat' dir='ltr'><strong>Bibl.</strong></span> <span class='ocrx_word' id='word_1_509' title='bbox 872 3512 1031 3567; x_wconf 79' lang='lat' dir='ltr'><strong>Ducis</strong></span> <span class='ocrx_word' id='word_1_510' title='bbox 1056 3514 1120 3567; x_wconf 71' lang='lat' dir='ltr'><strong>de</strong></span> <span class='ocrx_word' id='word_1_511' title='bbox 1145 3516 1196 3568; x_wconf 83' lang='lat' dir='ltr'><strong>la</strong></span> <span class='ocrx_word' id='word_1_512' title='bbox 1223 3512 1432 3569; x_wconf 61' lang='lat' dir='ltr'><strong>Validre</strong></span> <span class='ocrx_word' id='word_1_513' title='bbox 1458 3516 1602 3570; x_wconf 87' lang='lat' dir='ltr'><strong>circa</strong></span> <span class='ocrx_word' id='word_1_514' title='bbox 1630 3531 1830 3571; x_wconf 86' lang='lat' dir='ltr'><strong>annum</strong></span> <span class='ocrx_word' id='word_1_515' title='bbox 1862 3517 1999 3572; x_wconf 70' lang='lat'><strong>“80</strong></span> <span class='ocrx_word' id='word_1_516' title='bbox 2040 3534 2133 3573; x_wconf 75' lang='lat' dir='ltr'><strong>ex-</strong></span> 
     </span>
    </p>
   </div>
   <div class='ocr_carea' id='block_1_66' title="bbox 552 3605 2136 3678">
    <p class='ocr_par' dir='ltr' id='par_1_66' title="bbox 552 3605 2136 3678">
     <span class='ocr_line' id='line_1_66' title="bbox 552 3605 2136 3678; baseline 0.004 -21"><span class='ocrx_word' id='word_1_517' title='bbox 552 3615 737 3658; x_wconf 82' lang='lat' dir='ltr'><strong>ensam</strong></span> <span class='ocrx_word' id='word_1_518' title='bbox 768 3605 1046 3659; x_wconf 80' lang='lat' dir='ltr'><strong>existimat</strong></span> <span class='ocrx_word' id='word_1_519' title='bbox 1083 3607 1409 3678; x_wconf 90' lang='lat' dir='ltr'><strong>scripsitque</strong></span> <span class='ocrx_word' id='word_1_520' title='bbox 1455 3608 1826 3665; x_wconf 85' lang='lat' dir='ltr'><strong>characterem</strong></span> <span class='ocrx_word' id='word_1_521' title='bbox 1872 3626 1994 3666; x_wconf 87' lang='lat' dir='ltr'><strong>esse</strong></span> <span class='ocrx_word' id='word_1_522' title='bbox 2043 3628 2136 3666; x_wconf 87' lang='lat' dir='ltr'><strong>r0-</strong></span> 
     </span>
    </p>
   </div>
   <div class='ocr_carea' id='block_1_67' title="bbox 553 3700 2132 3772">
    <p class='ocr_par' dir='ltr' id='par_1_67' title="bbox 553 3700 2132 3772">
     <span class='ocr_line' id='line_1_67' title="bbox 553 3700 2132 3772; baseline 0.006 -21"><span class='ocrx_word' id='word_1_523' title='bbox 553 3710 770 3752; x_wconf 82' lang='lat' dir='ltr'><strong>manum</strong></span> <span class='ocrx_word' id='word_1_524' title='bbox 803 3700 1103 3764; x_wconf 88' lang='lat' dir='ltr'><strong>minorem,</strong></span> <span class='ocrx_word' id='word_1_525' title='bbox 1147 3700 1301 3755; x_wconf 87' lang='lat' dir='ltr'><strong>binas</strong></span> <span class='ocrx_word' id='word_1_526' title='bbox 1325 3701 1635 3769; x_wconf 83' lang='lat' dir='ltr'><strong>columnas,</strong></span> <span class='ocrx_word' id='word_1_527' title='bbox 1665 3703 1970 3772; x_wconf 85' lang='lat' dir='ltr'><strong>signaturas</strong></span> <span class='ocrx_word' id='word_1_528' title='bbox 2011 3706 2132 3760; x_wconf 64' lang='grc' dir='ltr'><strong>δι·ιί</strong></span> 
     </span>
    </p>
   </div>
   <div class='ocr_carea' id='block_1_68' title="bbox 554 3792 2136 3867">
    <p class='ocr_par' dir='ltr' id='par_1_68' title="bbox 554 3792 2136 3867">
     <span class='ocr_line' id='line_1_68' title="bbox 554 3792 2136 3867; baseline 0.005 -21"><span class='ocrx_word' id='word_1_529' title='bbox 554 3792 777 3847; x_wconf 80' lang='lat' dir='ltr'><strong>secundi</strong></span> <span class='ocrx_word' id='word_1_530' title='bbox 807 3794 1105 3863; x_wconf 85' lang='lat' dir='ltr'><strong>alphabeti,</strong></span> <span class='ocrx_word' id='word_1_531' title='bbox 1138 3796 1482 3867; x_wconf 88' lang='lat' dir='ltr'><strong>tabulamque</strong></span> <span class='ocrx_word' id='word_1_532' title='bbox 1512 3799 1859 3853; x_wconf 87' lang='lat' dir='ltr'><strong>materiarum</strong></span> <span class='ocrx_word' id='word_1_533' title='bbox 1887 3801 1953 3852; x_wconf 83' lang='lat' dir='ltr'><strong>nl)</strong></span> <span class='ocrx_word' id='word_1_534' title='bbox 1976 3800 2136 3854; x_wconf 85' lang='lat' dir='ltr'><strong>initio</strong></span> 
     </span>
    </p>
   </div>
   <div class='ocr_carea' id='block_1_69' title="bbox 553 3888 2135 3964">
    <p class='ocr_par' dir='ltr' id='par_1_69' title="bbox 553 3888 2135 3964">
     <span class='ocr_line' id='line_1_69' title="bbox 553 3888 2135 3964; baseline 0.004 -21"><span class='ocrx_word' id='word_1_535' title='bbox 553 3903 608 3943; x_wconf 78' lang='grc' dir='ltr'><strong>ιι</strong></span> <span class='ocrx_word' id='word_1_536' title='bbox 655 3888 803 3945; x_wconf 83' lang='lat' dir='ltr'><strong>foliis</strong></span> <span class='ocrx_word' id='word_1_537' title='bbox 859 3891 1157 3961; x_wconf 75' lang='lat' dir='ltr'><strong>prtelixam.</strong></span> <span class='ocrx_word' id='word_1_538' title='bbox 1206 3893 1334 3947; x_wconf 84' lang='lat' dir='ltr'><strong>Erat</strong></span> <span class='ocrx_word' id='word_1_539' title='bbox 1382 3893 1571 3949; x_wconf 88' lang='lat' dir='ltr'><strong>eadem</strong></span> <span class='ocrx_word' id='word_1_540' title='bbox 1615 3910 1779 3964; x_wconf 86' lang='lat' dir='ltr'><strong>penes</strong></span> <span class='ocrx_word' id='word_1_541' title='bbox 1821 3894 2135 3949; x_wconf 79' lang='lat' dir='ltr'><strong>Crevennam</strong></span> 
     </span>
    </p>
   </div>
   <div class='ocr_carea' id='block_1_70' title="bbox 553 3979 2136 4053">
    <p class='ocr_par' dir='ltr' id='par_1_70' title="bbox 553 3979 2136 4053">
     <span class='ocr_line' id='line_1_70' title="bbox 553 3979 2136 4053; baseline 0.004 -19"><span class='ocrx_word' id='word_1_542' title='bbox 553 3979 706 4047; x_wconf 91' lang='lat' dir='ltr'><strong>olim,</strong></span> <span class='ocrx_word' id='word_1_543' title='bbox 740 3989 879 4037; x_wconf 80' lang='lat' dir='ltr'><strong>teste</strong></span> <span class='ocrx_word' id='word_1_544' title='bbox 908 3980 1023 4037; x_wconf 84' lang='lat' dir='ltr'><strong>Cat.</strong></span> <span class='ocrx_word' id='word_1_545' title='bbox 1057 3981 1195 4037; x_wconf 83' lang='lat' dir='ltr'><strong>Bibl.</strong></span> <span class='ocrx_word' id='word_1_546' title='bbox 1222 3984 1340 4053; x_wconf 86' lang='lat' dir='ltr'><strong>ejus</strong></span> <span class='ocrx_word' id='word_1_547' title='bbox 1388 3985 1707 4040; x_wconf 83' lang='lat' dir='ltr'><strong>novissimo.</strong></span> <span class='ocrx_word' id='word_1_548' title='bbox 1735 3984 1818 4040; x_wconf 79' lang='lat' dir='ltr'><strong>Cl.</strong></span> <span class='ocrx_word' id='word_1_549' title='bbox 1846 3985 2136 4041; x_wconf 77' lang='lat' dir='ltr'><strong>Bibliolcca</strong></span> 
     </span>
    </p>
   </div>
   <div class='ocr_carea' id='block_1_71' title="bbox 555 4074 2137 4149">
    <p class='ocr_par' dir='ltr' id='par_1_71' title="bbox 555 4074 2137 4149">
     <span class='ocr_line' id='line_1_71' title="bbox 555 4074 2137 4149; baseline 0.005 -23"><span class='ocrx_word' id='word_1_550' title='bbox 555 4075 692 4145; x_wconf 83' lang='lat' dir='ltr'><strong>degli</strong></span> <span class='ocrx_word' id='word_1_551' title='bbox 718 4074 901 4129; x_wconf 82' lang='lat' dir='ltr'><strong>Autori</strong></span> <span class='ocrx_word' id='word_1_552' title='bbox 932 4075 1215 4149; x_wconf 63' lang='lat' dir='ltr'><strong>volgaria.</strong></span> <span class='ocrx_word' id='word_1_553' title='bbox 1259 4079 1310 4133; x_wconf 89' lang='lat' dir='ltr'><strong>in</strong></span> <span class='ocrx_word' id='word_1_554' title='bbox 1339 4078 1591 4132; x_wconf 86' lang='lat' dir='ltr'><strong>Raccolta</strong></span> <span class='ocrx_word' id='word_1_555' title='bbox 1618 4078 1867 4146; x_wconf 80' lang='lat' dir='ltr'><strong>d’Opuac.</strong></span> <span class='ocrx_word' id='word_1_556' title='bbox 1897 4082 2075 4134; x_wconf 77' lang='lat' dir='ltr'><strong>scient.</strong></span> <span class='ocrx_word' id='word_1_557' title='bbox 2110 4098 2137 4135; x_wconf 89' lang='lat' dir='ltr'><strong>e</strong></span> 
     </span>
    </p>
   </div>
   <div class='ocr_carea' id='block_1_72' title="bbox 556 4164 1352 4239">
    <p class='ocr_par' dir='ltr' id='par_1_72' title="bbox 556 4164 1352 4239">
     <span class='ocr_line' id='line_1_72' title="bbox 556 4164 1352 4239; baseline 0.006 -22"><span class='ocrx_word' id='word_1_558' title='bbox 556 4164 690 4232; x_wconf 68' lang='grc' dir='ltr'><strong>βίοι.</strong></span> <span class='ocrx_word' id='word_1_559' title='bbox 724 4164 786 4220; x_wconf 86' lang='grc' dir='ltr'><strong>Τ.</strong></span> <span class='ocrx_word' id='word_1_560' title='bbox 812 4165 1006 4221; x_wconf 70' lang='lat' dir='ltr'><strong>XXXII</strong></span> <span class='ocrx_word' id='word_1_561' title='bbox 1028 4210 1040 4232; x_wconf 89' lang='lat'><strong>,</strong></span> <span class='ocrx_word' id='word_1_562' title='bbox 1077 4185 1191 4239; x_wconf 82' lang='lat' dir='ltr'><strong>pag.</strong></span> <span class='ocrx_word' id='word_1_563' title='bbox 1226 4169 1352 4225; x_wconf 67' lang='grc'><strong>542.</strong></span> 
     </span>
    </p>
   </div>
   <div class='ocr_carea' id='block_1_73' title="bbox 628 4255 2135 4332">
    <p class='ocr_par' dir='ltr' id='par_1_73' title="bbox 628 4255 2135 4332">
     <span class='ocr_line' id='line_1_73' title="bbox 628 4255 2135 4332; baseline 0.006 -22"><span class='ocrx_word' id='word_1_564' title='bbox 628 4255 707 4312; x_wconf 89' lang='lat' dir='ltr'><strong>De</strong></span> <span class='ocrx_word' id='word_1_565' title='bbox 726 4267 949 4314; x_wconf 87' lang='lat' dir='ltr'><strong>auctore</strong></span> <span class='ocrx_word' id='word_1_566' title='bbox 974 4260 1133 4328; x_wconf 82' lang='lat' dir='ltr'><strong>hujus</strong></span> <span class='ocrx_word' id='word_1_567' title='bbox 1157 4261 1426 4316; x_wconf 86' lang='lat' dir='ltr'><strong>versionis</strong></span> <span class='ocrx_word' id='word_1_568' title='bbox 1459 4264 1597 4318; x_wconf 86' lang='lat' dir='ltr'><strong>inter</strong></span> <span class='ocrx_word' id='word_1_569' title='bbox 1630 4264 1774 4332; x_wconf 88' lang='lat' dir='ltr'><strong>ipsos</strong></span> <span class='ocrx_word' id='word_1_570' title='bbox 1802 4262 1966 4318; x_wconf 89' lang='lat' dir='ltr'><strong>Italos</strong></span> <span class='ocrx_word' id='word_1_571' title='bbox 1997 4264 2135 4319; x_wconf 87' lang='lat' dir='ltr'><strong>haud</strong></span> 
     </span>
    </p>
   </div>
   <div class='ocr_carea' id='block_1_74' title="bbox 469 4336 2137 4425">
    <p class='ocr_par' dir='ltr' id='par_1_74' title="bbox 469 4336 2137 4425">
     <span class='ocr_line' id='line_1_74' title="bbox 469 4336 2137 4425; baseline 0.005 -24"><span class='ocrx_word' id='word_1_572' title='bbox 469 4336 475 4340; x_wconf 62' lang='grc'><em>’</em></span> <span class='ocrx_word' id='word_1_573' title='bbox 558 4350 843 4415; x_wconf 81' lang='lat' dir='ltr'><strong>convenit,</strong></span> <span class='ocrx_word' id='word_1_574' title='bbox 871 4350 1000 4405; x_wconf 89' lang='lat' dir='ltr'><strong>dum</strong></span> <span class='ocrx_word' id='word_1_575' title='bbox 1030 4352 1141 4413; x_wconf 87' lang='lat' dir='ltr'><strong>alii.</strong></span> <span class='ocrx_word' id='word_1_576' title='bbox 1171 4352 1221 4405; x_wconf 91' lang='lat' dir='ltr'><strong>in</strong></span> <span class='ocrx_word' id='word_1_577' title='bbox 1264 4352 1458 4422; x_wconf 88' lang='lat' dir='ltr'><strong>quibus</strong></span> <span class='ocrx_word' id='word_1_578' title='bbox 1491 4352 1821 4407; x_wconf 82' lang='lat' dir='ltr'><strong>Fontnninus</strong></span> <span class='ocrx_word' id='word_1_579' title='bbox 1849 4354 1940 4425; x_wconf 90' lang='lat' dir='ltr'><strong>(in</strong></span> <span class='ocrx_word' id='word_1_580' title='bbox 1973 4368 2137 4423; x_wconf 87' lang='lat' dir='ltr'><strong>opere</strong></span> 
     </span>
    </p>
   </div>
   <div class='ocr_carea' id='block_1_75' title="bbox 559 4441 2134 4515">
    <p class='ocr_par' dir='ltr' id='par_1_75' title="bbox 559 4441 2134 4515">
     <span class='ocr_line' id='line_1_75' title="bbox 559 4441 2134 4515; baseline 0.004 -20"><span class='ocrx_word' id='word_1_581' title='bbox 559 4454 658 4495; x_wconf 85' lang='lat' dir='ltr'><strong>suo</strong></span> <span class='ocrx_word' id='word_1_582' title='bbox 686 4442 750 4496; x_wconf 86' lang='lat' dir='ltr'><strong>de</strong></span> <span class='ocrx_word' id='word_1_583' title='bbox 779 4441 1084 4512; x_wconf 84' lang='lat' dir='ltr'><strong>Eloquentia</strong></span> <span class='ocrx_word' id='word_1_584' title='bbox 1112 4443 1349 4515; x_wconf 81' lang='lat' dir='ltr'><strong>Italica),</strong></span> <span class='ocrx_word' id='word_1_585' title='bbox 1367 4446 1589 4500; x_wconf 86' lang='lat' dir='ltr'><strong>Nicolao</strong></span> <span class='ocrx_word' id='word_1_586' title='bbox 1619 4446 1996 4501; x_wconf 76' lang='lat' dir='ltr'><strong>Piccolomineo</strong></span> <span class='ocrx_word' id='word_1_587' title='bbox 2019 4464 2134 4502; x_wconf 85' lang='lat' dir='ltr'><strong>eam</strong></span> 
     </span>
    </p>
   </div>
   <div class='ocr_carea' id='block_1_76' title="bbox 558 4540 2134 4609">
    <p class='ocr_par' dir='ltr' id='par_1_76' title="bbox 558 4540 2134 4609">
     <span class='ocr_line' id='line_1_76' title="bbox 558 4540 2134 4609; baseline 0.006 -22"><span class='ocrx_word' id='word_1_588' title='bbox 558 4545 925 4601; x_wconf 82' lang='lat' dir='ltr'><strong>asseruerunt,</strong></span> <span class='ocrx_word' id='word_1_589' title='bbox 959 4552 1093 4606; x_wconf 88' lang='lat' dir='ltr'><strong>quos</strong></span> <span class='ocrx_word' id='word_1_590' title='bbox 1117 4547 1297 4593; x_wconf 84' lang='lat' dir='ltr'><strong>tamen</strong></span> <span class='ocrx_word' id='word_1_591' title='bbox 1325 4540 1523 4594; x_wconf 88' lang='lat' dir='ltr'><strong>refellit</strong></span> <span class='ocrx_word' id='word_1_592' title='bbox 1561 4541 1850 4609; x_wconf 84' lang='lat' dir='ltr'><strong>Apostolus</strong></span> <span class='ocrx_word' id='word_1_593' title='bbox 1871 4541 2049 4596; x_wconf 87' lang='lat' dir='ltr'><strong>chus</strong></span> <span class='ocrx_word' id='word_1_594' title='bbox 2082 4542 2134 4596; x_wconf 89' lang='lat' dir='ltr'><strong>in</strong></span> 
     </span>
    </p>
   </div>
   <div class='ocr_carea' id='block_1_77' title="bbox 558 4625 2136 4699">
    <p class='ocr_par' dir='ltr' id='par_1_77' title="bbox 558 4625 2136 4699">
     <span class='ocr_line' id='line_1_77' title="bbox 558 4625 2136 4699; baseline 0.006 -20"><span class='ocrx_word' id='word_1_595' title='bbox 558 4625 1017 4683; x_wconf 83' lang='lat' dir='ltr'><strong>Annotationibus</strong></span> <span class='ocrx_word' id='word_1_596' title='bbox 1065 4628 1130 4683; x_wconf 89' lang='lat' dir='ltr'><strong>ad</strong></span> <span class='ocrx_word' id='word_1_597' title='bbox 1185 4629 1476 4685; x_wconf 86' lang='lat' dir='ltr'><strong>Fontanini</strong></span> <span class='ocrx_word' id='word_1_598' title='bbox 1514 4631 1747 4691; x_wconf 87' lang='lat' dir='ltr'><strong>librum;</strong></span> <span class='ocrx_word' id='word_1_599' title='bbox 1800 4632 1919 4699; x_wconf 88' lang='lat' dir='ltr'><strong>alii,</strong></span> <span class='ocrx_word' id='word_1_600' title='bbox 1971 4630 2136 4688; x_wconf 82' lang='lat' dir='ltr'><strong>veluti</strong></span> 
     </span>
    </p>
   </div>
   <div class='ocr_carea' id='block_1_78' title="bbox 558 4717 2140 4789">
    <p class='ocr_par' dir='ltr' id='par_1_78' title="bbox 558 4717 2140 4789">
     <span class='ocr_line' id='line_1_78' title="bbox 558 4717 2140 4789; baseline 0.004 -16"><span class='ocrx_word' id='word_1_601' title='bbox 558 4717 790 4776; x_wconf 75' lang='lat' dir='ltr'><strong>Jacolius</strong></span> <span class='ocrx_word' id='word_1_602' title='bbox 816 4718 1192 4789; x_wconf 76' lang='lat' dir='ltr'><strong>Corbinellus,</strong></span> <span class='ocrx_word' id='word_1_603' title='bbox 1223 4719 1477 4776; x_wconf 72' lang='lat' dir='ltr'><strong>Iacobum</strong></span> <span class='ocrx_word' id='word_1_604' title='bbox 1522 4721 1924 4777; x_wconf 82' lang='lat' dir='ltr'><strong>Passavantium</strong></span> <span class='ocrx_word' id='word_1_605' title='bbox 1949 4735 2140 4779; x_wconf 85' lang='lat' dir='ltr'><strong>aucto-</strong></span> 
     </span>
    </p>
   </div>
   <div class='ocr_carea' id='block_1_79' title="bbox 557 4811 2135 4881">
    <p class='ocr_par' dir='ltr' id='par_1_79' title="bbox 557 4811 2135 4881">
     <span class='ocr_line' id='line_1_79' title="bbox 557 4811 2135 4881; baseline 0.004 -17"><span class='ocrx_word' id='word_1_606' title='bbox 557 4823 673 4865; x_wconf 88' lang='lat' dir='ltr'><strong>rem</strong></span> <span class='ocrx_word' id='word_1_607' title='bbox 703 4820 1042 4877; x_wconf 84' lang='lat' dir='ltr'><strong>statuerunt;</strong></span> <span class='ocrx_word' id='word_1_608' title='bbox 1075 4811 1317 4881; x_wconf 88' lang='lat' dir='ltr'><strong>utrisque</strong></span> <span class='ocrx_word' id='word_1_609' title='bbox 1346 4813 1660 4868; x_wconf 88' lang='lat' dir='ltr'><strong>adversatus</strong></span> <span class='ocrx_word' id='word_1_610' title='bbox 1682 4822 1761 4868; x_wconf 91' lang='lat' dir='ltr'><strong>est</strong></span> <span class='ocrx_word' id='word_1_611' title='bbox 1789 4814 1979 4869; x_wconf 83' lang='lat' dir='ltr'><strong>Petrus</strong></span> <span class='ocrx_word' id='word_1_612' title='bbox 2008 4816 2135 4870; x_wconf 81' lang='lat' dir='ltr'><strong>Bas-</strong></span> 
     </span>
    </p>
   </div>
   <div class='ocr_carea' id='block_1_80' title="bbox 556 4901 2135 4975">
    <p class='ocr_par' dir='ltr' id='par_1_80' title="bbox 556 4901 2135 4975">
     <span class='ocr_line' id='line_1_80' title="bbox 556 4901 2135 4975; baseline 0.004 -20"><span class='ocrx_word' id='word_1_613' title='bbox 556 4901 721 4971; x_wconf 82' lang='lat' dir='ltr'><strong>saglia</strong></span> <span class='ocrx_word' id='word_1_614' title='bbox 755 4905 806 4955; x_wconf 91' lang='lat' dir='ltr'><strong>in</strong></span> <span class='ocrx_word' id='word_1_615' title='bbox 839 4902 1077 4957; x_wconf 89' lang='lat' dir='ltr'><strong>editione</strong></span> <span class='ocrx_word' id='word_1_616' title='bbox 1106 4901 1314 4958; x_wconf 84' lang='lat' dir='ltr'><strong>Veneta</strong></span> <span class='ocrx_word' id='word_1_617' title='bbox 1341 4918 1392 4957; x_wconf 89' lang='lat' dir='ltr'><strong>a.</strong></span> <span class='ocrx_word' id='word_1_618' title='bbox 1420 4904 1577 4969; x_wconf 72' lang='grc'><strong>1742,</strong></span> <span class='ocrx_word' id='word_1_619' title='bbox 1605 4920 1632 4958; x_wconf 87' lang='lat' dir='ltr'><strong>a</strong></span> <span class='ocrx_word' id='word_1_620' title='bbox 1657 4904 1971 4961; x_wconf 88' lang='lat' dir='ltr'><strong>Florentino</strong></span> <span class='ocrx_word' id='word_1_621' title='bbox 1999 4922 2135 4975; x_wconf 83' lang='lat' dir='ltr'><strong>quo-</strong></span> 
     </span>
    </p>
   </div>
   <div class='ocr_carea' id='block_1_81' title="bbox 555 4990 2131 5063">
    <p class='ocr_par' dir='ltr' id='par_1_81' title="bbox 555 4990 2131 5063">
     <span class='ocr_line' id='line_1_81' title="bbox 555 4990 2131 5063; baseline 0.008 -19"><span class='ocrx_word' id='word_1_622' title='bbox 555 4990 678 5045; x_wconf 88' lang='lat' dir='ltr'><strong>dam</strong></span> <span class='ocrx_word' id='word_1_623' title='bbox 721 5007 991 5063; x_wconf 88' lang='lat' dir='ltr'><strong>anonymo</strong></span> <span class='ocrx_word' id='word_1_624' title='bbox 1036 5007 1156 5047; x_wconf 89' lang='lat' dir='ltr'><strong>eam</strong></span> <span class='ocrx_word' id='word_1_625' title='bbox 1205 4994 1502 5063; x_wconf 87' lang='lat' dir='ltr'><strong>profectam</strong></span> <span class='ocrx_word' id='word_1_626' title='bbox 1533 5004 1590 5050; x_wconf 90' lang='lat' dir='ltr'><strong>et</strong></span> <span class='ocrx_word' id='word_1_627' title='bbox 1618 4995 1859 5052; x_wconf 87' lang='lat' dir='ltr'><strong>Venetiis</strong></span> <span class='ocrx_word' id='word_1_628' title='bbox 1892 4998 2032 5053; x_wconf 88' lang='lat' dir='ltr'><strong>circa</strong></span> <span class='ocrx_word' id='word_1_629' title='bbox 2080 5015 2131 5057; x_wconf 73' lang='grc' dir='ltr'><strong>ε.</strong></span> 
     </span>
    </p>
   </div>
   <div class='ocr_carea' id='block_1_82' title="bbox 557 5082 1448 5143">
    <p class='ocr_par' dir='ltr' id='par_1_82' title="bbox 557 5082 1448 5143">
     <span class='ocr_line' id='line_1_82' title="bbox 557 5082 1448 5143; baseline 0.003 -5"><span class='ocrx_word' id='word_1_630' title='bbox 557 5082 696 5139; x_wconf 81' lang='grc'><strong>1480</strong></span> <span class='ocrx_word' id='word_1_631' title='bbox 725 5085 1056 5140; x_wconf 81' lang='lat' dir='ltr'><strong>elaboratam</strong></span> <span class='ocrx_word' id='word_1_632' title='bbox 1089 5100 1210 5142; x_wconf 87' lang='lat' dir='ltr'><strong>esse</strong></span> <span class='ocrx_word' id='word_1_633' title='bbox 1242 5086 1448 5143; x_wconf 89' lang='lat' dir='ltr'><strong>dicens.</strong></span> 
     </span>
    </p>
   </div>
   <div class='ocr_carea' id='block_1_83' title="bbox 627 5177 2134 5255">
    <p class='ocr_par' dir='ltr' id='par_1_83' title="bbox 627 5177 2134 5255">
     <span class='ocr_line' id='line_1_83' title="bbox 627 5177 2134 5255; baseline 0.006 -25"><span class='ocrx_word' id='word_1_634' title='bbox 627 5178 783 5233; x_wconf 69' lang='grc'><strong>1731.</strong></span> <span class='ocrx_word' id='word_1_635' title='bbox 818 5177 1014 5245; x_wconf 83' lang='lat' dir='ltr'><strong>Roma,</strong></span> <span class='ocrx_word' id='word_1_636' title='bbox 1058 5196 1149 5251; x_wconf 87' lang='lat' dir='ltr'><strong>per</strong></span> <span class='ocrx_word' id='word_1_637' title='bbox 1177 5181 1400 5235; x_wconf 79' lang='lat' dir='ltr'><strong>Antonio</strong></span> <span class='ocrx_word' id='word_1_638' title='bbox 1445 5182 1508 5237; x_wconf 86' lang='lat' dir='ltr'><strong>de</strong></span> <span class='ocrx_word' id='word_1_639' title='bbox 1560 5180 1744 5249; x_wconf 84' lang='lat' dir='ltr'><strong>Rossi,</strong></span> <span class='ocrx_word' id='word_1_640' title='bbox 1775 5183 1961 5255; x_wconf 79' lang='lat' dir='ltr'><strong>in—fol.</strong></span> <span class='ocrx_word' id='word_1_641' title='bbox 2002 5202 2021 5235; x_wconf 70' lang='grc' dir='ltr'>ε</span> <span class='ocrx_word' id='word_1_642' title='bbox 2060 5185 2134 5239; x_wconf 84' lang='lat' dir='ltr'><strong>La</strong></span> 
     </span>
    </p>
   </div>
   <div class='ocr_carea' id='block_1_84' title="bbox 553 5271 2135 5346">
    <p class='ocr_par' dir='ltr' id='par_1_84' title="bbox 553 5271 2135 5346">
     <span class='ocr_line' id='line_1_84' title="bbox 553 5271 2135 5346; baseline 0.005 -22"><span class='ocrx_word' id='word_1_643' title='bbox 553 5271 691 5325; x_wconf 77' lang='lat' dir='ltr'><strong>Cilla</strong></span> <span class='ocrx_word' id='word_1_644' title='bbox 721 5272 771 5325; x_wconf 93' lang='lat' dir='ltr'><strong>di</strong></span> <span class='ocrx_word' id='word_1_645' title='bbox 806 5272 902 5325; x_wconf 92' lang='lat' dir='ltr'><strong>Dio</strong></span> <span class='ocrx_word' id='word_1_646' title='bbox 928 5315 942 5339; x_wconf 96' lang='lat'><strong>,</strong></span> <span class='ocrx_word' id='word_1_647' title='bbox 989 5287 1153 5342; x_wconf 88' lang='lat' dir='ltr'><strong>opera</strong></span> <span class='ocrx_word' id='word_1_648' title='bbox 1184 5274 1271 5329; x_wconf 90' lang='lat' dir='ltr'><strong>del</strong></span> <span class='ocrx_word' id='word_1_649' title='bbox 1300 5289 1434 5345; x_wconf 88' lang='lat' dir='ltr'><strong>gran</strong></span> <span class='ocrx_word' id='word_1_650' title='bbox 1463 5274 1635 5330; x_wconf 87' lang='lat' dir='ltr'><strong>Padre</strong></span> <span class='ocrx_word' id='word_1_651' title='bbox 1665 5275 1721 5331; x_wconf 91' lang='lat' dir='ltr'><strong>S.</strong></span> <span class='ocrx_word' id='word_1_652' title='bbox 1754 5275 2015 5346; x_wconf 87' lang='lat' dir='ltr'><strong>Agostino</strong></span> <span class='ocrx_word' id='word_1_653' title='bbox 2042 5292 2135 5331; x_wconf 46' lang='lat' dir='ltr'><strong>ve‘</strong></span> 
     </span>
    </p>
   </div>
   <div class='ocr_carea' id='block_1_85' title="bbox 553 5364 2132 5434">
    <p class='ocr_par' dir='ltr' id='par_1_85' title="bbox 553 5364 2132 5434">
     <span class='ocr_line' id='line_1_85' title="bbox 553 5364 2132 5434; baseline 0.004 -17"><span class='ocrx_word' id='word_1_654' title='bbox 553 5377 715 5418; x_wconf 84' lang='lat' dir='ltr'><strong>scnvo</strong></span> <span class='ocrx_word' id='word_1_655' title='bbox 742 5364 997 5434; x_wconf 88' lang='lat' dir='ltr'><strong>d&#39;lppoua</strong></span> <span class='ocrx_word' id='word_1_656' title='bbox 1050 5366 1288 5421; x_wconf 86' lang='lat' dir='ltr'><strong>tradotta</strong></span> <span class='ocrx_word' id='word_1_657' title='bbox 1337 5367 1462 5423; x_wconf 82' lang='lat' dir='ltr'><strong>nell‘</strong></span> <span class='ocrx_word' id='word_1_658' title='bbox 1520 5366 1717 5422; x_wconf 89' lang='lat' dir='ltr'><strong>idioma</strong></span> <span class='ocrx_word' id='word_1_659' title='bbox 1766 5368 1995 5422; x_wconf 88' lang='lat' dir='ltr'><strong>Italiano</strong></span> <span class='ocrx_word' id='word_1_660' title='bbox 2042 5369 2132 5423; x_wconf 88' lang='lat' dir='ltr'><strong>dal</strong></span> 
     </span>
    </p>
   </div>
   <div class='ocr_carea' id='block_1_86' title="bbox 552 5454 2133 5529">
    <p class='ocr_par' dir='ltr' id='par_1_86' title="bbox 552 5454 2133 5529">
     <span class='ocr_line' id='line_1_86' title="bbox 552 5454 2133 5529; baseline 0.005 -21"><span class='ocrx_word' id='word_1_661' title='bbox 552 5454 619 5509; x_wconf 88' lang='lat' dir='ltr'><strong>P.</strong></span> <span class='ocrx_word' id='word_1_662' title='bbox 666 5455 736 5510; x_wconf 89' lang='lat' dir='ltr'><strong>D.</strong></span> <span class='ocrx_word' id='word_1_663' title='bbox 783 5457 970 5513; x_wconf 86' lang='lat' dir='ltr'><strong>Cesare</strong></span> <span class='ocrx_word' id='word_1_664' title='bbox 1005 5458 1284 5514; x_wconf 82' lang='lat' dir='ltr'><strong>Benvenuti</strong></span> <span class='ocrx_word' id='word_1_665' title='bbox 1320 5460 1384 5513; x_wconf 90' lang='lat' dir='ltr'><strong>da</strong></span> <span class='ocrx_word' id='word_1_666' title='bbox 1425 5458 1618 5515; x_wconf 87' lang='lat' dir='ltr'><strong>Crema</strong></span> <span class='ocrx_word' id='word_1_667' title='bbox 1660 5459 1851 5514; x_wconf 88' lang='lat' dir='ltr'><strong>abbate</strong></span> <span class='ocrx_word' id='word_1_668' title='bbox 1878 5461 2133 5529; x_wconf 85' lang='lat' dir='ltr'><strong>generale</strong></span> 
     </span>
    </p>
   </div>
   <div class='ocr_carea' id='block_1_87' title="bbox 553 5545 2131 5623">
    <p class='ocr_par' dir='ltr' id='par_1_87' title="bbox 553 5545 2131 5623">
     <span class='ocr_line' id='line_1_87' title="bbox 553 5545 2131 5623; baseline 0.004 -24"><span class='ocrx_word' id='word_1_669' title='bbox 553 5545 636 5601; x_wconf 88' lang='lat' dir='ltr'><strong>dei</strong></span> <span class='ocrx_word' id='word_1_670' title='bbox 668 5546 924 5605; x_wconf 89' lang='lat' dir='ltr'><strong>Canonicl</strong></span> <span class='ocrx_word' id='word_1_671' title='bbox 957 5550 1202 5621; x_wconf 77' lang='lat' dir='ltr'><strong>Regnlari</strong></span> <span class='ocrx_word' id='word_1_672' title='bbox 1248 5551 1389 5606; x_wconf 90' lang='lat' dir='ltr'><strong>della</strong></span> <span class='ocrx_word' id='word_1_673' title='bbox 1428 5552 1875 5623; x_wconf 86' lang='lat' dir='ltr'><strong>Congregazione</strong></span> <span class='ocrx_word' id='word_1_674' title='bbox 1906 5552 2131 5606; x_wconf 83' lang='lat' dir='ltr'><strong>Latera-</strong></span> 
     </span>
    </p>
   </div>
   <div class='ocr_carea' id='block_1_88' title="bbox 626 5705 2126 5791">
    <p class='ocr_par' dir='ltr' id='par_1_88' title="bbox 626 5705 2126 5791">
     <span class='ocr_line' id='line_1_88' title="bbox 626 5705 2126 5791; baseline -0.003 -21"><span class='ocrx_word' id='word_1_675' title='bbox 626 5712 732 5791; x_wconf 90' lang='lat' dir='ltr'><strong>(a_)</strong></span> <span class='ocrx_word' id='word_1_676' title='bbox 770 5713 1105 5791; x_wconf 25' lang='lat' dir='ltr'><strong>_Ab_‘eodetn</strong></span> <span class='ocrx_word' id='word_1_677' title='bbox 1161 5705 1382 5791; x_wconf 78' lang='lat' dir='ltr'><strong>auctore</strong></span> <span class='ocrx_word' id='word_1_678' title='bbox 1418 5714 1666 5791; x_wconf 86' lang='lat' dir='ltr'><strong>profecta</strong></span> <span class='ocrx_word' id='word_1_679' title='bbox 1709 5720 1792 5791; x_wconf 80' lang='lat' dir='ltr'><strong>est</strong></span> <span class='ocrx_word' id='word_1_680' title='bbox 1829 5710 2126 5766; x_wconf 89' lang='lat' dir='ltr'><strong>Bibliorum</strong></span> 
     </span>
    </p>
   </div>
   <div class='ocr_carea' id='block_1_89' title="bbox 556 5784 2129 5857">
    <p class='ocr_par' dir='ltr' id='par_1_89' title="bbox 556 5784 2129 5857">
     <span class='ocr_line' id='line_1_89' title="bbox 556 5784 2129 5857; baseline -0.002 -17"><span class='ocrx_word' id='word_1_681' title='bbox 556 5784 735 5857; x_wconf 80' lang='lat' dir='ltr'><strong>versio</strong></span> <span class='ocrx_word' id='word_1_682' title='bbox 762 5784 982 5852; x_wconf 85' lang='lat' dir='ltr'><strong>Gallica,</strong></span> <span class='ocrx_word' id='word_1_683' title='bbox 1015 5801 1175 5855; x_wconf 88' lang='lat' dir='ltr'><strong>quam</strong></span> <span class='ocrx_word' id='word_1_684' title='bbox 1207 5787 1501 5857; x_wconf 75' lang='lat' dir='ltr'><strong>specjmine</strong></span> <span class='ocrx_word' id='word_1_685' title='bbox 1551 5784 1852 5857; x_wconf 59' lang='lat' dir='ltr'><strong>proposito</strong></span> <span class='ocrx_word' id='word_1_686' title='bbox 1876 5794 2129 5837; x_wconf 87' lang='lat' dir='ltr'><strong>accurate</strong></span> 
     </span>
    </p>
   </div>
   <div class='ocr_carea' id='block_1_90' title="bbox 553 5854 2130 5926">
    <p class='ocr_par' dir='ltr' id='par_1_90' title="bbox 553 5854 2130 5926">
     <span class='ocr_line' id='line_1_90' title="bbox 553 5854 2130 5926; baseline -0.001 -15"><span class='ocrx_word' id='word_1_687' title='bbox 553 5854 842 5923; x_wconf 85' lang='lat' dir='ltr'><strong>descripsit</strong></span> <span class='ocrx_word' id='word_1_688' title='bbox 862 5858 922 5915; x_wconf 84' lang='lat' dir='ltr'><strong>P.</strong></span> <span class='ocrx_word' id='word_1_689' title='bbox 948 5859 993 5915; x_wconf 81' lang='lat' dir='ltr'><strong>le</strong></span> <span class='ocrx_word' id='word_1_690' title='bbox 1027 5854 1176 5926; x_wconf 80' lang='lat' dir='ltr'><strong>Long</strong></span> <span class='ocrx_word' id='word_1_691' title='bbox 1220 5854 1274 5915; x_wconf 77' lang='lat' dir='ltr'><strong>in</strong></span> <span class='ocrx_word' id='word_1_692' title='bbox 1312 5855 1450 5912; x_wconf 86' lang='lat' dir='ltr'><strong>Bibl.</strong></span> <span class='ocrx_word' id='word_1_693' title='bbox 1492 5872 1639 5913; x_wconf 81' lang='lat' dir='ltr'><strong>sacra</strong></span> <span class='ocrx_word' id='word_1_694' title='bbox 1668 5870 1723 5923; x_wconf 88' lang='lat' dir='ltr'><strong>p.</strong></span> <span class='ocrx_word' id='word_1_695' title='bbox 1754 5854 1879 5919; x_wconf 76' lang='lat' dir='ltr'><strong>3I8,</strong></span> <span class='ocrx_word' id='word_1_696' title='bbox 1903 5868 2130 5922; x_wconf 62' lang='lat' dir='ltr'><strong>qumque</strong></span> 
     </span>
    </p>
   </div>
   <div class='ocr_carea' id='block_1_91' title="bbox 2233 3315 3794 3392">
    <p class='ocr_par' dir='ltr' id='par_1_91' title="bbox 2233 3315 3794 3392">
     <span class='ocr_line' id='line_1_91' title="bbox 2233 3315 3794 3392; baseline -0.006 -15"><span class='ocrx_word' id='word_1_697' title='bbox 2233 3323 2458 3378; x_wconf 87' lang='lat' dir='ltr'><strong>Notatur</strong></span> <span class='ocrx_word' id='word_1_698' title='bbox 2485 3322 2648 3377; x_wconf 85' lang='lat' dir='ltr'><strong>etiam</strong></span> <span class='ocrx_word' id='word_1_699' title='bbox 2684 3324 2735 3376; x_wconf 89' lang='lat' dir='ltr'><strong>in</strong></span> <span class='ocrx_word' id='word_1_700' title='bbox 2767 3322 2880 3378; x_wconf 85' lang='lat' dir='ltr'><strong>Cat.</strong></span> <span class='ocrx_word' id='word_1_701' title='bbox 2905 3321 3041 3376; x_wconf 84' lang='lat' dir='ltr'><strong>Bibl.</strong></span> <span class='ocrx_word' id='word_1_702' title='bbox 3070 3321 3197 3392; x_wconf 72' lang='lat' dir='ltr'><strong>Rep.</strong></span> <span class='ocrx_word' id='word_1_703' title='bbox 3233 3320 3414 3377; x_wconf 86' lang='lat' dir='ltr'><strong>Paris.</strong></span> <span class='ocrx_word' id='word_1_704' title='bbox 3449 3321 3653 3377; x_wconf 83' lang='lat' dir='ltr'><strong>Primus</strong></span> <span class='ocrx_word' id='word_1_705' title='bbox 3682 3315 3794 3370; x_wconf 86' lang='lat' dir='ltr'><strong>liber</strong></span> 
     </span>
    </p>
   </div>
   <div class='ocr_carea' id='block_1_92' title="bbox 2234 3409 3797 3486">
    <p class='ocr_par' dir='ltr' id='par_1_92' title="bbox 2234 3409 3797 3486">
     <span class='ocr_line' id='line_1_92' title="bbox 2234 3409 3797 3486; baseline -0.007 -15"><span class='ocrx_word' id='word_1_706' title='bbox 2234 3426 2317 3473; x_wconf 89' lang='lat' dir='ltr'><strong>est</strong></span> <span class='ocrx_word' id='word_1_707' title='bbox 2361 3433 2427 3471; x_wconf 80' lang='lat' dir='ltr'><strong>ex</strong></span> <span class='ocrx_word' id='word_1_708' title='bbox 2474 3417 2658 3486; x_wconf 82' lang='lat' dir='ltr'><strong>paucis</strong></span> <span class='ocrx_word' id='word_1_709' title='bbox 2679 3456 2693 3482; x_wconf 92' lang='lat'><strong>,</strong></span> <span class='ocrx_word' id='word_1_710' title='bbox 2725 3417 2813 3485; x_wconf 87' lang='lat' dir='ltr'><strong>qui</strong></span> <span class='ocrx_word' id='word_1_711' title='bbox 2846 3416 3214 3473; x_wconf 73' lang='lat' dir='ltr'><strong>Abbalisvills:</strong></span> <span class='ocrx_word' id='word_1_712' title='bbox 3256 3422 3386 3473; x_wconf 82' lang='lat' dir='ltr'><strong>sunt</strong></span> <span class='ocrx_word' id='word_1_713' title='bbox 3416 3410 3686 3482; x_wconf 81' lang='lat' dir='ltr'><strong>impressi.</strong></span> <span class='ocrx_word' id='word_1_714' title='bbox 3713 3409 3797 3461; x_wconf 86' lang='lat' dir='ltr'><strong>Su-</strong></span> 
     </span>
    </p>
   </div>
   <div class='ocr_carea' id='block_1_93' title="bbox 2235 3498 3796 3578">
    <p class='ocr_par' dir='ltr' id='par_1_93' title="bbox 2235 3498 3796 3578">
     <span class='ocr_line' id='line_1_93' title="bbox 2235 3498 3796 3578; baseline -0.009 -14"><span class='ocrx_word' id='word_1_715' title='bbox 2235 3517 2386 3578; x_wconf 87' lang='lat' dir='ltr'><strong>perat</strong></span> <span class='ocrx_word' id='word_1_716' title='bbox 2430 3518 2607 3564; x_wconf 85' lang='lat' dir='ltr'><strong>tamen</strong></span> <span class='ocrx_word' id='word_1_717' title='bbox 2658 3508 2910 3571; x_wconf 85' lang='lat' dir='ltr'><strong>editionis</strong></span> <span class='ocrx_word' id='word_1_718' title='bbox 2949 3516 3281 3567; x_wconf 84' lang='lat' dir='ltr'><strong>vetustatem</strong></span> <span class='ocrx_word' id='word_1_719' title='bbox 3329 3506 3502 3575; x_wconf 89' lang='lat' dir='ltr'><strong>ipsius</strong></span> <span class='ocrx_word' id='word_1_720' title='bbox 3554 3498 3796 3558; x_wconf 81' lang='lat' dir='ltr'><strong>versiouis</strong></span> 
     </span>
    </p>
   </div>
   <div class='ocr_carea' id='block_1_94' title="bbox 2236 3591 3804 3667">
    <p class='ocr_par' dir='ltr' id='par_1_94' title="bbox 2236 3591 3804 3667">
     <span class='ocr_line' id='line_1_94' title="bbox 2236 3591 3804 3667; baseline -0.005 -12"><span class='ocrx_word' id='word_1_721' title='bbox 2236 3608 2385 3656; x_wconf 66' lang='lat' dir='ltr'><strong>aetas.</strong></span> <span class='ocrx_word' id='word_1_722' title='bbox 2420 3601 2622 3656; x_wconf 87' lang='lat' dir='ltr'><strong>Auctor</strong></span> <span class='ocrx_word' id='word_1_723' title='bbox 2645 3602 2791 3655; x_wconf 87' lang='lat' dir='ltr'><strong>enim</strong></span> <span class='ocrx_word' id='word_1_724' title='bbox 2811 3642 2825 3665; x_wconf 94' lang='lat'><strong>,</strong></span> <span class='ocrx_word' id='word_1_725' title='bbox 2860 3600 3019 3667; x_wconf 89' lang='lat' dir='ltr'><strong>cujus</strong></span> <span class='ocrx_word' id='word_1_726' title='bbox 3051 3613 3251 3657; x_wconf 84' lang='lat' dir='ltr'><strong>nomen</strong></span> <span class='ocrx_word' id='word_1_727' title='bbox 3278 3599 3501 3654; x_wconf 84' lang='lat' dir='ltr'><strong>diverse</strong></span> <span class='ocrx_word' id='word_1_728' title='bbox 3521 3638 3537 3663; x_wconf 91' lang='lat'><strong>,</strong></span> <span class='ocrx_word' id='word_1_729' title='bbox 3578 3591 3728 3659; x_wconf 82' lang='lat' dir='ltr'><strong>modo</strong></span> <span class='ocrx_word' id='word_1_730' title='bbox 3752 3591 3804 3643; x_wconf 77' lang='lat' dir='ltr'><strong>dc</strong></span> 
     </span>
    </p>
   </div>
   <div class='ocr_carea' id='block_1_95' title="bbox 2235 3686 3806 3760">
    <p class='ocr_par' dir='ltr' id='par_1_95' title="bbox 2235 3686 3806 3760">
     <span class='ocr_line' id='line_1_95' title="bbox 2235 3686 3806 3760; baseline -0.003 -15"><span class='ocrx_word' id='word_1_731' title='bbox 2235 3691 2507 3759; x_wconf 79' lang='lat' dir='ltr'><strong>Preulles,</strong></span> <span class='ocrx_word' id='word_1_732' title='bbox 2538 3692 2697 3753; x_wconf 90' lang='lat' dir='ltr'><strong>modo</strong></span> <span class='ocrx_word' id='word_1_733' title='bbox 2727 3693 2790 3749; x_wconf 77' lang='lat' dir='ltr'><strong>de</strong></span> <span class='ocrx_word' id='word_1_734' title='bbox 2830 3690 3050 3751; x_wconf 73' lang='lat' dir='ltr'><strong>Pt&#39;tclles</strong></span> <span class='ocrx_word' id='word_1_735' title='bbox 3072 3735 3087 3760; x_wconf 91' lang='lat'><strong>,</strong></span> <span class='ocrx_word' id='word_1_736' title='bbox 3127 3688 3353 3753; x_wconf 73' lang='lat' dir='ltr'><strong>Prmles</strong></span> <span class='ocrx_word' id='word_1_737' title='bbox 3374 3732 3391 3757; x_wconf 86' lang='lat'><strong>,</strong></span> <span class='ocrx_word' id='word_1_738' title='bbox 3435 3688 3668 3751; x_wconf 69' lang='lat' dir='ltr'><strong>Prasias,</strong></span> <span class='ocrx_word' id='word_1_739' title='bbox 3696 3686 3806 3755; x_wconf 78' lang='lat' dir='ltr'><strong>qltilt</strong></span> 
     </span>
    </p>
   </div>
   <div class='ocr_carea' id='block_1_96' title="bbox 2237 3776 3807 3850">
    <p class='ocr_par' dir='ltr' id='par_1_96' title="bbox 2237 3776 3807 3850">
     <span class='ocr_line' id='line_1_96' title="bbox 2237 3776 3807 3850; baseline -0.009 -8"><span class='ocrx_word' id='word_1_740' title='bbox 2237 3787 2396 3845; x_wconf 85' lang='lat' dir='ltr'><strong>etiam</strong></span> <span class='ocrx_word' id='word_1_741' title='bbox 2427 3784 2491 3839; x_wconf 80' lang='lat' dir='ltr'><strong>de</strong></span> <span class='ocrx_word' id='word_1_742' title='bbox 2519 3783 2781 3849; x_wconf 72' lang='lat' dir='ltr'><strong>Praicres,</strong></span> <span class='ocrx_word' id='word_1_743' title='bbox 2818 3783 3007 3843; x_wconf 87' lang='lat' dir='ltr'><strong>Latine</strong></span> <span class='ocrx_word' id='word_1_744' title='bbox 3039 3798 3168 3843; x_wconf 82' lang='lat' dir='ltr'><strong>vero</strong></span> <span class='ocrx_word' id='word_1_745' title='bbox 3206 3782 3271 3839; x_wconf 82' lang='lat' dir='ltr'><strong>de</strong></span> <span class='ocrx_word' id='word_1_746' title='bbox 3292 3780 3533 3850; x_wconf 67' lang='lat' dir='ltr'><strong>Praellis,</strong></span> <span class='ocrx_word' id='word_1_747' title='bbox 3560 3781 3623 3843; x_wconf 59' lang='lat' dir='ltr'><strong>de</strong></span> <span class='ocrx_word' id='word_1_748' title='bbox 3643 3776 3807 3837; x_wconf 72' lang='lat' dir='ltr'><strong>Prais-</strong></span> 
     </span>
    </p>
   </div>
   <div class='ocr_carea' id='block_1_97' title="bbox 2234 3866 3810 3945">
    <p class='ocr_par' dir='ltr' id='par_1_97' title="bbox 2234 3866 3810 3945">
     <span class='ocr_line' id='line_1_97' title="bbox 2234 3866 3810 3945; baseline -0.003 -13"><span class='ocrx_word' id='word_1_749' title='bbox 2234 3880 2327 3934; x_wconf 79' lang='lat' dir='ltr'><strong>‘riis</strong></span> <span class='ocrx_word' id='word_1_750' title='bbox 2348 3920 2362 3945; x_wconf 90' lang='lat'><strong>,</strong></span> <span class='ocrx_word' id='word_1_751' title='bbox 2392 3877 2651 3935; x_wconf 74' lang='lat' dir='ltr'><strong>Preslteus</strong></span> <span class='ocrx_word' id='word_1_752' title='bbox 2672 3922 2687 3942; x_wconf 86' lang='lat'><strong>,</strong></span> <span class='ocrx_word' id='word_1_753' title='bbox 2721 3876 2900 3933; x_wconf 74' lang='lat' dir='ltr'><strong>cilerri</strong></span> <span class='ocrx_word' id='word_1_754' title='bbox 2932 3876 3101 3940; x_wconf 83' lang='lat' dir='ltr'><strong>solet.</strong></span> <span class='ocrx_word' id='word_1_755' title='bbox 3126 3873 3309 3931; x_wconf 82' lang='lat' dir='ltr'><strong>Caroli</strong></span> <span class='ocrx_word' id='word_1_756' title='bbox 3344 3875 3384 3930; x_wconf 88' lang='lat' dir='ltr'><strong>V</strong></span> <span class='ocrx_word' id='word_1_757' title='bbox 3414 3873 3663 3933; x_wconf 70' lang='lat' dir='ltr'><strong>Francia:</strong></span> <span class='ocrx_word' id='word_1_758' title='bbox 3687 3866 3810 3937; x_wconf 60' lang='lat' dir='ltr'><strong>regis</strong></span> 
     </span>
    </p>
   </div>
   <div class='ocr_carea' id='block_1_98' title="bbox 2239 3959 3811 4043">
    <p class='ocr_par' dir='ltr' id='par_1_98' title="bbox 2239 3959 3811 4043">
     <span class='ocr_line' id='line_1_98' title="bbox 2239 3959 3811 4043; baseline -0.008 -16"><span class='ocrx_word' id='word_1_759' title='bbox 2239 3972 2575 4043; x_wconf 85' lang='lat' dir='ltr'><strong>temporibus</strong></span> <span class='ocrx_word' id='word_1_760' title='bbox 2602 3970 2815 4035; x_wconf 85' lang='lat' dir='ltr'><strong>floruit,</strong></span> <span class='ocrx_word' id='word_1_761' title='bbox 2849 3983 3125 4039; x_wconf 85' lang='lat' dir='ltr'><strong>penesque</strong></span> <span class='ocrx_word' id='word_1_762' title='bbox 3164 3982 3292 4027; x_wconf 81' lang='lat' dir='ltr'><strong>eum</strong></span> <span class='ocrx_word' id='word_1_763' title='bbox 3335 3964 3589 4037; x_wconf 79' lang='lat' dir='ltr'><strong>magistri</strong></span> <span class='ocrx_word' id='word_1_764' title='bbox 3619 3959 3811 4017; x_wconf 68' lang='lat' dir='ltr'><strong>libellu~</strong></span> 
     </span>
    </p>
   </div>
   <div class='ocr_carea' id='block_1_99' title="bbox 2236 4054 3815 4133">
    <p class='ocr_par' dir='ltr' id='par_1_99' title="bbox 2236 4054 3815 4133">
     <span class='ocr_line' id='line_1_99' title="bbox 2236 4054 3815 4133; baseline -0.009 -14"><span class='ocrx_word' id='word_1_765' title='bbox 2236 4081 2362 4121; x_wconf 89' lang='lat' dir='ltr'><strong>rum</strong></span> <span class='ocrx_word' id='word_1_766' title='bbox 2393 4065 2698 4133; x_wconf 84' lang='lat' dir='ltr'><strong>supplicum</strong></span> <span class='ocrx_word' id='word_1_767' title='bbox 2747 4062 2926 4118; x_wconf 84' lang='lat' dir='ltr'><strong>officio</strong></span> <span class='ocrx_word' id='word_1_768' title='bbox 2968 4061 3179 4117; x_wconf 86' lang='lat' dir='ltr'><strong>functus</strong></span> <span class='ocrx_word' id='word_1_769' title='bbox 3206 4069 3318 4125; x_wconf 88' lang='lat' dir='ltr'><strong>est,</strong></span> <span class='ocrx_word' id='word_1_770' title='bbox 3356 4071 3525 4115; x_wconf 87' lang='lat' dir='ltr'><strong>natus</strong></span> <span class='ocrx_word' id='word_1_771' title='bbox 3550 4072 3612 4115; x_wconf 80' lang='lat' dir='ltr'><strong>ex</strong></span> <span class='ocrx_word' id='word_1_772' title='bbox 3647 4054 3815 4116; x_wconf 80' lang='lat' dir='ltr'><strong>illicito</strong></span> 
     </span>
    </p>
   </div>
   <div class='ocr_carea' id='block_1_100' title="bbox 2237 4143 3816 4229">
    <p class='ocr_par' dir='ltr' id='par_1_100' title="bbox 2237 4143 3816 4229">
     <span class='ocr_line' id='line_1_100' title="bbox 2237 4143 3816 4229; baseline -0.011 -15"><span class='ocrx_word' id='word_1_773' title='bbox 2237 4159 2527 4214; x_wconf 87' lang='lat' dir='ltr'><strong>concubitu</strong></span> <span class='ocrx_word' id='word_1_774' title='bbox 2581 4156 2848 4229; x_wconf 76' lang='lat' dir='ltr'><strong>Radulphi</strong></span> <span class='ocrx_word' id='word_1_775' title='bbox 2898 4157 2961 4212; x_wconf 80' lang='lat' dir='ltr'><strong>de</strong></span> <span class='ocrx_word' id='word_1_776' title='bbox 3018 4153 3276 4221; x_wconf 69' lang='lat' dir='ltr'><strong>Praellis,</strong></span> <span class='ocrx_word' id='word_1_777' title='bbox 3324 4152 3567 4222; x_wconf 85' lang='lat' dir='ltr'><strong>Philippi</strong></span> <span class='ocrx_word' id='word_1_778' title='bbox 3620 4143 3816 4207; x_wconf 80' lang='lat' dir='ltr'><strong>Pulchri</strong></span> 
     </span>
    </p>
   </div>
   <div class='ocr_carea' id='block_1_101' title="bbox 2238 4234 3817 4322">
    <p class='ocr_par' dir='ltr' id='par_1_101' title="bbox 2238 4234 3817 4322">
     <span class='ocr_line' id='line_1_101' title="bbox 2238 4234 3817 4322; baseline -0.009 -17"><span class='ocrx_word' id='word_1_779' title='bbox 2238 4234 2525 4322; x_wconf 29' lang='lat' dir='ltr'><strong>quondatn‘</strong></span> <span class='ocrx_word' id='word_1_780' title='bbox 2561 4250 2856 4304; x_wconf 75' lang='lat' dir='ltr'><strong>consiliarii</strong></span> <span class='ocrx_word' id='word_1_781' title='bbox 2895 4264 2945 4303; x_wconf 90' lang='lat' dir='ltr'><strong>a.</strong></span> <span class='ocrx_word' id='word_1_782' title='bbox 2981 4246 3157 4312; x_wconf 71' lang='lat'><strong>1515,</strong></span> <span class='ocrx_word' id='word_1_783' title='bbox 3198 4261 3322 4302; x_wconf 90' lang='lat' dir='ltr'><strong>cum</strong></span> <span class='ocrx_word' id='word_1_784' title='bbox 3370 4246 3561 4315; x_wconf 82' lang='lat' dir='ltr'><strong>iniqua</strong></span> <span class='ocrx_word' id='word_1_785' title='bbox 3591 4238 3817 4307; x_wconf 78' lang='lat' dir='ltr'><strong>custodia</strong></span> 
     </span>
    </p>
   </div>
   <div class='ocr_carea' id='block_1_102' title="bbox 2239 4332 3819 4416">
    <p class='ocr_par' dir='ltr' id='par_1_102' title="bbox 2239 4332 3819 4416">
     <span class='ocr_line' id='line_1_102' title="bbox 2239 4332 3819 4416; baseline -0.008 -17"><span class='ocrx_word' id='word_1_786' title='bbox 2239 4354 2392 4416; x_wconf 83' lang='lat' dir='ltr'><strong>pater</strong></span> <span class='ocrx_word' id='word_1_787' title='bbox 2420 4345 2536 4414; x_wconf 85' lang='lat' dir='ltr'><strong>ejus</strong></span> <span class='ocrx_word' id='word_1_788' title='bbox 2564 4344 2814 4399; x_wconf 84' lang='lat' dir='ltr'><strong>detentus</strong></span> <span class='ocrx_word' id='word_1_789' title='bbox 2852 4350 3016 4398; x_wconf 81' lang='lat' dir='ltr'><strong>esset.</strong></span> <span class='ocrx_word' id='word_1_790' title='bbox 3048 4341 3157 4398; x_wconf 83' lang='lat' dir='ltr'><strong>Sed</strong></span> <span class='ocrx_word' id='word_1_791' title='bbox 3187 4340 3280 4397; x_wconf 81' lang='lat' dir='ltr'><strong>lilii</strong></span> <span class='ocrx_word' id='word_1_792' title='bbox 3310 4339 3552 4410; x_wconf 85' lang='lat' dir='ltr'><strong>legitimi</strong></span> <span class='ocrx_word' id='word_1_793' title='bbox 3580 4340 3701 4407; x_wconf 82' lang='lat' dir='ltr'><strong>jura</strong></span> <span class='ocrx_word' id='word_1_794' title='bbox 3727 4332 3819 4387; x_wconf 82' lang='lat' dir='ltr'><strong>Ra-</strong></span> 
     </span>
    </p>
   </div>
   <div class='ocr_carea' id='block_1_103' title="bbox 2238 4424 3821 4508">
    <p class='ocr_par' dir='ltr' id='par_1_103' title="bbox 2238 4424 3821 4508">
     <span class='ocr_line' id='line_1_103' title="bbox 2238 4424 3821 4508; baseline -0.006 -14"><span class='ocrx_word' id='word_1_795' title='bbox 2238 4439 2473 4508; x_wconf 89' lang='lat' dir='ltr'><strong>dulphus</strong></span> <span class='ocrx_word' id='word_1_796' title='bbox 2499 4446 2684 4493; x_wconf 87' lang='lat' dir='ltr'><strong>noster</strong></span> <span class='ocrx_word' id='word_1_797' title='bbox 2707 4437 2816 4506; x_wconf 87' lang='lat' dir='ltr'><strong>jam</strong></span> <span class='ocrx_word' id='word_1_798' title='bbox 2842 4450 3006 4491; x_wconf 77' lang='lat' dir='ltr'><strong>senex</strong></span> <span class='ocrx_word' id='word_1_799' title='bbox 3029 4436 3169 4504; x_wconf 79' lang='lat' dir='ltr'><strong>regis</strong></span> <span class='ocrx_word' id='word_1_800' title='bbox 3199 4434 3285 4491; x_wconf 88' lang='lat' dir='ltr'><strong>sui</strong></span> <span class='ocrx_word' id='word_1_801' title='bbox 3319 4432 3598 4499; x_wconf 81' lang='lat' dir='ltr'><strong>beneficio</strong></span> <span class='ocrx_word' id='word_1_802' title='bbox 3621 4446 3671 4487; x_wconf 86' lang='lat' dir='ltr'><strong>a.</strong></span> <span class='ocrx_word' id='word_1_803' title='bbox 3699 4424 3821 4485; x_wconf 78' lang='lat' dir='ltr'><strong>I576</strong></span> 
     </span>
    </p>
   </div>
   <div class='ocr_carea' id='block_1_104' title="bbox 2240 4516 3820 4585">
    <p class='ocr_par' dir='ltr' id='par_1_104' title="bbox 2240 4516 3820 4585">
     <span class='ocr_line' id='line_1_104' title="bbox 2240 4516 3820 4585; baseline -0.011 0"><span class='ocrx_word' id='word_1_804' title='bbox 2240 4540 2322 4585; x_wconf 88' lang='lat' dir='ltr'><strong>est</strong></span> <span class='ocrx_word' id='word_1_805' title='bbox 2369 4541 2710 4584; x_wconf 79' lang='lat' dir='ltr'><strong>consecutus.</strong></span> <span class='ocrx_word' id='word_1_806' title='bbox 2748 4528 2897 4582; x_wconf 88' lang='lat' dir='ltr'><strong>Diem</strong></span> <span class='ocrx_word' id='word_1_807' title='bbox 2930 4526 3065 4583; x_wconf 86' lang='lat' dir='ltr'><strong>obiit</strong></span> <span class='ocrx_word' id='word_1_808' title='bbox 3095 4539 3283 4583; x_wconf 82' lang='lat' dir='ltr'><strong>mense</strong></span> <span class='ocrx_word' id='word_1_809' title='bbox 3322 4522 3630 4583; x_wconf 84' lang='lat' dir='ltr'><strong>Novembri</strong></span> <span class='ocrx_word' id='word_1_810' title='bbox 3676 4516 3820 4579; x_wconf 76' lang='grc'><strong>1582.</strong></span> 
     </span>
    </p>
   </div>
   <div class='ocr_carea' id='block_1_105' title="bbox 2162 4598 3825 4690">
    <p class='ocr_par' dir='ltr' id='par_1_105' title="bbox 2162 4598 3825 4690">
     <span class='ocr_line' id='line_1_105' title="bbox 2162 4598 3825 4690; baseline -0.01 -12"><span class='ocrx_word' id='word_1_811' title='bbox 2162 4598 2217 4666; x_wconf 68' lang='grc' dir='ltr'>Π</span> <span class='ocrx_word' id='word_1_812' title='bbox 2245 4623 2422 4677; x_wconf 82' lang='lat' dir='ltr'><strong>Variis</strong></span> <span class='ocrx_word' id='word_1_813' title='bbox 2447 4621 2538 4675; x_wconf 90' lang='lat' dir='ltr'><strong>ille</strong></span> <span class='ocrx_word' id='word_1_814' title='bbox 2564 4621 2779 4690; x_wconf 84' lang='lat' dir='ltr'><strong>scriptis</strong></span> <span class='ocrx_word' id='word_1_815' title='bbox 2807 4629 2914 4674; x_wconf 85' lang='lat' dir='ltr'><strong>tam</strong></span> <span class='ocrx_word' id='word_1_816' title='bbox 2938 4617 3251 4681; x_wconf 82' lang='lat' dir='ltr'><strong>vernaculo,</strong></span> <span class='ocrx_word' id='word_1_817' title='bbox 3277 4631 3450 4685; x_wconf 85' lang='lat' dir='ltr'><strong>quam</strong></span> <span class='ocrx_word' id='word_1_818' title='bbox 3475 4614 3672 4671; x_wconf 85' lang='lat' dir='ltr'><strong>Latino</strong></span> <span class='ocrx_word' id='word_1_819' title='bbox 3689 4652 3702 4677; x_wconf 91' lang='lat'><strong>,</strong></span> <span class='ocrx_word' id='word_1_820' title='bbox 3724 4623 3825 4665; x_wconf 85' lang='lat' dir='ltr'><strong>ser-</strong></span> 
     </span>
    </p>
   </div>
   <div class='ocr_carea' id='block_1_106' title="bbox 2240 4706 3823 4784">
    <p class='ocr_par' dir='ltr' id='par_1_106' title="bbox 2240 4706 3823 4784">
     <span class='ocr_line' id='line_1_106' title="bbox 2240 4706 3823 4784; baseline -0.011 -13"><span class='ocrx_word' id='word_1_821' title='bbox 2240 4731 2400 4771; x_wconf 84' lang='lat' dir='ltr'><strong>mone</strong></span> <span class='ocrx_word' id='word_1_822' title='bbox 2427 4714 2764 4784; x_wconf 85' lang='lat' dir='ltr'><strong>oompositis,</strong></span> <span class='ocrx_word' id='word_1_823' title='bbox 2787 4709 3070 4779; x_wconf 27' lang='lat' dir='ltr'><strong>attate‘jam</strong></span> <span class='ocrx_word' id='word_1_824' title='bbox 3093 4708 3452 4777; x_wconf 81' lang='lat' dir='ltr'><strong>devergonte,</strong></span> <span class='ocrx_word' id='word_1_825' title='bbox 3483 4706 3823 4765; x_wconf 79' lang='lat' dir='ltr'><strong>inclarucrat,</strong></span> 
     </span>
    </p>
   </div>
   <div class='ocr_carea' id='block_1_107' title="bbox 2238 4792 3826 4877">
    <p class='ocr_par' dir='ltr' id='par_1_107' title="bbox 2238 4792 3826 4877">
     <span class='ocr_line' id='line_1_107' title="bbox 2238 4792 3826 4877; baseline -0.011 -13"><span class='ocrx_word' id='word_1_826' title='bbox 2238 4824 2360 4864; x_wconf 90' lang='lat' dir='ltr'><strong>cum</strong></span> <span class='ocrx_word' id='word_1_827' title='bbox 2411 4794 2673 4877; x_wconf 83' lang='lat' dir='ltr'><strong>singulari</strong></span> <span class='ocrx_word' id='word_1_828' title='bbox 2705 4804 2848 4874; x_wconf 87' lang='lat' dir='ltr'><strong>regis</strong></span> <span class='ocrx_word' id='word_1_829' title='bbox 2875 4802 3127 4862; x_wconf 84' lang='lat' dir='ltr'><strong>mandato</strong></span> <span class='ocrx_word' id='word_1_830' title='bbox 3148 4801 3547 4871; x_wconf 84' lang='lat' dir='ltr'><strong>stipendioque</strong></span> <span class='ocrx_word' id='word_1_831' title='bbox 3578 4798 3648 4861; x_wconf 84' lang='lat' dir='ltr'><strong>ad</strong></span> <span class='ocrx_word' id='word_1_832' title='bbox 3671 4792 3826 4853; x_wconf 84' lang='lat' dir='ltr'><strong>conli-</strong></span> 
     </span>
    </p>
   </div>
   <div class='ocr_carea' id='block_1_108' title="bbox 2237 4891 3825 4968">
    <p class='ocr_par' dir='ltr' id='par_1_108' title="bbox 2237 4891 3825 4968">
     <span class='ocr_line' id='line_1_108' title="bbox 2237 4891 3825 4968; baseline -0.004 -12"><span class='ocrx_word' id='word_1_833' title='bbox 2237 4900 2485 4957; x_wconf 89' lang='lat' dir='ltr'><strong>ciendam</strong></span> <span class='ocrx_word' id='word_1_834' title='bbox 2515 4897 2802 4968; x_wconf 79' lang='lat' dir='ltr'><strong>Augustini</strong></span> <span class='ocrx_word' id='word_1_835' title='bbox 2824 4895 2984 4965; x_wconf 84' lang='lat' dir='ltr'><strong>hujus</strong></span> <span class='ocrx_word' id='word_1_836' title='bbox 3012 4893 3139 4955; x_wconf 75' lang='lat' dir='ltr'><strong>libri</strong></span> <span class='ocrx_word' id='word_1_837' title='bbox 3159 4892 3475 4957; x_wconf 72' lang='lat' dir='ltr'><strong>versionem</strong></span> <span class='ocrx_word' id='word_1_838' title='bbox 3501 4891 3825 4960; x_wconf 71' lang='lat' dir='ltr'><strong>adigeretur.</strong></span> 
     </span>
    </p>
   </div>
   <div class='ocr_carea' id='block_1_109' title="bbox 2238 4983 3831 5063">
    <p class='ocr_par' dir='ltr' id='par_1_109' title="bbox 2238 4983 3831 5063">
     <span class='ocr_line' id='line_1_109' title="bbox 2238 4983 3831 5063; baseline -0.009 -16"><span class='ocrx_word' id='word_1_839' title='bbox 2238 5008 2398 5063; x_wconf 92' lang='lat' dir='ltr'><strong>quam</strong></span> <span class='ocrx_word' id='word_1_840' title='bbox 2444 4991 2754 5045; x_wconf 87' lang='lat' dir='ltr'><strong>inchoatam</strong></span> <span class='ocrx_word' id='word_1_841' title='bbox 2796 5004 2939 5044; x_wconf 88' lang='lat' dir='ltr'><strong>anno</strong></span> <span class='ocrx_word' id='word_1_842' title='bbox 2970 4987 3139 5055; x_wconf 74' lang='grc'><strong>1571,</strong></span> <span class='ocrx_word' id='word_1_843' title='bbox 3168 4986 3258 5047; x_wconf 86' lang='lat' dir='ltr'><strong>die</strong></span> <span class='ocrx_word' id='word_1_844' title='bbox 3287 4985 3313 5047; x_wconf 80' lang='grc'><strong>1</strong></span> <span class='ocrx_word' id='word_1_845' title='bbox 3343 4983 3713 5047; x_wconf 81' lang='lat' dir='ltr'><strong>Novembris,</strong></span> <span class='ocrx_word' id='word_1_846' title='bbox 3744 4991 3831 5043; x_wconf 78' lang='lat' dir='ltr'><strong>seu</strong></span> 
     </span>
    </p>
   </div>
   <div class='ocr_carea' id='block_1_110' title="bbox 2240 5074 3831 5147">
    <p class='ocr_par' dir='ltr' id='par_1_110' title="bbox 2240 5074 3831 5147">
     <span class='ocr_line' id='line_1_110' title="bbox 2240 5074 3831 5147; baseline -0.008 -9"><span class='ocrx_word' id='word_1_847' title='bbox 2240 5085 2376 5140; x_wconf 83' lang='lat' dir='ltr'><strong>testo</strong></span> <span class='ocrx_word' id='word_1_848' title='bbox 2396 5082 2637 5138; x_wconf 90' lang='lat' dir='ltr'><strong>omnium</strong></span> <span class='ocrx_word' id='word_1_849' title='bbox 2667 5081 3019 5147; x_wconf 85' lang='lat' dir='ltr'><strong>Sanctorum,</strong></span> <span class='ocrx_word' id='word_1_850' title='bbox 3044 5092 3188 5136; x_wconf 85' lang='lat' dir='ltr'><strong>anno</strong></span> <span class='ocrx_word' id='word_1_851' title='bbox 3215 5076 3382 5143; x_wconf 72' lang='grc'><strong>1575,</strong></span> <span class='ocrx_word' id='word_1_852' title='bbox 3408 5076 3504 5133; x_wconf 90' lang='lat' dir='ltr'><strong>die</strong></span> <span class='ocrx_word' id='word_1_853' title='bbox 3536 5078 3562 5137; x_wconf 86' lang='grc'><strong>1</strong></span> <span class='ocrx_word' id='word_1_854' title='bbox 3595 5074 3831 5145; x_wconf 86' lang='lat' dir='ltr'><strong>Septem-</strong></span> 
     </span>
    </p>
   </div>
   <div class='ocr_carea' id='block_1_111' title="bbox 2238 5167 3830 5245">
    <p class='ocr_par' dir='ltr' id='par_1_111' title="bbox 2238 5167 3830 5245">
     <span class='ocr_line' id='line_1_111' title="bbox 2238 5167 3830 5245; baseline -0.007 -13"><span class='ocrx_word' id='word_1_855' title='bbox 2238 5178 2351 5232; x_wconf 84' lang='lat' dir='ltr'><strong>bris</strong></span> <span class='ocrx_word' id='word_1_856' title='bbox 2373 5176 2669 5232; x_wconf 87' lang='lat' dir='ltr'><strong>absolvisse</strong></span> <span class='ocrx_word' id='word_1_857' title='bbox 2690 5174 2863 5231; x_wconf 84' lang='lat' dir='ltr'><strong>fertur</strong></span> <span class='ocrx_word' id='word_1_858' title='bbox 2896 5172 3023 5245; x_wconf 88' lang='lat' dir='ltr'><strong>(a).</strong></span> <span class='ocrx_word' id='word_1_859' title='bbox 3071 5172 3278 5229; x_wconf 60' lang='lat' dir='ltr'><strong>Prmsto</strong></span> <span class='ocrx_word' id='word_1_860' title='bbox 3304 5180 3473 5226; x_wconf 86' lang='lat' dir='ltr'><strong>erant</strong></span> <span class='ocrx_word' id='word_1_861' title='bbox 3502 5172 3577 5229; x_wconf 78' lang='lat'><strong>50</strong></span> <span class='ocrx_word' id='word_1_862' title='bbox 3604 5167 3830 5230; x_wconf 84' lang='lat' dir='ltr'><strong>codices,</strong></span> 
     </span>
    </p>
   </div>
   <div class='ocr_carea' id='block_1_112' title="bbox 2237 5261 3831 5340">
    <p class='ocr_par' dir='ltr' id='par_1_112' title="bbox 2237 5261 3831 5340">
     <span class='ocr_line' id='line_1_112' title="bbox 2237 5261 3831 5340; baseline -0.008 -17"><span class='ocrx_word' id='word_1_863' title='bbox 2237 5284 2376 5340; x_wconf 91' lang='lat' dir='ltr'><strong>quos</strong></span> <span class='ocrx_word' id='word_1_864' title='bbox 2419 5272 2491 5325; x_wconf 90' lang='lat' dir='ltr'><strong>ita</strong></span> <span class='ocrx_word' id='word_1_865' title='bbox 2526 5278 2704 5325; x_wconf 89' lang='lat' dir='ltr'><strong>tamen</strong></span> <span class='ocrx_word' id='word_1_866' title='bbox 2748 5275 2964 5322; x_wconf 84' lang='lat' dir='ltr'><strong>secutus</strong></span> <span class='ocrx_word' id='word_1_867' title='bbox 3005 5274 3123 5332; x_wconf 89' lang='lat' dir='ltr'><strong>est,</strong></span> <span class='ocrx_word' id='word_1_868' title='bbox 3166 5271 3225 5319; x_wconf 90' lang='lat' dir='ltr'><strong>ut</strong></span> <span class='ocrx_word' id='word_1_869' title='bbox 3259 5263 3492 5332; x_wconf 81' lang='lat' dir='ltr'><strong>parcius</strong></span> <span class='ocrx_word' id='word_1_870' title='bbox 3537 5261 3831 5317; x_wconf 87' lang='lat' dir='ltr'><strong>verborum</strong></span> 
     </span>
    </p>
   </div>
   <div class='ocr_carea' id='block_1_113' title="bbox 2236 5344 3836 5433">
    <p class='ocr_par' dir='ltr' id='par_1_113' title="bbox 2236 5344 3836 5433">
     <span class='ocr_line' id='line_1_113' title="bbox 2236 5344 3836 5433; baseline -0.011 -15"><span class='ocrx_word' id='word_1_871' title='bbox 2236 5379 2396 5433; x_wconf 90' lang='lat' dir='ltr'><strong>quam</strong></span> <span class='ocrx_word' id='word_1_872' title='bbox 2436 5377 2626 5417; x_wconf 86' lang='lat' dir='ltr'><strong>sensus</strong></span> <span class='ocrx_word' id='word_1_873' title='bbox 2666 5358 3021 5430; x_wconf 79' lang='lat' dir='ltr'><strong>explicationi</strong></span> <span class='ocrx_word' id='word_1_874' title='bbox 3062 5355 3342 5421; x_wconf 88' lang='lat' dir='ltr'><strong>studeret,</strong></span> <span class='ocrx_word' id='word_1_875' title='bbox 3387 5365 3447 5411; x_wconf 91' lang='lat' dir='ltr'><strong>et</strong></span> <span class='ocrx_word' id='word_1_876' title='bbox 3480 5356 3634 5425; x_wconf 82' lang='lat' dir='ltr'><strong>regis</strong></span> <span class='ocrx_word' id='word_1_877' title='bbox 3672 5344 3836 5422; x_wconf 88' lang='lat' dir='ltr'><strong>jussui</strong></span> 
     </span>
    </p>
   </div>
   <div class='ocr_carea' id='block_1_114' title="bbox 2235 5448 3835 5526">
    <p class='ocr_par' dir='ltr' id='par_1_114' title="bbox 2235 5448 3835 5526">
     <span class='ocr_line' id='line_1_114' title="bbox 2235 5448 3835 5526; baseline -0.012 -13"><span class='ocrx_word' id='word_1_878' title='bbox 2235 5458 2622 5526; x_wconf 86' lang='lat' dir='ltr'><strong>obtemperans</strong></span> <span class='ocrx_word' id='word_1_879' title='bbox 2654 5451 2939 5510; x_wconf 63' lang='lat' dir='ltr'><strong>sententia:</strong></span> <span class='ocrx_word' id='word_1_880' title='bbox 2967 5451 3252 5505; x_wconf 81' lang='lat' dir='ltr'><strong>veritatem</strong></span> <span class='ocrx_word' id='word_1_881' title='bbox 3282 5448 3721 5516; x_wconf 85' lang='lat' dir='ltr'><strong>claritatemque</strong></span> <span class='ocrx_word' id='word_1_882' title='bbox 3747 5454 3835 5513; x_wconf 88' lang='lat' dir='ltr'><strong>per</strong></span> 
     </span>
    </p>
   </div>
   <div class='ocr_carea' id='block_1_115' title="bbox 2237 5525 3833 5618">
    <p class='ocr_par' dir='ltr' id='par_1_115' title="bbox 2237 5525 3833 5618">
     <span class='ocr_line' id='line_1_115' title="bbox 2237 5525 3833 5618; baseline -0.011 -15"><span class='ocrx_word' id='word_1_883' title='bbox 2237 5525 2491 5618; x_wconf 81' lang='lat' dir='ltr'><strong>ambages</strong></span> <span class='ocrx_word' id='word_1_884' title='bbox 2536 5525 2813 5603; x_wconf 29' lang='lat' dir='ltr'><strong>orationis.</strong></span> <span class='ocrx_word' id='word_1_885' title='bbox 2842 5544 3036 5599; x_wconf 89' lang='lat' dir='ltr'><strong>sectari</strong></span> <span class='ocrx_word' id='word_1_886' title='bbox 3086 5540 3309 5606; x_wconf 86' lang='lat' dir='ltr'><strong>mallet,</strong></span> <span class='ocrx_word' id='word_1_887' title='bbox 3361 5554 3539 5609; x_wconf 88' lang='lat' dir='ltr'><strong>quam</strong></span> <span class='ocrx_word' id='word_1_888' title='bbox 3592 5534 3833 5599; x_wconf 85' lang='lat' dir='ltr'><strong>eamdem</strong></span> 
     </span>
    </p>
   </div>
   <div class='ocr_carea' id='block_1_116' title="bbox 2236 5688 3837 5781">
    <p class='ocr_par' dir='ltr' id='par_1_116' title="bbox 2236 5688 3837 5781">
     <span class='ocr_line' id='line_1_116' title="bbox 2236 5688 3837 5781; baseline -0.009 -16"><span class='ocrx_word' id='word_1_889' title='bbox 2236 5710 2409 5765; x_wconf 89' lang='lat' dir='ltr'><strong>eidem</strong></span> <span class='ocrx_word' id='word_1_890' title='bbox 2437 5711 2545 5781; x_wconf 81' lang='lat' dir='ltr'><strong>regi</strong></span> <span class='ocrx_word' id='word_1_891' title='bbox 2571 5710 2623 5764; x_wconf 91' lang='lat' dir='ltr'><strong>in</strong></span> <span class='ocrx_word' id='word_1_892' title='bbox 2655 5709 2861 5781; x_wconf 86' lang='lat' dir='ltr'><strong>litteras</strong></span> <span class='ocrx_word' id='word_1_893' title='bbox 2890 5719 3162 5781; x_wconf 45' lang='lat' dir='ltr'><strong>propensi)</strong></span> <span class='ocrx_word' id='word_1_894' title='bbox 3188 5688 3837 5781; x_wconf 47' lang='grc' dir='ltr'><strong>ρρ-ὶξςιυτλξρραηαιοι</strong></span> 
     </span>
    </p>
   </div>
   <div class='ocr_carea' id='block_1_117' title="bbox 2236 5771 3618 5847">
    <p class='ocr_par' dir='ltr' id='par_1_117' title="bbox 2236 5771 3618 5847">
     <span class='ocr_line' id='line_1_117' title="bbox 2236 5771 3618 5847; baseline -0.005 -11"><span class='ocrx_word' id='word_1_895' title='bbox 2236 5782 2293 5836; x_wconf 88' lang='lat' dir='ltr'><strong>in</strong></span> <span class='ocrx_word' id='word_1_896' title='bbox 2321 5771 2572 5838; x_wconf 30' lang='lat' dir='ltr'><strong>Mémfde</strong></span> <span class='ocrx_word' id='word_1_897' title='bbox 2602 5781 2729 5835; x_wconf 71' lang='grc' dir='ltr'><strong>(Ἀθ.</strong></span> <span class='ocrx_word' id='word_1_898' title='bbox 2763 5779 2850 5833; x_wconf 85' lang='lat' dir='ltr'><strong>des</strong></span> <span class='ocrx_word' id='word_1_899' title='bbox 2882 5771 3075 5846; x_wconf 76' lang='lat' dir='ltr'><strong>Inscr.,</strong></span> <span class='ocrx_word' id='word_1_900' title='bbox 3107 5774 3169 5835; x_wconf 83' lang='grc' dir='ltr'><strong>Τ.</strong></span> <span class='ocrx_word' id='word_1_901' title='bbox 3195 5773 3343 5839; x_wconf 84' lang='lat' dir='ltr'><strong>XIII,</strong></span> <span class='ocrx_word' id='word_1_902' title='bbox 3384 5790 3440 5847; x_wconf 86' lang='lat' dir='ltr'><strong>p.</strong></span> <span class='ocrx_word' id='word_1_903' title='bbox 3478 5771 3618 5829; x_wconf 67' lang='lat'><strong>656.</strong></span> 
     </span>
    </p>
   </div>
  </div>
