4010 6350
246 339 359 405 151

1151 350 1427 408 NOTlTlA
1465 349 1886 413 LITTERARIA
1925 353 1997 411 IN
2033 354 2091 414 8.
2132 354 2607 416 AUGUSTINUM.

3309 370 3319 380 ’
3413 364 3515 421 188

254 469 442 525 verbis
467 471 765 527 insistendo
795 470 1102 541 periclitari.
1130 471 1196 527 Ut
1220 486 1349 527 vero
1373 470 1713 527 commodius
1740 485 1841 526 sua
1862 471 1922 535 Α
1942 471 2212 531 Debnrius
2252 474 2291 531 l.
2322 477 2362 531 l.
2403 475 2627 535 Nicolao
2662 473 2963 533 Savetlerio
3001 474 3208 532 tribuit.
3248 475 3512 543 Quocirca

257 563 590 633 legerentur,
624 564 866 634 singulos
897 564 1066 619 libros
1115 564 1168 619 in
1212 565 1391 634 capita
1435 564 1589 634 plura
1632 564 1839 633 dispes-

259 654 402 721 cuit,
431 669 667 724 quacum
698 655 1065 725 descriptione
1091 656 1279 712 nescio
1319 671 1385 710 an
1429 656 1694 711 hodierna
1736 657 1840 710 La-

263 748 359 802 tini
401 756 582 802 textus
622 747 817 803 divisio
858 748 1169 804 concordet.
1216 749 1326 804 Nec
1361 758 1688 813 contentus,
1721 747 1837 803 Au-

263 841 533 910 gustinum
582 839 844 897 Gallicani
901 842 1168 896 sermonis
1217 841 1436 911 eloquio
1484 838 1695 895 civibus
1724 839 1837 895 suis

265 932 597 997 admovisse,
627 933 868 1002 ejusdem
908 933 1072 989 etiam
1104 932 1191 987 ubi
1222 932 1435 988 doctius
1472 932 1684 985 locutus
1713 944 1837 984 esse

265 1026 557 1091 videretur,
589 1026 937 1096 interpretem
979 1026 1116 1097 egit,
1147 1025 1435 1094 subiuncta
1474 1023 1703 1093 singulis
1740 1037 1836 1077 ca-

266 1121 459 1191 pitibus
491 1121 809 1190 expositione
832 1164 845 1187 ,
878 1120 934 1175 in
961 1136 1065 1190 qua
1091 1120 1160 1175 de
1189 1120 1443 1191 mythieis
1470 1158 1486 1185 ,
1518 1118 1791 1173 historicis
1817 1160 1830 1186 ,

266 1213 654 1283 philosophieis
682 1214 909 1283 aliisque
946 1213 1329 1269 reconditioris
1364 1212 1605 1267 scientiae
1634 1212 1835 1279 capiti-

266 1306 386 1371 bus,
417 1315 582 1376 prout
619 1305 835 1376 quidem
876 1306 1194 1361 eruditiouis
1238 1313 1366 1359 tunc
1406 1304 1666 1372 temporis
1706 1317 1838 1357 con-

267 1399 396 1455 ditio
438 1398 649 1454 ferebat
676 1439 690 1464 ,
736 1398 1022 1463 disseruit,
1073 1406 1132 1452 ut
1167 1409 1342 1451 tamen
1380 1395 1733 1462 ostenderet,
1778 1409 1837 1450 se

268 1491 537 1547 hominum
570 1491 849 1546 doctorum
889 1490 990 1545 aevi
1020 1490 1102 1545 sui
1130 1491 1290 1559 longe
1330 1502 1453 1545 esse
1494 1486 1838 1542 excellentis-

270 1583 481 1640 simum.
509 1583 714 1653 Nempe
740 1595 1013 1649 auctores,
1043 1582 1185 1637 unde
1212 1596 1306 1636 sua
1334 1580 1699 1651 deprompsit,
1729 1578 1776 1633 si
1806 1592 1835 1633 a

269 1678 445 1747 paucis
471 1677 815 1743 discesseris,
848 1676 1050 1733 saeculo
1073 1692 1145 1731 vn
1176 1690 1284 1731 non
1311 1675 1641 1745 antiquiores
1669 1682 1795 1729 sunt
1818 1716 1835 1743 ,

265 1769 529 1840 siquidem
568 1769 883 1840 frequenter
921 1770 1187 1839 imprimis
1226 1767 1409 1823 laudat
1438 1766 1706 1823 Isidorum
1735 1765 1839 1821 Hi-

1940 580 2042 621 nos
2086 566 2455 638 conjecturam
2491 569 2664 625 secuti
2706 575 3000 639 utrumque
3035 566 3091 622 in
3127 566 3283 623 titulo
3327 569 3512 638 posuiv

1937 676 2096 729 mus,
2147 663 2383 721 alterum
2425 663 2785 728 redemptoris
2814 706 2828 731 ,
2882 662 3116 718 alterum
3162 655 3512 733 impresseris

1938 761 2120 823 partes
2148 754 2382 824 gessisse
2409 754 2689 823 suspicati.

2011 846 2170 902 1570.
2207 846 2384 915 Paris,
2415 848 2539 901 cites
2563 845 2686 901 Nic.
2712 846 2977 902 Cbcsneast
2999 863 3021 914 ;
3043 849 3223 917 iit-fel.
3249 865 3268 899 ι
3300 846 3371 901 La
3401 845 3517 903 Cité

1938 938 2008 996 de
2042 941 2171 995 Dieu
2200 941 2273 995 du
2304 941 2461 997 Saint
2489 940 2750 1009 Augustin
2794 939 3031 997 traduite
3056 955 3124 994 en
3156 940 3390 1005 [rancois
3421 954 3516 1007 par

1939 1028 2160 1085 Gentian
2180 1029 2233 1084 Η
2238 1039 2389 1084 srvet.
2405 1028 2545 1084 tCat.
2564 1028 2697 1084 Bibl.
2716 1028 2773 1083 ll
2777 1046 2853 1083 us.
2869 1026 3020 1084 Britt.
3040 1029 3123 1085 Cl.
3144 1028 3197 1082 Μ
3208 1071 3219 1084 .
3236 1028 3373 1084 Bibl.
3390 1028 3504 1084 Col.

2012 1121 2171 1178 1585.
2215 1121 2369 1175 Paris
2392 1163 2406 1187 ,
2448 1122 2570 1176 chez
2602 1120 2767 1175 ωσι».
2801 1121 3070 1189 Sonm’us;
3097 1122 3275 1191 ita-fol.
3306 1140 3325 1174 ι
3357 1122 3513 1178 Saint

1939 1214 2204 1284 Augustin
2231 1213 2296 1268 de
2328 1212 2376 1267 la
2406 1210 2526 1268 cus
2552 1214 2619 1267 de
2652 1212 2783 1267 Dieu
2804 1251 2823 1281 ,
2861 1211 3071 1267 illustre
3095 1212 3190 1267 des
3234 1227 3511 1267 commen-

1940 1309 2107 1367 taires
2138 1308 2209 1364 de
2235 1305 2573 1363 Jean~Louis
2602 1304 2796 1371 Vives,
2827 1305 3030 1361 traduit
3059 1320 3126 1361 θη
3155 1306 3388 1372 francois
3420 1320 3514 1373 par

1941 1400 2158 1456 Gentian
2183 1400 2402 1467 Hervet,
2434 1415 2566 1455 aveo
2588 1398 2668 1454 les
2694 1399 3038 1453 annotatious
3062 1406 3119 1451 et
3138 1395 3514 1452 observations

1918 1494 2007 1555 ,de
2036 1494 2289 1563 Franpois
2325 1495 2389 1547 de
2425 1492 2749 1565 Belleforest.
2783 1488 3087 1547 Troisidme
3126 1488 3329 1545 edition
3353 1530 3369 1556 ,
3408 1504 3509 1542 au-

1939 1587 2203 1659 gmentée.
2229 1605 2247 1639 ι
2272 1585 2387 1641 Cat.
2423 1585 2560 1640 Bibl.
2591 1586 2724 1659 Reg.
2756 1583 3015 1639 Eamdem
3046 1585 3332 1655 repetitam
3362 1582 3514 1636 Pari-

1939 1679 2030 1733 siis
2060 1677 2215 1745 1610,
2246 1677 2327 1731 in-
2340 1675 2434 1748 fol.
2470 1676 2685 1731 tradunt
2711 1674 3085 1730 Colonienses.

2014 1769 2173 1827 1655.
2202 1768 2360 1825 Paris
2386 1810 2400 1835 ,
2432 1772 2553 1825 cites
2590 1768 2767 1823 Pierre
2806 1768 2853 1822 le
2891 1768 3277 1843 Petit;in—fol.
3316 1785 3334 1819 t
3362 1766 3514 1823 Saint

261 1862 576 1931 spaleneem,
610 1861 880 1929 Orosinm,
909 1861 1135 1917 Paulum
1167 1861 1489 1925 Diaconum.
1522 1861 1797 1935 Hugonem
1816 1902 1832 1929 ,
1864 1849 1914 1910 Β
1939 1864 2197 1935 Augustin
2218 1904 2234 1929 ,
2259 1863 2326 1919 de
2348 1865 2396 1918 la
2419 1861 2538 1919 Cité
2558 1863 2625 1918 de
2644 1847 2810 1929 Dieu,
2840 1861 3042 1917 traduit
3061 1876 3127 1916 en
3154 1859 3391 1929 francois
3420 1875 3514 1931 par

264 1954 489 2024 Papiam
514 1998 530 2023 ,
573 1953 942 2028 Fulgentium,
987 1953 1295 2011 Catholicon
1321 1996 1335 2021 ,
1390 1954 1670 2009 Nicolaum
1716 1953 1837 2007 Tri-

261 2048 406 2109 setlt,
448 2046 775 2101 Vincentium
813 2046 1225 2102 Bellovacensem
1250 2088 1266 2115 ,
1306 2047 1530 2101 Alanum
1570 2046 1640 2101 de
1676 2043 1837 2099 Com-

262 2140 476 2209 planctu
519 2139 764 2205 Naturae,
814 2139 1075 2195 Joannem
1124 2139 1585 2205 Sarisbert'ensem,
1638 2137 1839 2193 Guliel-

258 2247 394 2287 mum
415 2232 572 2287 Paris
593 2275 605 2296 .
631 2230 848 2287 Petrum
872 2231 1213 2288 Comestorem
1233 2275 1245 2299 ,
1280 2230 1641 2287 Helinandum
1673 2231 1841 2285 alios-

258 2341 397 2396 que,
446 2326 733 2395 aliquoties
772 2325 1002 2379 Paulum
1051 2325 1344 2382 Diaconum
1387 2326 1456 2382 de
1502 2325 1837 2382 Mirabilibus

256 2421 436 2476 Mundi
457 2463 473 2487 ,
503 2420 761 2476 Coranum
791 2420 1120 2477 Mobamedis
1148 2430 1202 2476 et
1228 2421 1485 2475 Joannem
1512 2419 1839 2490 Magdunen-

252 2531 357 2568 sem
403 2513 579 2585 (Jean
620 2515 685 2569 de
731 2512 935 2585 Mean)
985 2522 1261 2583 tamquam
1305 2523 1581 2569 auctorem
1628 2510 1839 2567 fabellae

252 2604 477 2661 Gallica:
517 2607 579 2661 de
617 2605 757 2661 Rosa
793 2606 1053 2676 appellat.
1096 2606 1256 2660 Plura
1294 2605 1459 2659 etiam
1500 2619 1567 2658 ex
1610 2603 1835 2659 historia

252 2706 367 2752 tum
408 2700 495 2754 sui
538 2700 800 2769 temporis
823 2745 837 2768 ,
874 2708 985 2753 tum
1022 2697 1313 2769 antiquiori
1346 2696 1591 2752 Francia:
1634 2696 1838 2750 admis-

250 2791 365 2847 θυῖε
386 2832 402 2856 ,
430 2807 533 2847 ηθθ
564 2807 668 2847 nou
704 2791 1021 2846 traditiones
1052 2791 1258 2863 passim
1286 2789 1542 2859 vulgique
1572 2787 1838 2858 supersti-

252 2885 432 2938 tiones
476 2883 653 2938 varias
694 2884 961 2953 aspersit,
1011 2898 1075 2938 ex
1121 2883 1317 2953 quibus
1360 2880 1672 2950 speciminis
1714 2879 1835 2933 loco

248 2974 515 3030 nonnulla
542 2977 827 3047 proposuit
851 2974 1186 3042 Lancelotus,
1212 2972 1506 3028 Academia:
1528 2970 1838 3043 Inscriptio-

248 3084 372 3122 num
414 3078 462 3122 et
505 3067 670 3122 litter.
714 3068 1017 3139 elegantior.
1068 3064 1243 3121 Paris.
1288 3064 1560 3136 quondam
1600 3062 1829 3131 Socius,

246 3158 404 3227 cujus
447 3157 591 3213 binm
631 3158 701 3215 de
741 3157 1028 3228 Raduipho
1070 3157 1309 3213 Preslaéo
1351 3156 1577 3225 ejusque
1615 3156 1834 3224 scriptis

245 3252 737 3307 commentationes
780 3252 1002 3305 insertae
1037 3260 1162 3305 sunt
1195 3249 1459 3305 Memoriis
1484 3247 1659 3318 ejusd.
1690 3246 1830 3302 Aca-

245 3343 442 3400 demiae
474 3344 540 3403 Τ.
572 3344 722 3415 Xlll,
753 3361 781 3400 a
815 3360 935 3416 pag.
965 3344 1070 3401 607
1110 3344 1176 3399 ad
1216 3342 1339 3399 665.
1374 3342 1524 3400 lllius
1555 3344 1699 3397 enim
1732 3341 1833 3396 viri

248 3436 508 3492 laudabili
539 3438 815 3508 diligentia
847 3436 1099 3494 effectum
1127 3446 1243 3505 est,
1275 3445 1330 3491 ut
1357 3450 1711 3507 quaecumque
1738 3448 1834 3488 au-

250 3538 455 3585 ctorem
488 3532 757 3586 versionis
789 3532 951 3599 hujus
981 3538 1321 3586 conceruuut
1354 3528 1504 3598 juxta
1536 3529 1833 3583 documen-

252 3630 427 3678 torum
460 3624 792 3693 0ptimorum
824 3624 985 3679 tidem
1014 3622 1289 3691 esplurata
1324 3635 1465 3677 nunc
1491 3620 1818 3688 habeantur,

252 3719 520 3790 simulque
550 3720 787 3773 tenebrae
816 3720 957 3784 istae,
994 3718 1189 3787 quibus
1223 3716 1445 3771 Erucius
1477 3715 1834 3769 Cenomanen-

251 3810 318 3863 sis
357 3809 476 3879 (La
503 3810 663 3866 Croia:
701 3811 774 3865 du
815 3809 1025 3882 Maine)
1066 3810 1118 3863 in
1150 3807 1290 3864 Bibl.
1327 3808 1467 3862 Gall.
1503 3823 1553 3877 p.
1584 3806 1687 3861 427
1718 3806 1833 3860 hac

253 3900 512 3971 obsepsit,
540 3902 847 3971 quibusque
872 3899 1224 3972 dispellendis
1250 3914 1355 3952 non
1385 3897 1677 3952 admodum
1707 3912 1832 3966 pro—

254 3989 502 4047 fecerunt
548 3993 874 4065 conjecturis
918 3994 1032 4048 suis
1080 4001 1330 4047 auctores
1377 3989 1454 4045 M.
1497 3988 1833 4042 Bibliotheca

253 4082 574 4140 Coloniensis
615 4086 716 4157 (p.
763 4085 889 4152 710,
930 4102 987 4141 η.
1032 4083 1172 4154 157)
1216 4082 1524 4138 clarissima
1563 4082 1684 4136 luce
1725 4084 1832 4136 siut

253 4179 609 4233 collustrata.
650 4178 769 4233 Prae
808 4178 1019 4233 caeteris
1056 4188 1235 4233 autem
1269 4176 1415 4230 illius
1442 4176 1656 4245 scriptis
1689 4175 1831 4228 hunc

254 4268 446 4325 librum
491 4269 832 4339 paucissimis
870 4272 1044 4325 visum
1066 4313 1081 4339 ,
1129 4270 1430 4339 inSpectum
1460 4283 1620 4333 vero,
1654 4281 1825 4336 quan-

256 4371 362 4415 tum
390 4362 644 4431 equidem
673 4364 819 4426 scio,
847 4363 1048 4418 nemini
1073 4405 1087 4429 ,
1118 4361 1410 4432 diligenter
1459 4358 1825 4423 examinavit,

253 4456 661 4525 praecipuosque
691 4454 805 4525 ejus
832 4454 986 4509 dotes
1008 4470 1127 4509 cum
1148 4454 1353 4525 judicio
1383 4453 1652 4524 exposuit.
1682 4451 1828 4505 Enu-

1940 1958 2006 2012 de
2031 1958 2284 2013 Ceresiers
2305 2000 2319 2026 ,
2353 1957 2635 2012 aumdnier
2660 1957 2730 2011 du
2763 1956 2897 2028 Roy.
2931 1974 2951 2008 ι
2986 1953 3101 2011 Cat.
3132 1954 3269 2011 Bibl.
3304 1954 3432 2025 Reg.
3467 1962 3515 2009 el

1940 2050 2181 2106 Casanat.

2011 2142 2148 2199 1665
2176 2152 2229 2199 et
2258 2143 2345 2198 67.
2382 2141 2538 2198 Paris
2561 2183 2576 2209 ,
2619 2144 2739 2197 chez
2770 2142 2949 2197 Pierre
2973 2142 3022 2196 le
3050 2139 3223 2209 Petit;
3251 2139 3415 2205 in-8“,
3446 2137 3511 2194 11

1939 2237 2066 2294 υοιι.
2116 2255 2135 2289 t
2167 2236 2318 2294 Saint
2343 2237 2611 2307 Augustin
2637 2236 2705 2292 de
2732 2236 2780 2290 la
2806 2232 2923 2292 Cité
2942 2235 3008 2290 de
3038 2235 3193 2293 Dieu.
3221 2232 3420 2289 traduit
3445 2249 3510 2288 en

1939 2330 2172 2398 francois
2197 2344 2292 2400 par
2316 2329 2474 2383 Louis
2502 2328 2649 2401 (ἐὰν,
2678 2336 2851 2385 tomes
2875 2328 2901 2384 Ι
2928 2336 2981 2384 et
3009 2326 3085 2394 Π,
3116 2334 3409 2382 cuutenant
3434 2324 3513 2380 les

1938 2422 2026 2479 dis
2058 2424 2326 2494 premiers
2356 2422 2537 2477 livres.
2562 2439 2581 2473 ι
2612 2421 2727 2477 Cat.
2761 2420 2899 2476 Bibl.
2935 2420 3065 2492 Reg.

2010 2515 2171 2572 1675.
2216 2516 2374 2571 Paris
2396 2561 2412 2587 ,
2444 2517 2568 2570 cites
2596 2515 2773 2572 Andre
2802 2514 3032 2570 Pralard
3053 2555 3067 2580 ,
3096 2512 3257 2580 iit-8',
3289 2510 3348 2566 11
3384 2510 3510 2568 voll.

1942 2609 2059 2665 «La
2087 2608 2204 2666 Cité
2232 2609 2300 2665 de
2346 2610 2475 2665 Dieu
2518 2610 2586 2664 de
2626 2609 2779 2665 Saint
2823 2609 3123 2678 Augustin,
3168 2605 3403 2662 traduitc
3444 2619 3514 2660 en

1938 2700 2174 2768 francois
2195 2710 2249 2757 et
2274 2716 2471 2755 reveue
2492 2716 2584 2755 sur
2608 2701 2871 2770 plusieurs
2890 2701 3108 2753 anciens
3130 2711 3257 2752 mss.
3274 2711 3405 2751 avec
3417 2693 3514 2751 des

1937 2810 2249 2866 remarques
2273 2803 2327 2849 et
2350 2794 2445 2849 des
2471 2804 2644 2860 notes,
2665 2802 2955 2847 contenant
2971 2791 3066 2853 des
3083 2790 3420 2845 corrections
3442 2787 3512 2842 du

1939 2896 2083 2945 texte
2114 2903 2207 2958 par
2236 2886 2417 2941 Pierre
2447 2886 2707 2940 Lombert.
2740 2903 2760 2938 ι
2791 2882 2904 2939 Cat.
2936 2880 3077 2938 Bibl.
3105 2880 3237 2951 Reg.
3268 2887 3323 2935 et
3350 2876 3514 2932 Ducis

1936 2984 2000 3037 de
2027 2980 2080 3034 la
2114 2978 2336 3036 Valierc.
2376 2979 2573 3035 Eadem
2604 2977 2832 3047 repetita
2860 2985 2943 3032 est
2976 2974 3166 3030 eodem
3199 2986 3341 3027 anno
3371 2970 3510 3026 Bm.

1936 3072 2115 3139 mellea,
2147 3081 2200 3129 et
2232 3072 2369 3127 1695
2399 3070 2551 3125 Paris
2578 3068 2643 3124 11
2670 3069 2792 3123 coll.
2831 3066 2988 3141 (Cat.
3020 3065 3157 3121 Bibl.
3190 3065 3409 3136 Tltott.)

2009 3167 2167 3224 1701.
2219 3166 2262 3220 Α
2302 3163 2489 3229 Paris,
2521 3166 2642 3218 cltez
2674 3161 2893 3217 Nicolas
2928 3159 3124 3232 Pepie;
3154 3156 3319 3223 in-8',
3360 3173 3421 3212 en
3448 3152 3514 3209 II

1939 3270 2118 3316 tomes.
2148 3277 2167 3311 ι
2186 3255 2259 3315 La
2288 3257 2406 3313 Cité
2436 3257 2503 3312 de
2530 3256 2745 3311 Dieude
2772 3250 3208 3322 SaintAugustin
3232 3266 3247 3316 ;
3280 3248 3514 3303 traduite

1936 3368 2003 3410 en
2046 3351 2280 3419 francois
2319 3361 2374 3406 et
2402 3356 2570 3405 revue
2610 3364 2705 3404 sur
2747 3346 2983 3403 l‘édition
3023 3345 3118 3401 des
3150 3342 3252 3400 PP.
3284 3340 3511 3398 Béuédio

1935 3446 2107 3513 ctins,
2140 3458 2270 3498 aveo
2302 3443 2397 3497 des
2425 3455 2770 3511 remarques,
2801 3448 2907 3493 etc.
2932 3455 2952 3489 ι

2008 3537 2167 3596 1756.
2198 3538 2241 3590 A
2263 3533 2612 3599 Amsterdam,
2636 3533 2759 3587 cites
2778 3530 2956 3585 Pierre
2976 3527 3217 3594 Mortier,
3241 3524 3403 3591 iit-8',
3428 3523 3509 3577 IV

1936 3641 2115 3686 tomes.
2146 3647 2165 3682 ι
2186 3628 2263 3684 La
2279 3628 2397 3683 Cité
2425 3627 2491 3682 de
2518 3627 2650 3682 Dieu
2681 3625 2748 3680 de
2777 3624 2931 3680 Saint
2955 3621 3252 3693 Augustin;
3277 3616 3514 3673 traduite

1933 3738 2000 3779 en
2033 3720 2272 3789 irancois
2312 3729 2367 3774 et
2404 3733 2568 3774 revue
2603 3732 2700 3771 sur
2742 3716 3010 3786 plusieurs
3050 3728 3181 3768 mss.
3212 3730 3225 3764 :
3259 3723 3390 3765 avec
3415 3708 3513 3764 des

1934 3828 2250 3883 remarques
2278 3822 2332 3867 et
2358 3812 2453 3866 des
2483 3820 2639 3865 notes
2665 3809 2759 3879 qui
2786 3809 3139 3862 contiennent
3167 3801 3410 3874 quantite
3438 3801 3507 3855 de

1933 3905 2265 3960 corrections
2290 3901 2649 3971 importantes
2676 3900 2746 3953 du
2778 3905 2921 3951 teste
2950 3898 3081 3952 latin
3107 3910 3122 3961 ;
3154 3903 3210 3951 et
3233 3894 3283 3948 la
3315 3892 3411 3947 Vie
3440 3892 3510 3946 de

1934 3996 2006 4052 Μ.
2049 3993 2301 4050 Lombert.
2336 4011 2355 4046 ι
2381 3992 2534 4047 Nota:
2577 3989 2845 4061 imprimis
2873 3989 2940 4042 de
2983 3987 3233 4042 versione
3279 3991 3512 4038 tractant

1934 4089 2156 4159 ejusque
2186 4086 2458 4142 licentiam
2492 4100 2553 4139 ex
2588 4099 2678 4149 eo,
2708 4082 2849 4153 quod
2881 4082 3160 4150 elegantize
3186 4077 3368 4133 sensui
3401 4085 3511 4131 tra-

1934 4182 2126 4237 ductor
2154 4179 2346 4236 dcbeat
2373 4189 2428 4235 et
2454 4177 2593 4249 quod
2625 4178 2927 4247 linguarqu
2956 4175 3185 4229 invicem
3212 4171 3509 4227 abhorrens

1932 4274 2208 4343 ingenium
2230 4273 2493 4342 postulet,
2517 4280 2798 4345 excusant.
2825 4269 2962 4324 Hinc
2984 4281 3083 4323 nec
3104 4268 3301 4335 ubique
3321 4264 3510 4321 eadem

1932 4366 2126 4421 iterum
2164 4364 2470 4428 inculcare,
2509 4361 2605 4417 sed
2634 4360 2704 4416 ad
2753 4360 2967 4430 priores
2996 4366 3202 4414 tantum
3236 4354 3309 4412 ιι
3341 4355 3509 4410 libros

1934 4458 2059 4512 talia
2092 4471 2318 4511 monere
2361 4455 2492 4511 satis
2528 4455 2705 4508 visum
2746 4461 2850 4508 est.
2892 4448 3349 4513 Emendatioues,
3376 4458 3510 4516 quas

253 4556 421 4602 merat
460 4557 725 4617 praeterea
769 4562 821 4618 p.
853 4546 957 4601 654
994 4547 1320 4617 insigniores
1356 4546 1564 4615 aliquot
1605 4544 1825 4598 codices
1855 4596 1908 4619 ﬁ
1933 4550 1986 4606 in
2017 4550 2172 4605 titulo
2203 4550 2509 4619 profitetur,
2542 4562 2609 4602 ex
2643 4546 2710 4602 10
2741 4546 2964 4601 circiter
2999 4540 3173 4597 aut11
3202 4554 3336 4595 mss.
3376 4538 3509 4593 Gal-

251 4655 378 4695 mss.
410 4642 500 4712 qui
534 4640 600 4694 ad
630 4636 792 4695 unum
821 4654 1011 4695 omnes
1051 4642 1103 4695 in
1144 4640 1477 4695 Bibliotheca
1516 4638 1684 4708 Regia
1717 4638 1821 4692 Pa-

251 4734 390 4791 risiis
421 4745 772 4791 asservantur
796 4742 849 4789 et
880 4736 1119 4790 numeris
1145 4734 1257 4789 suis
1282 4741 1407 4787 sunt
1430 4730 1621 4787 notati.
1650 4730 1825 4785 Cane-

248 4841 363 4881 rum
404 4843 512 4883 non
556 4828 735 4881 minus
772 4841 895 4881 rara
936 4826 1035 4881 hac
1074 4826 1315 4895 principe
1354 4824 1512 4895 hujus
1547 4822 1823 4879 versionis

244 4918 481 4975 editione
509 4926 597 4975 est
627 4919 797 4974 altera
825 4918 915 4972 diu
946 4926 1131 4989 postea
1161 4915 1328 4971 facta.

313 5015 476 5071 1551.
509 5011 665 5067 Paris
693 5014 837 5084 (chez
862 5009 1036 5065 Galiot
1066 5011 1138 5064 du
1163 5010 1315 5082 Pré),
1346 5027 1440 5081 par
1469 5010 1685 5066 Nicolas
1717 5010 1823 5066 Sa-

245 5108 431 5173 retier;
460 5105 669 5177 in-{ol.,
703 5102 768 5159 II
802 5113 980 5157 lomes.
1010 5121 1030 5155 ι
1066 5103 1137 5159 La
1171 5103 1287 5159 Cité
1317 5104 1383 5159 de
1412 5103 1549 5159 Dieu
1575 5105 1643 5159 de
1673 5105 1824 5159 Mon-

242 5201 497 5270 seigneur
526 5197 984 5268 SaintAugustin,
1011 5197 1304 5254 translatée
1325 5199 1393 5254 de
1423 5198 1552 5252 latin
1582 5213 1649 5254 en
1680 5199 1825 5253 fran-

242 5296 355 5360 cois
382 5305 485 5363 par
508 5290 680 5345 Raoul
703 5292 767 5346 de
794 5290 1014 5347 Prwsles
1031 5307 1081 5357 ;›
1105 5291 1259 5360 cujus
1284 5291 1621 5361 Splendidqu
1649 5306 1825 5345 exem-

242 5388 359 5457 plar
397 5385 531 5441 olim
572 5386 712 5440 inter
748 5396 1067 5440 ornamenta
1106 5383 1439 5439 Bibliotheca:
1476 5381 1636 5438 Ducis
1678 5386 1741 5438 de
1772 5385 1823 5438 la

249 5480 457 5535 i’aliere
489 5478 897 5535 numerabatur.
930 5476 1012 5534 Cl.
1043 5478 1155 5533 Cat.
1181 5476 1244 5531 T.
1272 5476 1325 5543 i,
1360 5493 1411 5546 p.
1447 5476 1570 5541 168,
1602 5493 1655 5532 η.
1688 5477 1816 5534 458.

243 5572 443 5628 Laudat
476 5572 725 5627 eamdem
763 5568 878 5627 Cat.
920 5570 1057 5624 Bibl.
1099 5569 1267 5624 Musei
1304 5568 1460 5623 Britt.
1500 5569 1816 5625 Tenendum

242 5675 322 5719 est
348 5677 562 5729 autem,
596 5662 971 5718 Lancelottum
1002 5662 1163 5718 etiam
1192 5676 1346 5733 aeque
1374 5677 1438 5717 ac
1463 5661 1817 5719 Colonienses

245 5757 400 5826 hujus
426 5755 681 5812 editionis
710 5754 1044 5811 mentionem
1077 5756 1286 5822 facere,
1316 5755 1413 5813 sed
1446 5756 1517 5812 ita
1537 5797 1553 5824 ,
1586 5764 1645 5812 ut
1674 5757 1818 5829 apud

250 5850 512 5905 Galiotum
550 5849 621 5905 du
665 5848 771 5904 Pre
801 5849 1073 5915 prodiisse
1117 5852 1418 5917 artirmcnt,
1474 5868 1595 5910 cum
1641 5865 1820 5912 tamen

1853 4596 1910 4659 D

1932 4643 2125 4701 licauis
2152 4639 2533 4709 nonnullisque
2564 4638 2945 4694 Vatieauorum
2968 4679 2983 4703 ,
3009 4648 3143 4704 quas
3171 4627 3505 4686 Beuedictini

1932 4735 2035 4790 PP.
2061 4733 2162 4805 ipsi
2189 4738 2613 4798 concesserant,
2644 4728 2968 4785 lectionibus
2994 4726 3213 4781 haustas
3240 4735 3363 4778 esse
3391 4734 3507 4775 mo.

1931 4839 2041 4886 net.
2068 4828 2267 4895 Eadem
2291 4827 2471 4883 versio
2495 4824 2719 4880 tetidem
2742 4820 3112 4877 voluminibus
3134 4817 3304 4882 in-12,
3332 4814 3508 4870 eodem

1929 4939 2065 4977 anno
2096 4921 2282 4975 ibidem
2311 4919 2449 4991 apud
2479 4916 2597 4973 Jac.
2634 4917 2811 4971 Rollin
2841 4925 3079 4975 excusa,
3110 4923 3233 4979 qua:
3258 4906 3510 4961 similiter

1931 5029 1993 5069 ac
2022 5014 2330 5085 praecedens
2360 5014 2524 5067 vitam
2554 5008 2881 5066 traductoris
2906 5007 2960 5059 in
2992 5004 3147 5059 titulo
3182 5002 3356 5072 gerit,
3388 5016 3502 5057 me-

1932 5116 2174 5163 moratur
2216 5106 2269 5160 iu
2317 5105 2432 5160 Cat.
2465 5104 2599 5158 Bibl.
2646 5103 2774 5173 Reg.
2804 5101 2865 5153 Τ.
2891 5098 2932 5153 1.
2975 5112 3028 5167 p.
3070 5096 3197 5152 379.
3242 5092 3498 5149 Etimtlem

1931 5199 2185 5253 duodenis
2216 5196 2294 5251 IV
2318 5196 2438 5251 t'oll.
2472 5196 2694 5249 Parisiis
2720 5193 2852 5248 1757
2881 5203 3144 5247 excusem
3176 5187 3356 5241 laudat
3381 5181 3499 5239 Cat.

1929 5289 2068 5344 Bibl.
2108 5288 2405 5343 Firmiantv.

2000 5383 2321 5454 Hispaniae.
2341 5381 2581 5437 -1611,
2613 5379 2841 5445 Matriti,
2876 5377 3054 5449 ἱη-Ῑοι.
3088 5375 3148 5434 S.
3174 5372 3504 5446 Augustinus

1927 5478 1995 5535 de
2022 5478 2246 5534 Civitate
2276 5478 2368 5532 Dei
2399 5477 2435 5529 l.
2469 5473 2648 5538 XXII,
2677 5473 2967 5542 Hispanice
2993 5488 3091 5543 per
3117 5471 3240 5525 Ant.
3268 5468 3332 5524 de
3366 5467 3505 5538 Roga

1927 5582 1981 5629 et
1998 5573 2187 5627 Rozas.
2214 5570 2460 5625 Laudant
2482 5569 2833 5622 Colonienses.

2001 5665 2158 5720 1676.
2189 5662 2428 5717 Amberes
2454 5659 2835 5733 (Antuerpiae),
2860 5659 3044 5733 in-fol.
3068 5659 3233 5715 iidem
3258 5656 3504 5727 ejusdem

1927 5757 2212 5817 versionis.
2245 5755 2358 5812 Cat.
2391 5756 2527 5811 Bibl.
2563 5756 2734 5811 Thott.
2774 5754 3083 5826 lterumque
3110 5752 3309 5808 ibidem
3341 5766 3503 5823 repe-

1928 5854 2013 5913 titi
2037 5854 2293 5914 dicuntur
2324 5868 2373 5908 a.
2407 5853 2545 5910 1696
2571 5852 2752 5917 in-fol.
2790 5851 2844 5905 in
2874 5846 3010 5908 Bibl.
3044 5846 3191 5904 Eccl.
3223 5847 3407 5903 Colon.
