4010 6350
536 322 673 381 159;
772 338 778 345 ’

1414 318 1970 378 SUPPLEMENTUM
2008 318 2101 374 AD
2139 316 2367 374 OPERA
2407 318 2468 373 S.
2510 318 2900 377 AUGUSTINI.
3662 334 3744 392 (ω

604 438 866 511 Belgicam
886 442 1184 498 versionem
1209 425 1928 512 tmpressam‘LuguuutBat.
1956 438 2112 503 1621,
2146 441 2200 501 Α
2294 437 2712 509 XXIX.—(82,
2745 439 2835 512 85)
2876 441 3191 511 Augustinus
3226 442 3281 496 in
3324 443 3636 517 Evangelium
3670 454 3746 511 lo.

532 546 597 588 ex
646 532 761 589 Cat.
806 534 945 589 Bibl.
985 533 1205 604 Traject.
1236 533 1298 587 T.
1330 532 1413 598 11,
1446 549 1500 603 p.
1530 534 1563 589 5
1586 571 1603 599 ,
1643 532 1920 602 proferunt
1957 530 2115 588 Colo-

535 639 778 679 menses.

604 715 965 771 Germanicam
1006 717 1227 770 Joannis
1273 715 1518 791 Godfridi
1555 717 1619 771 de
1648 716 1993 782 Odernheim,
2025 718 2114 786 qui

534 808 675 863 circa
704 824 753 861 a.
789 808 925 862 1495
946 806 1436 874 0,»ιιρηὴθίιηεηείε
1459 811 1717 865 Ecclesia:
1742 819 1922 879 pastor
1951 810 2115 865 luisse

535 897 873 966 perhibetur,
905 915 971 952 ex
1003 897 1323 969 Eisengrenii
1364 900 1467 955 llde
1506 910 1897 954 commemorat
1928 899 2116 952 Posse-

534 989 679 1042 vinus
711 989 845 1059 App.
876 989 1026 1044 Sacr.
1064 990 1122 1043 T.
1156 990 1209 1055 l,
1245 1007 1296 1058 p.
1330 991 1456 1045 889.
1508 991 1682 1045 Aliam
1712 1000 1935 1043 auctore
1966 988 2115 1042 Hans

537 1082 756 1135 Nicolao
788 1081 1033 1149 Sigmaro
1064 1099 1093 1133 tt
1124 1081 1514 1153 Schlusselberg
1538 1124 1553 1147 ,
1586 1096 1839 1135 excusam
1876 1080 2115 1143 ligatist-

535 1191 616 1228 ηαξ
646 1175 814 1240 1666,
846 1175 992 1227 iit-4°
1022 1176 1201 1229 laudat
1236 1174 1502 1229 Gemeiner
1542 1172 1791 1245 Regensb.
1832 1173 2112 1228 Stadtbibl.

536 1281 590 1334 p.
619 1268 719 1320 197
744 1284 758 1320 :
784 1278 1023 1321 attamen
1055 1284 1161 1321 non
1196 1268 1297 1322 nisi
1328 1267 1525 1322 librum
1561 1268 1791 1337 primum
1821 1282 1940 1321 eam
1971 1280 2118 1321 com-

537 1356 699 1427 plecti
733 1360 1021 1426 signiﬁcat.

733 1446 1141 1520 XXVI.——(75)
1174 1448 1249 1502 De
1278 1449 1424 1504 Bono
1463 1449 1745 1504 Viduitatis
1768 1451 1917 1503 liber.

611 1538 770 1595 1517.
804 1539 983 1608 Paris,
1018 1542 1139 1596 cltez
1167 1544 1301 1597 Jean
1336 1542 1492 1607 Petit,
1529 1543 1687 1598 inor.
1721 1562 1737 1593 ι
1763 1545 1836 1599 De
1865 1543 2023 1599 I'Etat
2053 1544 2119 1600 de

538 1629 820 1699 Veuvage;
865 1633 931 1686 de
976 1632 1025 1685 la
1071 1632 1307 1688 Mauiére
1347 1634 1413 1689 de
1456 1634 1601 1703 prier
1646 1634 1815 1700 Dieu;
1849 1636 1893 1689 la
1924 1635 2021 1690 Vie
2051 1635 2119 1691 de

536 1721 724 1777 Sainte
755 1722 1041 1791 Monique;
1071 1724 1376 1792 Opuscules
1406 1724 1474 1780 de
1502 1726 1655 1780 Saint
1683 1726 1943 1794 Augustin
1964 1768 1979 1787 .
2013 1735 2120 1781 tra-

2217 532 2367 583 annis
2400 542 2448 584 et
2495 531 2780 602 Epistolam
2812 536 2921 599 eius
2971 531 3000 586 1
3019 574 3034 598 ,
3068 532 3137 585 ad
3180 532 3421 590 Parthos.
3465 537 3580 593 Sine
3616 558 3745 615 anno,

2217 623 2331 677 loco
2382 634 2428 677 et
2474 633 2675 695 typogr.
2731 624 2903 680 in-l‘ol.
2974 626 3289 699 Augustinus
3330 647 3478 703 super
3515 630 3746 693 Joannem.

2220 714 2345 770 Haec
2429 717 2594 771 verba
2675 717 2813 771 tituli
2882 718 3003 772 loco
3066 719 3259 775 litteris
3313 722 3593 790 majoribus
3649 726 3750 782 lolio

2218 807 2396 875 primo
2449 818 2703 863 czcterum
2757 824 2923 864 vacuo
2981 823 3105 865 sunt
3172 812 3467 881 impressa.‘
3502 814 3554 867 In
3602 816 3751 875 limine

2219 908 2396 955 textus
2423 916 2434 952 :
2478 899 2599 953 Diri
2626 901 2824 956 Aurelii
2850 902 3146 973 Augustini,
3172 904 3514 976 Hipponensis
3534 910 3752 980 episcopi:

2218 994 2271 1046 in
2330 993 2665 1063 Evangelium
2691 997 2966 1047 secundum
3015 995 3265 1050 Joannem
3298 996 3555 1051 Tractatus
3591 1002 3753 1070 primus

2216 1085 2432 1154 feliciter
2460 1087 2661 1157 incipit.
2695 1088 2766 1139 Ab
2796 1105 2854 1141 eo
2878 1090 3013 1157 quod
3044 1093 3294 1158 scriptum
3314 1099 3425 1145 est:
3456 1088 3518 1144 In
3540 1093 3756 1159 principio

2219 1188 2327 1230 erat
2373 1178 2637 1235 Verbum:
2683 1188 2730 1233 et
2764 1180 2970 1234 verbum
3019 1192 3127 1235 erat
3170 1183 3312 1253 apud
3351 1183 3619 1245 deuouet,
3658 1185 3758 1241 deus

2219 1281 2328 1325 erat
2374 1271 2598 1324 verbum.
2645 1289 2806 1341 usque
2842 1275 2909 1327 ad
2942 1274 2995 1327 id
3024 1274 3164 1345 quod
3196 1276 3309 1328 ait:
3334 1273 3400 1328 Et
3444 1274 3632 1329 tenebre
3666 1293 3758 1331 eam

2218 1382 2319 1419 non
2351 1365 2859 1439 comprehenderunt.
2892 1368 2945 1421 ltt
2974 1369 3077 1423 line
3103 1386 3113 1421 :
3154 1368 3268 1421 Divi
3300 1366 3500 1421 Aurelii
3527 1366 3758 1437 Augustini

2220 1460 2550 1531 hipponensis
2611 1462 2839 1532 cpiscOpi
2886 1463 3141 1528 expauitio
3170 1464 3221 1515 in
3273 1462 3581 1532 evangelium
3612 1478 3759 1515 secun-

2220 1552 2343 1605 dum
2372 1551 2627 1606 Joannem
2667 1555 2886 1624 feliciter
2914 1554 3143 1626 explicit.
3179 1555 3497 1609 Prmeedunt
3518 1554 3759 1608 Annotatio

2220 1660 2309 1699 seu
2340 1644 2691 1699 lnventarium
2718 1648 3077 1716 principalium
3120 1649 3512 1715 sententiarum,
3561 1663 3649 1703 nec
3675 1663 3758 1703 non

2223 1736 2361 1789 tituli
2426 1753 2513 1789 seu
2550 1737 2769 1791 rubrica:
2816 1746 3163 1799 tractatuum,
3214 1755 3241 1793 κ
3294 1739 3456 1793 foliis.
3512 1737 3759 1808 Impressio

536 1810 680 1865 duits
707 1828 801 1881 par
833 1806 1029 1867 Adrian
1059 1814 1275 1869 Gemelli
1321 1814 1565 1886 (.lumel),
1595 1817 1775 1883 prétre
1798 1819 2025 1871 docleur
2047 1833 2113 1872 en
2149 1810 2191 1869 Β
2222 1827 2358 1881 facta
2380 1838 2457 1882 est
2483 1828 2673 1883 litteris
2700 1829 2940 1884 Gotlticis
2964 1831 3275 1893 minoribus,
3297 1830 3497 1883 duabus
3516 1806 3761 1884 columnis.

539 1904 807 1975 tbcolttgie
830 1917 881 1961 et
903 1908 1071 1975 grand
1094 1910 1432 1964 arcltidiacre
1456 1910 1524 1964 de
1546 1910 1693 1965 Laou
1720 1925 1787 1965 en
1811 1911 2110 1965 Picardie.»

540 1996 622 2050 Du
646 1997 956 2053 Verdiered.
978 2010 1202 2065 rccent.,
1224 2002 1288 2056 Τ.
1310 2002 1353 2069 Ι,
1372 2018 1424 2072 p.
1446 2003 1499 2056 7.
1516 2002 1800 2058 Tractatus
1820 2004 1884 2057 de
1907 2002 2116 2057 Orando

539 2088 649 2145 Deo
678 2091 824 2145 inter
853 2092 1114 2161 epistolas
1143 2104 1397 2147 censetur
1428 2094 1548 2149 150.
1689 2153 1691 2155 ,

731 2186 979 2241 XXVII.
1010 2218 1081 2228 —
1112 2187 1226 2258 (79)
1257 2187 1331 2241 De
1358 2187 1523 2242 Gestis
1552 2186 1754 2258 Pelagii
1782 2188 1905 2241 liber

608 2280 764 2333 1611.
796 2280 1041 2349 Augusta:
1079 2279 1460 2333 Vindelicorutn
1485 2319 1501 2344 ,
1530 2279 1688 2334 iri-8‘.
1725 2278 1787 2333 ι).
1836 2280 2114 2348 Augustini

538 2369 677 2423 liber
702 2370 768 2423 de
793 2369 972 2424 Gestis
1015 2370 1249 2439 Pelagii,
1293 2384 1439 2424 nunc
1468 2372 1697 2438 primum
1730 2368 1910 2425 editus
1938 2372 2117 2426 studio

539 2458 707 2513 Marci
747 2458 959 2513 Velseri.
1676 2534 1679 2537 ν

607 2549 832 2604 Εωειιιὶε
857 2549 1014 2620 (urbe
1042 2551 1151 2620 agri
1183 2550 1481 2607 Florentini
1503 2592 1517 2617 ,
1547 2552 1896 2625 quambodie
1926 2553 2118 2607 Fiesoli

537 2641 747 2709 dicunt)
780 2641 1031 2696 inventus
1061 2654 1177 2697 erat
1204 2644 1258 2697 in
1282 2643 1611 2699 bibliotheca
1641 2645 1870 2699 abbatis:
1899 2644 1956 2700 8.
1987 2644 2117 2699 Bar-

474 2808 493 2821 .
537 2733 811 2790 tholomazi
854 2737 1239 2790 canonicorum
1281 2738 1604 2805 regularium
1645 2737 2113 2793 Laleranensium.
2146 2722 2169 2739 ’

537 2828 673 2883 Hinc
698 2829 816 2898 ejus
842 2830 1224 2900 antigraphum
1251 2830 1543 2885 cardiualis
1569 2831 1746 2902 Scipio
1773 2830 2113 2895 Cobellutius,

537 2931 665 2976 tunc
694 2922 762 2976 ab
790 2923 1036 2991 epistolis
1064 2931 1118 2977 et
1147 2925 1374 2978 secretis
1402 2926 1595 2978 summi
1630 2924 1915 2993 pontiﬁcis,
1947 2924 2115 2978 Roma

536 3013 602 3067 ad
626 3012 857 3067 Marcum
887 3015 1153 3069 Velserum
1179 3015 1519 3069 duumvirum
1548 3004 1914 3085 Augustalium
1941 3024 2117 3069 trans-

539 3107 789 3162 miserat:
814 3108 906 3177 qui
937 3108 1151 3177 quidem
1181 3108 1509 3178 aliquamdiu
1540 3108 1826 3173 editiones,
1856 3123 1977 3177 qua:
2005 3106 2116 3161 Ro-

2220 1919 2432 1973 Chartae
2462 1919 2656 1974 litteris
2686 1921 2909 1990 signata.-
2944 1931 3092 1983 sunt.
3118 1921 3499 1975 desiderantur
3527 1930 3686 1976 tamen
3704 1919 3763 1974 lo-

2219 2010 2411 2065 liorttm
2453 2013 2667 2067 numeri
2715 2024 2764 2067 et
2807 2014 3081 2081 custodes.
3111 2014 3168 2069 lu
3219 2030 3431 2069 summa
3463 2015 3642 2084 pagina
3668 2028 3753 2069 non

2218 2102 2391 2156 solum
2427 2113 2703 2169 tractatus,
2748 2106 2844 2159 sed
2891 2116 2946 2159 et
2991 2108 3164 2176 capita
3210 2106 3532 2160 indicantur.
3578 2105 3629 2159 In
3665 2104 3760 2173 ipso

2218 2202 2473 2246 contextu
2500 2206 2677 2247 autem
2711 2197 2871 2250 verba
2908 2197 3181 2265 Evangelii
3213 2206 3308 2249 aut
3330 2196 3430 2250 alia
3468 2196 3580 2249 loca
3608 2195 3763 2251 bblica

2222 2284 2841 2355 commentariorumque
2873 2286 3046 2355 initia,
3098 2288 3188 2341 illa
3234 2286 3435 2351 medio,
3466 2288 3575 2341 hzrc
3602 2286 3765 2355 majori

2221 2374 2534 2430 charactere
2556 2376 2975 2446 distinguuntur.
3012 2379 3205 2433 Addita
3231 2389 3361 2432 sunt
3389 2379 3696 2448 marginalia.
3723 2378 3765 2433 in

2220 2468 2413 2537 quibus
2447 2470 2529 2522 vel
2564 2469 2674 2521 loca
2710 2471 2989 2538 parallela,
3014 2472 3101 2526 vel
3146 2473 3411 2525 lectiones
3460 2471 3611 2524 variat
3652 2469 3766 2524 loco-

2221 2575 2337 2613 rum
2393 2561 2716 2614 Biitlicorutn
2758 2563 2825 2613 ab
2875 2564 3170 2633 Augustino
3225 2563 3562 2618 laudatorum
3609 2560 3766 2631 produ-

2219 2662 2432 2705 cuntur.
2462 2653 2555 2705 llis
2582 2655 2961 2719 consideratis,
2995 2670 3151 2709 nemo
3200 2670 3310 2709 non
3342 2656 3613 2724 insignem’
3637 2650 3767 2720 hujus

2220 2743 2474 2798 editionis
2504 2746 2910 2800 similitudinem
2938 2763 3057 2801 cum
3108 2742 3389 2817 impressis
3418 2744 3767 2802 Amerbachia-

2220 2836 2324 2902 nis,
2349 2834 2573 2904 quoruiu
2609 2838 2932 2905 exemplaria
2968 2840 3165 2906 passim
3198 2854 3225 2892 a
3266 2839 3421 2893 nobis
3461 2840 3594 2892 inter
3619 2837 3768 2904 Augu-

2219 2936 2447 2987 stiniana
2483 2936 2858 3003 proferuntur,
2892 2942 3165 3002 agnoscet.
3218 2932 3437 2987 Lubens
3469 2942 3634 2985 tamen
3663 2943 3768 2983 cttn-

2218 3025 2471 3080 cesserim
2506 3026 2556 3078 in
2586 3025 2656 3080 cl.
2692 3024 2908 3076 Braunii
2943 3027 3293 3087 sententiam,
3318 3024 3405 3094 qui
3435 3032 3575 3076 tomo
3604 3020 3639 3073 ll
3664 3017 3765 3072 Not.

2220 3115 2284 3170 Η.
2312 3116 2436 3170 Litt.
2472 3133 2520 3184 p.
2551 3119 2638 3179 33,
2677 3113 3032 3184 Norimberga:
3082 3131 3178 3185 per
3224 3116 3505 3169 Antonium
3544 3109 3770 3178 Koberge-

539 3212 640 3252 mze
683 3196 1077 3269 Florentithue
1114 3201 1521 3254 accuratissime
1559 3201 1734 3268 parari
1776 3199 2114 3264 ferebantur,
2140 3185 2187 3249 (ἶ
2219 3224 2333 3261 runt
2357 3222 2605 3261 excusant
2635 3222 2759 3263 esse
2782 3210 2986 3273 statuit,
3021 3208 3179 3261 modo
3207 3208 3383 3261 nonin
3413 3206 3528 3261 sola
3555 3214 3769 3274 typortlm

539 3291 733 3360 cupide
763 3293 1129 3362 exspectavit;
1163 3294 1255 3347 sed
1286 3294 1537 3362 quoniam
1564 3294 1779 3364 longum
1803 3293 1855 3348 id
1880 3294 2113 3347 futurum

468 3383 483 3394 '
543 3385 818 3452 negotium
849 3399 935 3439 res
963 3385 1298 3452 loquebatur,
1329 3387 1552 3455 gratiam
1576 3386 1713 3455 apud
1742 3388 1887 3440 viros
1920 3386 2037 3455 pios
2064 3394 2120 3440 et

541 3476 805 3540 eruditos,
856 3477 1090 3545 antiquae
1118 3479 1382 3533 doctrinae
1412 3489 1677 3545 amantes,
1710 3478 1970 3534 Romanis
1995 3477 2118 3532 Flo-

539 3568 881 3639 rentinisque
910 3569 1210 3625 editoribus
1240 3572 1373 3642 ipsis
1396 3587 1501 3626 non
1535 3572 1734 3638 invitis,
1768 3587 1825 3627 se
1854 3573 2113 3627 initurum

541 3677 663 3719 esse
692 3672 847 3718 ratus
868 3707 882 3733 ,
915 3666 958 3719 si
992 3666 1132 3719 nuda
1165 3667 1378 3720 interim
1408 3665 1691 3735 Augustini
1725 3666 1885 3719 verba
1919 3665 2113 3720 utenda

542 3755 770 3812 fruenda
799 3768 1123 3827 pr0poneret
1142 3802 1155 3824 ,
1188 3758 1491 3828 exemplum
1522 3758 1711 3813 Romae
1740 3759 2117 3812 transmissum

541 3863 667 3905 cum
698 3850 803 3906 lide
830 3852 1242 3921 exprimendum
1273 3853 1508 3919 curavit,
1543 3851 1866 3905 lectionibus
1902 3851 2121 3907 varian-

542 3941 721 4008 tibus,
763 3958 883 4008 qute
930 3943 995 3998 ad
1040 3945 1333 4014 marginem
1366 3944 1605 4013 ejusdem
1638 3954 2119 4012 comparaverant,

542 4034 745 4105 pariter
770 4036 822 4088 in
851 4049 945 4089 ora
970 4037 1240 4104 ascriptis,
1265 4035 1529 4105 subjectis
1550 4051 1680 4090 vero
1711 4036 1763 4089 in
1795 4037 1898 4089 ima
1928 4036 2120 4105 pagina

544 4128 699 4195 aliis,
728 4143 861 4197 quas
901 4130 1188 4183 maximam
1233 4137 1436 4198 partem
1470 4129 1648 4182 Marco
1684 4128 1916 4194 Velsero,
1951 4143 2119 4184 cano-

545 4221 668 4277 nico
694 4231 818 4275 tunc
839 4220 1191 4291 Frisingensi,
1210 4223 1393 4277 deberi
1412 4224 1585 4277 editor
1611 4222 1900 4292 signiﬁcat,
1922 4237 2123 4292 easque

549 4312 858 4381 conjectura
898 4313 1010 4368 fere
1051 4314 1308 4368 subitaria
1358 4314 1502 4369 inter
1552 4314 1838 4384 legendum
1890 4322 2122 4381 notatas,

551 4418 749 4475 paucas
779 4405 941 4458 etiam
974 4404 1132 4473 paulo
1160 4405 1478 4460 audaciores
1509 4406 1577 4458 ab
1607 4415 1826 4459 auctore
1854 4404 2125 4474 improba-

548 4507 628 4552 tas
653 4496 1062 4553 scribit.Nullas
1078 4513 1207 4554 vero
1230 4501 1509 4568 quantavis
1534 4499 1925 4567 probabilitatis
1939 4499 2120 4569 Specie

2222 3297 2589 3360 similitudine,
2632 3297 2727 3352 sed
2784 3298 2946 3352 totius
2992 3299 3171 3367 operis
3196 3298 3557 3369 descriptione
3596 3295 3772 3347 nitatur

2221 3388 2365 3444 illius
2406 3389 2689 3459 judicium.
2727 3390 2900 3444 Unum
2954 3391 3188 3457 accedit,
3220 3390 3583 3460 Cobergerum
3621 3385 3771 3453 plura,

2221 3480 2637 3535 Atncrbachium
2659 3490 2853 3535 contra
2881 3483 2963 3536 vel
2990 3484 3156 3549 nulla,
3184 3484 3265 3539 vel
3323 3496 3490 3554 pauca
3517 3475 3771 3535 admodum

2222 3572 2426 3641 absque
2458 3574 2677 3628 nomine
2705 3588 2805 3629 suo
2828 3575 3093 3630 emisisse.

2854 3664 3168 3722 .Versiones.

2933 3759 3088 3816 1670.

2298 3848 2475 3903 Romae
2494 3850 2628 3919 typis
2653 3848 2714 3904 S.
2753 3846 2810 3903 Ο.
2833 3849 2896 3903 de
2921 3867 3139 3921 propag.
3174 3848 3242 3905 Γ.
3266 3851 3429 3906 in-4'.
3456 3848 3633 3919 Capita
3662 3859 3776 3902 non-

2225 3940 2371 3995 nulla
2399 3957 2465 3995 ex
2496 3942 2725 3995 diversis
2748 3943 3067 3997 tractatibus
3102 3946 3152 3997 in
3180 3944 3531 4015 Evangelium
3555 3940 3698 3995 Joan.
3721 3935 3777 3990 de

2226 4032 2319 4102 Sp.
2343 4032 2424 4098 S.,
2453 4032 2570 4087 Lat.
2599 4041 2654 4087 et
2674 4032 2767 4087 Gr.
2797 4033 3188 4100 interpellans.
3218 4032 3491 4099 Planude;
3515 4032 3641 4085 inter
3664 4040 3778 4096 opu-

2226 4127 2371 4180 scula
2412 4141 2571 4180 aurea
2592 4126 2817 4180 collecta
2872 4141 2900 4179 a
2954 4123 3019 4179 P.
3078 4128 3311 4180 Arcudio
3348 4142 3375 4178 a
3420 4139 3544 4195 pag.
3587 4120 3699 4176 63L
3726 4115 3777 4171 In

2227 4218 2361 4272 Bibl.
2398 4217 2541 4272 Eccl.
2592 4217 2663 4271 Μ.
2705 4214 3015 4271 Coloniensi
3066 4218 3337 4272 laudatum
3369 4214 3581 4271 invenio
3607 4211 3777 4266 librum

2228 4312 2290 4364 de
2308 4310 2508 4381 Spiritu
2532 4309 2593 4364 S.
2622 4327 2685 4362 ex
2720 4309 2947 4364 diversis
2970 4310 3253 4379 Augustini
3285 4317 3501 4365 tractat.
3524 4319 3668 4376 super
3692 4299 3777 4353 Jo-

2228 4420 2407 4458 annem
2431 4404 2739 4467 collectum,
2792 4405 2880 4473 qui
2910 4405 3177 4472 prodiisse
3203 4404 3402 4459 dicitur
3432 4386 3779 4455 Basilem1578

2229 4497 2323 4553 Gr.
2355 4497 2474 4550 Lat.
2520 4497 2595 4551 Ex
2626 4496 2710 4551 his
2742 4497 3043 4566 intelligere
3097 4497 3227 4550 mihi
3260 4497 3467 4559 videor,
3500 4504 3603 4546 non
3632 4485 3778 4541 alium

548 4589 886 4646 blandientes
915 4591 965 4645 in
993 4600 1310 4645 contextum
1346 4606 1375 4644 a
1403 4606 1461 4645 se
1490 4601 1732 4658 receptas
1760 4605 1881 4645 esse
1908 4604 2125 4645 asseve-
2152 4560 2205 4622 D
2230 4588 2453 4643 indicari
2490 4588 2709 4654 librum,
2740 4602 2897 4655 quant
2946 4586 3252 4640 Leunclanii
3307 4585 3630 4656 Legationem
3679 4571 3781 4628 Μα-

548 4691 653 4737 rat.
700 4682 1074 4737 Prmfationem
1108 4683 1245 4736 hanc
1274 4683 1445 4751 repeti
1478 4681 1605 4735 fecit
1633 4680 1859 4735 Joannes
1890 4680 2122 4736 Clericus

549 4774 602 4830 in
649 4777 890 4845 Append.
938 4775 1359 4845 Augustinianea
1418 4774 1503 4841 (Τ.
1546 4773 1637 4827 XII
1680 4774 1768 4827 ed.
1810 4774 2124 4843 Antuerp.),

551 4884 603 4936 p.
636 4868 759 4921 607.
806 4870 1139 4934 ExSpectatte
1172 4882 1299 4919 vero
1332 4866 1439 4920 illae
1468 4866 1832 4919 Romanorum
1865 4865 2130 4920 Florenti-

553 4971 851 5026 norumque
873 4958 1139 5012 editiones
1167 4958 1337 5011 lucent
1364 4973 1468 5010 nnn
1497 4956 1764 5020 viderunt,
1788 4956 1881 5010 sed
1910 4956 2129 5011 Parisiis

557 5054 715 5123 paulo
744 5064 859 5122 post
888 5068 1007 5106 eum
1033 5053 1170 5108 libro
1192 5061 1367 5105 contra
1391 5050 1667 5104 secundant
1689 5051 1893 5104 Iuliani
1920 5067 2129 5121 respon-

551 5146 746 5199 sionem
798 5160 928 5199 cura
983 5144 1226 5199 Menardi
1278 5145 1471 5199 iterum
1522 5144 1754 5212 prodiit,
1801 5158 1961 5213 quem
2008 5142 2130 5198 vide

552 5252 607 5292 ιι.
657 5239 742 5291 98.
798 5237 906 5291 Nec
932 5238 1119 5291 dubito
1147 5277 1162 5302 ,
1215 5239 1345 5301 quin
1391 5237 1536 5291 inter
1568 5236 1829 5308 Opuscula
1859 5236 2131 5307 Augustini

552 5329 1020 5398 discipulorumque
1060 5329 1169 5398 ejus
1211 5328 1389 5384 editus
1430 5328 1541 5393 sit,
1576 5343 1694 5397 quze
1725 5343 1884 5397 supra
1917 5343 1945 5381 a
1976 5328 2131 5384 nobis

554 5429 679 5474 sunt
708 5419 1026 5481 inmedium
1057 5420 1339 5490 producta.

596 5510 646 5566 Χ
649 5511 698 5565 Χ
712 5511 789 5566 γι
796 5511 823 5566 I
829 5511 857 5565 1
866 5510 1071 5584 ,ἐ-(80)
1098 5512 1173 5567 De
1196 5518 1512 5569 correctione
1532 5514 1922 5568 Donatistarum
1946 5516 2092 5569 liber.

556 5603 736 5658 Edidit
764 5606 991 5660 seorsim
1020 5605 1163 5660 hunc
1189 5605 1380 5660 librum
1413 5605 1534 5660 Nic.
1565 5604 1787 5678 Bergius
1814 5606 2129 5660 lievalensis

556 5695 783 5753 llolmite
812 5699 970 5764 1696,
1004 5699 1179 5768 iit-8°,
1215 5700 1334 5755 sub.
1368 5700 1488 5758 tit.:
1518 5701 1586 5755 Β.
1617 5701 1891 5772 Augustini
1916 5700 2042 5755 liber
2066 5700 2132 5755 de

554 5790 815 5846 moderate
836 5792 1127 5865 coercendis
1157 5794 1408 5847 hwreticis
1430 5794 1499 5847 ad
1524 5792 1853 5853 Bonifacium
1873 5794 2125 5848 comitem.

2228 4677 2394 4734 nuelis
2427 4676 2675 4732 Comneni
2719 4679 2786 4731 ad
2834 4678 3125 4742 Armenios,
3175 4679 3261 4733 eui
3307 4678 3508 4745 aliquot
3535 4668 3697 4739 capita
3724 4662 3782 4717 de

2230 4770 2495 4826 Trinitatc
2521 4787 2585 4824 ex
2609 4770 2911 4839 Augustino
2932 4784 3011 4838 gr.
3047 4784 3306 4824 conversa
3334 4776 3457 4823 sunt
3487 4767 3697 4821 inserta.
3722 4754 3782 4809 At

2231 4865 2273 4919 si
2300 4864 2439 4917 hunc
2466 4864 2635 4917 voluit
2670 4877 2827 4930 quem
2862 4871 3052 4917 testem
3085 4862 3266 4916 laudat
3304 4859 3547 4930 Lipenius
3584 4855 3635 4908 in
3661 4846 3781 4903 Bibl-

2236 4956 2420 5011 Tlteol.
2455 4957 2515 5009 'I‘.
2541 4956 2604 5023 ll,
2638 4972 2689 5025 p.
2721 4956 2843 5019 785,
2871 4957 3070 5010 fallitur
3103 4955 3195 5009 ille
3236 4956 3448 5024 quidem
3479 4967 3496 5017 ;
3540 4960 3655 5003 nam
3691 4940 3781 4995 isla

2230 5064 2452 5120 prorsus
2494 5049 2690 5103 ibidem
2746 5063 2853 5103 non
2896 5049 3163 5117 leguntur.
3200 5048 3391 5103 Nescio
3432 5056 3561 5099 vero
3602 5053 3665 5092 an
3693 5035 3783 5087 huc

2233 5141 2370 5195 forte
2406 5141 2670 5209 pertineat
2725 5140 2854 5195 liber
2890 5142 3162 5210 Augustini
3210 5140 3274 5194 de
3333 5138 3531 5215 Spiritu
3586 5130 3780 5187 Sancto.

2234 5232 2449 5289 Genera:
2490 5233 2649 5298 1540,
2682 5233 2827 5289 in-8"
2856 5274 2871 5301 ,
2903 5248 3060 5304 quem
3101 5233 3308 5303 profert
3349 5232 3461 5286 (.‘at.
3492 5225 3627 5282 Bibl.
3671 5215 3783 5272 Ber-

2234 5344 2381 5382 nens.
2403 5327 2467 5381 Τ.
2500 5326 2541 5392 l,
2564 5342 2616 5395 p.
2644 5326 2730 5382 15.

2264 5490 2265 5493 η
2309 5419 2465 5474 1670.
2518 5419 2702 5487 Paris,
2754 5419 2877 5472 chez
2924 5416 3231 5487 Jean-Bapt.
3288 5410 3577 5488 Coignard;
3624 5396 3780 5458 ξιτ-12.

2244 5532 2263 5566 c
2290 5512 2564 5567 Homelies
2612 5512 2679 5568 de
2710 5512 2767 5567 S.
2811 5512 3069 5582 Augustin
3100 5526 3192 5565 sur
3219 5510 3267 5565 la
3298 5506 3555 5580 premiere
3593 5493 3784 5564 Epistre

2236 5607 2303 5661 de
2323 5606 2378 5660 8.
2406 5606 2574 5670 Jean;
2610 5604 2914 5658 traduction
2939 5604 3210 5658 nouvelle.

2310 5696 2469 5751 1700.
2506 5661 2683 5759 Paris,
2713 5698 2832 5747 cltez
2850 5692 3169 5762 Jean-Bapt.
3203 5689 3494 5765 Coignard;
3520 5677 3674 5743 in»8”,
3709 5661 3779 5765 li]

2236 5788 2358 5845 voll.
2393 5806 2411 5839 ε
2435 5788 2532 5843 Les
2556 5787 2745 5843 traitez
2784 5786 2850 5841 de
2892 5786 2948 5841 8.
2986 5760 3248 5856 Augustin
3273 5760 3369 5839 sur
3398 5768 3678 5841 I’Evansile
3720 5760 3780 5813 d“
3806 5828 3831 5857 AL
