4010 6350
210 350 291 406 161
1099 343 1375 401 ΝΟΤΙΤΙΑ
1413 341 1778 417 LITTERAM

1883 341 1937 397 [Ν
1975 340 2033 398 S.
2073 342 2550 400 AUGUSTINUM.

3348 352 3454 407 162

208 468 238 521 S
278 466 407 521 Jean
433 475 490 520 et
511 479 606 520 son
634 464 847 535 Epistre
871 477 979 518 aux
1010 463 1255 528 Parthes,
1282 462 1511 518 traduits
1530 477 1598 517 en
1626 461 1766 516 lran-
1869 458 1963 513 tali
1991 460 2110 513 viro
2136 460 2440 529 exspectari
2489 474 2595 513 non
2636 466 2866 528 poterat,
2910 458 3005 515 sed
3054 469 3112 515 ut
3149 460 3328 516 denuo
3351 464 3456 520 sub

209 562 305 624 eois
335 574 426 612 sur
454 556 691 612 l’édition
720 558 815 611 des
840 556 941 610 PP.
971 554 1333 619 Bénédiclins,
1355 569 1484 609 avec
1504 554 1599 608 des
1626 568 1769 609 som-

210 651 389 704 maires
416 649 446 702 a
478 649 525 702 la
560 662 764 715 marge.
798 664 894 717 par
927 646 1169 719 Philippe
1196 644 1459 700 Goisbaud
1488 646 1560 699 du
1589 644 1765 699 Bois.»

209 741 368 799 XXX.
397 773 468 784 —-
490 742 627 815 (84)
659 740 737 796 De
763 740 947 795 Gratia
974 740 1165 795 Christi
1195 751 1243 794 et
1275 739 1495 794 Peccato
1527 737 1771 810 originali

541 845 720 888 contra
755 831 1023 904 Pelagium
1054 843 1098 886 et
1128 830 1435 887 Caelestium.

268 931 419 986 1687.
454 927 758 998 Moguntina,
794 927 928 998 typis
964 925 1105 979 Petri
1133 924 1406 991 Hennam,
1426 924 1584 978 iit-8°.
1611 922 1773 978 Liber

212 1024 306 1077 Divi
338 1025 466 1076 Aur.
501 1019 802 1091 Augustini,
853 1019 1009 1088 Hipp.
1054 1020 1220 1088 epise.
1253 1029 1438 1073 contra
1491 1017 1769 1084 Pelagium

207 1127 250 1172 et
280 1116 591 1171 C(elestium
615 1114 683 1169 de
712 1113 895 1169 Gratia
936 1111 1589 1181 ChristiLCommeulario
1620 1110 1774 1167 brevi

208 1217 253 1264 et
282 1198 540 1263 continuo
586 1208 884 1261 illustratus
908 1222 934 1257 a
968 1205 1033 1258 R.
1066 1206 1124 1259 P.
1173 1204 1360 1259 Carolo
1401 1203 1629 1273 Josepho
1658 1202 1773 1256 Tri-

208 1302 417 1367 cassino,
448 1299 567 1354 ord.
602 1298 779 1353 Fratr.
811 1298 937 1353 Min.
962 1297 1221 1366 Capucin.
1250 1298 1310 1353 S.
1352 1297 1645 1352 Francisci.
1684 1295 1767 1351 Cl.

210 1395 309 1448 Act.
332 1392 500 1447 Erud.
524 1392 670 1464 Lips.
696 1392 887 1462 Suppl.
915 1391 979 1447 'l‘.
1005 1392 1045 1453 l,
1080 1408 1133 1461 p.
1164 1390 1287 1449 154.

269 1488 343 1544 Ad
372 1487 517 1541 hunc
562 1485 844 1555 Augustini
886 1484 1082 1538 librum
1108 1491 1317 1551 spectat
1358 1482 1582 1537 editoris
1612 1482 1773 1545 liber,-

209 1578 380 1636 Gratia
426 1578 616 1649 efﬁcax
642 1576 867 1646 refutata
917 1592 979 1630 ea:
1023 1576 1169 1629 libris
1214 1574 1275 1631 S.
1332 1574 1628 1646 Augustini,
1678 1588 1773 1642 per

208 1671 440 1727 eumdem
465 1670 857 1741 typographum
879 1671 979 1724 hoc
1007 1670 1123 1737 ipso
1144 1684 1286 1722 anno
1308 1683 1560 1730 excusus,
1612 1683 1770 1735 quem

206 1772 484 1818 recensent
513 1762 642 1815 Acta
673 1759 843 1815 Erud.
870 1761 977 1835 vol,
1030 1759 1153 1815 eod.
1196 1776 1250 1830 p.
1302 1759 1561 1825 128-133,
1610 1759 1772 1829 idque

1869 552 2134 623 judicium
2164 553 2408 609 eamdem
2436 562 2719 608 revocaret
2746 564 2798 608 et
2839 552 2908 607 ab
2935 554 3081 609 omni
3120 563 3275 622 parte
3325 571 3454 625 per-

1874 663 2097 718 pensam
2148 657 2501 718 proponeret.
2553 647 2731 703 Facile
2764 658 2940 701 tamen
2976 660 3277 718 temporum
3320 648 3458 704 ratio

1874 740 2109 795 suadere
2170 746 2423 808 poterat,
2473 748 2532 793 ut
2584 754 2781 794 nomen
2828 738 3041 794 invidiae
3083 739 3449 795 subtraheret.

1873 831 2057 887 Liceat
2089 848 2227 886 nunc
2261 832 2480 886 brevem
2510 830 2898 899 disputationis
2922 834 3040 899 ejus
3079 843 3454 901 conspectum,

1874 923 2330 993 quemadmodum
2350 940 2377 976 a
2408 920 2556 976 Frib.
2575 921 2772 977 Bened.
2804 921 3086 989 Carpsovio
3115 939 3210 993 per
3228 938 3457 979 examen

1874 1014 2039 1082 hujus
2074 1014 2196 1068 libri
2230 1014 2281 1068 in
2315 1014 2455 1068 Actis
2484 1013 2654 1075 Erud.
2689 1012 2834 1080 Lips.
2871 1014 3032 1080 1098,
3066 1029 3121 1084 p.
3153 1015 3296 1082 340,
3325 1015 3458 1071 deli-

1874 1115 2065 1161 neatus
2092 1116 2197 1169 est,
2237 1108 2583 1178 subjungere.
2624 1126 2642 1157 ι
2678 1106 2950 1172 Primum,
2980 1108 3189 1177 inquit,
3211 1107 3459 1164 animad-

1874 1199 2035 1252 vertit
2065 1198 2391 1259 Schiltt-rus,
2427 1200 2853 1253 controversiam
2887 1213 3010 1253 esse
3034 1198 3345 1266 duplicem:
3378 1200 3457 1254 al-

1877 1299 2044 1346 teram
2074 1292 2141 1345 de
2182 1294 2305 1363 jure
2350 1292 2713 1356 divortiorum,
2749 1307 2868 1361 quae
2896 1293 3222 1362 Augustinus
3248 1292 3356 1347 nisi
3391 1307 3459 1349 ex

1878 1399 2039 1440 causa
2090 1385 2348 1439 adulterii
2400 1386 2631 1455 negabat
2661 1400 2784 1441 esse
2834 1386 3127 1452 permissa;
3174 1387 3346 1441 altera
3394 1386 3461 1441 de

1864 1477 1992 1547 jure
2023 1478 2206 1529 iterum
2229 1476 2477 1540 nubendi,
2505 1478 2644 1545 quod
2665 1475 3015 1546 Augustinus,
3037 1476 3256 1530 vivente
3285 1475 3459 1530 altera

1876 1578 2051 1637 parte,
2080 1569 2336 1623 concedit
2364 1569 2597 1635 nemini,
2622 1584 2689 1621 ne
2714 1568 2930 1636 quidem
2961 1583 3025 1621 ex
3058 1581 3222 1622 causa
3246 1562 3461 1622 adulteé

1874 1660 1940 1713 rii
1978 1677 1990 1711 :
2046 1661 2145 1715 nisi
2192 1661 2335 1729 quod
2382 1676 2504 1730 cap.
2565 1666 2596 1714 6
2642 1660 2841 1724 innuit,
2874 1659 3219 1715 Christianos
3250 1668 3460 1715 tantum

1876 1752 2133 1822 coitjuges
2185 1754 2287 1809 hoc
2334 1762 2611 1825 praecepto
2668 1752 2872 1818 teneri;
2927 1754 3066 1808 unde
3112 1754 3359 1825 colligas.
3393 1753 3463 1810 ab

200 1852 493 1911 intendisse
523 1854 798 1909 anetorent
831 1853 1127 1918 declarant,
1154 1852 1479 1922 Pelagianos
1498 1851 1567 1905 ab
1597 1852 1775 1921 Augu-
1802 1844 1851 1905 B
1876 1844 2127 1900 adultero
2158 1861 2266 1901 non
2295 1844 2606 1901 Christiano
2655 1845 2957 1901 discedenti
2988 1848 3202 1916 nuptias
3259 1862 3462 1902 secun-

202 1948 336 2003 stino
381 1946 666 2017 propterea
718 1946 988 2001 ha't‘eseOs‘
1022 1945 1188 2000 fuisse
1221 1944 1581 2009 insimulatos,
1631 1943 1773 2012 quod

196 2041 392 2095 nullam
426 2042 648 2094 omnino
669 2040 897 2109 gratiam
927 2039 1022 2093 Dei
1052 2040 1402 2094 admitterent
1424 2038 1479 2092 itt
1498 2037 1778 2092 voluntate

195 2132 582 2200 necessariam,
612 2148 717 2188 non
741 2148 872 2186 vero
902 2133 972 2186 ob
999 2132 1071 2196 id,
1106 2132 1250 2202 quod
1278 2130 1505 2201 gratiam
1537 2145 1655 2185 eam
1697 2130 1778 2184 iu-

192 2223 555 2288 diﬂ’erentem,
590 2238 683 2277 seu
735 2224 915 2287 talem,
950 2222 1035 2277 cui
1065 2224 1318 2277 voluntas
1370 2223 1627 2288 humana,
1681 2238 1777 2277 seu

192 2318 570 2386 obtemperare
590 2357 603 2381 ,
628 2331 722 2371 seu
753 2318 1010 2371 resistere
1037 2327 1236 2387 posset,
1270 2326 1587 2371 statuerent.
1631 2316 1775 2371 idem

191 2410 295 2466 lere
344 2409 687 2464 Tricassinus
712 2412 822 2478 jam
854 2421 979 2464 ante
1002 2410 1053 2464 itt
1081 2412 1218 2465 libro
1248 2410 1325 2463 De
1354 2410 1556 2463 Natura
1584 2411 1779 2477 peccati

191 2500 482 2572 originalis,
514 2501 798 2555 secundum
828 2513 1043 2556 mentem
1065 2503 1125 2557 S.
1160 2503 1459 2574 Augustini,
1494 2511 1598 2555 etc.
1634 2502 1778 2555 edito

192 2593 411 2649 Parisiis
470 2596 630 2659 1677,
683 2595 844 2658 in-‘i',
885 2596 1161 2649 docuerat.
1234 2596 1499 2649 tim-terum
1577 2595 1780 2649 Auctor

193 2688 533 2768 Coloniensis
552 2702 659 2743 non
688 2686 990 2761 Hoguntite,
1005 2689 1100 2743 sed
1129 2688 1322 2753 Trecis,
1355 2690 1497 2763 unde
1518 2689 1779 2744 oriundus

194 2793 303 2838 erat
332 2782 681 2848 Tricassinus,
717 2797 838 2837 eum
874 2783 1193 2851 impressum
1216 2782 1505 2837 existimat.

882 2874 1061 2930 Verrio
1074 2919 1084 2928 .

265 2969 423 3025 1758.
458 2968 638 3034 Paris,
666 2969 790 3025 chez
816 2967 1009 3023 Franc.
1043 2969 1268 3041 Bnbuly,
1287 2969 1449 3024 ἔνι-12.
1483 2968 1616 3025 «Les
1640 2969 1779 3024 deus

201 3058 358 3114 livres
397 3059 469 3115 de
515 3060 574 3115 S.
622 3061 902 3130 Augustin,
932 3062 1000 3115 de
1032 3062 1079 3115 la
1108 3061 1279 3116 Graec
1313 3060 1380 3116 de
1425 3061 1570 3117 J.-C.
1623 3069 1679 3116 et
1707 3059 1780 3116 du

203 3148 372 3207 Peche
390 3152 645 3221 originel,
674 3153 909 3208 traduits
938 3169 1005 3207 en
1038 3154 1271 3220 l'rancois
1303 3169 1395 3208 sur
1421 3153 1658 3209 l‘édition
1685 3151 1782 3207 des

1880 1939 1975 1993 das
2018 1939 2197 1994 minus
2240 1942 2407 1994 fuisse
2457 1940 2791 1995 interdictas.
2844 1940 3169 1995 Pollentium
3222 1956 3351 1995 vero
3397 1940 3454 1996 in

1881 2035 2047 2103 priori
2089 2036 2389 2103 quaestione
2421 2034 2527 2089 labi
2558 2035 2715 2090 docet
2746 2044 2995 2089 notarum
3021 2045 3229 2099 auctor,
3264 2034 3464 2105 abrep-

1882 2138 1992 2182 tum
2023 2127 2376 2183 Hebraeorum
2400 2128 2874 2199 Romanorumque
2896 2128 3137 2183 moribus
3153 2144 3215 2183 ac
3230 2128 3462 2199 legibus,

1882 2221 2074 2291 quibus
2100 2222 2458 2275 divortiorum
2491 2221 2705 2275 licentia
2749 2222 3071 2276 invaluerat.
3104 2221 3161 2277 In
3207 2223 3307 2277 hac
3335 2235 3465 2292 ergo

1883 2328 2034 2384 parte
2058 2316 2394 2385 triumphare
2422 2315 2705 2385 Augustini
2738 2315 3041 2370 facundiam
3073 2326 3127 2371 et
3150 2315 3464 2383 diSputandi

1882 2409 2257 2473 subtilitatem,
2294 2410 2419 2465 licet
2449 2409 2782 2480 argumentis
2838 2409 2957 2479 ejus
3005 2400 3113 2465 non
3147 2408 3200 2464 id
3246 2420 3466 2477 semper

1884 2501 2219 2563 conﬁciatur,
2246 2501 2387 2571 quod
2424 2499 2807 2571 illis‘colligere
2833 2502 2982 2557 velit.
3013 2501 3292 2557 Siclocum
3317 2500 3465 2556 illum

1882 2598 2165 2652 Paulinum
2198 2598 2210 2650 I
2244 2599 2365 2652 Cor.
2401 2598 2508 2663 VII,
2543 2597 2629 2664 10,
2662 2597 2747 2662 ll,
2774 2613 2875 2653 nec
2911 2598 2978 2651 ab
3000 2596 3324 2667 Augustino,
3368 2610 3467 2652 nec

1884 2710 1913 2745 a
1938 2692 2199 2747 Pollentio
2221 2702 2366 2746 recte
2388 2692 2504 2761 capi
2537 2700 2593 2746 et
2623 2692 2879 2760 explicari
2905 2691 3177 2746 observat.
3213 2690 3465 2760 Augusti-

1885 2799 2011 2838 num
2045 2799 2109 2837 ex
2140 2782 2495 2851 prtejudicata
2527 2782 2840 2849 Opinionem
2865 2780 3171 2846 mulierem,
3215 2795 3335 2849 quae
3383 2779 3468 2833 di-

1883 2877 2069 2931 scedat
2104 2891 2131 2928 a
2180 2876 2314 2937 viro,
2344 2878 2591 2942 occipere
2640 2874 2709 2929 de
2757 2890 2843 2941 ea,
2891 2890 3010 2941 quae
3039 2874 3108 2928 ob
3138 2872 3467 2929 adulterium

1887 2970 2124 3024 divortat
2149 2978 2237 3022 aut
2292 2969 2629 3036 repudietur,
2673 2976 2830 3035 atque
2870 2966 3029 3031 adeo,
3063 2976 3122 3022 ut
3152 2965 3466 3021 scholwlo-

1886 3074 2145 3133 quttntttr,
2179 3073 2358 3129 petere
2390 3062 2727 3130 principium.
2765 3058 3090 3115 Pollentium
3120 3069 3468 3126 canumque

1888 3154 2174 3224 Apostolus
2223 3154 2275 3206 in
2326 3168 2443 3206 eam
2494 3152 2864 3207 conditionem
2915 3150 3182 3219 conferat,
3215 3150 3261 3205 si
3311 3150 3462 3217 ﬁant,

204 3239 295 3297 PP.
336 3213 673 3301 Béoédictins
703 3247 769 3300 de
798 3248 843 3300 la
871 3213 1272 3316 CongrégtttiOn
1300 3249 1367 3301 de.
1393 3248 1451 3302 S.
1486 3247 1653 3302 Maur.
1695 3256 1737 3301 ι’
1809 3213 1854 3277 C
1892 3213 2023 3317 pure
2056 3246 2323 3315 accipere,
2352 3261 2415 3299 ac
2445 3246 2489 3300 si
2514 3246 2659 3300 licite
2690 3245 2807 3300 ﬁeri
2846 3255 3085 3314 possunt,
3112 3213 3273 3313 atque
3306 3213 3466 3311 adeo,

272 3335 483 3391 XXXI.
508 3367 578 3377 ——
601 3337 719 3409 (93)
748 3336 824 3391 De
853 3336 1120 3411 Conjugiis
1150 3338 1457 3393 adulterinis
1479 3340 1593 3393 libri
1626 3337 1709 3392 Il.

269 3428 429 3484 1698.
469 3426 648 3495 lentz,
687 3445 775 3497 per
809 3428 966 3482 Joan.
1014 3428 1302 3493 Bielkium;
1341 3430 1495 3484 in-s'.
1552 3431 1615 3485 D.
1648 3431 1778 3486 Aur.

203 3519 494 3589 Augustini
528 3522 648 3575 libri
677 3521 785 3577 duo
814 3522 881 3577 de
929 3522 1246 3577 adulterinis
1277 3522 1540 3593 coniugiis
1571 3523 1636 3577 ad
1664 3521 1784 3577 Pol-

206 3613 451 3681 lentium,
484 3631 609 3669 cum
638 3616 783 3670 notis
808 3616 1177 3685 jurisconsulti
1201 3616 1564 3679 celeberrimi,
1587 3615 1784 3685 quibus

206 3704 393 3775 dogma
447 3707 706 3763 Ecclesiae
750 3707 817 3763 de
873 3706 1198 3763 matrimonii
1256 3709 1613 3763 dissolutione
1659 3706 1781 3761 illu—

206 3808 427 3854 stratur.

276 3895 478 3947 Auctor
508 3902 751 3948 notarum
797 3892 966 3948 fertur
1003 3892 1241 3948 Joannes
1292 3894 1600 3958 Schilterus,
1630 3901 1783 3948 ante-

213 4001 399 4041 cessor
418 3985 687 4055 quondam
739 3986 1231 4055 Argentorateusis,
1274 3986 1490 4054 ingenio
1531 4001 1684 4051 aet'jue
1722 4000 1785 4041 ac

214 4078 450 4133 doctrina
483 4080 624 4133 inter
642 4078 1063 4147 jurisconsultos
1083 4078 1331 4132 eminens
1351 4119 1364 4142 ,
1392 4076 1557 4133 edidit
1580 4093 1712 4132 vero
1732 4090 1788 4133 et

214 4174 456 4239 praelatus
485 4180 570 4226 est
619 4170 875 4243 Georgius
903 4170 1246 4235 Schubartus,
1281 4170 1659 4226 humaniorum
1697 4171 1785 4225 lit-

214 4272 443 4319 terarum
508 4274 636 4320 tunc
683 4264 945 4332 temporis
995 4262 1132 4332 apud
1179 4264 1435 4318 lenenses
1489 4262 1781 4332 professor.

218 4353 557 4408 Occasionem
584 4353 721 4407 libro
744 4367 1072 4423 causamque
1117 4354 1275 4407 simul
1300 4368 1399 4408 cur
1428 4352 1595 4407 latere
1618 4351 1787 4406 Schil-

216 4452 359 4499 tctus
379 4446 565 4510 voluit,
597 4444 812 4500 dedisse
856 4444 1036 4500 ferunt
1085 4443 1318 4499 Ulricnnt
1347 4444 1676 4515 Obreclttum,
1717 4444 1787 4499 vi-

217 4550 325 4589 rum
350 4537 575 4607 eleganti
601 4536 849 4591 doctrina
894 4547 948 4591 et
998 4538 1179 4591 multis
1211 4537 1370 4591 editis
1409 4538 1627 4608 scriptis
1656 4546 1782 4593 tunc

218 4629 348 4697 apud
380 4633 862 4699 Argentoratenses
909 4629 1195 4697 insignem.
1222 4630 1323 4696 Qui
1360 4624 1491 4685 cum
1516 4634 1777 4701 Argento-

219 4731 327 4776 rato
350 4722 477 4778 urbe
507 4722 561 4776 itt
595 4730 916 4793 potestatem
943 4722 1198 4777 Ludovici
1230 4720 1347 4776 XIV
1380 4723 1595 4777 redacta
1612 4721 1781 4777 lesui-

222 4821 382 4867 tarum
425 4814 767 4881 captionibus
808 4815 861 4867 in
918 4825 1095 4868 castra
1152 4812 1429 4869 Pontificis
1477 4825 1625 4870 esset
1668 4815 1780 4884 pel-

221 4902 412 4970 lectus,
465 4905 631 4973 idque
670 4904 869 4959 deinde
918 4904 1124 4974 praemii
1165 4905 1401 4973 tulisset,
1457 4914 1515 4961 ut
1571 4907 1780 4962 senatui

221 4996 645 5067 Argentoratensi
663 4996 907 5066 praesidis
932 4998 1148 5053 nomine
1168 5014 1195 5051 a
1226 5013 1353 5067 rege
1392 4998 1781 5067 praeﬁceretur,

221 5105 407 5146 morem
441 5093 494 5146 in
542 5090 760 5159 judiciis
813 5100 1111 5161 receptum,
1166 5094 1507 5147 matrimonia
1532 5094 1782 5150 adulterii

220 5197 365 5237 causa
388 5181 757 5248 dissolvendi,
792 5192 998 5250 patrum
1038 5184 1192 5237 istius
1237 5186 1510 5240 societatis
1572 5186 1783 5254 placitis

221 5269 348 5328 haud
376 5275 538 5331 dubie
584 5275 1000 5343 obtemperans,
1024 5274 1228 5330 aboleri
1269 5277 1393 5331 fecit
1436 5276 1663 5348 ejusque
1704 5276 1785 5333 rei

220 5366 380 5431 gratia
409 5368 573 5422 etiam
617 5365 759 5420 hunc
780 5368 1063 5434 Augustini
1097 5368 1292 5421 librum
1320 5368 1641 5426 Germanice
1664 5386 1787 5425 ver-

223 5456 340 5513 tisse
369 5459 619 5519 traditur.
652 5458 734 5513 Cf.
766 5458 1025 5515 Mercrius
1056 5464 1107 5515 in
1138 5461 1461 5517 Dictionario
1487 5464 1593 5535 (ed.
1617 5464 1782 5519 Amst.

224 5546 268 5599 in
281 5547 512 5620 Suppt.).
528 5548 762 5605 Tametsi
777 5566 908 5606 vero
923 5554 1187 5621 posterius
1208 5569 1452 5611 asserere
1471 5571 1575 5611 non
1589 5558 1781 5624 ausim,

225 5640 438 5695 arbitror
460 5650 664 5705 tamen,
696 5641 979 5711 Augustini
1008 5646 1335 5701 sententiam
1372 5664 1401 5701 a
1427 5664 1605 5703 causae
1628 5649 1787 5719 hujus

224 5734 445 5798 patronis
488 5731 653 5788 fuisse
683 5732 1007 5804 jactitatam,
1043 5737 1203 5809 idque
1243 5740 1416 5809 ipsum
1459 5741 1784 5798 Schilterum

223 5818 493 5882 impulisse
528 5839 637 5880 non
682 5834 737 5881 ut
765 5825 1088 5883 eludendant
1143 5830 1247 5886 sibi
1275 5839 1535 5897 sumeret,
1583 5833 1725 5898 quod
1756 5850 1786 5889 a

1808 4587 1860 4648 D

1886 3355 2006 3409 qua:
2028 3339 2090 3391 de
2130 3339 2263 3406 {acto
2286 3338 2557 3407 dicuntur,
2600 3352 2882 3407 perperam
2912 3337 2976 3390 de
2978 3339 3113 3411 jure
3142 3336 3467 3405 intelligere.

1883 3431 1940 3486 In
1970 3428 2141 3485 altera
2181 3445 2311 3485 vero
2352 3442 2507 3501 parte
2533 3431 2943 3497 controversiae,
2984 3446 3087 3500 qua
3116 3430 3184 3486 de
3209 3430 3331 3499 jure
3368 3430 3467 3486 ite-

1884 3532 2008 3576 rum
2067 3522 2324 3586 nubendi,
2375 3522 2422 3576 si
2476 3521 2673 3577 factum
2724 3533 2805 3579 est
2835 3524 3143 3585 divortium,
3178 3522 3465 3593 quaeritur,

1884 3615 2241 3685 Augustinum
2274 3616 2397 3670 sine
2451 3630 2610 3670 causa
2650 3616 2718 3670 ab
2764 3618 2969 3687 apertis
3022 3614 3230 3671 Christi
3279 3616 3465 3672 verbis

1888 3707 2076 3762 Matth.
2112 3725 2164 3772 v,
2199 3706 2286 3770 52,
2314 3709 2615 3774 discedere,
2646 3709 2832 3779 eisque
2876 3712 2982 3763 vim
3034 3711 3233 3765 inferre
3282 3719 3467 3777 nutat;

1886 3813 2006 3852 cum
2039 3814 2121 3863 ea,
2154 3814 2273 3865 qua:
2307 3799 2590 3867 particulis
2640 3802 2938 3869 exceptivis
2986 3804 3185 3869 regulae
3216 3804 3465 3857 eximun-

1888 3898 1995 3953 tur,
2051 3904 2156 3943 non
2211 3890 2261 3943 in
2294 3889 2402 3942 vim
2447 3890 2805 3959 exceptionis,
2862 3892 2956 3946 sed
3006 3892 3235 3961 exempli
3281 3892 3467 3949 valere

1887 3982 2040 4048 velit,
2067 3983 2239 4037 invito
2267 3999 2428 4038 sensu
2462 3985 2757 4046 communi,
2775 3985 3044 4046 rectisque
3072 3985 3467 4053 interpretandi

1887 4075 2113 4144 regulis,
2140 4074 2206 4129 ad
2235 4074 2635 4142 Grammaticae,
2670 4076 2899 4146 Logicu‘,
2950 4077 3313 4149 subjectatque
3352 4094 3468 4135 ma-

1890 4168 2037 4222 teriae
2065 4168 2327 4237 principia
2359 4168 2649 4223 revocatis.
2674 4167 2858 4237 Neque
2893 4169 3129 4238 reliquas
3159 4170 3274 4240 ejus
3296 4170 3464 4225 ratio-

1889 4274 1986 4315 nes
2019 4260 2093 4314 ita
2121 4274 2243 4315 esse
2279 4271 2653 4331 comparatas,
2700 4271 2757 4316 ut
2782 4277 2883 4317 nos
2912 4274 3111 4333 cogant
3141 4262 3208 4318 ad
3247 4272 3469 4319 contor-

1891 4362 1997 4408 tam
2030 4354 2533 4423 interpretationem
2568 4354 2854 4409 verborum
2889 4357 3292 4425 perspicuorum
3331 4372 3466 4412 con-

1889 4447 2098 4518 lugere,
2124 4449 2339 4504 evoluto
2364 4449 2627 4520 cujusque
2655 4452 2955 4517 argumenti
2993 4450 3354 4521 paralogismo
3373 4450 3469 4507 de-

1892 4550 2179 4595 monSIrat.
2214 4540 2338 4595 [late
2370 4541 2481 4595 fere
2535 4549 2677 4605 sunt,
2724 4556 2841 4610 qua:
2891 4541 3059 4609 priori
3113 4541 3255 4597 libro
3282 4541 3468 4610 dispu-

1887 4641 2069 4688 tantur
2095 4640 2152 4687 et
2182 4640 2455 4686 notantur.
2490 4631 2681 4687 Altero
2715 4632 2853 4687 libro
2880 4632 3070 4687 eadem
3097 4633 3466 4688 controversia

1885 4728 2193 4795 discutitur,
2226 4743 2253 4781 a
2272 4727 2542 4782 Pollentio
2564 4726 2744 4782 denuo
2771 4735 2823 4781 et
2850 4727 3171 4783 luculentius
3196 4730 3464 4795 exposita,

1887 4810 2149 4891 novisque
2176 4819 2477 4874 rationibus
2515 4820 2741 4885 mttnita,
2784 4819 2980 4888 quibus
3016 4819 3346 4889 Augustinus
3374 4836 3469 4878 oc-

1886 4912 2077 4977 currit,
2120 4926 2376 4981 suamque
2416 4911 2743 4965 sententiam
2794 4920 2974 4965 tuetur
3002 4919 3057 4964 et
3104 4910 3325 4977 expolil.
3360 4912 3469 4969 Do-

1888 5002 2162 5058 ctissimus
2192 5018 2321 5057 vero
2349 5002 2657 5058 Schilterus
2711 5012 2765 5057 et
2800 5002 2888 5057 hic
2935 5003 3292 5072 Augustinum
3337 5007 3469 5063 κατᾶ

1885 5095 2019 5153 πόδα
2045 5095 2308 5171 sequitur,
2331 5104 2386 5151 et
2410 5096 2534 5166 quid
2561 5096 2631 5151 sit
2661 5095 2711 5149 itt
2739 5098 3131 5158 controversia,
3156 5098 3314 5167 cujus
3333 5113 3469 5160 non-

1888 5185 2038 5243 deris
2069 5187 2176 5242 sint
2203 5187 2440 5243 rationes
2471 5196 2565 5242 aut
2589 5189 2975 5256 responsiones
3011 5187 3212 5251 allatae,
3238 5206 3355 5259 quae
3384 5193 3469 5245 in-

1887 5278 2081 5334 ter‘se
2131 5288 2496 5335 consentanea
2547 5278 2654 5335 sint
2702 5286 2795 5332 aut
2838 5278 3206 5341 dissentanea.
3270 5295 3469 5351 magno

1882 5370 2090 5440 judicio
2110 5371 2417 5427 examinat:
2470 5371 2569 5424 sub
2626 5369 2787 5425 linem
2836 5385 2900 5425 ex
2955 5370 3047 5427 lib.
3080 5387 3118 5427 tt
3168 5371 3471 5428 Retrartat.‘

1889 5476 2011 5532 cap.
2041 5464 2109 5518 57
2136 5465 2454 5525 observans,
2488 5463 2541 5516 in
2572 5462 2687 5517 haec
2712 5465 2979 5519 sententia
3012 5467 3185 5535 ipsum
3229 5466 3326 5520 sibi
3361 5480 3469 5521 non

1890 5556 2022 5610 satis
2046 5556 2232 5621 ﬁdere,
2265 5570 2365 5610 nec
2385 5554 2701 5609 satisfacere
2728 5555 3109 5625 Augustinum.
3143 5575 3161 5609 ›
3198 5557 3470 5614 Hactenus

1889 5648 2239 5717 Carpzovius.
2273 5649 2481 5713 Restat,
2528 5660 2583 5703 ut
2624 5650 3008 5715 observemus,
3060 5647 3333 5705 rarissime
3357 5651 3469 5720 jam

1892 5758 2181 5800 occurrere
2208 5744 2628 5801 Schilterianam
2663 5742 2803 5798 hanc
2838 5744 3106 5814 'opellam,
3136 5744 3334 5814 quippe
3364 5757 3469 5813 qua

1892 5846 2077 5897 nostra
2099 5837 2264 5891 etiam
2300 5835 2627 5893 Bibliotheca
2678 5844 2825 5892 caret
2852 5834 3110 5906 cujusque
3140 5837 3469 5893 mentionem
