4010 6350
580 326 684 395 163

1462 324 2017 385 SUPPLEMENTUM
2053 320 2145 377 AD
2180 320 2415 378 OPERA
2450 321 2510 378 S.
2549 316 2939 380 AUGUSTINL

3701 328 3785 385 106

582 446 633 501 in
663 443 935 514 Catalogis
978 441 1367 513 pracipuarum
1416 438 1885 503 bibliothecarum,
1933 434 2342 508 praeter-Altis
2392 434 2641 491 ﬁnalibus
2682 444 2924 492 astruere
2975 434 3183 504 nititur,
3229 434 3281 490 in
3308 436 3501 506 quibus
3532 437 3699 492 omnia
3730 442 3785 497 ad

582 551 741 606 quam
774 537 827 590 in
865 534 1125 605 Catalogo
1155 531 1291 587 Bibl.
1342 530 1521 601 Regia:
1566 531 1921 596 Parisiensis,
1956 529 2155 586 frustra

582 630 956 698 qureivimus.

586 720 739 781 XXX
748 718 1025 791 II.--(98)
1040 720 1232 774 Contra
1243 718 1520 773 secundum
1530 716 1735 773 Iuliani
1748 718 2155 784 responsionem,

952 813 1147 884 Operis
1185 812 1485 883 imperfecti
1509 813 1626 867 libri
1665 810 1758 866 VI.

658 910 810 963 1617.
861 908 1077 962 Lutetia
1141 905 1347 975 Paris.,
1388 906 1529 975 apud
1575 904 1780 961 Sebast.
1830 900 2151 973 Chappelet,

581 1000 751 1054 iri-8°.
782 1014 804 1050 ι
841 998 899 1054 S.
929 998 1061 1053 Aur.
1094 996 1406 1067 Augustini,
1442 997 1705 1067 Hipp.ep.
1744 1006 1932 1061 contra
1961 1009 2157 1049 secun-

579 1091 704 1145 dam
734 1090 934 1145 Juliani
967 1091 1399 1160 responsionem,
1432 1089 1623 1159 Operis
1665 1087 1992 1157 imperfecti,
2032 1086 2155 1141 libri

578 1183 685 1239 duo
714 1184 939 1253 priores.
968 1182 1120 1239 Nunc
1148 1183 1376 1253 primum
1406 1198 1477 1237 ex
1522 1182 1904 1251 manuscriptis
1951 1180 2157 1235 codici-

580 1276 679 1331 bus
703 1275 859 1330 editi.
882 1275 1114 1332 Additus
1129 1286 1211 1330 est
1230 1283 1286 1331 et
1300 1274 1543 1345 ejusdem
1578 1273 1863 1345 Augustini
1891 1273 1954 1326 de
1980 1269 2155 1327 Gestis

579 1363 784 1438 Pelagii
811 1367 948 1424 liber
962 1376 1086 1427 ante
1108 1383 1310 1439 paucos
1332 1380 1503 1423 annos
1519 1367 1716 1422 editus.
1746 1366 1898 1422 Nunc
1919 1366 2153 1435 primum

580 1460 637 1515 in
688 1460 867 1517 lucem
905 1461 1086 1516 editus
1132 1477 1261 1517 cura
1302 1462 1380 1516 Cl.
1435 1461 1695 1526 Ilenardi,
1727 1460 2012 1531 Juliomagi
2043 1461 2154 1516 An-

577 1548 727 1609 dium
758 1557 1129 1624 propraetoris.
1162 1572 1182 1607 s
1218 1554 1447 1621 Paucas,
1482 1555 1576 1610 sed
1619 1555 1837 1610 selectae
1882 1554 2153 1609 doctrinae

581 1657 736 1704 notas
779 1648 954 1703 editor
997 1648 1141 1702 haud
1184 1648 1459 1703 inceleber
1497 1649 1750 1716 aspersit.
1805 1646 2149 1714 Nuncnpavit

581 1748 758 1795 autem
780 1741 1191 1809 archiepiscopo
1232 1740 1575 1811 Lugdunensi
1620 1740 1877 1811 Dionysio
1907 1739 1975 1795 de
2010 1740 2151 1794 Mar-

2261 531 2571 603 generalem
2601 545 2675 586 ex
2702 530 2867 584 illatis
2895 527 3298 585 conclusionem
3338 528 3576 597 apprime
3604 534 3789 602 conspi-

2259 632 2401 680 rent.
2449 622 2739 677 Enimvero
2784 620 3122 677 Benedictini
3169 628 3315 675 temo
3354 618 3424 687 Χ,
3452 635 3507 690 p.
3537 636 3591 687 ιι,
3639 624 3788 679 omnia

2260 714 2380 770 haec
2399 730 2537 771 vana
2564 729 2686 771 esse
2709 713 3059 783 pronuntiant
3079 722 3240 783 atque
3259 712 3518 781 exemplis
3537 716 3788 772 contrariis

2260 811 2571 866 luculenter
2597 811 3057 866 demonstrarunt.
3088 806 3359 865 Prasmisit
3383 806 3556 862 editor
3581 806 3789 878 disputa-

2260 904 2466 960 tionem
2492 903 2562 959 de
2586 902 2801 960 Juliano
2842 903 3070 973 ejusque
3099 902 3152 957 in
3196 901 3259 956 Β.
3316 898 3658 969 Augustinum
3684 900 3791 955 scri-

2259 996 2367 1067 ptis
2418 1003 2475 1050 et
2518 995 2830 1051 testimonia
2866 1004 3135 1063 veterum,
3169 992 3263 1064 qui
3305 993 3496 1048 horum
3538 1006 3628 1047 sex
3654 990 3792 1047 libro-

2258 1104 2377 1145 rum
2408 1088 2773 1145 meminerunt
2798 1096 2853 1144 et
2880 1088 3028 1144 locos
3056 1099 3123 1143 ex
3148 1086 3217 1142 iis
3245 1084 3298 1141 in
3337 1099 3466 1141 suos
3496 1092 3793 1141 commentae

2259 1182 2367 1238 rios
2398 1182 2715 1238 retulerunt.

2951 1272 3147 1328 νει-εἰσ.

2330 1366 2487 1423 1756.
2517 1366 2700 1433 Paris,
2736 1364 2860 1422 cites
2902 1365 3094 1420 Fraus.
3122 1362 3352 1435 Barbuty
3369 1379 3389 1429 ,°
3417 1360 3584 1428 iit-42,
3611 1358 3672 1416 II
3688 1360 3791 1416 coll.

2262 1477 2281 1512 ι
2318 1459 2423 1514 Les
2443 1458 2506 1512 Vl
2539 1459 2703 1514 livres
2736 1457 2804 1513 de
2830 1458 2890 1513 S.
2915 1460 3181 1528 Augustin
3205 1464 3398 1512 centre
3417 1452 3617 1521 Juliea,
3641 1452 3795 1509 defen-

2254 1566 2380 1606 senr
2404 1551 2472 1606 de
2492 1550 2739 1606 l’bérésie
2768 1550 3106 1620 pélagienne,
3131 1548 3359 1605 traduits
3386 1563 3455 1604 en
3474 1546 3697 1614 francois
3720 1559 3795 1601 sur

2256 1645 2497 1701 l’édition
2523 1646 2619 1701 des
2649 1644 2753 1700 PP.
2784 1644 3153 1701 Bénédictins.
3179 1663 3199 1697 ι

2358 1735 2643 1793 XXXIII.
2665 1765 2736 1779 —-
2756 1736 2871 1809 (99)
2902 1736 3242 1791 Enchiridion
3266 1735 3337 1789 ad
3367 1733 3707 1789 Laurentium.

578 1839 838 1900 qucniont
862 1846 950 1901 ep.
978 1831 1034 1885 d.
1060 1832 1231 1901 pridie
1257 1848 1385 1887 non.
1406 1832 1541 1902 Aug.
1567 1831 1721 1887 1616.
1750 1832 1936 1886 Exstat
1959 1831 2149 1886 eadem
2179 1811 2228 1873 Β
2326 1831 2468 1887 εις.
2497 1829 2614 1887 XV.
2636 1858 2707 1871 —
2733 1829 2861 1887 Sine
2885 1846 3024 1884 anno
3045 1838 3097 1885 et
3123 1831 3258 1896 loco,
3283 1826 3469 1898 iit-fol.
3493 1828 3613 1880 min.
3634 1824 3687 1881 S.
3708 1825 3794 1881 Au-

578 1922 741 1977 editio
778 1923 879 1978 hoc
908 1924 1025 1993 ipso
1053 1939 1196 1980 anno
1220 1926 1287 1979 ab
1317 1924 1507 1981 iisdem
1555 1924 1900 1997 typograpbis
1938 1924 2153 1980 in-l’olio

577 2029 797 2070 excusa.
829 2016 909 2071 ω.
940 2016 1052 2071 Cat.
1078 2016 1215 2071 Bibl.
1253 2018 1378 2087 Reg.
1401 2018 1578 2071 Paris.

649 2109 806 2164 16η.
857 2108 1087 2175 Lovanii,
1138 2111 1276 2180 apud
1316 2108 1520 2164 Comet.
1553 2108 1950 2176 Cenestenium,
1989 2110 2150 2165 its-4°.

577 2201 633 2254 S.
674 2202 803 2255 Aur.
844 2202 1127 2272 Augustini
1156 2210 1344 2256 contra
1386 2203 1673 2257 secundant
1701 2204 1900 2259 Juliani
1927 2218 2153 2273 respon-

578 2294 787 2348 sionem
806 2334 822 2361 ,
851 2294 1045 2363 Operis
1073 2294 1402 2364 imperlecti,
1435 2295 1556 2349 libri
1586 2296 1691 2350 duo
1719 2296 1946 2365 priores,
1988 2297 2151 2351 resti-

577 2383 676 2439 tuti
708 2400 736 2436 a
768 2382 827 2439 F.
862 2383 1023 2437 Mich.
1063 2383 1358 2453 Paludano,
1388 2385 1702 2440 Gandaven.
1735 2385 1799 2440 Ο.
1832 2385 2055 2441 Eremit.
2089 2386 2145 2443 S.

576 2477 881 2545 Augustini.
911 2476 1318 2531 Prsemittuntur
1366 2477 1526 2532 iidem
1556 2478 1699 2546 libri,
1724 2480 1911 2549 quales
1935 2494 1965 2533 a
1990 2480 2147 2533 1617.

577 2566 796 2624 Parisiis
821 2568 951 2623 editi
982 2567 1152 2623 fuere.
1189 2570 1300 2623 Cat.
1340 2568 1478 2625 Bibl.
1513 2568 1759 2625 Casanat.

647 2690 714 2701 —
736 2660 953 2715 ιουαιιϋ
978 2660 1117 2732 apud
1147 2659 1403 2715 Iacobum
1427 2659 1647 2728 Gezers;
1680 2662 1839 2716 iri-4°.
1874 2681 1892 2716 ι
1934 2663 1992 2717 S.
2017 2665 2148 2717 Aur.

578 2752 862 2823 Augustini
890 2751 1017 2808 libri
1042 2753 1150 2808 duo
1181 2755 1409 2823 priores,
1440 2754 1631 2824 Operis
1661 2754 1988 2824 imperfecti,
2018 2771 2149 2811 con-

577 2859 658 2904 tra
684 2847 886 2905 luliani
932 2846 1223 2903 secundam
1254 2847 1662 2918 responsionem
1693 2866 1707 2900 :
1740 2863 1806 2902 ex
1834 2848 2153 2905 recensione

570 2940 839 2997 Michaelis
868 2938 1158 2994 Paludaui.
1199 2961 1217 2988 ο
1267 2936 1379 2990 Cat.
1416 2933 1549 2987 Bibl.
1589 2933 1710 3004 Reg.
1746 2930 1917 2987 Palis.
1957 2934 2012 2988 In
2057 2933 2159 2990 bac

568 3032 852 3093 [aratione
896 3031 1095 3101 prioris
1149 3027 1400 3085 editionis
1469 3034 1643 3080 errata
1708 3029 1989 3078 innumera
2047 3025 2161 3079 sola

570 3124 879 3194 cutu'ectura
927 3128 1171 3178 correcta
1214 3135 1354 3185 esse,
1389 3134 1454 3173 ex
1501 3117 1687 3171 lliveto
1738 3125 1954 3171 monent
1997 3113 2161 3172 Colo-

572 3216 809 3276 nienses.

646 3306 811 3366 16M.
854 3305 1074 3359 Parisiis
1113 3313 1282 3372 sumpt
1346 3301 1603 3357 Simeonis
1654 3298 1831 3368 Piget;
1877 3298 2052 3367 iri-fol.
2098 3296 2161 3355 Se

575 3398 864 3473 Augustini
896 3397 1138 3466 episcopi
1167 3392 1421 3450 catholici
1463 3400 1648 3445 contra
1687 3388 1955 3443 lulianum
1993 3389 2161 3447 haere-

578 3494 743 3553 ticum
772 3491 1116 3562 Pelagianam
1149 3487 1331 3559 operis
1353 3485 1561 3558 perfecti
1594 3481 1713 3537 libri
1742 3496 1855 3537 sex.
1888 3482 1946 3536 1n
1969 3482 2162 3553 Suppl.

578 3582 802 3644 Hieron.
841 3582 1090 3656 Vignerii.
1125 3581 1188 3634 T.
1217 3580 1280 3645 1|,
1309 3595 1359 3647 p.
1396 3575 1552 3633 1522.

644 3671 779 3725 Octo
839 3670 990 3725 libris
1048 3684 1182 3738 Opus
1237 3668 1487 3722 secundae
1539 3669 1907 3737 responsionis
1956 3669 2153 3727 Iuliam

574 3764 877 3819 Constabat.
930 3763 1062 3817 Eam
1116 3776 1245 3817 vero
1286 3760 1617 3831 Augustinus
1664 3763 1743 3817 sic
1792 3760 2028 3818 refutare
2061 3780 2154 3835 ag-

574 3871 794 3926 gressus
822 3866 926 3926 est,
969 3864 1027 3909 ut
1048 3853 1277 3923 singulis
1306 3852 1461 3908 libris
1483 3852 1677 3907 librum
1704 3863 2022 3923 opponeret.
2046 3855 2153 3910 Sed

576 3958 749 4004 morte
788 3957 1103 4017 praeventus
1140 3945 1359 4000 nonnisi
1396 3959 1491 3999 sex
1532 3945 1703 4001 libros
1731 3947 2017 4002 absolvere
2055 3962 2153 4017 po-

576 4042 695 4108 tuit,
726 4051 883 4109 atque
909 4039 1218 4109 imperfecta
1243 4038 1380 4094 adeo
1409 4039 1522 4094 hinc
1548 4039 1667 4109 ejus
1696 4041 1976 4110 responsio
2000 4056 2152 4095 man-

575 4134 666 4200 sit,
695 4144 753 4189 ut
782 4132 1060 4189 Possidius
1098 4133 1264 4189 etiam
1294 4140 1546 4187 testatur.
1588 4133 1664 4188 Ex
1706 4132 1791 4186 bis
1816 4132 1907 4187 diu
1934 4134 2150 4189 nonnisi

574 4228 678 4280 duo
730 4224 1066 4281 habebantur
1115 4224 1244 4279 editi
1294 4238 1389 4293 per
1437 4224 1622 4277 Claud.
1678 4222 2004 4277 Menardum.
2047 4224 2149 4280 Pa-

574 4318 667 4373 ris.
700 4318 859 4372 1617.
891 4317 1181 4371 Enimvero
1212 4330 1261 4368 a.
1294 4315 1429 4370 1654
1455 4314 1810 4384 Hieronymus
1849 4315 2060 4386 Vignier
2080 4332 2149 4372 ex

570 4410 697 4466 Soc.
729 4408 779 4463 .l.
812 4409 1180 4475 supplementis
1209 4407 1274 4462 ad
1304 4408 1571 4462 editiones
1609 4407 2026 4475 Augustinianas
2048 4423 2151 4464 an-

572 4502 798 4557 teriores
824 4500 934 4555 lion
963 4515 1107 4554 anno
1137 4500 1301 4555 editis
1322 4499 1524 4562 clarus,
1564 4514 1669 4552 non
1710 4500 1880 4553 solum
1910 4509 2146 4570 quatuor

568 4593 635 4649 de
663 4607 809 4648 novo
839 4607 905 4646 ex
926 4591 1112 4646 codice
1142 4606 1242 4645 ms.
1269 4590 1498 4645 abbatiae
1518 4588 1949 4647 Clarmvallensis
1978 4595 2139 4661 eruit,

570 4690 665 4745 sed
698 4688 805 4744 sibi
832 4674 992 4743 etiam
1026 4684 1294 4754 persuasit
1321 4693 1375 4739 et
1415 4684 1532 4739 aliis
1557 4685 1882 4752 persuadere
1918 4699 2142 4746 conatus

567 4793 671 4849 cst,
716 4782 988 4851 integrum
1026 4778 1175 4833 hisce
1218 4777 1285 4831 Vl
1326 4776 1478 4832 libris
1520 4779 1803 4847 Augustini
1839 4797 1974 4852 opus
2018 4797 2048 4837 a
2083 4798 2143 4839 se

567 4876 833 4935 exhiberi.
864 4870 1220 4941 Argumentis
1253 4870 1520 4936 utebatur,
1554 4873 1740 4941 primo,
1772 4875 1913 4942 quod
1963 4877 2142 4932 nullus

566 4985 597 5023 a
625 4984 687 5022 sc
727 4966 1006 5034 inspectus
1035 4963 1108 5015 sit
1138 4960 1369 5016 Possidii
1408 4961 1597 5028 codex,
1655 4963 1706 5017 in
1734 4978 1842 5033 quo
1881 4980 1983 5020 vox
2012 4969 2134 5035 ista,

568 5058 946 5126 imperfectum.
995 5060 1205 5116 exstet;
1252 5051 1499 5116 secundo,
1539 5053 1679 5121 quod
1719 5055 1770 5107 in
1814 5070 1914 5110 ms.
1947 5057 2146 5113 (nam-

568 5148 798 5203 vallensi
852 5154 1007 5199 sexto
1061 5143 1279 5198 dentom
1326 5143 1468 5199 libro
1516 5146 1702 5200 vocula
1750 5148 1983 5217 explica,
2034 5166 2144 5205 non

569 5240 696 5294 item
746 5237 969 5303 reliquis
1021 5234 1094 5290 sit
1130 5233 1331 5299 addita,
1364 5236 1505 5291 unde
1533 5238 1754 5309 colligit,
1790 5240 1946 5296 linem
1984 5244 2145 5300 totius

568 5332 748 5402 operis
798 5344 863 5385 eo
912 5328 1182 5394 Indicari;
1236 5330 1381 5383 tertio
1426 5334 1678 5403 denique,
1723 5336 1774 5389 id
1807 5338 1948 5406 quod
1985 5338 2147 5410 longe

565 5424 705 5479 foret
731 5419 1133 5492 gravissimum,
1159 5420 1201 5474 si
1230 5421 1533 5491 probasset,
1566 5435 1775 5481 sextum
1808 5428 2003 5484 librum
2038 5445 2143 5485 ca:-

566 5516 696 5571 teris
722 5528 846 5570 esse
874 5513 1181 5583 longiorem
1221 5523 1383 5582 atque
1414 5524 1519 5571 tam
1546 5517 1749 5574 Juliani
1780 5520 2134 5589 invectiones,

563 5623 723 5677 quam
755 5605 1040 5676 Augustini
1084 5619 1339 5675 responsa
1387 5610 1603 5665 caeteris
1632 5612 1955 5680 prolixiora;
2005 5628 2141 5681 quo-

564 5705 703 5760 circa
751 5701 1048 5769 concludit,
1097 5702 1380 5771 probabile
1417 5704 1611 5773 videri,
1661 5716 1820 5762 sexto
1863 5706 1965 5762 hoc
2001 5708 2138 5763 libro

561 5808 669 5857 tres
689 5792 883 5853 Juliani
906 5794 1067 5848 simul
1097 5809 1216 5850 esse
1245 5795 1504 5854 collectos
1536 5798 1697 5867 idque
1723 5815 1791 5857 ex
1821 5799 1991 5867 ipsius
2017 5816 2135 5868 ver-

2257 1926 2460 1997 gustini
2506 1924 2881 1980 Encbiridion.
2917 1922 3145 1980 Constat
3187 1922 3331 1979 foliis
3370 1919 3609 1976 XXXIII.
3646 1917 3793 1974 Exor-

2256 2019 2404 2073 dium
2448 2018 2592 2087 capit
2634 2018 2703 2072 ab
2742 2018 2861 2086 ipso
2899 2017 3079 2071 statim
3112 2016 3338 2085 prologo
3381 2013 3605 2069 verbis:
3633 2008 3795 2077 Incipit

2253 2107 2381 2162 liber
2424 2107 2744 2162 archiridion
2770 2098 2899 2161 ﬁcti
2943 2105 3211 2178 augustini
3247 2103 3314 2157 de
3337 2102 3464 2172 ﬁde,
3504 2115 3590 2171 sps
3615 2109 3659 2154 et
3691 2099 3793 2151 dilb-

2254 2201 2425 2254 ritate.
2463 2198 2523 2255 ln
2562 2198 2670 2253 line
2700 2207 2877 2253 textus
2908 2196 3021 2251 folii
3052 2211 3206 2265 xxxi,
3245 2195 3445 2265 pagina
3471 2205 3649 2247 aversa
3672 2208 3684 2243 :
3705 2187 3793 2243 Deo

2254 2294 2478 2364 gracias.
2538 2292 2693 2357 Dein,
2743 2302 2865 2362 post
2906 2289 3255 2361 capitulorum
3302 2288 3482 2342 titulos
3519 2285 3643 2341 folio
3676 2298 3792 2339 xxxn

2258 2386 2597 2455 incipientes,
2642 2383 2774 2439 folio
2802 2398 2977 2438 xum
3026 2383 3215 2453 pagina
3262 2380 3437 2451 prima
3470 2377 3684 2439 :Aman.
3714 2376 3794 2431 De-

2251 2479 2443 2535 scribit
2470 2478 2607 2534 banc
2633 2477 2933 2534 editionem
2963 2468 3403 2547 antiquissimam
3438 2488 3566 2529 sane
3590 2471 3657 2527 cl.
3687 2470 3791 2525 See-

2253 2573 2424 2628 miller
2449 2574 2585 2629 fasc.
2615 2573 2657 2637 l,
2687 2572 2861 2643 p.156
2885 2587 2995 2641 sq.,
3025 2571 3168 2626 inter
3190 2584 3286 2626 eos
3313 2569 3487 2623 libros
3506 2566 3572 2623 de
3598 2576 3795 2635 quorum

2255 2664 2618 2736 typograpbis
2652 2680 2723 2719 ne
2767 2664 3085 2734 conjectura
3110 2663 3337 2733 quidem
3390 2658 3625 2730 experiri
3661 2669 3795 2711 ausus

2251 2735 2359 2811 est.
2386 2755 2540 2822 Quod
2580 2735 2797 2811 mutem
2838 2755 3056 2820 attinet,
3101 2762 3230 2809 ante
3274 2767 3483 2808 annum
3511 2748 3640 2805 1477
3663 2760 3796 2802 ειουο

2252 2863 2367 2904 sam
2405 2862 2527 2903 esse
2569 2863 2677 2902 non
2716 2848 2951 2917 dubitat,
2981 2847 3321 2916 litterasque,
3358 2845 3551 2916 quibus
3577 2852 3794 2911 expressa

2240 2950 2347 3009 est,
2378 2958 2485 2999 non
2516 2941 2694 3006 fusas,
2722 2939 2820 2995 sed
2851 2939 3085 3009 sculptas
3117 2949 3343 3010 preptcr
3362 2936 3795 3015 inmquabilitatem

2242 3034 2343 3090 sibi
2399 3034 2571 3088 videri
2632 3032 2829 3098 edixit,
2872 3048 3041 3105 genus
3090 3042 3268 3088 tamen
3320 3044 3514 3087 earum
3561 3028 3798 3085 declarare

2243 3126 2441 3181 oblitus
2479 3134 2581 3180 est.
2616 3124 2841 3180 Unicum
2882 3125 2951 3180 ab
2992 3139 3059 3180 eo
3098 3123 3555 3193 interpunctionis
3595 3120 3795 3192 signum,

2246 3227 2501 3287 punctum
2530 3231 2745 3285 nempe,
2779 3228 2941 3285 atque
2982 3216 3037 3271 id
3064 3216 3238 3285 ipsum
3274 3214 3553 3269 rarissime
3584 3210 3799 3267 observa.

2246 3314 2384 3361 tum.
2410 3306 2642 3362 Deerant
2681 3306 2835 3377 signa
2882 3307 3092 3376 quasvis
3131 3306 3454 3378 paginarum
3499 3303 3799 3360 foliorumve,

2247 3411 2348 3453 nec
2372 3412 2481 3453 non
2506 3392 2710 3452 litteras
2740 3397 3005 3461 initiales,
3045 3397 3223 3466 capita
3256 3408 3441 3453 tamen
3471 3405 3687 3451 numero
3712 3389 3799 3444 llo-

2245 3502 2409 3545 tuano
2435 3484 2920 3560 distinguebantur.
2950 3488 3145 3546 Liueas
3168 3503 3269 3558 per
3295 3487 3547 3563 paginam
3583 3493 3800 3543 numen-

2247 3578 2339 3638 bat
2366 3581 2460 3637 δι.

2326 3672 2467 3727 διο.
2482 3670 2621 3726 XVI.
2636 3673 2875 3729 -1527.
2892 3672 3142 3743 Augusta
3167 3672 3431 3728 Vindelic.
3458 3687 3553 3729 seu
3569 3667 3796 3730 Colonia;

2258 3763 2416 3817 iit-8°.
2467 3765 2525 3819 S.
2574 3768 2708 3819 Aur.
2750 3767 3032 3836 AuguStini
3083 3766 3437 3822 Enchiridion
3482 3766 3550 3821 de
3578 3761 3798 3818 Doctrina

2257 3856 2562 3913 Christiana
2591 3859 2658 3913 ad
2681 3859 3028 3915 Laurentium
3052 3860 3202 3915 urbis
3222 3859 3412 3915 Romae
3437 3854 3795 3929 primicerium,

2258 3964 2355 4003 nec
2402 3965 2507 4003 non
2562 3950 2778 4005 libellus
2818 3951 2885 4005 de
2931 3952 3168 4007 essentia
3218 3951 3526 4007 Divinitatis
3566 3945 3797 4019 ejusdem.

2255 4039 2458 4097 Laudat
2497 4041 2789 4097 Hendreiclt
2830 4044 2884 4098 in
2932 4044 3103 4098 Pand.
3157 4043 3416 4099 Brandeb.
3471 4059 3521 4112 p.
3566 4041 3681 4104 541,
3720 4034 3799 4092 sed

2255 4133 2391 4188 adeo
2423 4135 2761 4203 negligenter
2788 4134 2989 4201 locum,
3020 4135 3111 4191 ubi
3141 4136 3407 4205 impressa
3442 4136 3528 4200 sit,
3555 4131 3708 4188 editio
3735 4128 3800 4180 in-

2254 4226 2417 4291 dicat,
2463 4237 2519 4281 ut
2566 4229 2618 4281 in
2657 4228 2834 4284 medio
2884 4228 3205 4299 relinquam,
3250 4224 3538 4298 Augustam
3578 4240 3641 4279 an
3669 4219 3799 4275 Colo-

2254 4318 2390 4371 niam
2418 4319 2667 4374 voluerit.

2326 4409 2480 4467 1552.
2509 4410 2761 4477 Colonies,
2798 4428 2889 4480 ap.
2941 4410 3081 4465 Petr.
3126 4410 3333 4476 Horst.,
3366 4412 3531 4464 iri-8°.
3557 4427 3577 4460 ‹
3604 4408 3658 4463 8.
3686 4406 3798 4459 Aur.

2254 4502 2541 4573 Augustini
2570 4502 2923 4558 Enchiridion
2962 4502 3031 4557 de
3062 4502 3190 4568 ﬁde,
3219 4516 3317 4570 spe
3345 4510 3402 4557 et
3420 4500 3694 4560 cbaritate,
3724 4507 3801 4547 ac-

2172 4559 2227 4621 Ῑ)
2249 4559 2397 4650 cedit
2414 4594 2654 4665 ejusdem
2687 4595 2825 4651 liber
2853 4593 2921 4649 de
2949 4592 3083 4649 Fide
3104 4600 3161 4649 et
3177 4559 3465 4662 operibus.
3497 4610 3517 4643 ι
3550 4589 3658 4645 Cat.
3680 4582 3795 4639 Bibl.

2251 4687 2423 4743 Thott.

2321 4782 2485 4837 1575.
2536 4780 2790 4853 [Generis]
2816 4780 2957 4851 apud
2985 4778 3224 4834 EustatIt.
3275 4777 3511 4850 Vignon;
3556 4773 3703 4830 iit-8°.
3743 4768 3797 4823 D.

2250 4858 2385 4930 Aur.
2437 4874 2720 4943 Augustini
2770 4871 3122 4927 Enchiridion
3169 4870 3235 4926 ad
3284 4869 3662 4935 Laurentium,
3702 4863 3801 4918 sive

2248 4980 2457 5021 summa
2487 4974 2545 5019 et
2573 4965 2844 5034 praecipua
2872 4964 3035 5018 totius
3062 4962 3392 5018 Christiana:
3432 4957 3696 5030 religionis
3719 4968 3799 5009 ca-

2251 5058 2383 5127 pita.
2437 5056 2599 5111 Liber
2645 5055 2967 5112 utilissimus
3007 5053 3073 5110 iis
3126 5054 3400 5120 omnibus,
3439 5054 3530 5123 qui
3570 5044 3799 5107 brevissiv

2252 5166 2394 5205 mam
2431 5149 2834 5219 Augustinianaa
2859 5149 3121 5204 doctrina:
3162 5148 3439 5217 epitomen
3472 5161 3536 5199 ex
3569 5144 3681 5213 ipso
3703 5138 3798 5194 Anc

2249 5244 2485 5313 gustino,
2526 5252 2582 5297 et
2627 5240 2841 5311 quidem
2876 5241 2987 5311 jam
3038 5255 3195 5305 sene,
3244 5239 3447 5295 habere
3490 5229 3793 5292 desiderant.

2250 5336 2433 5391 multis
2456 5335 2666 5390 mendis
2689 5343 2743 5390 et
2762 5334 3125 5403 glossematis,
3151 5331 3349 5401 quibus
3369 5340 3530 5385 antea
3554 5323 3795 5382 scatebat.

2250 5443 2317 5483 ex
2360 5428 2533 5483 veteri
2575 5426 2938 5493 manuscripto
2980 5432 3304 5493 repurgatus
3329 5431 3385 5478 et
3420 5410 3796 5477 commentariis

2245 5521 2568 5577 illustratus.
2602 5521 2703 5577 Per
2730 5519 2910 5573 Lamb.
2962 5519 3233 5573 Danaum.
3265 5515 3510 5574 Accessit
3542 5508 3685 5583 Operi
3708 5502 3795 5561 tri-

2249 5613 2371 5683 plex
2400 5614 2581 5670 index.

2319 5709 2539 5763 Divinas
2599 5708 2756 5778 plane
2834 5707 3122 5777 Augustini
3188 5704 3512 5776 scriptorum
3588 5696 3792 5752 virtut“

2245 5800 2427 5856 Lamb.
2461 5800 2684 5857 Damus
2718 5800 2771 5855 in
2799 5800 3024 5869 epistola
3051 5798 3383 5855 dedicatoria
3412 5795 3478 5852 ad
3518 5785 3791 5847 Edurdullt
