4010 6350
248 348 340 409 165

243 578 451 632 gressus
480 564 546 618 ad
568 564 821 635 querelas
843 562 912 619 de
944 564 1132 634 iniquo
1162 579 1347 619 eorum
1376 564 1536 633 paulo
1568 573 1683 633 post
1716 577 1811 617 au-

246 656 404 711 ctoris
429 659 512 709 sui
542 670 825 711 excessum
854 655 984 721 fato,
1019 656 1147 710 dum
1175 656 1368 726 partim
1401 664 1699 724 temporum
1732 654 1813 708 in-

243 747 374 817 juria
419 747 648 817 perdita,
684 749 878 817 partim
919 748 1195 801 hominum
1239 747 1606 817 improborum
1646 746 1815 800 male-

245 840 468 893 volentia
498 849 750 909 corrupta
777 849 833 893 et
855 840 1184 909 interpolata
1210 839 1432 906 fuerint,
1458 854 1642 893 ansam
1672 838 1813 906 capit

246 944 456 999 cperam
485 943 639 985 suam
686 941 979 1002 utcumque
1011 931 1449 999 commendandi,
1482 931 1679 1001 quippe
1710 944 1812 999 qua

248 1036 346 1076 non
375 1021 552 1077 solum
582 1024 871 1078 verborum
908 1023 1137 1077 vulnera
1166 1036 1411 1087 sanasse,
1442 1022 1536 1077 sed
1562 1021 1819 1092 Augusti-

248 1129 362 1168 num
392 1115 565 1184 ipsum
589 1114 670 1169 sui
690 1122 881 1169 testem
902 1123 959 1169 et
978 1114 1336 1185 interpretem
1357 1114 1679 1185 produxisse
1699 1113 1814 1183 glo-

244 1206 423 1261 tiatur.
463 1208 539 1261 De
569 1207 960 1278 manuscripto,
1002 1221 1109 1278 quo
1142 1206 1209 1261 ad
1254 1205 1656 1262 emendandum
1702 1216 1817 1259 tex-

246 1308 346 1353 tum
396 1312 528 1357 usus
565 1298 656 1364 sit,
706 1297 839 1353 nihil
887 1299 1122 1369 amplius
1162 1300 1228 1354 ab
1278 1314 1345 1354 eo
1386 1298 1664 1369 proditum
1710 1307 1813 1354 est.

245 1391 652 1446 Prtemittuntur
675 1405 806 1446 vero
827 1401 1025 1461 prteter
1052 1392 1251 1446 dictam
1284 1391 1594 1461 epistolam,
1623 1391 1685 1443 de
1712 1406 1815 1444 me-

247 1483 391 1537 thodo
429 1482 678 1536 librorum
711 1482 982 1554 Augustini
1016 1493 1063 1538 et
1084 1485 1163 1537 -de
1210 1498 1385 1537 eorum
1420 1474 1815 1537 evolvendorum

251 1578 437 1630 ratione
463 1575 763 1646 disputatio,
815 1591 914 1632 nec
959 1591 1062 1630 non
1088 1573 1480 1648 -Prolegomena
1512 1575 1578 1630 ad
1620 1575 1812 1629 librum

245 1669 453 1739 jamjam
499 1667 725 1732 editum,
768 1669 822 1723 in
852 1668 1047 1737 quibus
1073 1668 1137 1722 de
1169 1669 1341 1737 titulo,
1382 1668 1627 1734 utilitate,
1666 1674 1819 1722 (etate

244 1761 405 1830 operis
420 1775 481 1814 ac
500 1760 565 1815 de
588 1759 891 1825 Laurentio,
912 1759 985 1814 ad
1000 1775 1152 1831 quem
1168 1760 1431 1831 dirigitur,
1461 1759 1736 1829 praecepit.
1760 1758 1815 1812 In

1110 344 1401 407 'NOTI'I'IA
1435 345 1858 407 LITTER’ARIA
1896 348 1964 405 IN
2004 349 2061 405 S.
2102 347 2551 408 AUGUSTINUM

243 472 421 528 Frisiae
446 472 733 528 Orientalis
764 472 1061 542 principem
1092 471 1371 543 prtedicat,
1401 470 1635 541 indeque
1680 483 1803 541 pro—
1830 468 1885 531 Α

2654 191 2693 247 Ι

3382 348 3481 417 106

2554 467 2838 526 Versiones.

1986 558 2302 615 Demetrium
2321 559 2608 634 Cydonium
2638 564 2690 617 in
2724 562 2957 618 Gra’cam
2981 564 3212 635 linguam
3242 566 3484 622 Enchiri-

1913 652 2041 708 dion
2068 654 2357 722 Augustini
2390 655 2726 710 transtulisse
2766 656 3015 723 tradunt,
3052 658 3221 728 inquit
3252 658 3487 713 Possevi-

1914 763 2009 800 nus
2038 746 2175 814 App.
2203 746 2291 813 S.,
2316 746 2377 803 T.
2405 747 2448 814 I,
2479 763 2531 817 p.
2578 748 2698 803 155.
2744 750 2848 803 Sed
2884 750 3026 805 unde
3054 751 3191 806 hanc
3242 753 3488 808 notitiam

1916 839 2153 892 hauserit
2175 847 2335 893 tacet.
2365 838 2517 893 Edita
2558 852 2708 896 certe
2750 840 2862 896 lucc
2893 844 3068 897 versio
3091 860 3196 897 non
3226 854 3341 912 est,
3372 854 3423 899 ct
3447 845 3491 900 si

1916 932 2122 985 chIitit
2151 945 2438 1000 umquam,
2465 932 2514 984 in
2536 929 2675 986 Bibl.
2710 930 2960 987 Vaticana
2998 938 3163 989 latere
3195 936 3490 991 etiamnum

1915 1023 2079 1077 debet
2106 1023 2204 1093 (a).
2251 1024 2323 1078 Ex
2354 1021 2572 1078 Gallicis
2603 1025 2813 1079 duabus
2838 1027 3060 1081 alteram
3094 1025 3347 1083 Colletetii
3382 1029 3492 1099 jam

1915 1130 2099 1183 supra,
2124 1129 2245 1169 cum
2281 1115 2538 1170 librorum
2568 1116 2630 1169 de
2651 1114 2900 1169 Doctrina
2922 1114 3210 1172 Christiana
3232 1118 3495 1182 editione:

1917 1221 2364 1274 recenseremus,
2415 1210 2983 1265 commemoravimus.
3025 1209 3282 1282 Superest
3328 1212 3495 1268 altera

1918 1298 2127 1351 Antonii
2152 1298 2400 1363 Arualdi,
2426 1313 2545 1368 qua:
2572 1300 2793 1370 prodiit.

1996 1390 2159 1447 1648.
2192 1391 2500 1459 Paris,chez
2521 1393 2712 1446 Anton.
2743 1392 2920 1448 Vilré:
2946 1394 3107 1449 inS'.
3135 1395 3241 1451 tLe
3269 1396 3404 1451 Iivre
3432 1397 3500 1454 de

1918 1483 1973 1538 S.
2008 1483 2291 1555 Augusnn,
2320 1484 2386 1539 de
2413 1484 2461 1537 la
2495 1483 2634 1556 Foy,
2654 1485 2719 1540 de
2738 1486 3087 1557 l'Esperance
3113 1496 3166 1542 et
3193 1486 3262 1544 de
3292 1489 3338 1542 la
3366 1490 3495 1544 Cha-

1920 1575 2039 1640 rité,
2068 1577 2267 1631 ’"aduit
2288 1592 2353 1631 en
2382 1578 2614 1644 l'raneois
2638 1592 2733 1648 par
2760 1580 2979 1633 Antoine
3002 1578 3256 1647 Arnauld,
3279 1580 3497 1636 dncteur

1920 1667 2312 1733 chorbonne,
2342 1685 2472 1724 avec
2496 1670 2544 1725 le
2571 1672 2700 1724 latin
2734 1671 2965 1737 ensuite,
3000 1688 3161 1727 reveu
3191 1688 3285 1728 sur
3308 1674 3389 1727 six
3409 1688 3498 1729 an-

1922 1762 2070 1815 ciens
2098 1777 2261 1817 mss.)
2288 1762 2449 1817 Addit
2486 1760 2883 1819 Hendreichius
2924 1764 3081 1835 hujus
3107 1760 3371 1821 versionis
3418 1780 3497 1821 re-

241 1852 655 1907 Commentsriis
678 1852 937 1923 dogmata
952 1864 1074 1906 eum
1098 1851 1515 1920 Augusnniana,
1547 1860 1662 1905 tum
1693 1850 1817 1905 Cal-
1850 1857 1890 1917 Β
1922 1856 2210 1925 p:titiones
2234 1870 2497 1911 annorum
2526 1857 2666 1912 1652
2695 1868 2748 1913 et
2778 1856 2937 1915 1656.

238 1946 552 2002 rinistarum
584 1944 846 2001 latissime
885 1945 1253 2014 explicantur,
1277 1953 1335 2000 et
1362 1944 1507 2014 quod
1540 1943 1644 1998 ista
1683 1950 1816 1997 aetas

242 2039 291 2094 in
337 2037 554 2094 deliciis
596 2037 797 2092 habere
854 2046 1127 2107 caper-at,
1189 2043 1380 2092 contra
1430 2034 1821 2093 dissentientes

242 2142 457 2187 strenue
487 2130 879 2187 defenduntur.

304 2222 468 2278 1579.
514 2221 771 2296 [Cenem]
814 2224 954 2294 apud
999 2221 1148 2279 East.
1201 2222 1436 2297 Vignon;
1470 2222 1631 2277 iit-8'.
1670 2221 1819 2278 Idem

246 2315 391 2383 liber,
428 2314 665 2371 secunda
695 2316 863 2371 editio
892 2324 1046 2371 aucta
1077 2325 1131 2371 et
1152 2314 1221 2370 ab
1247 2316 1371 2386 ipso
1409 2324 1635 2370 auctore
1668 2328 1821 2370 reco-

242 2411 401 2481 gnita.

310 2502 468 2558 1583.
498 2500 733 2570 Cenem,
763 2501 941 2574 iit-fol.
978 2500 1181 2558 Eadem
1224 2501 1354 2557 libri
1380 2502 1543 2573 hujus
1570 2502 1821 2558 recensio

246 2607 430 2650 recusa
450 2593 510 2648 in
534 2594 797 2665 opusculis
814 2592 1115 2666 tluologicis
1132 2592 1314 2649 Lamb.
1345 2593 1531 2649 Dantei
1549 2606 1670 2666 patr.
1688 2592 1796 2648 729

248 2684 363 2740 896.

313 2778 468 2834 1597.
512 2777 732 2845 Ibidem,
782 2778 949 2833 iit-8°.
998 2778 1198 2834 Eadem
1230 2780 1497 2835 recensio.
1540 2778 1823 2833 Laudante

254 2869 592 2924 Hendreicltio
615 2870 668 2924 in
703 2869 876 2924 Parui.
906 2869 1165 2925 Brattdeb.

311 2964 445 3018 Sam.
473 2960 638 3017 XVII.
659 2992 729 3003 —
752 2961 909 3019 1601.
930 2961 1259 3037 Witelrergar,
1290 2972 1483 3035 sumpt.
1514 2962 1669 3016 Pauli
1692 2961 1825 3017 Hel-

252 3057 407 3110 πρὶεὴὶὶ
427 3058 565 3127 typis
602 3054 964 3124 Cratonianis;
1005 3056 1171 3113 in‘8°.
1212 3073 1229 3107 t
1282 3058 1342 3111 υ.
1386 3058 1517 3111 Aur.
1551 3056 1689 3126 Aug.
1719 3056 1827 3110 En-

253 3148 504 3205 chiridion
533 3148 600 3204 ad
625 3149 977 3205 Laurentium
1004 3150 1152 3205 urbis
1185 3150 1373 3205 Romae
1415 3151 1779 3219 pritniccrium
1806 3187 1822 3214 ,

1994 1950 2150 2005 1681.
2179 1948 2499 2016 Kiobenhav,
2530 1950 2689 2005 iit-8°.
2717 1950 2859 2006 Idetn
2886 1952 3020 2007 liber
3037 1950 3255 2020 Danice,
3294 1968 3498 2010 tovers.

1918 2043 1976 2096 al
2001 2041 2167 2097 Henr.
2204 2042 2435 2112 Olafscn.
2455 2062 2473 2095 ι
2504 2043 2586 2097 Cf.
2618 2041 2731 2097 Cat.
2758 2042 2896 2098 Bibl.
2925 2042 3099 2098 Thott.

1995 2134 2234 2188 Pertinet
2276 2133 2344 2188 ad
2394 2136 2535 2189 hunc
2578 2137 2863 2205 Augustini
2918 2134 3118 2191 librum
3167 2134 3501 2208 peculiariter

1918 2228 2237 2297 opusculum
2275 2224 2481 2298 absque
2532 2228 2767 2283 auctoris
2809 2224 3029 2283 nomine
3055 2224 3158 2283 Itoc
3198 2228 3351 2284 titulo
3396 2231 3502 2285 edi-

1921 2331 2033 2376 tum
2070 2314 2394 2391 :Theologia
2422 2318 2637 2374 Muralis
2683 2319 2743 2376 S.
2774 2320 3073 2393 Augustini,
3116 2322 3167 2375 in
3198 2338 3300 2392 qua
3322 2338 3499 2394 prlece-

1924 2427 2065 2485 ptum
2090 2416 2151 2468 de
2176 2430 2351 2468 amore
2374 2412 2471 2467 Dei
2494 2415 2640 2486 plene
2670 2424 3030 2483 pertractatur,
3054 2424 3183 2478 etc.,
3214 2429 3317 2483 per
3345 2414 3409 2468 E.
3442 2413 3504 2473 Β.

1924 2508 1985 2565 S.
2023 2508 2098 2562 Μ.
2128 2509 2194 2562 R.
2220 2506 2314 2574 D.,
2353 2508 2422 2563 de
2444 2523 2550 2578 quo
2576 2525 2627 2563 v.
2659 2508 2736 2562 Μ.
2764 2506 2902 2561 Bibl.
2950 2507 3094 2564 Eccl.
3122 2506 3236 2562 Col.
3284 2524 3335 2578 p.
3383 2508 3503 2566 7H.

1925 2598 2194 2655 XXXIV.
2217 2631 2287 2641 —
2306 2602 2459 2672 (100)
2492 2600 2569 2654 De
2598 2596 2737 2655 Cura
2756 2618 2846 2671 pro
2869 2602 3081 2655 mortuis
3111 2601 3331 2671 gerenda
3362 2601 3503 2656 liber.

1996 2694 2155 2749 1515.
2187 2689 2443 2755 Parisiis,
2486 2708 2548 2746 ea:
2589 2693 2789 2761 officina
2823 2691 3047 2745 Joannis
3076 2688 3308 2757 Palicri,
3342 2691 3503 2747 ist-8°.

1930 2787 2022 2840 tD.
2053 2784 2337 2855 Augustini
2370 2786 2436 2840 de
2455 2784 2593 2839 Cura
2618 2800 2715 2854 pro
2737 2787 2969 2839 mortuis
2995 2787 3253 2855 gerenda,
3279 2785 3344 2839 ad
3371 2782 3501 2841 Pau-

1924 2878 2091 2932 linum
2115 2878 2250 2933 liber
2280 2893 2446 2941 unus;
2477 2877 2603 2930 item
2628 2876 2695 2930 de
2722 2876 3093 2947 Chrysostomi
3122 2876 3376 2941 Hornilia,
3406 2874 3504 2932 La-

1926 2972 2076 3036 tine,
2124 2968 2263 3040 quod
2299 2986 2392 3039 pro
2435 2970 2704 3025 defunctis
2755 2970 3042 3042 lugendum
3094 2989 3199 3027 non
3245 2982 3364 3039 est,
3416 2973 3508 3029 sed

1925 3064 2243 3118 orandum.»
2279 3064 2449 3118 Maitt.
2481 3064 2541 3116 T.
2572 3063 2670 3129 IlI,
2702 3079 2752 3133 p.
2787 3081 2826 3130 ι,
2861 3081 2912 3134 ρ.
2945 3064 3071 3120 515.
3095 3048 3346 3121 Laudant
3377 3065 3512 3121 Ger--

1927 3158 2182 3212 manicam
2221 3155 2377 3224 hujus
2419 3156 2536 3211 libri
2569 3159 2895 3223 versionem,
2926 3169 3150 3213 auctore
3182 3158 3301 3213 Vita
3331 3157 3510 3213 Mileto

254 3255 469 3296 necnon
517 3241 733 3297 libellus
775 3242 844 3296 de
872 3241 1121 3297 Essentia
1151 3241 1452 3296 Divinitatis
1478 3281 1493 3307 ,
1543 3241 1635 3310 qui
1678 3240 1823 3294 inter
1847 3242 1894 3308 (ι
1926 3248 1945 3314 (
1966 3244 2247 3322 Magnuﬁce
2272 3248 2408 3304 1601
2439 3258 2494 3304 ot
2524 3249 2657 3303 165t
2684 3291 2697 3311 ,
2742 3249 2936 3319 iri-12)
2982 3249 3239 3322 Lipenius
3288 3251 3342 3305 in
3371 3249 3508 3309 Bibl.-

251 3347 406 3400 opera
426 3332 712 3403 Augustini
733 3340 910 3388 exstat
934 3342 1084 3388 tome
1109 3342 1307 3404 quarto
1336 3349 1351 3386 :
1375 3333 1431 3387 In
1448 3333 1679 3402 gratiam
1702 3340 1820 3386 stu-

250 3427 511 3484 diosornm
537 3428 825 3499 theologia;
844 3427 1070 3483 seorsim
1092 3428 1261 3495 edita,
1290 3442 1413 3482 cum
1445 3426 1725 3497 praemissa
1754 3425 1823 3480 ad

253 3521 481 3578 illustres
507 3530 564 3578 et
594 3536 889 3594 generosos
916 3522 1158 3578 Barones
1182 3562 1198 3589 ,
1228 3522 1384 3577 Dom.
1413 3520 1739 3576 Richardum
1770 3527 1825 3575 et

255 3616 413 3670 Dom..
439 3616 700 3673 Joannem
727 3632 758 3672 a
794 3617 1175 3672 Tscbernemel
1203 3658 1217 3681 ,
1269 3618 1333 3669 de
1358 3630 1477 3670 vera
1508 3623 1713 3685 patrum
1743 3612 1820 3665 le-

250 3710 405 3763 ctione
430 3718 474 3763 et
495 3709 729 3765 lectionis
754 3708 975 3764 utilitate
995 3749 1010 3775 ,
1052 3706 1373 3777 prmfatione
1401 3718 1452 3763 et
1484 3706 1825 3762 dedicatione

254 3800 541 3858 Salomonis
569 3802 805 3868 Gesneri,
837 3802 1030 3858 Theol.
1058 3801 1297 3857 Witeb.»

324 3896 473 3951 1611.
499 3896 668 3967 Lugd.
699 3894 817 3950 Bal.
843 3936 859 3963 ,
906 3895 1087 3949 iit-12.
1118 3893 1262 3949 Idem
1293 3893 1453 3948 liber.
1490 3892 1651 3947 Notat
1683 3890 1818 3945 Hen-

250 3988 419 4042 ἀντὶτὴ
441 3989 496 4043 in
526 3988 700 4043 Pand.
733 3986 991 4043 Brandelr.
1026 3988 1063 4041 I.
1097 3987 1135 4042 I.

324 4082 475 4139 1656.
522 4081 768 4147 Helmst.,
800 4079 966 4135 iri-4°.
1030 4078 1171 4135 Idem
1228 4079 1385 4133 liber.
1436 4077 1728 4132 Hendreich
1770 4078 1822 4131 itt

258 4171 422 4227 Pand.
452 4172 715 4228 Brandeb.
745 4173 851 4229 Sed
879 4174 932 4227 in
956 4172 1040 4227 his
1062 4171 1313 4226 omnibus
1336 4169 1471 4225 adeo
1498 4168 1828 4223 desultorins

255 4274 335 4320 est
363 4267 459 4321 viri
487 4266 647 4335 hujus
687 4265 858 4334 labor,
894 4271 971 4328 ut,
1002 4264 1248 4336 quamvis
1277 4261 1558 4333 providus,
1592 4270 1827 4314 metuam

257 4365 447 4426 tamen,
471 4374 540 4413 ne
562 4358 706 4413 male
734 4372 857 4413 eum
901 4356 1291 4413 intellexerim.
1322 4353 1527 4409 Vereor
1554 4368 1623 4408 ne
1646 4394 1661 4419 ,
1687 4351 1829 4421 quod

260 4447 389 4505 hanc
415 4450 710 4506 editionem
749 4450 977 4514 attinet,
1006 4449 1059 4503 in
1103 4463 1291 4503 errore
1314 4456 1588 4513 versetur,
1618 4445 1831 4501 diversa

261 4540 531 4613 Augustini
564 4542 764 4611 scripta
788 4582 802 4608 ,
830 4540 1182 4596 Enchiridion
1212 4540 1481 4596 Doctrinae
1510 4537 1833 4594 Christiana

1931 3339 2111 3398 Theol.
2141 3340 2203 3395 Τ.
2234 3340 2298 3409 ll,
2328 3358 2379 3410 p.
2407 3339 2532 3407 329,
2566 3341 2627 3394 Τ.
2652 3341 2695 3405 1,
2727 3356 2782 3410 p.
2812 3342 2940 3407 198,
2966 3351 3018 3397 et
3046 3357 3111 3397 ex
3137 3357 3203 3397 eo
3221 3342 3510 3399 Colonien-

1926 3447 2052 3498 ses,
2102 3434 2240 3503 apud
2274 3447 2407 3502 quos
2454 3441 2710 3503 praterea
2762 3434 3005 3507 egregias
3050 3435 3309 3504 quasdam
3350 3449 3510 3504 super

1924 3524 2207 3598 Augustini
2250 3527 2316 3582 de
2348 3528 2575 3581 mortuis
2619 3537 2672 3580 et
2702 3536 3013 3581 sanctorum
3050 3526 3200 3581 cultu
3243 3527 3508 3583 sententia

1926 3620 2332 3677 observationes
2361 3634 2427 3673 ex
2454 3621 2730 3673 doctorum
2761 3618 3135 3689 theologorum
3166 3618 3381 3689 scriptis
3399 3617 3507 3674 colo

1927 3712 2098 3769 lectas
2132 3715 2183 3764 Il.
2214 3712 2248 3765 l.
2288 3712 2559 3765 invenies.
3580 3692 3587 3699 ’

1932 3801 2160 3857 XXXV.
2192 3805 2303 3871 —(
2335 3803 2475 3868 102)
2510 3802 2705 3872 Regula
2742 3804 2810 3854 ad
2850 3817 3016 3855 servos
3044 3799 3170 3864 Dei,
3206 3814 3299 3853 seu
3331 3799 3510 3854 verius

2008 3899 2199 3965 Regula
2249 3894 2741 3949 Sanctimonialibus
2797 3895 2988 3961 scripta
3018 3935 3032 3959 ,
3089 3893 3220 3947 alias
3271 3889 3511 3961 Epistola

2001 3986 2165 4042 CCXI
2200 3988 2275 4040 re!
2302 3985 2449 4040 CIX.

2004 4077 2297 4132 Bernardus
2332 4077 2618 4147 Vindmgus
2654 4086 2707 4132 et
2738 4074 2962 4147 Prosper
3001 4076 3320 4144 Slellarlius,
3355 4076 3514 4133 ambo

1928 4188 1991 4226 cx
2022 4171 2221 4225 familia
2252 4170 2658 4240 Augustiniana,
2688 4170 2845 4238 primi
2871 4168 3143 4233 viderunt,
3177 4169 3427 4239 Regulam
3447 4168 3512 4222 ad

1929 4281 2095 4318 servos
2125 4262 2217 4317 Dei
2243 4280 2307 4316 ex
2339 4263 2563 4331 epistola
2596 4262 2805 4316 laudata
2844 4262 3008 4316 luisse
3029 4262 3401 4330 depromptam
3428 4261 3511 4315 vi-

1931 4359 2111 4426 risque
2135 4364 2391 4425 aptatam.
2414 4355 2552 4421 Quo,
2570 4355 2762 4425 quibus
2786 4354 2835 4409 id
2865 4354 3067 4410 factum
3091 4356 3158 4409 sit
3183 4354 3516 4420 anetoribus,

1932 4450 2225 4520 ignoratur.
2262 4447 2370 4503 Sed
2404 4459 2613 4503 mature
2644 4449 2929 4502 admodum
2964 4448 3164 4503 factum
3196 4462 3317 4503 esse
3349 4462 3515 4516 appa-

1937 4551 2040 4596 ret.
2092 4543 2392 4597 Observant
2435 4543 2576 4595 enim
2624 4538 2997 4606 Benedictini,
3040 4555 3157 4595 eam
3192 4541 3517 4609 perantiquus

259 4646 374 4687 cum
416 4634 566 4689 libris
591 4633 655 4688 IV
676 4633 747 4689 de
790 4633 1043 4689 Doctrina
1082 4632 1387 4689 Christiana
1414 4675 1429 4701 ,
1475 4648 1525 4687 a.
1560 4633 1699 4688 1655
1734 4619 1911 4689 hac‘D
1936 4634 2283 4688 Tarnatensis
2312 4633 2506 4703 regulae
2527 4632 2864 4701 potissimam
2898 4640 3102 4701 partem
3135 4630 3310 4685 facere
3334 4640 3387 4684 et
3407 4630 3518 4685 lau-

259 4720 422 4779 forma
451 4724 775 4781 Ilelmstadii
805 4724 996 4792 editis,
1043 4724 1403 4781 confundens.

329 4816 489 4874 1665.
515 4816 718 4885 Paris.,
740 4818 881 4888 apud
903 4817 1089 4888 Steph.
1115 4818 1391 4890 Loyson...
1424 4818 1705 4889 Augustini
1728 4816 1838 4873 En-

261 4907 519 4966 chiridion
571 4908 641 4965 ad
689 4908 1035 4966 Laurentium
1083 4907 1158 4976 V,
1208 4910 1396 4967 Romae
1444 4909 1831 4981 primicerium.

262 4998 409 5057 Exst.
440 5003 495 5057 in
516 5017 668 5075 opere
689 5001 966 5072 Spirituali
1008 5018 1036 5056 a
1058 5017 1181 5074 pag.
1217 5002 1340 5059 129.

328 5093 461 5150 διες.
486 5094 676 5150 XVIII.
708 5126 778 5136 —
800 5094 958 5151 1705.
986 5093 1173 5168 Lipsite
1196 5135 1212 5161 ,
1244 5103 1435 5166 sumpt.
1459 5092 1618 5150 Joan.
1654 5092 1839 5149 Heini-

266 5184 561 5253 rltiivitlttte,
588 5188 770 5242 litteris
794 5186 882 5242 Io.
914 5186 1094 5244 Heinr.
1126 5186 1378 5257 Richteri,
1404 5188 1572 5244 in-8°.
1607 5187 1670 5242 D.
1701 5190 1832 5243 Aur.

267 5276 394 5348 Aug.
419 5280 773 5336 Enchiridion
812 5280 877 5335 ad
907 5280 1291 5347 Laurentium,
1312 5282 1475 5337 urbis
1510 5281 1697 5335 Romae
1728 5281 1839 5351 pri-

235 5430 241 5445 ἱ
271 5368 540 5426 inicerium
563 5413 579 5439 ,
608 5373 660 5426 in
695 5386 848 5427 usum
878 5372 1134 5428 studiosa:
1155 5372 1472 5443 juventutis,
1496 5389 1615 5429 cum
1642 5373 1833 5442 prmia-

231 5454 241 5498 ί
272 5460 405 5517 tione
429 5464 488 5517 de
523 5463 697 5519 studio
740 5464 1022 5536 theologica
1050 5462 1123 5523 ι).
1156 5465 1342 5521 Adami
1372 5464 1720 5535 Rechenbergi
1744 5478 1835 5521 re-

270 5564 467 5610 cusum.

335 5758 406 5831 (tl)
433 5758 825 5819 Hendreicbius
854 5762 909 5818 in
941 5761 1112 5818 Pand.
1146 5762 1397 5821 Brandeb.
1426 5778 1477 5833 p.
1510 5762 1618 5819 512
1638 5777 1827 5817 manu-

269 5833 511 5890 scriutam
552 5834 807 5890 Demetrii
848 5834 1151 5893 versionem
1200 5833 1401 5899 laudat,
1434 5834 1666 5891 adducto
1695 5841 1834 5892 teste

1936 4722 2050 4778 dari
2082 4723 2135 4777 in
2166 4722 2463 4778 Concordia
2493 4724 2795 4791 regularum
2820 4737 2847 4776 a
2874 4722 3162 4777 Benedicto
3184 4720 3393 4775 Aniano
3422 4720 3518 4775 ab-

1936 4815 2061 4870 bate
2090 4823 2143 4869 et
2170 4816 2221 4869 in
2250 4815 2435 4869 codice
2465 4814 2624 4869 etiam
2654 4812 2965 4883 Corbeiensi
2990 4855 3002 4879 ,
3039 4812 3188 4867 mille
3214 4827 3476 4867 annorum
3503 4852 3519 4880 ,

1936 4908 2067 4962 viris
2093 4907 2571 4973 accommodatam,
2605 4918 2657 4962 et
2686 4921 2805 4962 cum
2835 4921 2896 4963 ea
2927 4921 3044 4977 qua:
3074 4905 3385 4960 inscribitur
3421 4904 3520 4961 Re-

1937 5001 2061 5069 gula
2083 5001 2306 5055 secunda
2325 5043 2338 5066 ,
2374 5001 2425 5055 in
2457 5017 2620 5056 unum
2662 5015 2858 5072 corpus
2886 5009 3220 5070 compactam
3248 4999 3517 5056 exhiberi.

1938 5094 2256 5150 Tenendum
2298 5103 2381 5149 est
2424 5105 2632 5161 autem,
2678 5094 2779 5148 hac
2809 5093 3257 5148 transmutatione
3287 5093 3519 5163 priorem

1941 5188 2184 5256 epistolae
2210 5195 2414 5256 partem
2440 5202 2470 5241 a
2498 5186 2677 5242 verbis
2700 5185 2993 5240 initialibus
3019 5202 3031 5238 :
3068 5183 3215 5240 Sicut
3241 5194 3424 5257 parata
3450 5195 3521 5237 est

1940 5282 2196 5346 severitas,
2221 5293 2348 5347 etc.,
2380 5296 2547 5351 usque
2567 5280 2632 5334 ad
2662 5279 2774 5345 illa,
2809 5278 2914 5334 Sed
2936 5277 3106 5349 potius
3138 5278 3390 5346 lacrumas
3420 5272 3515 5328 Pe-

1942 5375 2007 5426 tri
2036 5374 2272 5443 pastoris,
2309 5375 2521 5443 penitus
2547 5387 2666 5428 esse
2692 5372 2955 5440 abjectam
2991 5390 3002 5423 :
3033 5371 3188 5440 cujus
3210 5369 3329 5424 loco
3356 5380 3520 5437 pauca

1944 5466 2061 5521 haec
2106 5468 2356 5537 praemitti
2402 5466 2575 5520 solent
2609 5464 2874 5519 adscititia
2911 5481 2923 5517 :
2957 5465 3085 5517 Ante
3116 5462 3315 5528 omnia,
3340 5461 3521 5531 fratres

1940 5557 2252 5623 charissimi,
2287 5557 2534 5627 diligatur
2556 5555 2714 5623 Dens,
2749 5556 2932 5610 deinde
2954 5557 3215 5626 proximus
3236 5596 3250 5621 ,
3279 5553 3399 5622 quia
3426 5551 3523 5605 ista

1942 5761 2244 5833 (Iouingero
2268 5761 2318 5813 in
2353 5759 2746 5813 b’tlrliomccario
2780 5776 2830 5829 p.
2854 5756 2982 5813 572.
3017 5756 3121 5813 Ubi
3147 5763 3329 5813 tamen
3350 5751 3521 5811 altum

1939 5832 2009 5889 de
2038 5847 2101 5888 ea
2132 5832 2424 5887 Silentium.
