4010 6350
1314 146 1337 185 Ε.

529 264 633 321 167
1412 263 1968 321 SUPPLEMENTUM
2007 265 2101 319 AD
2137 264 2367 321 OPERA
2411 266 2467 321 S.
2511 264 2899 322 AUGUSTINI.
3068 276 3071 279 '
3653 276 3737 333 168

532 391 786 452 ρηεοορια
832 390 950 436 sunt
996 380 1345 453 principaliter
1402 382 1547 435 nobis
1591 381 1732 437 data.
1786 383 1959 452 Atque
2014 380 2113 436 hac
2139 389 2187 445 Α
2217 381 2310 453 fol.
2341 398 2546 438 csum
2583 384 2766 438 excusi
2798 390 2925 437 sunt
2953 382 3312 438 Commen'arii
3358 384 3594 441 Ambrosii
3632 389 3741 447 Clio.

532 472 702 528 forma
731 474 929 544 saepius
958 477 1246 544 separatim
1293 472 1359 529 ab
1388 472 1621 542 Operutn
1662 471 2077 528 collectionibus
2097 512 2111 537 ,
2217 474 2409 529 riolani
2430 476 2481 528 in
2510 477 2725 545 primam
2752 475 2979 547 regulam
3004 476 3166 529 sancti
3184 477 3452 547 Augustini
3470 494 3581 534 cum
3603 482 3741 541 tribus

532 569 603 623 ita
642 578 696 624 ut
729 570 811 623 vel
859 569 971 623 sola
1032 568 1262 638 adjectis
1286 569 1536 623 nimirum
1581 566 1819 637 Hugonis
1854 566 1917 619 de
1941 564 1980 620 S
2023 563 2115 619 Vi-
2216 565 2334 636 ejus
2362 567 2414 621 in
2449 566 2630 621 laudes
2670 578 2725 621 et
2766 566 3039 622 doctrinas
3077 568 3331 637 quasdam
3361 569 3512 639 hujus
3541 571 3742 631 ductoris

533 669 672 714 ctore
713 669 803 715 aut
848 661 1141 715 Lairveltzii
1177 662 1578 717 commentariis
1603 661 1852 714 volumen
1881 658 2111 720 efficiat.
2217 662 2573 717 orationibus.
2604 660 2876 727 Przelatio,
2904 676 3024 731 qua:
3054 662 3175 715 huic
3203 662 3337 731 parti
3370 662 3461 716 fol.
3490 679 3621 730 cxix,
3647 684 3743 741 pag.

533 752 623 808 vel
670 768 790 807 cum
820 753 938 808 aliis
986 752 1192 807 ordinis
1239 753 1612 823 Augustiniani
1644 750 2115 807 constitutionibus
2217 754 2385 807 altera
2440 753 2783 823 praemittitur
2837 752 3048 807 Oliverii
3093 752 3263 808 Servii
3308 751 3653 812 Tholentinatis
3692 761 3743 815 ad

534 861 729 901 excusa
760 856 863 901 est.
896 847 997 901 Sed
1019 862 1138 900 cum
1166 846 1423 900 latissime
1450 845 1535 900 hic
1558 846 1692 900 ordo
1716 852 1908 914 pateat,
1934 853 2116 912 totque
2218 846 2565 902 Guillermum
2609 848 2673 902 de
2712 843 3052 902 Estoutevilla
3092 847 3381 919 episcopum
3423 847 3678 904 Ostiensem
3713 862 3749 906 et

533 936 763 991 diversa:
786 952 853 992 eo
874 937 1089 992 nomine
1110 936 1632 1005 comprehendantur
1649 936 2113 1008 congregationes,
2219 939 2555 1005 cardinalem,
2579 940 2630 994 in
2652 956 2753 1006 qua
2782 955 2841 995 se
2870 940 3101 1009 primum
3125 938 3242 994 bzrc
3263 936 3412 992 foras
3434 940 3628 995 mittere
3644 944 3752 996 scri-

533 1048 761 1101 quarum
790 1033 1028 1086 omnium
1067 1032 1479 1087 constitutiones
1503 1073 1516 1096 ,
1566 1049 1684 1101 qua:
1728 1031 1843 1099 plus
1871 1029 2117 1083 minusve
2220 1031 2320 1097 bit,
2346 1032 2411 1086 ad
2443 1033 2627 1096 aliam,
2653 1047 2773 1102 quae
2801 1031 2939 1087 hanc
2966 1032 3326 1102 praecesserit,
3354 1030 3624 1087 editionem
3650 1049 3752 1105 spc-

534 1121 673 1178 hanc
706 1124 946 1193 regulam
990 1123 1315 1193 respiciunt,
1358 1124 1553 1191 sa'pius
1591 1122 1806 1192 quidem
1846 1129 1970 1175 sunt
2013 1119 2115 1172 im-
2221 1134 2368 1179 ctare
2398 1124 2629 1178 videtur.
2660 1124 2930 1180 Caeterum
2975 1122 3165 1180 sedulo
3212 1132 3426 1178 cautum
3463 1132 3539 1177 est
3576 1139 3602 1177 a
3635 1135 3754 1195 typo.

532 1226 736 1282 pressat
763 1255 777 1279 ,
810 1214 907 1268 sed
937 1224 1124 1267 natura
1148 1228 1242 1269 sua
1272 1229 1559 1281 paucorum
1598 1211 1845 1266 manibus
1872 1216 2119 1265 teruntur
2220 1216 2439 1287 graphis
2466 1258 2479 1279 ,
2526 1231 2593 1271 ne
2616 1230 2815 1270 vacuas
2856 1215 3074 1285 paginas
3116 1214 3497 1279 admitterent;
3534 1219 3749 1283 quocirca

534 1312 589 1359 et
614 1303 727 1359 fere
752 1304 1075 1360 delitescunt
1101 1321 1114 1357 :
1147 1303 1493 1374 intelligitur,
1546 1319 1704 1372 quam
1740 1302 2003 1357 lubricum
2048 1298 2118 1353 sit
2221 1307 2442 1377 passim,
2473 1307 2636 1361 veluti
2667 1306 2757 1362 fol.
2794 1322 2889 1360 vni
2918 1307 3109 1376 pagina
3134 1307 3323 1371 altera,
3346 1306 3456 1361 nec
3476 1322 3574 1359 non
3599 1307 3752 1363 eadem

536 1408 846 1453 accuratum
877 1408 968 1452 aut
997 1400 1214 1467 plenum
1260 1398 1537 1450 editionum
1579 1394 1736 1464 hujus
1769 1393 1957 1464 regula!
1983 1389 2118 1445 ἱηάἱ·
2222 1404 2414 1470 pagina
2442 1400 2600 1462 tituli,
2629 1400 2754 1455 item
2783 1400 2957 1470 prima
2984 1400 3078 1455 fol.
3108 1416 3235 1456 cus
3267 1400 3543 1467 Augustini
3564 1403 3753 1470 efﬁgiem

534 1508 652 1549 cem
693 1502 1003 1546 contexere.
1037 1490 1296 1559 Equidem
1338 1488 1537 1558 oppido
1582 1502 1777 1559 paucas
1824 1486 1939 1555 ipsc
1967 1482 2073 1536 vidi
2102 1521 2115 1545 .
2222 1492 2368 1563 ligno
2391 1491 2707 1559 impressam
2728 1492 2952 1547 videbis.
2975 1491 3223 1546 Conferri
3246 1493 3406 1547 etiam
3426 1492 3491 1545 de
3514 1490 3609 1547 hoc
3625 1507 3758 1562 opere

533 1598 637 1638 nec
663 1599 819 1651 quos,
852 1583 1190 1637 Cessantibus
1217 1581 1345 1645 illis,
1367 1580 1512 1647 sequi
1541 1577 1833 1647 potuissem
1858 1574 2116 1628 nobilium
2223 1586 2419 1654 poterit
2445 1583 2621 1638 Βναηη
2656 1584 2785 1639 Nor,
2820 1584 2892 1639 Η,
2926 1585 3059 1656 ιειη
3091 1585 3153 1640 Τ,
3183 1586 3250 1651 ιι,
3277 1601 3396 1655 pag,
3432 1586 3548 1640 195,

533 1673 982 1732 bibliothecarum
1010 1675 1305 1743 scriptores
1333 1673 1464 1727 satis
1490 1671 1625 1728 [idos
1649 1673 1747 1724 hac
1776 1671 1828 1723 in
1851 1682 1911 1723 re
1929 1680 2119 1735 exper-

2296 1676 2455 1734 1500.
2507 1676 2733 1732 Venetiis
2757 1717 2771 1740 ,
2812 1679 3060 1747 impensis
3085 1676 3325 1743 Giuntte,
3355 1686 3463 1731 arte
3494 1675 3692 1733 Joannis
3710 1679 3758 1732 de

536 1780 623 1825 tus
651 1785 792 1824 sum.
825 1767 1031 1838 Collegi
1066 1780 1267 1833 tamen,
1300 1776 1563 1836 quantum
1597 1766 1776 1836 potui,
1808 1775 1970 1832 atque
2016 1760 2118 1814 hoc
2150 1772 2196 1833 Β
2223 1770 2415 1839 Spira;
2442 1772 2611 1825 ἰηυίο.
2633 1771 2689 1826 S.
2715 1769 2998 1840 Augustini
3023 1772 3225 1840 Regula
3249 1787 3351 1825 una
3380 1786 3497 1825 cum
3521 1770 3630 1824 Vita
3647 1770 3755 1839 ejus.

534 1862 727 1919 saltem
754 1872 1031 1917 assecutus
1061 1861 1191 1915 mihi
1223 1859 1429 1925 videor,
1472 1869 1565 1925 ut,
1612 1857 1756 1929 quod
1805 1854 1986 1920 desit,
2028 1860 2122 1907 aut

2250 1874 2369 1917 nter
2404 1862 2625 1933 Regulus
2658 1872 2879 1931 quatuor
2900 1864 3118 1929 primunt
3150 1865 3491 1932 approbatas,
3516 1861 3578 1916 de
3600 1862 3757 1932 quibus

536 1958 717 2011 minus
745 1967 890 2012 recte
919 1972 979 2010 se
1014 1955 1225 2020 habeat,
1259 1955 1302 2007 si
1335 1954 1467 2006 tanti
1501 1961 1720 2023 putatur
1748 1950 1815 2004 ab
1844 1948 1964 2003 aliis
1994 1961 2121 2016 ευρ·
2223 1956 2289 2009 ad
2312 1953 2642 2008 Benedictum
2673 1955 2912 2021 dicetur,
2939 1954 3209 2025 simulque
3241 1953 3379 2009 hanc
3402 1954 3673 2009 editionem
3697 1953 3757 2008 lac

536 2048 674 2117 pleri
702 2062 793 2101 aut
819 2049 1012 2117 corrigi
1044 2046 1254 2100 facilius
1278 2046 1451 2114 possit
1485 2043 1582 2115 (a).
2224 2045 2331 2099 tius
2370 2044 2696 2113 descriptam
2726 2044 2992 2101 dabimus.

613 2142 752 2199 Sic.
787 2141 905 2197 XV.
931 2171 1003 2181 —
1032 2140 1189 2194 1481.
1222 2138 1395 2193 Roma:
1421 2179 1435 2202 ,
1474 2137 1654 2206 in-{oL
1683 2134 1887 2205 Regula
1922 2133 1982 2188 S.
2015 2133 2124 2186 Au-
2296 2138 2440 2192 Sac.
2474 2136 2851 2195 Χγ1,-1516,
2884 2136 3149 2208 Lugduni,
3173 2137 3315 2192 iit-8°
3338 2135 3421 2205 (σι’)
3446 2136 3500 2193 S.
3525 2136 3762 2199 Augusuni

539 2235 742 2307 gustini
785 2248 906 2288 cum
947 2232 1353 2288 Commentario
1392 2229 1643 2283 Ambrosii
1681 2226 1966 2284 Coriolani.
2019 2224 2122 2278 οι·-
2226 2231 2449 2301 Regula.

540 2327 686 2381 landi
721 2342 838 2396 pag.
868 2324 975 2381 284
995 2337 1047 2379 et
1078 2324 1202 2378 316.
1775 2335 1785 2347 '
2299 2322 2508 2397 [1517.]
2540 2324 2667 2380 Sine
2695 2324 2809 2379 loco
2847 2334 2895 2381 et
2925 2326 3275 2396 lypograplto,
3305 2324 3463 2379 iri-8°.
3500 2324 3557 2377 Β.
3586 2325 3762 2391 Augus-

615 2400 775 2473 1191).
826 2418 1161 2488 Argentinae,
1205 2431 1295 2485 per
1344 2413 1631 2467 Martinum
1671 2410 1904 2474 Schott.;
1943 2406 2121 2477 iit-fol.

2254 2414 2327 2469 ini
2362 2416 2601 2487 episcopi
2636 2416 2865 2487 Regula.
2908 2416 3094 2471 Exstat
3125 2419 3179 2470 in
3210 2416 3656 2471 Constitutionibus
3680 2414 3764 2469 fra-

542 2510 790 2567 Canones
810 2510 1012 2564 Aurelii
1043 2508 1317 2580 Augustini
1357 2511 1514 2579 juxta
1545 2505 1801 2575 triplicem
1831 2518 1984 2573 quant
2011 2502 2123 2555 edi-

2252 2526 2369 2566 rum
2407 2511 2806 2566 Heremitarum
2857 2510 3040 2567 Sancti
3090 2512 3375 2582 Augustini
3428 2511 3494 2566 ad
3538 2511 3765 2579 Atostoli-

544 2606 620 2659 dit
664 2606 898 2677 regulam
940 2604 1076 2657 omni
1110 2603 1271 2657 statui
1309 2602 1515 2655 modum
1559 2599 1759 2654 vivendi
1801 2607 2122 2667 prastantes.
2227 2616 2419 2657 corum
2486 2602 2889 2673 privilegiorum
2948 2601 3176 2657 formam
3259 2618 3358 2672 pro
3427 2603 3767 2656 reformatione

546 2696 708 2766 (Haec
738 2695 935 2751 litteris
964 2694 1275 2764 majusculis
1295 2735 1308 2758 ,
1337 2692 1615 2761 sequentia
1658 2688 1957 2745 minoribus
1989 2684 2124 2741 tituli

2250 2692 2584 2749 ilemannim.
2627 2694 2980 2749 Praetnittitur
3029 2694 3099 2748 ad
3141 2684 3317 2749 omnes
3353 2696 3547 2753 ordinis
3583 2697 3767 2764 fratrum

544 2790 718 2847 instar
739 2791 793 2846 in
823 2788 993 2860 prima
1029 2789 1218 2858 pagina
1251 2802 1265 2841 :
1297 2788 1313 2857 )
2230 2785 2617 2843 Heremitarum
2647 2787 2709 2843 S.
2741 2787 3013 2857 Augustini
3037 2803 3127 2858 per
3187 2786 3544 2841 Alemanniam
3572 2787 3768 2841 Conven-

966 2880 1188 2935 Prelati.
1222 2880 1432 2951 regendi
1454 2880 1657 2951 copiam
1688 2876 2054 2931 nanciscuntur
2231 2888 2311 2935 tus
2338 2880 2632 2935 adhortatio
2660 2880 2882 2936 Joannis
2913 2880 2977 2935 de
3011 2880 3282 2949 Staupitz,
3316 2882 3505 2951 prioris
3547 2879 3764 2947 generalis

796 2974 897 3030 Hic
928 2974 1159 3030 Subditi.
1186 2974 1292 3028 suis
1328 2973 1521 3027 curatis
1560 2970 1870 3038 obsequendi
1898 2969 2127 3023 debitum
2229 2974 2297 3026 ad
2325 2973 2583 3043 negotium
2617 2973 2767 3026 dictte
2806 2973 3185 3043 reformationis
3222 2981 3349 3025 tunc
3378 2972 3568 3035 vicarii,
3598 2972 3771 3041 signata

1276 3076 1502 3133 prestare
1529 3064 1803 3118 docentur.
2232 3079 2281 3117 a.
2319 3064 2477 3119 1517.

939 3157 1112 3213 Mores
1138 3159 1396 3230 accipiunt
1423 3162 1511 3231 ςερὶ
1541 3156 1722 3227 ﬁdeles
1751 3157 1994 3210 uniuersi.
2154 3154 2199 3218 C
2296 3157 2465 3213 1526.
2491 3156 2736 3211 Parisiis.
2766 3196 2781 3211 .
2819 3195 2833 3210 .
2867 3196 2879 3210 .
2926 3197 2939 3211 .
2976 3157 3215 3229 Hugonis
3236 3175 3268 3211 a
3300 3158 3361 3214 S.
3400 3157 3595 3211 Victore
3617 3156 3663 3209 in
3691 3155 3773 3209 Be-

547 3252 629 3307 Ad
668 3250 869 3306 calcem
909 3267 923 3304 :
968 3249 1113 3318 Opus
1154 3267 1411 3305 canonum
1450 3252 1648 3305 Aurelii
1695 3250 1966 3321 Augustini
2016 3263 2130 3301 cum
2233 3252 2410 3321 gulam
2442 3250 2507 3303 D.
2556 3250 2841 3320 Augustini
2870 3251 3173 3319 expositio,
3213 3251 3363 3305 edita
3395 3250 3447 3304 in
3475 3250 3635 3320 prima
3662 3248 3776 3302 inte-

548 3363 679 3401 nova
701 3362 761 3399 ac
784 3345 1035 3414 praetura
1072 3346 1491 3412 interpretatione
1522 3343 1791 3400 Ambrosii
1819 3341 2128 3398 Clinriolani
2234 3359 2324 3412 gra
2354 3343 2578 3414 Operum
2608 3342 2840 3414 ejusdem
2857 3343 3183 3411 ~Collectione
3210 3343 3266 3395 lt.
3295 3360 3349 3396 a.
3372 3342 3527 3397 facta.
3546 3340 3777 3409 Numipsa

548 3440 646 3493 viri
698 3438 1113 3507 prestantissimi.
1156 3426 1683 3508 generalis'magistri
1731 3436 1887 3488 totius
1934 3433 2131 3487 ordinis
2238 3449 2457 3504 qucque
2496 3434 2696 3505 Regula
2738 3450 2841 3489 una
2882 3450 3139 3502 espressa
3191 3436 3288 3499 sit,
3319 3437 3531 3505 ignoro.
3574 3431 3779 3503 Hugouis

551 3530 915 3583 heremitarum
944 3530 1043 3582 divi
1072 3528 1370 3599 Augustini.
1411 3545 1502 3599 per
1530 3526 1829 3595 spectabiles
1857 3527 1989 3579 viros
2020 3524 2132 3579 Til-
2236 3542 2361 3580 vero
2406 3525 2839 3581 Commentarius
2882 3536 3065 3593 postea
3102 3526 3308 3594 pariter
3342 3542 3594 3595 recusus,
3628 3535 3699 3578 est
3737 3522 3778 3575 in

551 3638 809 3676 manuum
838 3622 1149 3690 limperger.
1180 3619 1380 3673 ordinis
1418 3620 1781 3672 hcremitarunt
1823 3619 1988 3671 sancti
2029 3617 2133 3670 Au-
2235 3616 2470 3671 editione
2525 3615 2711 3670 Veneta
2740 3616 2898 3687 (apud
2936 3616 3021 3670 Jo.
3056 3616 3209 3685 Bapt.
3264 3618 3595 3685 Somascum)
3641 3614 3777 3678 1588,

551 3715 743 3787 gustini
780 3717 1012 3786 fratrem.
1055 3711 1310 3767 Jacubum
1347 3712 1609 3766 fedderer.
1649 3710 1907 3765 Joannem
1945 3709 2131 3763 scher-
2236 3721 2285 3764 ct
2317 3708 2802 3775 Coloniensiltin,
2828 3725 2928 3765 nec
2957 3726 3058 3763 non
3093 3710 3414 3775 novissima,
3440 3727 3592 3779 quam
3620 3710 3775 3777 singu-

551 3826 661 3866 rer.
710 3810 900 3862 artium
938 3806 1227 3862 liberalium
1270 3807 1584 3875 professores
1626 3813 1671 3857 et
1715 3818 1857 3855 sacre
1886 3801 2134 3871 tltcologie
2237 3803 2389 3857 latim
2418 3802 2794 3856 iudieabintus.

557 3902 877 3956 bachalarios
913 3905 1161 3970 formatos
1202 3896 1593 3967 exquisitissime
1635 3895 1938 3964 castigatum
1985 3904 2133 3963 atque
2308 3895 2465 3950 1550.
2504 3891 2749 3962 Venetiis,
2781 3895 2941 3949 iit-4°.
2962 3896 3018 3948 S.
3050 3895 3333 3964 Augustini
3367 3896 3565 3966 Regula
3589 3894 3650 3949 ad
3679 3892 3783 3948 Ser-

554 3995 775 4047 revisum
826 4002 922 4047 est.
982 3990 1391 4062 [inpressumque
1432 3987 1723 4056 Argentine
1780 3994 1890 4039 arte
1932 3994 1978 4039 et
2034 3986 2133 4038 im-
2238 4002 2334 4041 vos
2381 3986 2498 4053 Dei,
2533 4004 2619 4040 seu
2664 3988 2830 4039 verius
2864 3986 3064 4055 Regula
3113 3986 3625 4042 Sauctimonialibus
3665 3998 3784 4054 pra?-

552 4089 720 4157 pensis
749 4086 1074 4139 solertissimi
1104 4086 1198 4138 viri
1248 4082 1461 4139 Martini
1504 4082 1702 4137 scliott.
1755 4080 1903 4133 Anno
1953 4079 2136 4133 salutis
2237 4079 2434 4148 scripta
2472 4082 2593 4132 :cui
2623 4078 3182 4150 prtemittiturRegula:
3204 4079 3419 4134 clericis
3452 4078 3651 4133 traditze
3668 4075 3785 4144 frag-

555 4176 903 4233 MCCCCXC.
2240 4182 2480 4225 mentum
2512 4185 2633 4225 cum
2680 4169 2880 4239 Regula
2912 4170 3147 4225 secunda
3194 4168 3601 4242 (supposititia).
3647 4168 3780 4223 Exst.

638 4272 730 4327 His
743 4270 991 4325 omnibus
1015 4270 1249 4336 denique
1262 4269 1501 4338 subjecta
1521 4267 1963 4323 suntmonimenta
1980 4264 2048 4318 ad
2066 4264 2137 4318 le-
2238 4262 2376 4316 inter
2389 4271 2616 4329 quatuor
2639 4263 2872 4331 primum
2900 4263 3226 4331 approbatas
3243 4263 3497 4333 ltegulas,
3522 4263 3784 4317 collecture

553 4376 741 4419 ctorcm
766 4380 860 4418 sex
882 4362 1132 4418 disticltis
1158 4362 1460 4416 constantia
1481 4358 2135 4429 subsignataquelitteris:
2236 4352 2323 4408 Jo.
2378 4352 2659 4408 Francisco
2699 4354 2969 4419 Brixiano,
3007 4369 3258 4425 congreg.
3294 4356 3353 4411 S.
3389 4356 3612 4411 Justinus
3647 4354 3702 4409 0.
3733 4350 3780 4405 S.

553 4456 617 4511 1".
660 4456 724 4510 Ι).
752 4454 812 4509 L.
842 4455 924 4511 Ab
954 4454 1109 4509 initio
1136 4454 1373 4508 occurrit
1398 4452 1654 4506 Tilmauni
1682 4451 1975 4522 Limperger
2002 4465 2139 4520 prm-
2239 4449 2537 4516 Benedicti;
2568 4486 2583 4502 .
2621 4490 2632 4504 .
2667 4488 2681 4502 .
2713 4449 2848 4502 circa
2877 4450 3056 4516 ﬁnem.

552 4550 682 4604 fulto
701 4548 762 4601 ad
784 4544 1640 4613 NicholaumFriess,theologum
1662 4542 2127 4611 Augustiniauum,
2159 4534 2211 4595 D
2310 4544 2465 4605 1561.
2506 4542 2754 4608 Venetiis,
2783 4557 2871 4614 per
2894 4540 3281 4597 Bernardinum
3322 4543 3624 4601 Fasianum.
3666 4555 3787 4594 sumo

552 4643 865 4710 episcopum
897 4638 1310 4707 Tripolitanum.
1344 4635 1545 4690 Deinde
1584 4650 1611 4687 a
1656 4633 1785 4688 folio
1817 4634 1937 4689 inde
1961 4635 2132 4703 primo
2238 4638 2406 4707 ptibus
2427 4634 2802 4691 Canonicorum
2830 4634 3161 4704 Regularium
3191 4631 3789 4689 LateranensiumJlensc

553 4750 720 4803 usque
754 4734 817 4787 ad
858 4741 1104 4787 octavum
1142 4729 1535 4798 prmmittuntur
1579 4726 1697 4781 Vita
1733 4728 2007 4799 Augustini
2045 4744 2133 4795 per
2236 4729 2447 4797 Aprili;
2472 4728 2630 4782 ἰοί-ιε’.
2657 4729 2714 4783 S.
2748 4728 3027 4796 Augustini
3058 4726 3299 4797 Regula,
3328 4744 3450 4783 cum
3481 4725 3787 4795 expositione

553 4822 902 4889 Coriolanum,
928 4830 981 4877 et
1008 4815 1383 4877 commendatio
1408 4811 1599 4892 regula:
1625 4822 1868 4883 eiusdem.
1895 4821 2130 4876 Tandem
2242 4821 2475 4892 Hugonis
2503 4822 2565 4874 de
2596 4820 2655 4876 S.
2689 4820 2890 4873 Victore
2914 4819 3097 4874 Latine
3123 4831 3169 4874 et
3189 4819 3392 4876 ltalice.
3416 4819 3531 4876 Cat.
3554 4820 3680 4874 Bibl.
3706 4816 3786 4869 Pi-

554 4916 683 4973 folio
718 4933 766 4969 Ix
795 4914 1056 4983 incipiunt
1085 4912 1450 4967 Commentarii
1488 4930 1639 4980 super
1670 4912 1848 4982 regula
1888 4913 1991 4965 divi
2027 4913 2135 4965 Au-
2236 4916 2360 4970 nell.
2395 4914 2465 4969 cf.
2518 4913 2724 4967 Fabric.
2757 4912 2811 4968 in
2861 4910 2998 4967 Bibl.
3046 4911 3122 4969 Μ.
3152 4922 3199 4967 et
3226 4912 3334 4984 Ini.
3368 4913 3490 4967 Lat.
3516 4911 3605 4969 ed.
3644 4905 3788 4966 Mansi

553 5008 860 5076 gustiui.....
908 5004 1030 5059 editi
1064 5004 1128 5057 ab
1158 5003 1425 5057 Ambrosio
1466 5002 1875 5058 Coriolano......
1911 5022 1999 5073 per
2024 5022 2130 5059 nto-
2239 5006 2301 5060 Τ.
2326 5006 2413 5071 Ill,
2448 5021 2566 5075 pag.
2594 5006 2715 5061 501.

555 5102 674 5151 dum
706 5097 942 5166 Diutogi;
969 5096 1355 5151 continuantur
1381 5111 1507 5150 vero
1538 5110 1705 5164 usque
1736 5097 1798 5151 ad
1829 5097 1942 5152 folii
1965 5112 2129 5153 cxvnt
2312 5100 2467 5154 i575.
2500 5100 2725 5155 Coloniae
2754 5101 2995 5171 Agripp.,
3025 5101 3185 5155 iit-8°.
3218 5101 3271 5155 S.
3300 5101 3581 5171 Augustini
3611 5093 3789 5167 Regula

556 5190 737 5245 finem.
770 5190 974 5245 Dehinc
1015 5189 1304 5258 separatim
1339 5188 1464 5243 folio
1493 5204 1596 5242 cxx
1642 5204 1807 5260 usque
1851 5190 1918 5246 ad
1968 5190 2126 5245 linem
2236 5200 2295 5247 et
2329 5191 2753 5248 Constitutiones
2801 5192 3025 5247 fratrum
3072 5193 3192 5248 ord.
3225 5187 3787 5249 Praedicatorumﬁat.

627 5328 705 5397 (a)
735 5334 862 5395 Quze
890 5346 1039 5382 cruce
1083 5338 1356 5392 notantur,
1391 5344 1482 5383 eas
1512 5330 1849 5384 solummodo
1881 5334 1931 5384 in
1979 5329 2133 5384 Cata-

558 5402 674 5470 logu
715 5400 850 5453 Bibl.
896 5399 1189 5454 Bodleianrr
1236 5400 1476 5454 laudatas
1518 5403 1729 5469 reperi,
1775 5402 1861 5470 qui
1911 5410 1969 5454 ut
1997 5403 2134 5457 inter

560 5471 1035 5544 prscstantissitnos
1079 5471 1518 5544 bibliothecarum
1556 5473 1887 5544 publicarum
1929 5471 2131 5527 indices

562 5541 755 5595 inurito
795 5552 1122 5606 numeratur,
1157 5542 1224 5595 ita
1261 5542 1399 5595 haud
1444 5559 1564 5596 raro
1594 5541 2125 5601 bibliothecariorum

560 5613 740 5665 usibus
769 5614 954 5679 magis,
989 5628 1143 5681 quam
1168 5616 1437 5667 I‘Onimtttt‘
1473 5614 1682 5667 utilitati
1712 5622 1795 5667 est
1819 5627 2122 5667 accommo—

556 5683 735 5741 datus,
768 5683 1034 5753 lzlirosque
1059 5684 1250 5753 quibus
1280 5686 1438 5753 nliqm
1462 5694 1716 5753 mactatus
1744 5684 1927 5738 inserti
1960 5693 2082 5737 sunt
2108 5725 2122 5749 ,

560 5768 664 5806 non
699 5752 868 5806 \crliis
893 5752 1105 5815 indicat,
1142 5757 1232 5807 sed
1269 5752 1425 5807 ulriir,
1458 5752 1641 5807 lm‘ttl:.~'
1674 5758 2028 5821 reperiantur,
2056 5755 2127 5810 si-

2279 5333 2360 5387 nis
2406 5333 2662 5387 declarat.
2694 5334 2964 5390 Creterum
2998 5334 3179 5388 nescio
3205 5335 3366 5387 etiam
3400 5349 3466 5387 an
3505 5345 3682 5388 omnes
3704 5328 3789 5382 0r-

2282 5404 2385 5457 inis
2416 5404 2787 5473 Augustiniani
2815 5403 3267 5458 Constitutiunuut
3294 5404 3558 5457 editiones
3584 5404 3788 5471 regulam

2241 5473 2380 5548 lianc
2414 5489 2442 5548 a
2478 5477 2660 5548 limine
2680 5474 3005 5548 prstiterant.
3050 5476 3195 5528 Alias
3230 5488 3487 5548 numerus
3524 5486 3695 5548 e_a_ruu_t
3732 5480 3786 5548 ex

2237 5543 2464 5615 Lipeuip
2493 5542 2651 5615 (Bibl.
2677 5540 2857 5600 Theol.
2890 5545 2951 5600 Τ.
2987 5545 3033 5609 l,
3066 5561 3184 5613 pag.
3223 5545 3321 5599 118
3350 5543 3515 5614 sqq.).
3548 5540 3787 5615 lleiidrei-

2236 5614 2363 5686 chio
2386 5610 2581 5684 (Pand.
2622 5616 2879 5670 Brandcb.
2921 5632 3039 5686 pag.
3068 5610 3231 5686 3‘5.)
3254 5625 3309 5670 et
3337 5610 3584 5686 Catalogo
3611 5610 3786 5685 Biblio:

2230 5683 2404 5739 theca:
2439 5686 2812 5744 Casanatensis
2849 5683 2933 5757 (ν.
2968 5683 3383 5755 Constitution“)
3423 5683 3579 5740 facile
3622 5683 3783 5749 augeri

2229 5765 2433 5822 posset.
