4010 6350
186 419 273 474 173
1048 415 1326 476 ΝΟἸἹΤΙΑ
1364 412 1734 475 LITTERAM

1836 412 1888 467 [Ν
1925 412 1981 469 S.
2024 411 2489 470 AUGUSTINUM.
3300 412 3407 468 ηε

183 531 360 588 "adu"
380 547 444 588 θη
478 531 714 600 τηηςοῑε
745 546 845 603 ΡΜ
890 531 1025 586 ha"
1054 532 1233 603 Segni.
1266 552 1285 585 ’
1338 530 1725 601 Ephemerides
1750 528 1803 588 Α
1829 550 2016 621 majori
2038 549 2481 603 commendatione
2505 564 2558 600 se
2584 547 2800 616 dignum
2824 546 3063 600 exhibens
3086 546 3400 617 legentibus,

183 626 333 679 Paris.
360 622 563 695 (Journ.
589 626 677 677 des
704 623 882 696 Scav.)
908 624 961 677 h.
992 640 1042 677 a.
1064 641 1212 678 nunt.
1236 623 1374 690 XIV,
1395 638 1515 693 pag.
1542 622 1633 687 99.,
1659 620 1727 675 de

1836 620 1985 708 quam
2014 640 2266 709 quibusvis
2293 638 2456 692 verbis
2485 640 2729 705 explicari
2768 640 2927 705 possit
2961 652 2978 695 ξ
3018 646 3073 690 ut
3101 648 3149 690 et
3182 639 3235 689 in
3268 655 3403 707 pra:-

182 728 378 771 auctore
405 718 628 770 omnino
657 726 855 771 tacent.

1836 731 2025 798 ratione
2036 739 2084 783 et
2105 728 2320 799 prologo
2335 729 2500 799 ipsius
2513 729 2768 781 evidenter
2789 728 2964 799 colligi
2981 738 3164 797 potest.
3193 728 3403 792 Quanto

242 808 385 861 1715.
428 807 589 860 Paris
616 849 628 871 ,
680 808 803 861 chez
840 807 991 877 Jacq.
1024 806 1300 871 Estienne;
1348 806 1525 861 ἔνι-12.
1577 824 1596 857 ‹
1629 805 1730 859 Les

1836 835 1947 873 vero
1973 819 2145 873 studio
2176 825 2224 870 et
2254 818 2580 881 accuratione
2620 819 2953 887 castigatum,
3004 819 3329 871 emendatum
3360 802 3419 873 et.

182 899 303 951 deux
341 896 505 951 livres
553 897 621 950 de
672 897 729 951 S.
782 898 1080 967 Augustin,
1122 898 1188 952 de
1221 899 1269 953 Ia
1303 898 1731 954 Prédestination

1836 911 2133 963 ordinatum
2156 909 2219 961 sit
2243 923 2263 962 :
2284 908 2335 960 hi
2352 908 2612 979 judicent,
2635 910 2719 975 qui
2748 908 2878 962 illud
2906 909 3023 961 aliis
3049 909 3306 960 similibus
3337 910 3411 961 si-

182 993 261 1045 des
295 990 457 1043 saints
508 997 563 1043 et
592 990 660 1042 du
692 991 809 1045 Don
838 991 905 1047 de
942 992 987 1043 la
1018 990 1419 1060 persévérance
1444 1034 1457 1056 ,
1493 1005 1621 1043 avec
1654 989 1732 1043 les

1836 1003 1921 1056 bi:
1947 1005 2051 1055 sive
2075 1016 2231 1054 manu
2256 1001 2464 1070 scriptis
2489 1015 2509 1053 :
2536 1001 2640 1053 sive
2666 1016 2766 1054 tere
2784 1001 3049 1070 impressis
3070 1000 3254 1053 litteris
3287 1016 3407 1052 con-

183 1084 348 1136 ιείιτθε
378 1081 509 1146 ίυδν
540 1080 639 1135 ¹θδ
670 1088 727 1135 ει
756 1081 857 1137 107
886 1082 957 1136 du
984 1084 1161 1138 méme
1191 1083 1360 1148 Sail“;
1394 1083 1445 1137 ιθ
1474 1090 1592 1135 ῑοιιῐ
1627 1092 1734 1135 "'3‘
1834 1094 2061 1149 tulerint.
2093 1092 2510 1147 Consummatum
2539 1090 2758 1145 Basilete
2788 1108 2875 1159 per
2900 1092 3199 1161 magistrum
3250 1090 3421 1151 Joans

177 1174 274 1227 d0"
294 1186 356 1225 θη
387 1170 685 1238 ἶτδηφοῖειι
1835 1202 1949 1240 nem
1976 1187 2040 1240 de
2066 1184 2369 1239 Amerbach.
2405 1184 2556 1237 Anno
2580 1185 2669 1237 dni
2699 1180 3261 1237 MCCCCLXXXIX.
3312 1184 3412 1237 im-

1746 1262 1751 1267 ’
1836 1291 2083 1346 pressum
2108 1286 2194 1331 est
2216 1276 2530 1330 charactere
2555 1273 2785 1328 Gothico
2810 1273 2862 1325 in
2890 1272 3100 1327 duabus
3122 1273 3412 1329 columnis.

1836 1368 2055 1437 Adsunt
2096 1368 2388 1437 signatura:
2414 1406 2429 1431 ,
2473 1365 2667 1418 littera:
2698 1364 2938 1418 initiales
2971 1378 3152 1432 parva:
3181 1373 3236 1417 et
3261 1364 3413 1433 pagi-

956 1456 1182 1533 :Tiim'f
1838 1477 2033 1516 narum
2065 1461 2243 1524 tituli,
2296 1474 2404 1513 non
2445 1458 2570 1512 item
2616 1457 2873 1511 custodes
2921 1466 2977 1511 et
3012 1456 3263 1510 foliorum
3307 1472 3410 1510 nu-

179 1514 833 1621 peigfn'.?arisﬁ.s..i6.1§°
870 1515 1070 1621 Eadfm
1110 1516 1320 1621 A3913.“
1343 1530 1437 1583 per
1465 1514 1517 1568 1°
1549 1513 1736 1583 scory’
2111 1513 2294 1621 prima
2345 1549 2459 1603 lolii
2508 1550 2667 1618 primi
2719 1548 2910 1617 pagina
2958 1547 3275 1601 charactere
3308 1546 3416 1621 Go-

187 1608 335 1662 in-8°.
360 1607 527 1673 Lipen.
554 1604 695 1662 Bibl.
728 1605 851 1671 Th.,
880 1606 944 1660 Τ.
979 1606 1023 1671 Ι,
1058 1622 1107 1675 ρ.
1144 1606 1270 1660 5‘25.
1574 1660 1578 1664 ,

1842 1645 1989 1699 thico
2057 1604 2249 1711 magno
2314 1604 2681 1711 impressum:
2719 1604 2865 1692 'Aur.
2915 1638 3193 1706 Augustini
3232 1620 3419 1691 Prima

278 1719 384 1773 XL.
408 1748 468 1759 —
487 1716 642 1791 (115)
668 1717 949 1790 Speculum
971 1734 1034 1771 ex
1055 1728 1267 1786 utroque
1294 1716 1643 1772 Testamento.

1846 1736 2241 1804 Quinquagena.
2300 1732 2563 1787 Praecedit
2610 1731 2769 1785 index
2818 1744 2998 1787 rerum
3048 1730 3420 1798 alphabeticus

250 1812 450 1865 Diversi
482 1811 585 1863 sub
633 1809 736 1864 hoc
774 1811 994 1865 nomine
1028 1810 1157 1864 editi
1196 1817 1412 1864 exstant
1451 1809 1616 1872 libri,
1651 1807 1736 1877 qui

1845 1844 1939 1881 xw
1973 1828 2134 1881 loliis.
2173 1825 2429 1895 Exempla
2460 1826 2621 1892 hujus
2654 1824 2743 1878 ed.
2774 1831 2990 1878 exstant
3028 1824 3080 1877 in
3108 1824 3249 1878 Bibl.
3280 1824 3435 1897 Bod-q

174 1903 348 1973 utique
397 1903 467 1958 ab
497 1902 801 1957 editoribus
856 1902 969 1956 suis
1018 1902 1314 1970 Augustino
1357 1901 1735 1955 vindicantur:

1836 1910 2019 1975 leiana
2061 1929 2114 1974 et
2156 1911 2325 1972 Aca'd.
2371 1916 2829 1985 Ingolstadiensis.
2864 1914 2947 1969 Cf.
2983 1915 3253 1969 Seemiller
3282 1915 3418 1971 fasc.

167 2008 301 2047 unus
323 2034 339 2059 ,
374 1994 469 2063 qui
500 1993 553 2046 in
609 1992 861 2047 omnibus
907 1992 1172 2046 hactenus
1199 2006 1420 2060 Operum
1455 1992 1736 2059 Augustini

1846 2010 1936 2071 ΙΙΙ,
1966 2027 2021 2079 p.
2054 2010 2177 2064 164.
2213 2010 2363 2063 Adde
2390 2008 2676 2061 Braunium
2707 2009 2745 2062 l.
2776 2008 2812 2060 Ι.
2837 2048 2851 2072 ,
2877 2008 2939 2061 Τ.
2978 2008 3040 2071 Il,
3068 2025 3118 2075 p.
3155 2009 3276 2063 181.
3436 2066 3442 2079 η

161 2085 499 2140 editionibus
540 2085 788 2154 vulgatus
814 2093 1018 2153 prostat
1044 2124 1057 2148 ,
1097 2093 1151 2138 et
1172 2084 1223 2137 in
1253 2085 1545 2137 novissima
1573 2082 1736 2135 Bene-

1920 2100 2075 2155 1195.
2130 2099 2379 2166 Venetiis,
2408 2115 2498 2168 per
2534 2098 2846 2152 Bernardin.
2888 2096 3165 2152 Benalium
3188 2115 3208 2165 ;
3235 2098 3420 2168 iit-fol.

162 2179 498 2232 dictinorum
527 2176 841 2244 Antuerpiaa
868 2190 1056 2230 recusa
1081 2185 1416 2240 recensetur,
1452 2173 1623 2228 Tomo
1654 2173 1741 2240 Ill,
1768 2172 1772 2177 ’
1848 2192 2178 2259 Augustinus
2210 2192 2260 2244 in
2289 2164 2555 2243 psam“,
2593 2189 2815 2242 ονιαηαί
2839 2204 2888 2257 ρ,
2918 2186 3043 2242 ᾖδε.
3188 2164 3191 2165 ν
3304 2164 3315 2177 ⁸

164 2289 190 2325 a
218 2287 345 2340 pag.
384 2272 491 2327 507
520 2271 585 2324 ad
618 2268 752 2335 6l2,
785 2270 937 2339 juxta
973 2270 1168 2323 seriem
1202 2268 1462 2323 librorum
1504 2269 1566 2322 V.
1597 2277 1647 2319 et
1679 2266 1736 2321 N.

1921 2282 2264 2347 ——Basilete,
2315 2298 2403 2351 per
2444 2278 2533 2333 Jo.
2567 2279 2998 2344 Amerbachium;
3028 2279 3207 2349 in-{oL
3240 2281 3445 2350 Augu:

163 2362 223 2416 Τ.
257 2363 642 2431 compositus;
678 2361 835 2423 alter,
880 2362 969 2431 qui
1007 2360 1075 2414 ab
1110 2360 1426 2430 Hieronymo
1459 2360 1667 2432 Vignier
1695 2362 1736 2413 in

1849 2375 1974 2428 stini
2007 2389 2146 2441 opus
2174 2373 2227 2426 in
2253 2372 2518 2425 Psalmos.
2556 2369 2751 2433 Maitt.,
2786 2370 2848 2423 Τ.
2880 2369 2920 2434 l,
2955 2385 3007 2438 p.
3038 2386 3110 2435 ll,
3144 2386 3196 2439 ιι.
3231 2370 3353 2424 565.

167 2455 441 2523 suptilem.
494 2453 560 2507 T-
603 2453 645 2515 ις
688 2468 715 2505 a
760 2467 883 2521 ρας·
924 2451 1028 2507 515
1059 2453 1124 2505 ad
1158 2451 1384 2518 545.61
1412 2453 1749 2521 autographo
1926 2465 2082 2518 1494.
2124 2462 2344 2527 Ibidem,
2375 2462 2551 2530 in-fol.
2584 2461 2916 2531 Augustinus
2946 2461 2998 2515 in
3027 2460 3289 2515 Psalmos.
3322 2460 3424 2514 Eo-

172 2546 466 2601 Bibliorum
487 2560 619 2599 mss.
643 2543 970 2614 Theodulphi
990 2545 1371 2598 Aurelianensis
1386 2543 1775 2613 episcopi,qui
1854 2560 1965 2610 άεηι
1997 2569 2120 2610 ιεειε
2149 2558 2185 2610 ι,
2222 2556 2258 2608 ι,

183 2639 318 2693 circa
344 2655 393 2691 a.
424 2636 528 2692 8‘20
559 2638 732 2703 obiit,
764 2648 846 2692 est
879 2638 1154 2706 prolatus,
1191 2636 1248 2690 in
1279 2653 1390 2706 quo
1420 2637 1484 2690 ad
1515 2636 1736 2705 capituli

1928 2647 2088 2702 H95.
2130 2648 2346 2711 Ibidem,
2379 2663 2468 2715 per
2494 2645 2752 2709 eumdem;
2780 2644 2962 2713 in-fol.
2997 2642 3143 2698 Idem
3172 2658 3329 2713 opus.
3432 2635 3436 2638 ’

192 2737 325 2782 certa
355 2729 578 2782 moralia
613 2728 908 2782 Bibliorum
952 2728 1237 2783 sententia:
1267 2728 1599 2792 referuntur,
1629 2730 1751 2781 abs-
1929 2740 2085 2794 H97,
2128 2738 2371 2801 Βαδξιεω,
2396 2754 2484 2807 per
2509 2733 2597 2790 Jo,
2623 2736 2686 2789 de
2708 2726 2989 2789 Amer-bach
3011 2750 3030 2797 ;
3052 2733 3234 2800 in-fol,
3281 2734 3426 2790 Idem

202 2838 292 2890 que
341 2820 673 2890 prafatione.
722 2822 879 2876 Hunc
909 2823 1068 2891 plane
1112 2822 1355 2891 Spurium
1386 2832 1613 2877 censent
1663 2823 1755 2875 ΒΘ·
1855 2846 2007 2901 opus.
2042 2829 2463 2883 Consummatum
2492 2845 2627 2880 anno
2650 2827 2736 2880 dni
2768 2824 3283 2881 M.CCCC.XCVII.
3315 2827 3423 2881 Sed

210 2914 468 2979 uedietini,
496 2915 639 2983 quod
663 2925 717 2966 et
740 2914 919 2967 minus
941 2928 1064 2967 cum
1090 2912 1313 2967 Possidii
1336 2914 1519 2967 verbis
1551 2922 1752 2967 etcum
1854 2922 1977 2976 loco
2004 2920 2178 2983 exilis,
2212 2935 2369 2988 quem
2420 2918 2470 2971 in
2503 2919 2665 2986 priori
2698 2917 2937 2972 editione
2969 2917 3303 2983 notavimus,
3338 2917 3426 2972 in.

212 3005 497 3073 pralarione
544 3004 833 3074 Augustini
878 3005 1177 3073 exemplari
1208 3019 1236 3057 a
1270 3019 1328 3059 se
1360 3003 1505 3071 edito
1536 3002 1753 3072 praeﬁxa
1857 3012 2014 3077 dicis,
2039 3011 2264 3065 seorsim
2295 3010 2382 3063 hic
2409 3009 2613 3077 adjecta
2645 3018 2730 3063 est
2756 3008 3123 3077 principalium
3152 3008 3428 3061 sententia-

212 3098 488 3151 conveniat.
517 3097 898 3152 Praefationem
923 3106 1103 3149 autem
1132 3097 1291 3149 istam
1319 3110 1481 3149 nemo
1512 3109 1619 3147 non
1647 3094 1756 3147 Αυ-
1857 3119 1974 3156 rum
2000 3104 2285 3168 annotatio,
2318 3117 2437 3170 quae
2470 3101 2582 3154 sola
2607 3101 2658 3153 in
2690 3101 2938 3154 Volumeu
2963 3100 3189 3154 modicae.
3214 3100 3427 3169 magni-

208 3187 545 3255 ἕυειίηίθηυω
570 3187 839 3241 calamum
879 3201 1069 3254 Sapere
1098 3187 1436 3255 Ρτοίῖῐθδιιπ·
1488 3183 1598 3239 Nec
1624 3199 1756 3237 vero
1848 3194 2061 3248 tudinis
2082 3192 2341 3248 excrevit.
2373 3192 2501 3258 Ejus
2540 3191 2817 3258 exemplar
2853 3201 3185 3245 memoratur
3213 3205 3428 3261 quoque

210 3294 469 3334 assensum
497 3280 577 3335 eis
616 3295 943 3349 quemquam
975 3279 1029 3333 in
1062 3278 1167 3333 hoc
1197 3294 1427 3350 negasse
1454 3279 1754 3349 comperio,
1785 3263 1832 3327 (ἶ
1863 3287 2007 3340 inter
2033 3286 2237 3339 rariora
2270 3284 2405 3337 Bibl.
2438 3283 2568 3352 Reg.
2601 3283 2886 3336 Bttdensis.

206 3372 296 3425 nisi
322 3372 460 3441 quod
488 3381 670 3426 textus
699 3370 927 3425 biblicos
953 3373 1262 3440 concernit,
1296 3373 1385 3441 qui
1421 3386 1527 3426 non
1561 3387 1629 3427 ex
1656 3387 1756 3426 an-
1935 3375 2098 3432 1519.
2141 3373 2404 3443 Lugduni,
2435 3372 2611 3443 in-fol.
2639 3373 2698 3426 Β.
2728 3373 3057 3440 Augustinus
3085 3374 3136 3426 in
3168 3372 3432 3428 Psalmos.
3464 3440 3465 3443 η

205 3462 359 3527 tiqua,
391 3478 489 3531 qua
542 3462 733 3531 procul
776 3461 942 3515 dubio
988 3465 1325 3531 Augustinus
1356 3464 1625 3527 utebatur,
1664 3464 1759 3518 sed
1862 3467 2137 3522 Laudatur
2162 3481 2189 3516 a
2222 3464 2571 3517 lIendreic/tio
2595 3506 2607 3530 ,
2642 3464 2692 3516 in
2737 3463 2906 3517 Pand.
2936 3463 3190 3518 Brandeb.
3227 3480 3280 3534 p.
3305 3467 3432 3522 542.

202 3566 262 3604 ex
294 3551 713 3624 Hieronymiana
750 3567 843 3606 seu
884 3552 1095 3623 vulgata
1126 3554 1379 3608 versione
1404 3563 1529 3608 sunt
1556 3554 1762 3609 descri-
1868 3561 2191 3614 Asservatur
2222 3558 2272 3608 in
2299 3556 2439 3609 Bibl.
2475 3554 2786 3608 manasterii
2818 3555 2946 3608 0rd.
2980 3556 3203 3610 Eremit.
3236 3556 3294 3611 S.
3328 3556 3435 3613 Au-

204 3644 288 3709 pti.
331 3645 613 3714 AuguStini
646 3661 863 3699 manum
902 3659 930 3696 a
964 3645 1134 3699 sciolo
1161 3645 1341 3716 aliquo
1380 3645 1649 3700 monacho
1677 3655 1756 3701 te-
1864 3650 2066 3720 gustini
2098 3646 2380 3711 Monachii,
2408 3654 2547 3699 teste
2580 3645 2857 3714 Ossingero
2891 3647 2943 3698 in
2977 3645 3115 3700 Bibl.
3158 3650 3434 3719 Augustin.

202 3747 446 3791 ineratam
476 3754 620 3805 esse,
656 3754 762 3794 non
787 3738 1220 3813 improbabiliter
1246 3739 1345 3793 viri
1373 3740 1535 3810 aliqui
1561 3739 1762 3793 doctis-
1864 3757 1985 3811 pag.
2023 3741 2109 3793 11.

201 3829 311 3881 simi
338 3873 352 3894 ,
407 3830 805 3900 refragantibus
863 3839 1038 3885 tamen
1086 3830 1450 3885 Benedictinis
1473 3873 1488 3899 ,
1534 3841 1761 3887 conten-
1798 3834 1803 3835 “
1941 3829 2099 3884 1529.
2127 3827 2363 3891 anilew,
2396 3828 2573 3898 in-fol.
2597 3827 2743 3882 Idem
2774 3827 2930 3892 liber,
2964 3838 3437 3887 commemorante
3468 3898 3471 3905 η

200 3920 324 3973 dunt
358 3920 458 3990 (ιι).
1868 3920 2241 3975 Hendreichio.
2283 3919 2388 3974 Sed
2422 3919 2562 3972 haud
2594 3919 2753 3972 dubie
2780 3920 3018 3988 pertinet
3042 3920 3107 3973 ad
3146 3921 3438 3978 editionem

266 4012 422 4068 1679.
467 4014 677 4083 Romae,
722 4014 865 4081 apud
900 4013 1185 4084 Josephum
1224 4012 1759 4075 Vanuccium;in-8°.
1866 4014 2095 4082 primam
2149 4009 2385 4079 Operum
2425 4010 2664 4063 omnium
2729 4025 2795 4063 ex
2844 4011 3161 4066 recensione
3206 3998 3471 4067 Erasmi.‘

200 4102 258 4156 D.
308 4110 441 4160 Aur.
488 4107 773 4174 Augustini
802 4106 1089 4175 Speculum
1114 4149 1128 4173 ,
1162 4116 1218 4158 ut
1249 4106 1301 4157 in
1332 4118 1419 4170 eo,
1448 4118 1604 4171 quam
1633 4102 1764 4157 obe-
1870 4100 2023 4171 Apud
2069 4100 2317 4155 eumdem
2364 4100 2539 4153 solum
2590 4098 2834 4153 laudatas
2889 4100 3108 4155 invenio
3146 4114 3441 4172 sequentes

201 4196 353 4251 diens
386 4198 520 4266 Deo,
547 4198 972 4265 inobediensque
998 4197 1088 4262 sit,
1125 4196 1332 4250 facilius
1352 4196 1577 4265 quisque
1601 4209 1767 4263 agno-
1810 4198 1813 4203 ‘
1869 4191 2175 4245 editiones:
2225 4189 2363 4244 1545
2390 4197 2445 4244 et
2470 4188 2605 4243 1555
2629 4230 2643 4252 ,
2680 4188 2940 4255 Parisiis;
2984 4190 3141 4255 1555,
3172 4191 3442 4263 Lugduni;
3478 4188 3479 4191 “

202 4297 311 4341 seat
338 4330 352 4352 ,
398 4290 497 4345 bac
540 4290 740 4343 minori
786 4290 958 4343 forma
993 4290 1223 4357 primum
1258 4287 1480 4341 editum.
1524 4286 1736 4341 Accessi

1872 4281 2035 4346 1556,
2087 4278 2344 4343 Basilew;
2398 4279 2555 4345 1561,
2604 4279 2761 4347 1562,
2800 4280 2961 4347 1565,
2997 4281 3272 4354 Lugduni:
3300 4284 3443 4340 haud
3466 4336 3483 4349 ,ν

206 4379 442 4447 ejusdem
466 4382 709 4436 doctoris
738 4382 1057 4435 Psalterium
1077 4421 1093 4446 ,
1124 4379 1266 4451 quod
1295 4380 1452 4433 matri
1479 4394 1588 4433 suae
1620 4394 1769 4432 corn-
1871 4372 2109 4440 graviori
2142 4371 2265 4424 ﬁde.

209 4474 399 4538 posuit.
443 4474 626 4527 Edidit
664 4484 719 4528 et
752 4472 1000 4541 prml‘atus
1032 4484 1114 4526 est
1154 4474 1317 4527 tacito
1341 4481 1518 4526 tamen
1549 4472 1768 4525 nomine
1945 4462 2101 4515 1569-
2142 4460 2385 4528 Βαδίιεαῑ,
2418 4476 2508 4525 ρει·
2531 4456 2872 4525 Frobenium,
2898 4460 3077 4530 in-fol.
3114 4463 3446 4531 Augustinus

215 4562 453 4633 Iosephus
480 4565 657 4619 Maria
702 4564 956 4618 Tommasi
987 4564 1145 4635 (forte
1170 4562 1516 4633 Tommasius)
1537 4604 1552 4628 ,
1581 4563 1767 4617 Alica-
1798 4633 1827 4635 ῃ
1873 4556 1925 4609 in
1953 4555 2216 4609 Psalmos.
2235 4552 2325 4608 Sic
2346 4553 2560 4621 quidem
2586 4562 2766 4606 exstat
2790 4553 2843 4605 in
2861 4548 3075 4622 Georgii
3096 4553 3223 4625 allg.
3248 4554 3446 4624 Europ.

219 4662 368 4713 tensis
402 4662 450 4713 in
475 4660 662 4713 Sicilia
695 4659 925 4713 clericus
956 4657 1271 4725 Regularis,
1296 4659 1437 4712 idem
1462 4658 1552 4725 qui
1585 4668 1736 4726 poste

1836 4638 2188 4700 iBiicherlex.
2251 4644 2440 4713 Suppl.
2477 4645 2515 4707 l,
2552 4659 2602 4712 p.
2628 4642 2717 4696 2t.
2759 4641 2863 4697 Sed
2890 4658 3177 4713 perperam
3204 4646 3447 4712 omnino,
3486 4646 3487 4649 “

222 4745 411 4817 (Romae
451 4747 989 4816 1709—12,lllvoll.,
1030 4747 1199 4817 ξιτ-8ο)
1241 4749 1395 4801 titulo
1428 4745 1769 4818 Theologico-
1879 4739 1923 4793 si
1956 4738 2023 4792 de
2053 4736 2307 4804 singulari
2349 4733 2715 4803 descriptione
2755 4733 3160 4802 intelligendum
3194 4734 3299 4789 sit:
3343 4752 3450 4794 non
3488 4736 3491 4739 λ

229 4854 320 4891 tum
344 4843 693 4911 antiquiorum
724 4838 946 4892 Patrum
975 4839 1176 4893 selecta
1203 4837 1516 4893 Graecorum
1547 4850 1601 4892 et
1628 4838 1778 4891 Lati-
1880 4830 2009 4884 item
2058 4828 2100 4882 Si
2135 4831 2276 4880 inter
2313 4826 2490 4895 Opera
2531 4840 2762 4894 quazras.
2812 4823 3153 4877 Genevensem
3208 4828 3451 4894 ejusdem
3495 4904 3500 4915 δ

239 4945 402 4985 norum
428 4933 685 5002 opuscula
716 4933 985 5001 evulgavit
1014 4932 1111 5002 (b).
1818 4920 1821 4925 ⁴
1882 4921 2011 4975 anni
2041 4920 2330 4974 editionem
2360 4927 2511 4972 notat
2541 4915 2855 4971 Hendreiclt.
2904 4919 3106 4972 Vereor
3134 4930 3313 4976 autem
3338 4963 3352 4989 ,
3386 4938 3455 4980 ne

254 5019 385 5076 XLI.
410 5023 647 5095 -(114)
672 5010 1385 5076 ΕηανναιὶοηεοὶηῬεαιηιοε
1407 5020 1621 5075 Davidis
1648 5020 1754 5075 CL.
1826 5030 1827 5033 ‘
1884 5015 1939 5069 in
1971 5013 2095 5066 anni
2142 5011 2343 5065 indicio
2384 5010 2669 5064 erraverit.
2703 5010 2887 5064 Exstat
2924 5009 3069 5063 enim
3098 5009 3187 5065 ed.
3220 5010 3455 5082 Operum
3499 5079 3507 5097 ι

298 5115 437 5169 1189.
478 5114 717 5179 Basiletz,
748 5131 840 5184 per
859 5114 980 5167 Joa.
1015 5115 1079 5167 de
1101 5113 1412 5180 Amerbach;
1440 5115 1617 5183 in-fol.
1669 5115 1781 5167 Au-
1826 5108 1827 5113 “
1887 5103 2165 5173 Augustini
2194 5102 2428 5157 Genera:
2461 5101 2618 5165 1596,
2650 5117 2755 5155 non
2803 5100 2962 5162 1569.
2998 5101 3168 5168 facta,
3206 5105 3274 5159 ad
3298 5122 3456 5175 quam

246 5202 339 5255 rclii
380 5205 659 5273 Augustini
707 5204 900 5272 prima,
933 5203 1169 5258 secunda
1210 5218 1273 5257 ac
1302 5204 1460 5257 tertia
1505 5204 1781 5271 Quinqua-
1888 5197 2003 5251 huic
2032 5197 2279 5251 fortaSSiS
2306 5196 2591 5250 referenda
2625 5206 2728 5249 est.
3035 5229 3041 5238 -

246 5307 377 5359 gena.
429 5297 483 5350 ln
530 5298 637 5351 fine
671 5297 886 5352 tertia:
946 5294 1073 5349 Post
1115 5304 1348 5349 exactam
1388 5296 1783 5365 diligentemque
1822 5303 1829 5311 '
1958 5291 2119 5346 1570.
2173 5289 2411 5354 Venetiis,
2436 5290 2615 5359 in-fol.
2648 5287 2792 5341 Idem
2825 5301 2982 5356 opus.
3022 5286 3334 5350 Hendreich.
3361 5282 3460 5358 Qui

249 5388 621 5440 emendationem
664 5386 926 5453 (auctore
968 5384 1120 5455 Deo)
1167 5388 1451 5456 perfectum
1484 5397 1557 5440 est
1586 5389 1783 5456 insigne
1889 5386 1977 5440 ed.
2004 5384 2194 5437 Venet.
2245 5382 2478 5450 Operum
2524 5395 2669 5434 omn.
2706 5379 2760 5432 h.
2805 5394 2854 5432 a.
2909 5381 3156 5448 noverit,
3201 5382 3461 5451 intelliget

252 5484 376 5545 atque
422 5479 729 5548 praeclarum
786 5480 881 5532 hoc
942 5495 1069 5545 Opus
1136 5479 1509 5546 explanationis
1552 5479 1788 5533 Psalmo-
1835 5487 1841 5493 ’
1892 5488 2146 5551 quantum
2175 5477 2321 5531 ineo
2350 5476 2461 5528 veri
2490 5475 2579 5527 sit.

254 5582 380 5620 runt:
421 5571 519 5623 nivi
548 5586 607 5623 ac
641 5569 814 5640 magni
840 5569 1062 5622 doctoris
1094 5569 1388 5639 Augustini.
1435 5588 1560 5639 opus
1589 5588 1643 5623 re
1673 5588 1788 5624 vera
1964 5569 2120 5625 1571.
2164 5568 2404 5640 Lugduni
2431 5608 2445 5630 ,
2476 5566 2613 5635 apud
2653 5565 2775 5620 Seb.
2818 5564 3146 5619 Honoratum
3170 5608 3183 5632 ,
3220 5566 3390 5633 in-8°,
3424 5567 3465 5629 Il
3514 5624 3519 5627 χ

232 1336 283 1388 S.
310 1332 605 1401 Augustini
633 1333 901 1386 sententia
926 1333 995 1387 de
1021 1331 1508 1387 Praedestinatione
1531 1340 1586 1386 et
1610 1332 1735 1385 Per-

176 1428 462 1479 severantia
491 1433 773 1493 excerpta,
807 1440 930 1478 cum
959 1424 1182 1479 scholiis
1211 1423 1423 1493 Georgii
1460 1422 1737 1476 Cassandri

318 5768 480 5841 (αυξτ,
520 5770 740 5841 Caseus,
786 5768 1046 5841 Ditpinius
1084 5776 1138 5825 et
1174 5770 1326 5825 Rich.
1359 5770 1541 5825 Simon
1576 5770 1626 5824 in
1659 5770 1790 5825 Crit.
1840 5750 1850 5841 ξ
1904 5766 2047 5841 ωφ)
2079 5767 2315 5836 Purpura
2348 5761 2542 5818 a.l7l2
2565 5779 2594 5817 a
2623 5761 2901 5820 Clemente
2932 5763 3001 5817 χι
3055 5762 3307 5831 donatus,
3337 5766 3469 5824 obiit

267 5834 374 5891 Bibl.
402 5838 562 5907 Eccl.,
590 5840 652 5895 τ.
689 5840 729 5905 l,
764 5855 816 5910 p.
852 5834 973 5893 tta.
1845 5836 1852 5861 τ
1896 5834 2059 5893 ms.
