4010 6350
555 355 660 415 175
1439 334 2002 396 SUPPLEMENTUM
2039 333 2132 390 AD
2170 331 2400 387 OPERA
2436 331 2493 386 S.
2535 332 2924 391 AUGUSTINI.
3672 355 3753 412 ηδ

553 470 685 523 voll.
720 463 1000 536 Augustini
1038 457 1424 517 Enarrationes
1471 454 1524 508 in
1556 452 1823 508 Psalmos.
1879 449 2126 504 Laudant
2153 452 2205 510 Α
2230 448 2460 518 explicit.
2483 477 2551 488 —-
2573 448 2866 505 Character
2910 449 3186 506 Romanus
3221 463 3302 508 est
3331 466 3665 531 praeterquam
3704 472 3747 527 in

553 561 850 619 Heudreich
878 567 933 613 et
957 555 1303 611 Colonienses.
1333 549 1412 604 Tu
1435 548 1578 612 vide,
1610 561 1730 614 qua:
1758 560 1917 611 supra
1939 544 1991 597 in
2015 544 2122 594 An-
2233 541 2411 605 titulo,
2443 542 2531 610 qui
2565 557 2716 597 more
2745 543 3083 598 Amerbachii
3111 543 3352 601 Gothicis
3374 549 3560 606 litteris
3587 573 3752 615 cxara.

554 655 752 708 natibus
796 652 918 704 edd.
968 647 1193 718 Operam
1246 642 1475 696 omnium
1523 638 1587 693 ad
1630 638 1685 692 It.
1713 653 1763 691 a.
1799 636 2120 691 nmavimus.
2232 645 2315 688 tus
2345 645 2453 689 est.
2485 635 2751 703 Epistolas
2781 638 3024 691 continet
3053 635 3229 692 CCVI.
3257 640 3515 697 Prmcedit
3541 663 3604 701 νη
3633 650 3752 710 loliis

553 746 811 804 Similiter
837 751 1016 796 autem
1047 754 1106 792 se
1133 736 1295 791 habet
1322 750 1442 790 cum
1480 732 1569 787 ed.
1605 730 1891 785 Parisiensi
1920 774 1934 798 ,
1962 742 2122 798 quam
2229 724 2410 780 brevis
2474 728 2750 780 annotatio
2812 727 3150 797 singularum
3205 731 3565 799 epistularum,
3612 739 3761 808 initia,

551 837 750 892 ibidem
785 840 955 886 "om.
2229 818 2508 873 materiam
2532 826 2691 889 atque
2712 819 2957 875 ordinem
2980 836 3275 890 exponens.
3307 822 3430 877 Post
3449 827 3760 900 subscriptio-

625 927 783 983 1576.
814 923 948 978 1577
977 931 1032 978 et
1053 919 1210 975 1579.
1233 918 1618 989 Antuerpiaz....
1647 912 1926 982 Augustini
1951 911 2122 965 Enar-
2227 925 2350 964 nem
2381 909 2545 964 index
2593 913 2980 965 sententiarum
3021 922 3076 966 et
3105 914 3452 968 materiarum
3484 919 3764 987 copiosissi.

551 1021 786 1078 rationes
816 1018 870 1072 iu
900 1015 1175 1078 Psalmos,
1218 1014 1494 1079 Sponsore
1525 1003 1898 1063 Hendrcichio.
1927 1005 2122 1060 Nescio
2226 1015 2346 1056 mus
2373 1004 2630 1057 succedit.
2662 1003 2916 1058 Eamdem
2947 1004 3000 1058 in
3028 1005 3168 1058 Bibl.
3195 1005 3563 1063 Ratisbonensi
3588 1019 3765 1074 notavit

549 1126 682 1166 vero
715 1111 970 1180 pluresne
1012 1116 1187 1161 tomos
1233 1104 1460 1159 diversis
1506 1101 1660 1154 anuis
1701 1099 1876 1154 editos
1902 1137 1916 1159 ,
1944 1112 2010 1150 an
2040 1096 2122 1150 di-
2226 1092 2497 1147 Gemeiner
2528 1109 2579 1163 p.
2610 1094 2736 1159 213,
2764 1109 2862 1148 nec
2888 1110 2992 1147 non
3015 1097 3064 1148 in
3085 1095 3380 1150 Lubecensi
3413 1097 3597 1153 Gesner
3620 1121 3666 1170 ρ.
3688 1106 3764 1163 κς,

552 1216 737 1257 versas
773 1201 1042 1254 editiones
1075 1197 1239 1250 totius
1283 1195 1462 1263 operis
1488 1192 1727 1245 indicare
1755 1188 2008 1242 voluerit.
2048 1187 2118 1240 Ilo
2225 1181 2284 1236 In
2303 1183 2550 1253 Catalogo
2574 1183 2708 1238 Bibl.
2739 1184 3041 1252 Bernensis,
3065 1186 3128 1240 T.
3153 1187 3191 1251 Ι,
3212 1189 3376 1256 p.15,
3405 1190 3769 1267 laudaturi-lpi-

551 1291 641 1347 lttd
667 1300 848 1344 autem
879 1293 990 1343 scio
1017 1329 1031 1351 ,
1083 1302 1190 1340 non
1221 1285 1480 1348 seorsim,
1515 1281 1610 1335 sed
1641 1295 1763 1334 cum
1796 1277 2061 1348 Operibus
2091 1292 2120 1329 a
2225 1274 2484 1328 stolarum
2513 1275 2680 1329 editio
2705 1276 3132 1331 Amerbachiana
3165 1277 3231 1332 de
3265 1294 3408 1332 anno
3439 1281 3593 1337 1485.

551 1381 980 1437 Lovaniensibus
1010 1377 1169 1433 editis
1200 1376 1336 1430 hanc
1361 1383 1592 1428 exstare.
1651 1371 1797 1427 Unus
1821 1370 1964 1424 idem
1999 1383 2124 1437 pro-

2297 1364 2456 1418 1494.
2503 1364 2760 1430 Βαδίιειε,
2809 1382 2896 1435 ap.
2944 1365 3073 1418 Joh.
3123 1367 3186 1420 de
3231 1369 3574 1434 Amerbaclt.;
3617 1375 3771 1445 in-fol.

551 1472 654 1527 fert
677 1471 976 1533 editiones,
1021 1468 1268 1521 Venetam
1304 1464 1472 1527 158i,
1505 1474 1559 1518 et
1585 1462 1926 1516 Parisiensem
1956 1459 2118 1524 1586,
2224 1453 2371 1508 Idem
2419 1454 2575 1509 liber.
2638 1455 2822 1510 Exstat
2866 1457 2917 1510 in
2963 1456 3294 1512 Bibliotheca
3347 1459 3660 1518 Lubecensi.
3700 1467 3771 1523 Cl.

557 1565 622 1618 de
671 1565 865 1633 quibus
897 1563 1038 1617 idem
1069 1562 1234 1614 valet.
1275 1559 1382 1613 Sed
1422 1556 1798 1626 Lugdunensis
1838 1554 1926 1608 ed.
1961 1552 2120 1618 1586,

1069 1562 1234 1614 valet.
1275 1559 1382 1613 Sed
1422 1556 1798 1626 Lugdunensis
1838 1554 1926 1608 ed.
1961 1552 2120 1618 1586,
2230 1543 2447 1611 Gesner,
2478 1563 2530 1615 p.
2563 1545 2649 1601 58.

554 1673 674 1727 qua:
698 1659 787 1721 sit,
821 1671 928 1710 non
956 1653 1301 1709 contendam.
2303 1639 2642 1704 —Venetiis,
2689 1657 2779 1711 per
2818 1640 3206 1696 Bernardinum
3273 1641 3577 1711 Benalium;
3619 1649 3667 1702 in
3711 1651 3774 1706 1⁸.

619 1748 774 1803 1653.
804 1747 1134 1815 Rothomagi,
1159 1746 1295 1816 typis
1325 1744 1456 1796 Dav.
1489 1751 1536 1796 et
1570 1741 1714 1794 Petri
1742 1739 2011 1810 Geo/froy;
2044 1740 2124 1793 in-

1921 1755 2011 1810 oy;
2044 1740 2124 1793 in-
2229 1731 2371 1786 Idem
2404 1732 2558 1786 liber.
2593 1730 2708 1785 Cat.
2739 1731 2878 1787 Bibl.
2911 1732 3130 1799 Pinell.,
3165 1734 3231 1788 Τ.
3261 1734 3304 1800 1,
3333 1750 3384 1803 p.
3419 1736 3504 1790 92.

552 1841 639 1904 8°,
699 1839 859 1892 tomis
898 1839 984 1892 111.
1029 1837 1315 1906 Augustini
1350 1836 1736 1889 Enarrationes
1777 1834 1830 1887 in
1873 1833 2113 1887 Psalmos

2189 1836 2193 1878 ι
2293 1823 2419 1878 Sine
2446 1839 2606 1888 anno,
2654 1824 2768 1877 loco
2816 1833 2863 1877 et
2903 1825 3240 1896 typographo,
3287 1827 3468 1894 ἰη-Ιοι.
3515 1832 3772 1900 magno.S.

553 1945 673 1983 cum
705 1929 1020 1997 prmlatione
1045 1926 1361 1982 recentioris
1384 1926 1662 1995 cujusdam
1691 1925 1925 1995 (inserta
1959 1924 2120 1979 etiam

2223 1915 2509 1983 Augustini
2541 1914 2706 1984 episc.
2751 1914 2888 1970 liber
2919 1915 3306 1985 Epistolarum.
3356 1917 3536 1971 Editio
3567 1922 3781 1992 princeps

548 2022 632 2077 ed.
669 2017 1183 2089 Benedictinorum.)
2224 2008 2586 2078 Epistolarum
2615 2007 2897 2078 Augustini
2925 2024 2954 2062 a
2982 2009 3061 2064 Cl.
3096 2009 3331 2064 Braunio
3377 2013 3608 2079 primum
3653 2017 3783 2071 dete-

623 2111 775 2164 166-2.
828 2110 1151 2179 Antuerpiaz,
1209 2110 1383 2179 in-fol.
1436 2110 1580 2164 Idem
1625 2121 1760 2176 opus
1793 2123 1913 2161 cum
1946 2107 2122 2163 indice
2221 2109 2307 2157 eta
2330 2110 2384 2157 et
2406 2102 2674 2171 descripta
2706 2102 2759 2156 in
2788 2101 2991 2155 Notitia
3017 2102 3160 2157 Hist.
3185 2103 3296 2157 litt.
3328 2103 3540 2174 (1788),
3568 2121 3684 2176 pag.
3712 2108 3786 2163 11.

549 2203 977 2258 concinnatorio.
1025 2201 1340 2255 Hendreich.
1377 2203 1427 2255 itt
1461 2200 1632 2255 Pand.
1673 2200 1931 2254 Brandcb.
1983 2201 2020 2254 1.
2077 2201 2115 2254 l.

2222 2193 2484 2248 Volumen
2507 2205 2589 2247 est
2616 2193 2864 2247 foliorum
2889 2208 3107 2262 ccum,
3139 2194 3473 2263 impressum
3502 2196 3785 2254 charactere

550 2295 893 2350 Colonienses.
2133 2352 2142 2355 _
2221 2286 2758 2355 majusculo,duabus
2771 2287 3057 2353 columnis,
3081 2287 3133 2341 in
3147 2288 3339 2341 charta
3358 2289 3555 2342 munda
3573 2301 3624 2344 et
3638 2290 3788 2346 Iirtna.

621 2385 778 2441 1680.
818 2387 1240 2455 Antuerpice....
1291 2385 1434 2439 Idem
1466 2400 1621 2454 opus,
1663 2395 1884 2440 curante
1922 2352 2153 2439 ..ιαεοὺοι
2219 2352 2480 2432 Columna
2527 2378 2730 2446 quaevis
2774 2378 2942 2433 lineas
2988 2378 3056 2433 50
3102 2380 3386 2443 continet;
3438 2381 3629 2436 desunt
3654 2383 3784 2452 signa

551 2479 868 2544 Witlemant,
904 2478 1137 2532 Ereutita
1162 2478 1564 2548 Augustiniano.
2224 2470 2428 2539 qumvis
2457 2471 2770 2539 paginarum
2803 2470 3145 2538 foliorumve,
3181 2485 3288 2524 nec
3328 2486 3440 2524 non
3485 2472 3673 2527 littera:
3701 2474 3792 2528 ini-

1192 2569 1478 2623 Versiones.
2221 2562 2402 2617 tiales.
2434 2561 2900 2631 Interpunctiones
2927 2561 3110 2626 habet,
3145 2572 3436 2630 punctum,
3471 2565 3627 2619 colon
3653 2575 3701 2620 et
3729 2566 3795 2620 in-

619 2661 776 2715 1521.
825 2659 1098 2730 Hagenuu.
1129 2661 1203 2713 bei
1233 2659 1419 2714 Thom.
1454 2659 1762 2724 Ansshelm;
1807 2658 1973 2712 iit-4°.
2013 2659 2115 2714 tS.
2221 2653 2525 2722 terrogandi
2571 2653 2804 2723 signum.
2855 2653 2936 2707 Ab
2985 2653 3143 2707 initio
3188 2669 3200 2706 :
3249 2652 3409 2707 Liber
3452 2653 3796 2722 Epistolarum

545 2753 881 2824 Augustinus
909 2755 1216 2824 Auslegung
1248 2754 1380 2808 ﬁber
1408 2752 1508 2806 den
1533 2769 1692 2807 cur:
1721 2753 1917 2807 Psalm.
1946 2753 2116 2808 (ιω-(ιιι
2216 2747 2381 2798 sancti
2427 2745 2725 2816 Augustini.
2759 2743 2950 2815 Incipit
2994 2743 3259 2813 feliciter;
3315 2746 3649 2799 terminatur
3684 2762 3798 2802 vero

545 2844 743 2916 Georg.
777 2844 1106 2916 Spalatinum
1129 2843 1515 2898 verteutscbt.»
2218 2836 2418 2905 absque
2449 2837 2553 2888 ulla
2585 2835 2980 2902 subscriptione
3001 2836 3194 2904 pagina
3219 2835 3446 2900 ultima,
3481 2835 3533 2889 itt
3565 2837 3793 2891 columna

616 2937 878 2991 Eumdem
909 2936 1178 2991 Psalmum
1213 2934 1398 2987 Italice
1426 2949 1744 2988 conversum
1768 2946 1982 2990 exstare
2006 2950 2117 2990 mo-

2218 2928 2411 2995 prima,
2444 2926 2669 2994 epistola
2701 2926 2768 2979 ad
2801 2925 3110 2979 Asellicum.
3147 2925 3444 2994 Epistulae,
3473 2943 3594 2996 qua:
3617 2929 3791 2997 partim

555 3040 648 3084 net
688 3029 990 3083 Hendreich
1018 3069 1032 3093 ,
1063 3029 1151 3097 qui
1185 3029 1236 3080 in
1269 3027 1517 3082 notandis
1557 3028 1722 3080 variis
1752 3027 1938 3081 horum
1970 3042 2117 3082 cont-
2218 3015 2388 3084 ἱρείυε
2421 3016 2702 3083 Αυὲυδιῖηῖ
2733 3023 2880 3080 sum.
2915 3016 3107 3081 βετιίω
3134 3016 3378 3070 aliorum
3402 3018 3470 3070 ad
3499 3017 3693 3087 ipsum,
3719 3035 3797 3074 nu-

547 3124 935 3178 ntcntariorum
961 3122 1296 3175 versionibus
1320 3120 1453 3174 satis
1478 3129 1560 3173 est
1588 3120 1860 3173 confusus.
2221 3116 2501 3160 meram!"
2531 3105 2781 3171 CXCV“:
2812 3107 2863 3159 ίη
2890 3105 3083 3174 ίιιιίιιιιε
3108 3106 3280 3160 etiam
3313 3107 3428 3162 "'33
3457 3107 3806 3175 Africanorum

618 3215 772 3270 1685.
820 3216 991 3277 Paris,
1025 3215 1144 3267 cltez
1172 3212 1348 3266 Pierre
1370 3213 1416 3266 le
1444 3211 1609 3266 Petit:
1641 3212 1815 3276 iit-ts“,
1854 3210 1957 3264 vu
1989 3212 2106 3265 uolt.
2140 3193 2186 3256 C
2214 3201 2568 3268 episcoporum
2596 3199 2663 3250 αά
2693 3198 3057 3251 Innocentium
3087 3196 3115 3251 1
3149 3198 3436 3269 huiusque
3476 3201 3545 3254 ad
3578 3201 3690 3256 illos
3737 3203 3804 3256 le-

551 3307 837 3362 eSermous
860 3309 926 3358 de
951 3305 1007 3359 S.
1041 3303 1302 3372 Augustin
1333 3318 1425 3356 sur
1450 3301 1527 3355 les
1563 3302 1838 3363 Psaumcs,
1885 3302 2117 3356 traduits
2219 3299 2441 3359 δυηῑυν·

545 3415 610 3451 cu
657 3396 890 3462 francnis
933 3411 1029 3463 par
1077 3393 1295 3447 Antoine
1345 3390 1597 3445 Arnauld.
1633 3411 1650 3442 ι
1712 3391 1867 3445 Tom.
1913 3390 2113 3446 l—VII.
2291 3384 2435 3439 Sac.
2486 3382 2604 3436 XVI
2643 3400 2708 3438 ET
2755 3382 3186 3438 δίνη-1541.
3218 3383 3519 3440 Bononiae.
3555 3387 3615 3442 S.
3647 3388 3812 3456 Augu-

544 3489 653 3543 Cat.
679 3488 873 3540 Bunau.
909 3496 964 3541 et
990 3486 1125 3539 Bibl.
1165 3485 1290 3554 Reg.
1317 3483 1493 3536 Paris.
2217 3476 2345 3529 stini
2388 3475 2628 3542 Epistola
2677 3475 2885 3529 decima
2939 3476 3003 3529 ad
3036 3475 3279 3546 Xystum
3335 3479 3723 3550 presbyterum
3763 3480 3817 3532 de

1288 3603 1357 3612 _
2215 3565 2394 3620 Gratia
2432 3567 2542 3619 Dei.
2576 3565 2872 3618 Hendreich
2904 3565 2959 3617 in
2989 3564 3167 3620 Pand.
3193 3565 3512 3633 Brandeb.,
3549 3587 3602 3636 p.
3636 3571 3754 3624 512.

617 3669 825 3723 Recueil
849 3669 943 3722 des
967 3665 1337 3721 consolations
1381 3671 1435 3716 et
1460 3662 1805 3716 instructions
1829 3661 2113 3717 salutaires
2290 3656 2444 3711 1601.
2462 3686 2528 3696 -—
2548 3656 2848 3728 Moguntite,
2875 3657 3014 3723 apud
3043 3655 3296 3711 Ball/tas.
3336 3659 3637 3727 Lippium;
3668 3661 3817 3714 iit-1".

549 3764 617 3817 de
663 3765 815 3816 l‘ame
864 3759 1022 3814 ﬁdele
1049 3800 1062 3822 ,
1113 3757 1313 3812 extrait
1360 3757 1429 3810 dtt
1473 3755 1604 3831 livre
1642 3756 1708 3808 de
1738 3755 1818 3808 St.
1847 3753 2110 3822 Augustin
2213 3751 2270 3805 S.
2304 3749 2580 3819 Augustini
2609 3749 2848 3818 Epistola
2877 3747 2943 3801 de
2971 3749 3028 3803 S.
3064 3749 3421 3820 Martyribus
3455 3763 3513 3806 et
3542 3753 3613 3808 de
3643 3753 3816 3808 Inimi-

542 3871 634 3908 sur
683 3856 761 3907 les
791 3854 1053 3917 Psalmes,
1105 3864 1201 3918 par
1238 3847 1458 3915 Jacques
1498 3847 1560 3899 de
1596 3845 1757 3914 Billy.
1802 3845 1954 3898 Paris
1991 3844 2111 3898 cites
2211 3842 2290 3894 cis
2316 3839 2598 3908 diligendis
2623 3855 2743 3893 cum
2792 3838 2932 3892 notis
2982 3837 3203 3892 Gerardi
3276 3841 3482 3897 Vossii.
3552 3844 3739 3913 Lipen.
3773 3846 3818 3897 in

543 3948 756 4003 Claude.
2211 3935 2348 3989 Bibl.
2382 3933 2474 3987 Tit.
2511 3934 2570 3988 T.
2601 3934 2666 3999 11,
2692 3947 2811 4003 pag.
2840 3932 2947 3987 254
2967 3973 2982 3998 ,
3013 3932 3171 4002 quasi
3197 3938 3451 3990 seorsim
3487 3938 3692 3990 editam
3721 3938 3821 3990 lau-

609 4040 953 4093 Instructions
994 4033 1346 4090 Chrétiennes
1375 4046 1465 4085 sur
1499 4030 1574 4085 les
1615 4029 1887 4083 Psaumes.
1976 4027 2106 4081 Bru-
2209 4027 2318 4082 dat.
2349 4027 2633 4081 Enimvero
2663 4023 2864 4079 inserta
2891 4032 2972 4078 est
2999 4025 3243 4094 aperibus
3276 4025 3547 4098 Gregorii.
3569 4028 3824 4082 Thauma-

539 4136 643 4188 ὥρι’
683 4132 835 4194 156.2,
868 4132 1030 4183 ξψεο,
2206 4119 2343 4188 tttt‘gi
2373 4116 2858 4189 (Neocaesariensis
2886 4117 3084 4186 episc.)
3116 4117 3186 4171 ab
3237 4119 3457 4174 eodem
3489 4122 3692 4175 Vossio
3725 4137 3819 4174 una

612 4226 794 4295 Regios
856 4223 924 4276 de
979 4221 1035 4275 S.
1087 4220 1346 4287 Augustin
1403 4211 1536 4285 poui-
1585 4215 1961 4286 l‘intelligence
2011 4215 2108 4270 des
2206 4226 2325 4265 cum
2358 4212 2474 4264 aliis
2500 4210 2716 4265 Patrum
2753 4209 3026 4278 opusculis
3054 4210 3215 4264 editis
3251 4227 3314 4281 p.
3348 4214 3492 4269 228.
3537 4214 3675 4268 Erat
3701 4230 3823 4268 vero

539 4321 830 4375 Psaumes:
864 4314 1014 4368 Paris
1036 4321 1088 4365 et
1112 4311 1321 4365 Bruxel.
1359 4309 1516 4372 1685,
1546 4307 1718 4363 in-12.
2208 4302 2428 4356 Vossius
2469 4302 2554 4356 ille
2610 4302 2931 4371 praepositus
2979 4301 3250 4356 Ecclesiae
3307 4305 3698 4374 Tungrensis,
3741 4307 3822 4375 qui

939 4402 1124 4458 XLII.
1151 4433 1221 4442 —
1242 4402 1392 4474 (115)
1427 4403 1698 4469 Epistolis.
2203 4394 2355 4463 plura
2383 4394 2432 4447 id
2463 4393 2674 4464 generis
2699 4393 2896 4461 scripta
2926 4403 3051 4447 tunc
3075 4396 3296 4463 emisit,
3325 4398 3594 4470 deiuque
3622 4401 3762 4455 obiit
3783 4416 3829 4453 a.

610 4503 790 4557 Varia:
822 4495 1106 4567 Augustini
1133 4495 1375 4563 epistola:
1405 4495 1602 4562 passim
1627 4494 1784 4549 edita:
1812 4503 1938 4548 sunt
1981 4508 2100 4548 cum
2133 4552 2179 4567 ﬁ
2208 4487 2367 4543 1609.
2399 4487 2520 4542 Vid.
2560 4486 2796 4555 Foppens
2825 4486 2964 4541 Bibl.
2993 4486 3166 4558 Belg.,
3200 4489 3274 4543 Τ.
3314 4490 3361 4554 1,
3394 4509 3566 4564 pagg.
3592 4495 3721 4563 562,
3750 4496 3831 4548 65.

537 4594 767 4649 aliorum
815 4552 1068 4651 Patrum,
1100 4585 1262 4639 veluti
1310 4583 1630 4654 Hieronymi,
1681 4583 1920 4647 Paulini,
1964 4583 2101 4638 Pro-

2280 4579 2435 4633 1658.
2456 4552 2738 4632 -Γιεξεέίε
2766 4578 2871 4647 (La
2904 4552 3171 4646 Fléche),
3220 4552 3409 4638 iit-1°:
3443 4552 3542 4641 Sy.”
3562 4552 3835 4641 [λιιι-..Αυ-

533 4684 669 4756 speri
697 4677 965 4749 Aquitani,
994 4685 1126 4737 etc.,
1155 4674 1433 4741 operibus,
1461 4674 1652 4742 quibus
1677 4673 1976 4727 indicandis
2005 4674 2105 4727 hoc
2206 4671 2401 4740 gustini
2437 4670 2792 4739 Epistolarum
2823 4670 3151 4724 selectarum
3203 4672 3345 4728 libri
3397 4676 3494 4731 111.
3536 4677 3834 4732 Recensuit

531 4775 655 4829 loco
698 4766 1055 4837 supersedere
1108 4765 1292 4830 Iubet,
1343 4764 1467 4816 dum
1502 4764 1716 4817 nonnisi
1750 4763 2102 4818 collectiones
2206 4763 2456 4833 primum,
2498 4763 2826 4832 argumentis
2874 4762 3214 4818 uberioribus
3271 4768 3629 4839 explicavit,
3681 4761 3840 4839 atque

529 4863 768 4918 Omnium
805 4856 1128 4923 pluriumve,
1157 4853 1241 4907 vel
1267 4854 1439 4907 sicubi
1473 4854 1702 4907 seorsim
1731 4853 1955 4922 singulm
1982 4853 2099 4907 edi-
2206 4853 2670 4908 observationibus
2700 4853 2986 4907 illustravit
3013 4854 3303 4910 Rolandus
3343 4858 3678 4932 Pltigerius,
3712 4863 3833 4916 Soc.

527 4964 597 5007 ne
625 4951 752 5013 sint,
783 4961 1104 5001 enumerare
1136 4944 1558 5009 instituerimus,
1583 4959 1807 5015 quarum
1838 4946 2098 5001 elenchus
2203 4948 2352 5009 Jesu,
2377 4945 2790 5000 Armorieus.—
2810 4945 2974 5001 Liber
2995 4948 3199 5014 primus
3237 4950 3606 5023 didacticas,
3642 4971 3835 5010 secun-

526 5049 607 5096 est
638 5053 890 5108 sequens.
2203 5038 2302 5092 dus
2329 5036 2534 5090 ethicas
2558 5044 2608 5090 et
2633 5038 3002 5105 parrenetieas,
3027 5040 3221 5093 tertius
3251 5044 3473 5098 mistas
3508 5057 3570 5101 et
3605 5047 3840 5100 familia-

594 5131 735 5188 διες.
754 5128 941 5184 XV.—-
965 5128 1121 5184 1195.
1149 5127 1389 5192 Basileaa,
1407 5144 1496 5198 per
1514 5125 1638 5180 Joh.
1664 5129 1962 5182 Amer-bach.
1987 5130 2099 5194 ;in-
2199 5143 2289 5182 res
2316 5127 2709 5196 complectitur.
2739 5125 3081 5184 Colonienses.
3115 5129 3367 5190 Exstitit
3396 5137 3584 5192 etiam
3614 5139 3674 5193 in
3704 5136 3842 5192 Bibl.

525 5221 618 5295 fol.
660 5220 821 5275 Liber
867 5218 1222 5286 Epistolarum
1270 5217 1415 5273 beati
1448 5218 1734 5288 Augustini
1765 5221 1932 5287 episc.
1966 5221 2096 5288 Hip-
2199 5217 2491 5272 Tltottiana.

522 5311 781 5383 poneusis
829 5307 1106 5364 Ecclesia}.
1155 5307 1210 5362 In
1239 5307 1479 5362 linezb.
1517 5310 1642 5363 Aur.
1695 5311 1972 5379 Augustini
2014 5310 2090 5363 Η.
2269 5309 2424 5364 1669.
2456 5308 2906 5376 Lovanii,in-12.
2951 5312 3013 5366 D.
3056 5313 3372 5382 Augustini
3430 5321 3715 5389 Epistola:
3759 5336 3844 5378 se—

523 5402 626 5470 Ep.
670 5401 796 5454 liber
827 5397 996 5470 Epist.
1029 5399 1263 5470 vigilanti
1297 5401 1683 5454 accuratissima
1716 5399 1885 5454 studio
1921 5417 2092 5453 emen-
2194 5402 2369 5467 lectae,
2397 5417 2521 5455 cum
2553 5403 2847 5470 appendice
2876 5406 3403 5475 supposititiarum,
3457 5413 3809 5469 Hendreich.

521 5494 758 5546 datarum
782 5499 829 5545 et
853 5491 1215 5559 impressarum
1251 5508 1262 5542 :
1294 5490 1727 5561 Argumentorum
1761 5508 1957 5560 quoque
1993 5508 2090 5544 no-
2267 5495 2424 5550 1678.
2459 5493 2742 5564 Frmacoﬂ,
2788 5509 2977 5569 sumpt.
3032 5499 3120 5553 Jo.
3164 5498 3480 5574 Crameri;
3542 5510 3728 5564 iit-4°.
3783 5510 3841 5566 S.

521 5601 698 5639 eorum
717 5584 1357 5654 prwnotationesuccincte
1377 5593 1422 5638 et
1444 5584 1671 5638 dilucide
1693 5586 2088 5655 expositurum:
2193 5585 2325 5640 Aur.
2373 5587 2654 5656 Augustini
2699 5597 2755 5642 et
2795 5589 3024 5643 aliorum
3066 5597 3475 5658 quorumdam
3533 5603 3608 5655 ad
3664 5604 3843 5672 ipsum

519 5687 671 5742 atque
699 5690 852 5745 opera
883 5676 1111 5747 magistri
1135 5675 1356 5730 Joannis
1386 5677 1448 5729 de
1479 5676 1759 5730 Amerbac/t
1788 5678 1908 5730 civis
1937 5676 2086 5730 Basi-
2191 5679 2276 5730 vel
2305 5678 2424 5745 ejus
2465 5693 2625 5732 causa
2671 5679 2887 5749 scripta:
2930 5681 3192 5751 Epistula
3247 5686 3686 5759 CCLXXV’HI,
3719 5711 3841 5750 cum

520 5769 642 5824 lien.
695 5769 863 5839 perfec
885 5776 1038 5824 arum
1070 5767 1257 5826 :Anno
1299 5767 1412 5836 dni,
1457 5777 1561 5824 etc.
1607 5767 1784 5826 XCIII.
1845 5767 2086 5823 Felicitrr
2190 5771 2486 5840 appendicc
2518 5774 3000 5844 supposititiarum,
3054 5775 3221 5832 variis
3284 5781 3662 5845 lectionibus
3693 5789 3842 5846 aliis-
