4010 6350
560 329 691 385 -179
1469 323 2023 381 SUPPLEMENTUM
2064 322 2153 377 AD
2190 320 2417 377 OPERA
2461 323 2519 378 S.
2562 321 2951 379 AUGUSTINI.
3683 341 3759 398 ηο

584 439 728 495 Bois.
760 438 1057 495 Troisiéme
1090 439 1311 495 edition.
1348 457 1367 489 ι
1399 436 1511 492 Cat.
1542 436 1740 490 Bunav.
1771 446 1825 490 et
1850 434 1987 488 Bibl.
2023 432 2155 502 Reg.
2185 436 2239 494 Λ
2264 444 2596 503 ceterosque
2625 434 2932 495 cardinales
2963 435 3240 488 Annotatio
3266 436 3544 497 breuissima
3578 448 3626 500 in
3650 466 3757 510 erro.

584 530 761 585 Paris.
816 530 944 585 Huic
982 532 1097 600 ipsa
1128 529 1360 583 fortasse
1399 539 1476 581 est
1509 529 1788 598 repetitio,
1827 540 1985 594 quam
2020 526 2071 579 li.
2104 540 2154 581 a.
2236 542 2367 605 rem
2388 526 2715 578 scribentium
2731 536 2965 579 sanctum
2986 528 3324 596 Augustinum
3338 532 3483 601 fuisse
3503 536 3764 603 hormia...

580 621 931 677 Colonienses
956 620 1341 675 Amstelodami
1371 622 1560 673 iactam
1593 619 1962 687 prodiderunt.
2264 615 2435 681 Atque
2466 615 2581 669 hinc
2610 617 2721 684 ipsa
2751 618 2928 670 omnia
2969 619 3021 670 in
3064 619 3287 688 epistola
3332 622 3634 683 dedicatoria
3662 634 3766 693 libro

652 713 918 783 Anglicum
946 713 1251 766 versionem
1285 710 1533 782 Epistula:
1559 706 1812 763 XLVIII
1842 708 1939 761 sub
1970 707 2156 760 titulo:
2265 706 2387 760 huic
2418 707 2599 761 inesse
2627 706 2900 762 Corradus
2928 709 3091 777 dicit,
3127 726 3225 764 nec
3248 711 3317 766 ibi
3344 715 3548 782 quidem
3574 723 3774 789 epistola

586 823 606 855 ι
638 802 909 857 Iudicium
949 802 1005 857 S.
1038 803 1320 869 Augustini
1372 803 1437 855 (le
1471 802 1701 872 Legibus
1741 800 2043 870 poenalibus
2068 798 2162 852 ad-
2266 799 2407 851 illius
2429 800 2762 853 mentionem
2794 802 2941 863 facit,
2975 816 3095 855 cum
3119 811 3306 856 contra
3338 804 3388 857 in
3412 805 3604 861 laudata
3634 814 3774 873 tabula

579 909 770 948 versus
800 894 1177 947 conventiCuIa
1225 904 1278 947 et
1317 893 1384 946 de
1415 895 1622 947 unitate
1664 892 1936 961 religionis
1966 906 2161 959 propo-
2265 888 2378 942 hinc
2398 890 2664 943 annotatio
2693 905 2798 943 non
2828 892 2897 944 sit
2922 891 3185 945 indicata.
3213 894 3293 947 Ad
3324 898 3516 951 calcem
3550 911 3704 957 tamen
3721 910 3780 960 lc-

578 986 739 1037 situm
772 984 823 1037 in
854 1000 943 1053 ep.
967 985 1061 1049 48,
1090 982 1318 1037 Londini
1354 983 1508 1047 1670,
1540 984 1699 1049 ὶη-4θ,
1733 991 2035 1037 memorant
2056 982 2159 1035 (Io—
2263 982 2404 1051 gitur
2438 1000 2449 1033 :
2484 979 2636 1035 Finis
2662 984 2805 1036 adest
2835 984 2991 1036 trium
3011 1000 3299 1037 sermonum
3319 985 3449 1039 beati
3472 990 3713 1061 Augustini
3732 1001 3780 1052 de

579 1077 874 1140 lonienses,
918 1077 1105 1129 addito
1134 1078 1444 1131 testimonio
1472 1076 1671 1146 Lipenii
1705 1078 1756 1132 in
1785 1076 1924 1132 Bibl.
1953 1075 2156 1130 Philas.
2266 1072 2580 1126 Clericorum
2626 1076 2730 1127 vita
2765 1074 3094 1146 moribusque
3136 1094 3239 1129 una
3285 1094 3400 1129 cum
3430 1082 3527 1133 vita
3564 1082 3620 1137 S.
3648 1087 3784 1155 Λυσι..

579 1182 631 1220 v.
664 1166 1052 1223 Conventicula.
2261 1167 2385 1219 stini
2407 1207 2421 1230 ,
2453 1182 2545 1219 nec
2594 1183 2693 1219 non
2731 1167 3001 1238 cujusdam
3051 1170 3265 1237 epistole
3305 1170 3464 1239 ipsius
3504 1174 3620 1227 :An
3663 1179 3786 1233 cleri.

648 1258 891 1329 Denique
935 1260 1183 1329 Epistolis
1229 1262 1290 1315 de
1339 1262 1499 1332 poenis
1546 1261 1891 1327 parvulorum,
1924 1260 2009 1327 qui
2054 1260 2163 1312 sine
2264 1261 3053 1329 cis,etc.,queomuiaimpressa
3072 1261 3213 1329 fuere
3238 1261 3414 1314 Padue
3431 1280 3515 1328 per
3534 1268 3790 1335 magistrum

578 1348 847 1417 Baptismo
885 1350 1159 1413 decedunt,
1185 1351 1363 1405 versio
1392 1367 1513 1405 esse
1541 1352 1786 1416 videtur,
1819 1366 1936 1417 quae
1966 1351 2015 1401 in
2046 1349 2159 1402 Cat.
2267 1348 2530 1401 Matheum
2560 1348 2826 1402 Cerdonis.
2863 1353 3011 1403 Anno
3042 1350 3254 1404 Domini
3285 1351 3443 1405 1484.
3473 1353 3792 1423 Colophonem

579 1438 720 1495 Bibl.
748 1440 1036 1494 Firmiana:
1076 1453 1407 1496 memoratur
1448 1441 1553 1495 hoc
1595 1442 1749 1495 titulo
1780 1460 1791 1493 :
1840 1442 2083 1495 Sermone
2107 1440 2161 1493 di
2263 1440 2415 1492 addit
2449 1439 2565 1491 Uda
2593 1441 2647 1491 in
2690 1439 2894 1492 laudem
2938 1441 3237 1509 Augustini,
3267 1442 3525 1511 incipiens
3557 1462 3567 1496 :
3598 1443 3666 1498 De
3699 1466 3794 1515 pro-

579 1532 640 1585 S.
665 1532 930 1601 Agostino,
965 1533 1017 1585 in
1057 1536 1138 1587 cui
1182 1536 1227 1587 si
1274 1544 1428 1588 tratla
1474 1536 1609 1588 della
1649 1551 1777 1605 pvna
1822 1534 1898 1587 de’
1929 1532 2163 1602 fanciulli
2262 1531 2441 1599 fundis
2467 1529 2803 1583 tenebrarum.
2831 1531 3147 1585 Absolvitur
3182 1531 3300 1586 haec
3330 1534 3493 1586 editio
3524 1533 3796 1593 loliisslili.

576 1624 732 1675 morti
761 1640 910 1677 sensa
942 1624 1238 1691 Battesimo,
1268 1627 1403 1679 trad.
1435 1642 1529 1679 con
1551 1626 1877 1679 annotazioni
1906 1626 1973 1677 da
1996 1624 2060 1678 ϐ.
2095 1624 2157 1678 G.
2266 1624 2379 1676 neis
2408 1638 2506 1689 per
2536 1625 2783 1692 paginam
2816 1624 3117 1694 impressis.
3152 1624 3449 1679 Character
3475 1636 3553 1680 est
3580 1626 3794 1687 Gothicus

576 1714 763 1779 Pavia,
790 1718 947 1777 1778.
973 1717 1136 1772 iri-8°.
2262 1714 2590 1771 luculentus.
2625 1719 2824 1771 Prmter
2851 1716 3160 1771 chartarum
3198 1730 3457 1770 numeros
3498 1726 3634 1769 nota:
3659 1721 3795 1787 cujus-

647 1836 719 1846 —
740 1806 1099 1873 lnsigninrum
1132 1808 1421 1875 Augustini
1464 1810 1818 1875 Epistolarum
1848 1819 2157 1879 argumenta
2189 1803 2238 1863 B
2264 1821 2488 1876 cumque
2517 1808 2734 1877 generis
2768 1808 3018 1862 foliorum
3058 1807 3446 1876 paginarumve
3469 1808 3672 1862 desunt.
3697 1811 3794 1864 Sunt

576 1899 741 1953 modo
770 1900 975 1962 brevia,
1003 1902 1163 1955 modo
1194 1902 1489 1969 prolixiora
1520 1902 1591 1954 cl.
1620 1902 1894 1956 Roeslerus
1930 1903 2167 1957 inseruit
2269 1912 2445 1954 tamen
2491 1904 2685 1955 littera:
2743 1902 2977 1956 initiales
3026 1900 3276 1955 formulis
3317 1900 3513 1968 ligneis
3558 1916 3802 1968 expressae.

578 1998 725 2044 tomo
767 1990 808 2045 V
855 1991 947 2045 der
982 1990 1300 2046 Bibliotheck
1343 1995 1397 2045 d.
1450 1992 1869 2063 Kirchenuaeter,
1902 2008 2023 2064 pag.
2056 1994 2162 2049 417
2262 1992 2501 2047 Meminit
2547 1993 2663 2062 ejus
2692 2008 2909 2063 quoque
2954 1992 3222 2045 Braunius
3266 1990 3398 2044 Not.
3426 1989 3501 2044 Η.
3550 1990 3649 2045 Lit.
3678 1992 3727 2046 Τ.
3754 1992 3803 2056 ΙΙ,

576 2094 751 2151 usque
776 2080 841 2134 ad
876 2082 970 2136 liti.

887 2082 970 2136 lin.
2268 2099 2320 2150 p.
2352 2082 2470 2137 111.

786 2170 1010 2225 XLIII.
1035 2201 1104 2213 —
1135 2172 1286 2242 (116)
1313 2172 1582 2227 Sermones
1612 2184 1658 2225 et
1680 2173 1946 2227 Homiliaa.
2336 2174 2495 2229 1486.
2525 2173 2719 2229 Brixia
2738 2216 2753 2241 ,
2798 2192 2888 2245 per
2937 2174 3191 2227 Iacobum
3246 2172 3604 2226 Britannicum
3643 2171 3809 2226 Brixia-

648 2265 789 2319 δέκα.
814 2263 1175 2319 IUL—1475.
1196 2265 1458 2337 Augustas,
1474 2266 1851 2334 perAntonium
1867 2264 2047 2337 Sorg;
2074 2266 2160 2317 in-
2264 2282 2417 2329 num;
2443 2266 2598 2319 in-8'.
2620 2265 2677 2320 S.
2698 2264 2981 2335 Augustini
3006 2265 3248 2335 episcopi
3270 2265 3561 2319 Sermones
3581 2265 3643 2317 ad
3659 2265 3813 2320 fratres
3922 2263 3927 2325 ἶ

579 2355 672 2424 fol.
705 2355 828 2408 min.
854 2354 910 2410 S.
929 2356 1213 2425 Augustini
1236 2356 1399 2421 liber,
1419 2356 1749 2423 quivocatur
1778 2356 2163 2426 Quinquaginta
2265 2355 2584 2409 Heremitas.
2622 2357 2679 2411 ln
2718 2356 2822 2409 line
2850 2375 2861 2409 :
2894 2355 3220 2424 Impressum
3251 2355 3458 2409 Brixiae
3483 2371 3576 2424 per
3600 2354 3813 2410 Iacobum
3922 2356 3927 2426 ᾖ

578 2446 694 2499 sive
716 2445 959 2499 Homilies
978 2445 1041 2499 L.
1068 2447 1123 2500 In
1159 2447 1264 2500 line
1298 2465 1311 2499 :
1344 2448 1492 2500 Anno
1520 2447 1625 2500 dm.
1660 2445 2081 2501 M.CCCC.LXX
2099 2446 2157 2500 V.
2265 2446 2618 2500 Britannicum
2685 2446 3021 2500 Brixianum.
3074 2449 3227 2501 Anno
3297 2446 3518 2500 domini.
3587 2444 3816 2501 ALCCCC.

579 2537 775 2589 circiter
802 2535 928 2589 Kal.
970 2534 1246 2591 Februarii
1290 2541 1562 2608 impressus
1590 2548 1663 2592 est
1705 2538 1831 2591 liber
1858 2539 1955 2591 iste
1974 2538 2043 2589 ad
2072 2539 2164 2591 ho-
2264 2535 2576 2591 LXXXVI.
2608 2539 2692 2591 die
2731 2538 2769 2590 V
2798 2535 3061 2591 Januarii.

579 2644 752 2681 norem
791 2630 895 2693 dei,
922 2644 1012 2698 per
1055 2632 1330 2683 Antonium
1370 2631 1526 2701 Sorg.
1551 2630 1618 2685 In
1646 2631 1892 2701 Augusta.
1916 2631 2105 2698 Incipit
2132 2645 2164 2685 a
2334 2632 2605 2687 Editionis
2635 2632 2795 2703 hujus
2840 2634 2966 2687 nulli
3015 2630 3525 2702 bibliographorum
3569 2638 3714 2683 antea
3748 2645 3823 2684 co-

580 2721 812 2789 registro
860 2720 1233 2787 homiliarum,
1268 2723 1410 2792 quod
1459 2724 1691 2792 primum
1732 2724 1916 2777 lolium
1951 2724 2157 2791 implet.
2262 2724 2423 2792 gnita:
2440 2724 2685 2777 notitiam
2707 2723 2852 2776 solus
2881 2721 3291 2789 praebetBraun
3318 2718 3541 2775 Not.II.
3566 2719 3663 2773 Lit.
3692 2720 3745 2773 Τ.
3763 2719 3821 2785 ll,

579 2810 876 2866 Character
905 2811 1171 2867 Gothicus
1201 2824 1305 2879 est,
1338 2814 1434 2869 sed
1457 2816 1699 2885 elegans.
1730 2815 1840 2869 Nec
1872 2815 2032 2875 loliis.
2062 2830 2162 2869 nec
2266 2830 2319 2882 [ι.
2353 2813 2475 2878 150,
2508 2815 2814 2882 signilicans
2847 2813 3103 2867 volumen
3133 2827 3261 2868 esse
3293 2829 3385 2867 xu
3416 2812 3731 2881 plagularum
3755 2810 3823 2863 la~

579 2900 793 2971 paginis
825 2903 1036 2957 numeri
1067 2912 1280 2958 nouere
1313 2915 1436 2958 sunt
1466 2906 1707 2973 ascripti,
1742 2914 1879 2960 teste
1909 2906 1977 2959 cl.
2002 2904 2159 2974 Zapf.
2264 2907 2480 2961 sciculis
2529 2916 2867 2971 contentum,
2907 2910 3226 2961 charactere
3280 2905 3537 2975 Romano
3566 2921 3628 2958 ac
3654 2904 3825 2973 perele-

578 2992 633 3044 in
660 2991 849 3045 Annal.
875 2992 1008 3064 Tgp.
1034 2992 1323 3065 August.p.
1341 2996 1431 3061 52,
1452 2995 1751 3050 Seemillero
1775 2997 1905 3049 fasc.
1929 2995 1970 3062 Ι,
1995 3010 2047 3064 p.
2069 2996 2156 3049 70.
2262 3000 2409 3067 ganti
2443 3000 2795 3066 impressum,
2826 2999 3211 3053 deﬁcientibus
3239 2998 3675 3067 quibuscumque
3701 2995 3825 3049 folio-

581 3083 732 3138 Adde
760 3082 1045 3138 Braunium
1078 3085 1207 3139 Not.
1235 3086 1311 3140 Η.
1344 3086 1450 3142 Lit.
1472 3088 1676 3158 (1788),
1706 3104 1760 3156 p.
1790 3088 1910 3141 179.
2262 3105 2381 3142 rum
2426 3091 2817 3159 paginarumve
2846 3090 3012 3155 notis,
3059 3091 3363 3159 parvisque
3390 3090 3592 3144 litteris
3617 3088 3728 3141 loco
3755 3086 3833 3139 ini-

653 3175 811 3231 1477.
849 3177 1082 3243 Μαιὶηω,
1110 3196 1198 3246 per
1222 3177 1607 3234 Baltliassarem
1628 3182 1691 3233 de
1719 3181 1966 3244 Struciis;
1994 3178 2160 3233 iri-4°.
2191 3166 2239 3229 C
2272 3180 2474 3233 tialium
2513 3180 2819 3235 miniatoris
2865 3181 3036 3250 gratia
3064 3183 3365 3250 appositis.
3400 3178 3657 3235 Continet
3682 3177 3837 3232 omnia

581 3266 640 3323 ὃ.
665 3270 952 3340 Augustini
985 3270 1280 3328 Sermones
1309 3273 1374 3327 ad
1414 3272 1630 3327 Fratres
1661 3275 1712 3326 in
1746 3275 1997 3327 Heremo.
2028 3272 2166 3327 Nus—
2269 3270 2569 3337 eademque
2612 3271 2755 3324 serie
2780 3286 2841 3325 ac
2882 3286 3140 3340 sequens,
3192 3288 3270 3328 ne
3324 3286 3642 3327 sermonum
3690 3268 3841 3322 tabula

583 3376 740 3431 quam
769 3361 868 3415 nisi
900 3363 952 3417 in
982 3361 1092 3417 Cat.
1122 3363 1263 3421 Bibl.
1297 3363 1490 3419 Pinell.
1520 3366 1583 3421 Τ.
1610 3365 1652 3431 l,
1682 3382 1733 3433 p.
1762 3365 1831 3421 92
1851 3407 1865 3431 ,
1896 3364 2163 3420 laudatam
2268 3359 2487 3429 quidem
2512 3372 2758 3429 excepta.

584 3455 908 3511 invenimus.
2346 3452 2501 3507 1487.
2524 3451 2771 3521 Venetiis,
2792 3470 2882 3523 per
2904 3450 3231 3523 Paganinum
3261 3454 3329 3506 de
3363 3451 3653 3524 Paganinis
3668 3466 3687 3514 ;
3703 3446 3843 3501 in-8‘.

656 3549 814 3604 1482.
848 3552 1038 3618 δρὶνω,
1079 3557 1269 3621 factore
1298 3552 1453 3605 Petro
1483 3554 1861 3619 draclijuniore
1893 3556 1968 3620 (in
1990 3553 2167 3623 vigilia
2270 3545 2328 3599 S.
2361 3546 2642 3615 Augustini
2675 3544 2966 3601 Sermones
2992 3547 3055 3599 ad
3101 3546 3403 3600 Eremitas.
3440 3546 3525 3599 Ab
3557 3544 3744 3599 initio:
3774 3540 3847 3592 In-

584 3644 860 3696 nativitatis
890 3648 1047 3698 marie
1072 3648 1336 3716 virginis);
1368 3648 1545 3714 in-fol.
1581 3646 1639 3699 Β.
1659 3647 1938 3713 Augustini
1962 3660 2166 3700 sermo-

2268 3637 2463 3705 cipiunt
2488 3653 2749 3689 sermones
2776 3638 2943 3689 sancti
2969 3637 3249 3706 Augustini
3280 3637 3353 3689 ad
3392 3636 3687 3690 Heremitas
3708 3650 3724 3685 :
3744 3648 3849 3686 non-

584 3749 680 3788 nes
701 3738 867 3801 varii;
901 3738 952 3790 in
989 3739 1268 3792 Umeliario
1300 3738 1485 3792 Karoli
1515 3737 1692 3807 Magni
1716 3739 1872 3803 hujus
1898 3739 1984 3793 ed.

2271 3726 2405 3780 nulli
2456 3727 2523 3779 ad
2567 3729 2853 3781 sacerdotes
2883 3745 3004 3782 suos
3029 3744 3045 3781 :
3072 3728 3140 3780 ad
3168 3724 3383 3820 aliquos
3425 3726 3584 3780 alios.
3616 3722 3684 3778 Et
3712 3724 3852 3794 primo

655 3824 813 3879 “8L
864 3827 1167 3892 Mediolani,
1199 3846 1287 3897 per
1334 3829 1638 3884 Teutonicos
1665 3846 1683 3881 :
1708 3830 1871 3882 in-i°.
1895 3830 1950 3883 S.
1986 3831 2167 3894 Angu-
2270 3824 2334 3876 de
2363 3809 2637 3876 istitutio?
2655 3820 2911 3891 regularis
2954 3823 3052 3873 vite
3083 3836 3220 3873 ssmo
3283 3809 3319 3889 ᾖ
3375 3818 3564 3890 (sic).
3620 3815 3679 3870 ιιι
3727 3814 3855 3867 line:

583 3916 708 3969 stini
731 3917 1023 3972 Sermones
1045 3920 1108 3972 ad
1144 3918 1362 3973 Fratres
1395 3920 1445 3972 in
1480 3919 1731 3972 lleremo.
1760 3919 1871 3973 Cat.
1904 3918 2040 3973 Bibl.
2076 3919 2167 3971 I’i-
2272 3911 2587 3979 Impressum
2649 3909 2871 3964 Venetiis
2930 3928 3021 3980 per
3082 3909 3435 3981 Paganinum
3493 3910 3559 3962 de
3609 3904 3860 3977 paganinis

583 4008 705 4062 nell.
731 4007 795 4062 T.
824 4009 862 4076 Ι,
895 4025 947 4078 p.
984 4009 1069 4063 92.
2273 4002 2595 4057 Brixianam.
2624 4002 2769 4057 Anno
2802 4002 3006 4056 Domini
3032 4018 3049 4054 :
3074 4000 3127 4055 Μ
3140 3998 3359 4056 .CCCC.
3392 4001 3623 4057 lxuvii.
3657 3999 3737 4052 die
3762 3994 3863 4050 uti

652 4129 724 4139 —
753 4098 953 4155 Padua:
981 4119 1070 4170 per
1094 4101 1377 4154 Matha'um
1399 4099 1681 4165 Cerdonis;
1711 4102 1870 4161 iit-4°,
1904 4101 1962 4154 Β.
1990 4103 2171 4169 Augu-
2274 4094 2425 4148 Maii.

584 4191 710 4248 stini
740 4210 1022 4249 sermones
1057 4205 1166 4249 tres
1205 4194 1273 4247 de
1307 4194 1641 4246 Clericornm
1671 4196 1777 4246 vita
1808 4203 1863 4248 et
1904 4195 2163 4248 moribus.

2344 4183 2547 4239 Praeter
2574 4199 2850 4240 sermones
2875 4182 3010 4247 LIX,
3042 4182 3314 4237 accedunt
3337 4199 3353 4238 :
3389 4182 3449 4237 1⁸
3474 4182 3540 4235 de
3571 4188 3749 4234 sancta
3770 4174 3868 4229 Mo-

584 4312 653 4326 __
679 4286 867 4343 Editor-
897 4298 980 4342 est
1012 4284 1262 4339 Eusebius
1299 4285 1556 4338 Corradus
1584 4284 2032 4348 Mediolanensis,
2066 4285 2169 4339 Ca-
2274 4277 2391 4330 nica
2442 4292 2605 4328 sermo
2652 4268 2746 4327 LX
2761 4292 2780 4340 ;
2816 4272 2871 4326 2°
2904 4271 3085 4326 Culisti
3142 4276 3385 4328 narratio
3441 4274 3509 4327 de
3560 4269 3871 4326 conversione

585 4380 813 4433 nonicus
862 4377 1126 4449 regularis
1174 4375 1440 4445 Congreg.
1473 4375 1856 4429 Lateranensis
1880 4417 1895 4442 ,
1938 4392 1967 4429 a
2012 4377 2169 4445 cujus
2277 4365 2740 4438 S.Augustini;5°
2773 4364 3049 4434 Sigibertlti
3088 4364 3150 4417 de
3174 4364 3364 4417 eodem
3407 4363 3657 4417 narratio
3687 4376 3747 4414 ea:
3778 4357 3875 4427 cpi-

583 4473 799 4542 epistoln
825 4472 892 4523 ad
938 4471 1146 4524 Sixtum
1195 4479 1435 4535 quartum
1454 4509 1467 4530 ,
1500 4470 1792 4538 pontiﬁcem
1838 4471 2117 4522 maximum
2148 4485 2169 4524 :
2202 4536 2245 4542 _
2276 4459 2412 4509 stola
2432 4458 2501 4509 ad
2520 4452 2985 4517 blticedonium;4°
3005 4452 3263 4523 Excerpta
3282 4455 3620 4524 qucedamex
3639 4450 3877 4542 Chronico

581 4536 676 4635 pro
699 4562 976 4631 auferendo
997 4561 1061 4614 de
1087 4558 1321 4613 Ecclesia
1344 4536 1515 4612 errore
1539 4560 1863 4613 scribentium
1887 4575 1905 4614 :
1926 4562 2164 4631 Augusti-

2296 4546 2464 4615 Bedte;
2491 4545 2548 4602 5°
2562 4545 2852 4599 Relationes
2868 4544 2986 4596 alia:
3000 4544 3315 4596 incertorum
3339 4554 3663 4606 auctorum;
3692 4540 3747 4596 (5°
3764 4538 3879 4591 Ora-

582 4632 701 4708 num
750 4654 1000 4707 Ecclesia:
1058 4652 1315 4703 doctorem
1361 4652 1520 4721 fuisse
1578 4650 1872 4707 heremitam
1916 4653 2165 4710 volumen

2304 4642 2353 4693 io
2402 4641 2465 4693 de
2522 4638 2774 4692 Passione
2816 4635 3054 4699 Domini,
3102 4654 3133 4687 a
3176 4636 3458 4690 nonnullis
3512 4635 3579 4690 S.
3610 4632 3884 4701 Augustino

582 4745 884 4800 exorditur,
913 4742 1115 4797 praeter
1137 4740 1312 4793 dictos
1335 4750 1445 4794 [res
1475 4755 1774 4805 sermones.
1808 4757 2035 4811 quorum
2062 4744 2173 4811 pri-
2283 4733 2525 4801 ascripta,
2548 4746 2701 4799 quam
2732 4745 2821 4798 per
2846 4728 3187 4796 quadraginta
3210 4729 3505 4781 continuos
3539 4728 3656 4781 dies
3683 4724 3887 4776 recitan-

585 4852 705 4892 mus
726 4836 932 4905 incipit,
960 4833 1214 4887 Charitati
1235 4842 1428 4898 veslrte,
1464 4845 1594 4898 etc.;
1626 4834 1915 4899 secundus,
1949 4832 2168 4903 Propter

2309 4824 2418 4876 ibus
2461 4820 2763 4887 Bonifacius
2809 4816 2947 4872 VIII
3000 4818 3289 4886 plenariam
3320 4820 3597 4871 concessit
3628 4816 3890 4884 indulgen-

582 4929 721 4999 quod
742 4904 881 4981 volui
906 4936 953 4979 et
973 4925 1168 4992 rogavi,
1193 4934 1323 4988 elc.;
1359 4924 1571 4992 tertius,
1605 4925 1733 4977 Ante
1760 4927 1933 4979 omnia
1960 4927 2167 4995 fratres,
2284 4914 2429 4966 είαηι·
2452 4913 2679 4967 Τθιιυῐη
2728 4909 2988 4977 Prmc‘t’dit
3022 4908 3206 4962 “bula
3248 4924 3597 4964 δετῐηοηιιιη
3634 4910 3745 4999 (ἷυρ
3777 4904 3891 4999 illi”

583 4996 715 5085 etc.;
746 5020 887 5073 ineSI
918 5018 1081 5069 etiam
1100 5013 1225 5067 Vita
1246 5015 1518 5086 Augustini
1543 5032 1571 5069 a
1593 5014 1838 5070 Possideo
1870 5018 2011 5087 (sic)
2034 5033 2170 5071 con-
2286 5020 2392 5058 non
2417 5004 2622 5071 integra
2650 5001 3035 5070 complectens.
3062 4999 3369 5067 lmpressio
3398 5000 3553 5055 facta
3584 5009 3673 5054 est
3702 4996 3897 5051 duabus

584 5112 783 5181 scripta
816 5118 893 5173 et,
938 5106 1042 5160 nisi
1073 5102 1309 5161 mendax
1342 5105 1535 5169 fuerit,
1569 5117 1944 5162 contentorum
1988 5107 2170 5162 tabula
2274 5096 2547 5150 columnis
2574 5094 2883 5147 charactere
2904 5091 3153 5147 Gothico.
3178 5089 3440 5146 lnitiales
3465 5092 3694 5145 litteras
3714 5100 3899 5159 parvus

584 5211 708 5271 ροςι
741 5198 1023 5267 epistolam
1055 5198 1442 5253 dedicalm‘iam
1472 5201 1655 5255 statim
1688 5200 1931 5268 subjecta
1950 5242 1965 5266 ,
2006 5200 2169 5256 etiam
2277 5186 2647 5260 typograpbus
2670 5185 2939 5240 interdum
2960 5182 3167 5237 addidit
3194 5192 3248 5236 ει
3277 5182 3671 5237 omisitalibi.
3695 5182 3903 5236 Chartae

586 5289 826 5364 Epistola
839 5289 1131 5360 Augustini,
1163 5289 1206 5342 si
1232 5288 1383 5344 liceat
1408 5292 1603 5345 clericis
1629 5291 1875 5362 papulum
1903 5304 1949 5345 et
1964 5308 2171 5361 gregem
2281 5281 2511 5349 εῐεηθιω
2549 5288 2674 5333 sum
2703 5294 2810 5330 α’νο
2841 5273 3137 5339 Ουδῑοάθδν
3167 5272 3421 5336 “ume'io
3462 5274 3907 5343 paginaman

586 5384 681 5439 sibi
716 5381 1124 5436 commendatum
1171 5384 1543 5452 persecutionis
1588 5394 1813 5455 tempore
1856 5384 2169 5452 relinquere.

1862 5384 2169 5452 relinquere,
2280 5373 2421 5429 tituli
2444 5372 2655 5426 desunt.
2683 5367 2951 5425 Seemiller
2971 5367 3102 5421 fasc.
3126 5364 3219 5427 lll,
3245 5380 3304 5433 p.
3343 5365 3445 5420 9‘2.

587 5474 719 5533 Eam
747 5488 878 5529 νει-ο
927 5474 979 5527 in
1028 5450 1350 5542 exemplari,
1379 5473 1525 5544 quod
1558 5450 1808 5528 manibus
1852 5450 2030 5535 teneo,
2060 5488 2167 5529 ιιοη
2359 5462 2517 5517 1492.
2565 5459 2780 5514 Venetiis
2803 5500 2816 5523 ,
2842 5459 2982 5527 apud
3026 5455 3266 5511 Vincent.
3302 5455 3377 5508 de
3421 5455 3719 5519 Benaliis;
3751 5450 3906 5506 iii—8'.

588 5564 843 5631 invenio,
883 5578 983 5619 nec
1026 5578 1273 5619 mancum
1304 5564 1433 5618 illud
1464 5565 1708 5631 videtur,
1746 5563 1841 5617 sed
1870 5563 2014 5617 illius
2046 5563 2172 5618 loco
2284 5556 2345 5610 S.
2398 5552 2677 5623 Augustini
2718 5551 3008 5606 Sermones
3046 5549 3110 5602 ad
3147 5549 3483 5605 Hercmitas
3526 5561 3589 5604 et
3646 5549 3717 5602 ad
3762 5545 3911 5600 alios.

587 5653 1008 5709 exstateditoris
1029 5654 1095 5708 ad
1121 5655 1327 5711 Sixtum
1356 5655 1425 5710 IV
1440 5665 1497 5710 et
1527 5656 1592 5709 ad
1626 5656 1983 5724 patriarcham
2003 5653 2172 5721 Aqui-
2290 5648 2441 5701 Exsl-
2482 5659 2602 5699 cum
2634 5644 2695 5696 ι)-
2726 5640 2981 5694 Βθτιιδτάί
3023 5641 3089 5693 ad
3125 5640 3398 5694 sororem
3452 5641 3636 5695 πηοάο
3668 5640 3813 5694 bene
3839 5637 3910 5687 "3‘

592 5743 883 5814 leiensem,
912 5745 1246 5803 cardinalem
1276 5754 1332 5802 et
1359 5746 1537 5802 sancti
1568 5745 1733 5801 Marci
1778 5750 2170 5809 protectorem,
2193 5750 2245 5823 ς
2288 5738 2472 5794 vendi.
2504 5732 2696 5790 Venet.
2720 5731 2878 5787 1495.
2905 5730 2994 5786 Sic
3019 5730 3247 5797 Audiffr.
3278 5730 3340 5785 in
3370 5730 3504 5787 Cat.
3538 5729 3696 5788 Bibl.
3728 5728 3852 5786 Cas.
