4010 6350
303 324 392 377 189

1201 316 1474 371 ΝΟΤΙΤΙΑ
1514 311 1929 369 LITTERARIA
1966 311 2031 365 1N
2073 310 2131 365 S.
2172 306 2640 365 AUGUSTINUM.

3425 297 3530 352 iw

256 426 261 431 ’
295 437 439 491 Poet.
475 432 670 487 Christ.
698 431 861 485 Basil.
902 428 1061 495 1564,
1090 428 1258 496 ἑτι-4³,
1286 446 1337 499 p.
1371 428 1495 496 815,
1529 435 1709 482 monet
1747 425 1857 478 Au-

1975 426 2173 484 sianum
2199 422 2648 478 Schuetl‘erianum
2681 418 2875 483 minio,
2922 425 2977 471 ut
3008 417 3167 480 solet,
3206 414 3528 482 impressum

292 525 536 594 diffredus
554 524 611 577 in
641 522 758 576 Cat.
783 517 921 574 Bibl.
951 518 1197 574 Casanat.

759 612 852 668 IX.
879 640 949 653 -—
973 611 1092 685 (42)
1130 611 1392 665 Manuale.

356 709 517 763 1471.
546 705 772 760 Taruisii
808 721 897 772 per
935 704 1226 758 Gerardum
1257 703 1431 756 Lisam
1468 702 1531 754 de
1573 700 1858 767 Flandria,

289 801 422 855 iit-4'
444 802 570 853 min.
594 799 651 855 S.
675 799 961 869 Augustini
982 797 1119 852 liber
1144 797 1210 851 de
1233 795 1443 858 Salute,
1469 796 1585 848 sive
1612 794 1685 854 de,
1702 792 1859 863 Aspi-

286 895 497 948 ratione
525 894 719 946 animae
749 891 814 945 ad
847 889 1037 945 Deum.
1070 888 1151 944 Ad
1181 888 1386 943 calcem
1434 887 1629 941 litteris
1674 887 1860 939 uncia-

286 984 427 1041 libus
453 997 713 1039 excusum
738 982 931 1036 visitur

536 1096 595 1144 In
615 1095 808 1145 laudem
829 1092 1080 1154 scriptoris
1103 1093 1415 1155 epigramma.

468 1158 631 1208 Gloria
654 1159 865 1205 debetur
889 1155 1092 1205 Girardo
1114 1153 1320 1202 maxima
1337 1153 1475 1202 lisae.

468 1222 623 1278 Quem
641 1221 813 1279 genuit
830 1219 1011 1279 campis
1030 1215 1251 1264 Flandria
1272 1219 1391 1279 picta
1417 1214 1537 1279 suis.

465 1276 559 1330 Hic
577 1276 827 1328 Tarvisina
855 1276 963 1326 nam
986 1280 1169 1339 primus
1193 1279 1339 1337 coepit
1362 1278 1410 1324 in
1434 1276 1576 1324 urbe.

465 1341 810 1390 Artiﬁclraros
830 1353 950 1389 aere
972 1338 1139 1387 notare
1164 1338 1326 1384 libros.

468 1402 674 1464 Quoque
698 1403 853 1462 magis
878 1402 1069 1449 l‘aveant
1099 1398 1504 1464 excelsinumina
1523 1397 1675 1460 regiS.

464 1459 653 1513 Aurelii
676 1459 865 1511 sacrum
889 1475 1013 1570 nunlc
1036 1475 1256 1510 MANUALE
1275 1459 1429 1508 dedit.

1009 1537 1179 1570 ARVISII

1009 1537 1179 1572 ARVISII

853 1583 916 1634 Μ.
938 1582 1097 1635 CCCC.
1126 1582 1289 1632 LXXI.

307 1692 509 1745 Cmtstat
536 1689 703 1743 hocce
732 1654 1069 1758 opusculum,
1103 1704 1132 1741 a
1160 1703 1265 1756 quo
1294 1685 1700 1758 typographiam
1730 1682 1863 1737 Tar-

1962 516 2313 584 conspicitur.
2348 514 2641 568 Character
2670 527 2737 566 ex
2765 508 2995 566 Gothico
3022 506 3088 562 ad
3118 503 3407 560 rotundum
3437 502 3530 556 de-

1960 608 2149 673 ﬂectit,
2175 606 2267 661 sed
2301 621 2553 675 perquam
2579 604 2734 659 exilis
2762 611 2814 657 et
2841 601 2990 656 rudis
3016 607 3119 654 est.
3149 596 3449 665 Signaturte
3472 602 3527 647 et

1964 701 2169 755 numeri
2203 699 2449 752 foliorum
2482 697 2637 764 plane
2678 697 2892 749 absunt.
2931 690 3013 747 Cf.
3056 688 3173 744 Cat.
3201 685 3339 741 Bibl.
3386 684 3524 737 Duc.

1963 794 2025 846 de
2052 795 2102 845 la
2136 790 2257 846 Val.
2285 791 2345 845 Τ.
2385 790 2426 854 I,
2466 804 2516 857 p.
2551 790 2671 844 174.
2714 786 2983 841 Laudatur
3012 798 3225 853 quoque
3269 781 3322 833 in
3359 775 3527 832 Catal.

1963 885 2099 938 Bibl.
2125 885 2348 946 Bunav.,
2381 884 2614 950 itemque
2643 880 2694 933 in
2718 879 2857 935 Bibl.
2888 874 3188 931 Lubecensi
3214 879 3409 926 exstat.

2036 977 2161 1033 Sine
2183 993 2336 1030 anno.
2383 972 2605 1027 Parisiis
2628 1014 2642 1039 ,
2671 972 2810 1041 apud
2854 967 3014 1023 Joan.
3063 965 3342 1028 Lambert;
3369 961 3537 1014 iit-8°.

1964 1070 2125 1125 Liber
2171 1069 2316 1124 beati
2346 1055 2626 1136 Augustini
2674 1064 2740 1117 de
2787 1060 2905 1115 Vita
2955 1057 3280 1113 Christiana.
3332 1054 3455 1106 Ilaec
3486 1052 3539 1105 in

1964 1177 2210 1231 suprema
2243 1160 2452 1230 pagina:
2491 1166 2639 1226 parte
2664 1197 2677 1218 ,
2720 1154 2921 1222 reliqua
2953 1151 3157 1219 signum
3184 1146 3418 1201 ofﬁcina:
3444 1157 3539 1213 pro

1964 1271 2115 1309 more
2148 1253 2543 1325 typnthetarum
2564 1247 2947 1301 Parisiensium
2972 1251 3203 1298 exeunte
3228 1237 3426 1293 saaculo
3451 1250 3540 1296 xv.

1964 1354 2019 1401 et
2044 1346 2143 1399 sub
2172 1344 2375 1398 initium
2405 1356 2491 1395 xvi
2517 1348 2760 1404 occupat.
2786 1336 2842 1391 In
2874 1336 3007 1389 line:
3036 1332 3281 1403 Explicit,
3307 1340 3410 1382 etc.
3438 1324 3541 1378 Im-

1967 1450 2170 1503 pressus
2200 1432 2405 1503 parisiis
2436 1446 2524 1501 ρει·
2542 1419 2795 1481 ,ΙοΙιῖῖηεγη
2833 1424 3043 1478 lambcrt
3071 1423 3124 1473 in
3147 1420 3258 1473 vico
3281 1416 3441 1471 sancti
3466 1418 3542 1483 ja-

1967 1526 2079 1580 cobi
2106 1534 2498 1579 commorantem
2523 1538 2577 1589 p.
2602 1517 2854 1588 Dyonisio
2880 1515 3033 1569 Roce.
3056 1511 3272 1566 Litteras
3295 1517 3417 1562 sunt
3439 1504 3543 1559 Go-

1964 1618 2122 1673 thica:
2153 1618 2390 1669 minutas.

2038 1710 2197 1765 1467.
2245 1708 2346 1761 Per
2378 1706 2611 1759 Olricum
2660 1701 2752 1756 Zel
2790 1700 2853 1754 de
2889 1697 3135 1758 Hanaw;
3172 1694 3342 1747 ἰη-4ο.
3397 1688 3545 1743 Beati

299 1783 517 1835 visinam
549 1782 761 1836 initium
792 1781 1015 1835 duxisse
1040 1782 1348 1849 suspicatur
1370 1778 1623 1833 Morellus
1644 1777 1747 1849 (α),
1780 1777 1861 1829 lo-

1975 1801 2252 1870 Augustini
2285 1800 2420 1853 liber
2444 1798 2509 1851 de
2538 1796 2654 1849 Vita
2684 1791 3013 1849 Christiana.
3042 1786 3289 1856 hjusdem
3323 1783 3460 1837 liber
3482 1782 3546 1835 de

290 1873 377 1926 liis
406 1889 499 1935 xx,
529 1872 852 1941 impressum
884 1871 1198 1926 charactere
1226 1870 1458 1923 rotundo
1497 1867 1761 1937 eleganti,
1801 1866 1868 1920 Ιί-

282 1964 401 2019 neis
425 1963 497 2017 22
528 1980 623 2033 per
650 1963 889 2033 paginas.
929 1962 1320 2032 Complectitur
1356 1962 1473 2015 sola
1507 1974 1633 2013 xxiv
1676 1959 1859 2026 priora

280 2056 463 2122 capita
507 2056 661 2121 juxta
702 2055 1013 2123 sequiorum
1060 2054 1356 2107 editionum
1400 2052 1863 2107 distributionem.

280 2145 580 2211 Audiﬁ'redi
608 2146 661 2199 in
692 2145 806 2199 Cat.
838 2144 979 2199 Bibl.
1008 2144 1252 2201 Casanat.
1273 2144 1428 2200 Adde
1457 2143 1728 2199 Creticum:
1747 2142 1862 2199 Cat.

276 2253 345 2290 no
354 2253 644 2290 υιδειηιαηι.

596 2327 664 2384 Χ.
698 2358 767 2368 -
796 2328 911 2401 (44)
942 2328 1223 2400 Speculum
1252 2330 1559 2400 peccatoris.

360 2423 669 2488 Sineanno,
700 2423 814 2476 loco
831 2432 880 2476 et
903 2432 1132 2494 typogr.;
1154 2422 1317 2479 iit-4'.
1348 2424 1405 2477 Β.
1430 2422 1710 2489 Augustini
1734 2420 1870 2488 Spe-

285 2516 469 2568 culum
503 2522 867 2580 peccatorum.
910 2512 1063 2569 νεῖαι
1109 2515 1265 2569 editio
1303 2516 1442 2569 circa
1478 2530 1669 2567 annum
1708 2513 1865 2567 1500.

290 2607 381 2662 Sic
409 2606 525 2663 Cat.
554 2605 693 2660 Bibl.
728 2605 856 2674 Reg.

363 2699 490 2755 Siue
508 2716 670 2762 anno,
688 2700 800 2753 loco
824 2709 871 2753 et
894 2709 1128 2771 typogr.;
1146 2699 1326 2768 in-fol.
1345 2696 1400 2752 Ξ.
1427 2696 1712 2767 Augustini
1732 2695 1869 2764 Spe-

302 2790 475 2844 culum
504 2790 827 2858 peccatoris.
861 2790 993 2844 Vide
1023 2805 1148 2859 quae
1174 2791 1239 2843 ad
1269 2789 1505 2843 libellum
1545 2787 1608 2841 de
1652 2786 1871 2850 Quanti-

310 2891 404 2935 tate
425 2883 609 2936 anima:
635 2883 877 2951 ejusdem
907 2883 1164 2937 editionis
1187 2892 1313 2935 sunt
1341 2890 1542 2934 notata.

538 2972 630 3026 X1.
661 3003 732 3013 —
762 2973 877 3043 (47)
905 2974 967 3027 de
996 2988 1127 3027 vere
1157 2972 1284 3025 Vitae
1311 2972 1623 3041 coqnitione.

373 3063 499 3116 Sine
526 3080 685 3118 uino.
717 3063 1027 3134 Moguntiaz,
1058 3064 1200 3135 apud
1225 3062 1369 3116 Petr.
1418 3059 1693 3128 Schue/fer,
1726 3070 1785 3114 ut
1805 3076 1870 3114 ex

309 3154 489 3221 insigni
537 3155 685 3209 illius
729 3127 1049 3210 advcalcetn
1092 3127 1268 3209 'minio
1309 3127 1866 3221 impressoapparet,

1975 3133 2161 3191 seculi.
2184 3131 2365 3199 incipit
2391 3127 2637 3182 feliciter.

310 3246 457 3301 iit-4°.
480 3247 667 3314 Incipit
693 3262 725 3301 a
745 3249 1095 3317 capitulorum
1125 3247 1300 3301 tabula
1334 3256 1444 3300 tres
1471 3259 1606 3313 pene
1639 3244 1861 3313 paginas

311 3347 615 3405 occupante,
647 3340 800 3409 cujus
820 3339 1072 3395 versiculi
1106 3354 1303 3394 novem
1343 3338 1551 3408 praeﬁxi
1600 3347 1728 3394 sunt
1768 3337 1870 3392 hoc

312 3430 520 3484 exordio
544 3446 559 3483 :

451 3518 900 3584 Augustiuepater,
928 3521 1141 3584 aquilino
1156 3534 1291 3570 more
1314 3520 1546 3584 Johannis

452 3580 643 3643 lug'euii
670 3580 793 3631 velis
816 3586 944 3645 petis
969 3580 1063 3632 alta
1090 3584 1340 3632 recondita
1360 3583 1503 3645 celis,
1531 3590 1627 3632 etc.

310 3679 364 3737 In
394 3681 494 3737 ﬁne
523 3701 535 3734 ε
563 3683 838 3752 Augustini
878 3684 941 3737 de
966 3701 1014 3739 υ.
1055 3701 1103 3740 υ.
1136 3701 1187 3742 c.
1229 3686 1435 3739 libellus
1462 3685 1691 3747 explicit.
1734 3683 1873 3739 Cha-

312 3782 476 3828 racter
502 3773 660 3843 plane
688 3774 827 3829 idem
858 3784 941 3829 est
967 3791 1088 3829 cum
1125 3776 1480 3844 praecedentis
1512 3776 1631 3828 libri
1660 3774 1868 3830 formis.

313 3864 457 3920 Anno
481 3866 697 3920 circiter
725 3864 860 3921 1470
887 3882 1169 3935 procusam
1201 3869 1505 3936 SllSplcallll‘
1537 3867 1794 3922 Deburius
1818 3870 1869 3923 iu

313 3954 421 4011 Cat.
445 3955 585 4013 Bibl.
611 3957 773 4011 Ducis
804 3958 867 4013 de
899 3958 951 4012 la
978 3957 1095 4014 Val.
1120 3959 1183 4018 Τ.
1207 3958 1247 4025 Ι,
1275 3976 1325 4028 p.
1358 3960 1477 4016 176.
1504 3955 1691 4014 Exstat
1712 3961 1871 4014 etiam

309 4047 363 4102 in
386 4049 520 4104 Bibl.
552 4046 875 4104 Lubecensi.
904 4050 969 4106 ν.
1006 4048 1227 4104 Gessner
1260 4067 1312 4119 ι).
1343 4050 1428 4113 14,
1465 4066 1492 4101 a
1531 4067 1636 4119 quo
1682 4050 1870 4104 Schei-

309 4137 509 4194 ltornius
532 4141 585 4195 in
616 4142 841 4194 diatriba
866 4141 933 4193 ad
968 4140 1175 4206 Quirin.
1208 4141 1454 4211 (Lindav.
1489 4141 1619 4194 1761
1642 4183 1656 4207 ,
1678 4141 1870 4210 ἰηο4ο),

307 4245 361 4299 p.
390 4232 474 4299 57,
506 4240 563 4287 et
593 4232 973 4288 Schwindelius
1021 4233 1073 4286 in
1117 4233 1245 4288 Not.
1274 4234 1399 4288 hist.
1437 4233 1559 4287 crit.
1594 4231 1717 4286 libr.
1762 4241 1871 4286 vet.

303 4336 411 4378 rar.
438 4323 480 4380 1.
510 4339 716 4389 xxxvn,
744 4322 1046 4379 laudantur.

372 4416 531 4473 1578.
573 4414 864 4472 Basilete...
908 4418 967 4472 S.
1003 4416 1286 4486 Augustini
1315 4416 1382 4471 de
1423 4416 1688 4471 Trinitale
1726 4414 1873 4485 frag-

1968 1894 2339 1964 singularitate
2370 1890 2715 1943 clericorum.
2743 1885 2799 1937 In
2843 1884 2947 1935 line
2979 1879 3325 1949 posterioris:
3361 1872 3546 1943 Expli-

1968 1994 2035 2046 cit
2064 1991 2217 2045 Liber
2259 1989 2393 2042 beati
2420 1984 2683 2055 augustini
2713 1973 2813 2053 (ﬁt.
2848 1982 2909 2034 de
2939 1978 3293 2050 singularilale
3330 1974 3548 2026 clerico-

1968 2095 2103 2133 rum.
2143 2077 2245 2131 Per
2276 2093 2354 2129 me
2400 2073 2634 2127 Olricum
2680 2069 2772 2123 ch
2798 2069 2861 2121 de
2887 2069 3059 2119 Itanau
3110 2062 3298 2117 cteriru
3354 2061 3544 2111 dioces.

1970 2172 2326 2241 Moguntinen.
2377 2169 2524 2219 Anno
2554 2164 2823 2216 millesimo
2850 2156 3303 2229 quater-centesimo
3341 2165 3548 2220 sexage-

1968 2268 2098 2320 simo
2127 2264 2359 2335 septimo.
2404 2263 2556 2313 Prior
2590 2264 2849 2311 tractatus
2872 2269 2957 2307 xxx
2996 2251 3118 2306 folia
3147 2293 3159 2311 ,
3201 2249 3337 2301 alter
3383 2257 3548 2299 χχχιιι

1970 2355 2368 2425 complectitur,
2398 2365 2627 2420 quorum
2656 2348 2878 2416 singula:
2911 2345 3116 2413 pagina:
3147 2340 3300 2393 lineis
3324 2336 3390 2389 Ἡ
3422 2349 3550 2389 con-

1971 2458 2137 2502 stant.
2164 2447 2365 2499 Debure
2395 2443 2449 2496 in
2489 2440 2605 2495 Cat.
2636 2439 2794 2493 Ducis
2833 2437 2899 2490 de
2933 2435 2981 2488 la
3008 2432 3125 2487 Val.
3151 2430 3213 2485 Τ.
3238 2430 3281 2497 1,
3325 2444 3378 2497 p.
3426 2426 3545 2481 175.

1971 2541 2140 2608 Supra
2165 2538 2264 2591 sub
2287 2533 2548 2605 opusculis
2576 2530 2758 2598 plures
2783 2529 3026 2581 invenies
3049 2520 3330 2592 Augustini
3358 2529 3550 2570 tracta-

1973 2643 2058 2685 ttts
2088 2630 2211 2683 huic
2238 2624 2461 2681 editioni
2489 2622 2643 2677 valde
2672 2620 2895 2686 similes,
2921 2619 2987 2671 ab
3016 2617 3202 2670 eodem
3229 2610 3369 2665 haud
3391 2609 3550 2663 dubie

1973 2720 2481 2795 typographo,circa
2508 2731 2707 2768 annum
2740 2713 2898 2776 1470,
2922 2720 2977 2763 ut
3008 2716 3215 2777 putant,
3238 2707 3547 2771 impressos.

2079 2828 2255 2887 XIII.
2296 2860 2365 2871 —
2405 2827 2520 2898 (ΞΟ)
2552 2826 2631 2879 De
2677 2820 2799 2878 XII
2830 2822 3139 2875 abusionum
3176 2814 3444 2886 gradibus.

2045 2946 2169 3000 Sine
2196 2959 2330 2998 anno
2353 2952 2400 2995 et
2428 2937 2776 3007 loco;in-fol.
2823 2953 2842 2987 ί
2889 2931 3090 2986 Aurelii
3121 2926 3398 2997 Augustini
3421 2923 3544 2990 lpo-

1972 3041 2217 3095 nensium
2245 3036 2473 3105 presulis
2497 3030 2795 3099 dignissimi
2827 3027 2961 3081 liber
2981 3025 3049 3079 de
3077 3023 3174 3077 ΧΙΙ
3204 3017 3552 3074 abusionibus

2673 3142 2691 3175 ι
2714 3123 2770 3176 1η
2794 3121 2930 3174 line:
2959 3119 3096 3172 Laus
3113 3115 3227 3169 deo.
3248 3110 3547 3180 Separatim

1974 3239 2102 3279 vero
2138 3223 2266 3277 folio
2298 3220 2483 3275 ultimo
2515 3218 2776 3282 impressa
2806 3222 2927 3265 sunt
2955 3207 3225 3280 Augustini
3268 3206 3330 3258 de
3358 3203 3553 3273 origine

1973 3319 2157 3371 animm
2168 3314 2467 3369 electissima
2480 3308 2760 3363 auctoritas
2777 3312 2831 3359 et
2844 3304 3158 3371 Augustinus
3170 3299 3232 3351 de
3244 3296 3553 3350 divinatione

1973 3411 2286 3463 daemonum.
2310 3404 2364 3457 In
2398 3403 2504 3456 l‘tne
2529 3402 2718 3454 iterum
2743 3413 2757 3450 :
2783 3394 2919 3448 Laus
2945 3393 3058 3445 deo.
3111 3390 3246 3444 llinc
3273 3398 3382 3441 est.
3408 3382 3552 3453 quod

1974 3500 2028 3553 in
2047 3498 2257 3551 duobus
2276 3493 2434 3563 hujus
2452 3489 2703 3546 editionis
2731 3484 2995 3553 exemplis
3029 3481 3166 3551 apud
3192 3474 3553 3533 Seemillerum

1977 3592 2112 3646 fasc.
2149 3589 2189 3651 l,
2225 3604 2277 3656 p.
2314 3587 2436 3643 109.
2470 3586 2696 3637 alterum
2748 3595 2853 3632 non
2894 3576 2993 3629 nisi
3025 3571 3339 3643 opusculum
3382 3566 3554 3635 primo

1974 3683 2097 3737 loco
2123 3684 2604 3734 commemoratum
2637 3670 2921 3729 exhibeat,
2950 3668 3176 3719 alterum
3212 3667 3407 3730 praeter
3433 3656 3555 3712 reli-

1975 3790 2076 3842 qua
2101 3772 2207 3826 duo
2239 3784 2345 3822 uno
2361 3758 2489 3821 folio
2507 3761 2901 3832 comprehensa
2920 3756 3333 3827 praabeatetiam
3360 3749 3423 3801 B.
3451 3750 3556 3801 Αηα

1975 3865 2122 3918 selmi
2166 3862 2323 3915 libros
2355 3862 2457 3912 duo
2493 3858 2557 3910 de
2586 3872 2667 3919 eo,
2698 3869 2790 3907 cur
2836 3852 2975 3904 Deus
3023 3846 3215 3901 homo?
3241 3842 3423 3912 viginti
3456 3856 3555 3894 no-

1976 3974 2094 4011 vem
2121 3954 2263 4008 foliis
2288 3954 2605 4020 impressus.
2639 3945 2956 4014 —Plagulae
2983 3949 3107 3995 sunt
3131 3946 3380 4008 quatuor.
3415 3932 3555 3986 011³-

1978 4060 2215 4102 racteres
2254 4043 2466 4099 Gnthici
2512 4040 2757 4094 rudiores
2800 4046 2854 4091 et
2888 4033 3180 4103 inmquales
3226 4026 3387 4081 lineis
3432 4026 3555 4079 latis

1979 4137 2264 4208 impressi,
2298 4137 2350 4190 in
2383 4134 2578 4203 quibus
2624 4129 2888 4199 imprimis
2937 4128 3191 4193 frequens
3229 4117 3554 4190 syllabarum

1979 4205 2070 4285 de;
2091 4230 2167 4284 be.
2196 4244 2281 4298 po.
2308 4226 2487 4280 bo.vo.
2510 4240 2586 4275 co.
2612 4220 2698 4273 Ito.
2729 4220 2780 4272 iu
2804 4232 2961 4272 unam
2989 4216 3208 4283 ﬁguram
3236 4205 3557 4270 contractio,

1977 4325 2085 4379 Nec
2115 4323 2309 4375 desunt
2338 4318 2528 4371 crebra
2557 4312 2889 4384 syllabarum
2914 4304 3257 4376 compendia.

2052 4414 2212 4470 1514.
2272 4410 2493 4479 Lipsicc,
2538 4408 2683 4460 ἰη-4ο
2734 4405 2794 4457 ῐ).
2827 4402 2959 4456 Aur.
2994 4404 3127 4466 Aug.
3171 4396 3328 4462 Hipp.
3371 4407 3460 4461 ep.
3491 4390 3559 4444 de

299 4519 541 4564 mentum
572 4525 637 4563 ex
669 4510 809 4564 libro
836 4510 927 4579 qui
962 4510 1270 4564 inscribitur
1300 4510 1367 4562 de
1395 4508 1711 4580 Cognitione
1733 4484 1873 4561 vera:
1900 4539 1951 4599 Β
1982 4505 2267 4560 duodecim
2297 4500 2620 4554 ειὺιιμίοηυιιι
2647 4494 2902 4565 gradibus
2927 4493 2979 4545 in
3004 4487 3237 4544 mundo:
3269 4485 3401 4538 liber
3416 4484 3559 4536 utilis

298 4602 421 4656 vitae
466 4602 647 4673 (cujus
685 4604 879 4654 Auctor
930 4600 1195 4655 Honorius
1238 4598 1733 4671 Augustodunensis)
1779 4596 1871 4655 Gr.

295 4691 421 4748 Lat.
463 4690 517 4746 I.
551 4690 862 4746 Leunclavio
898 4693 1193 4759 interprete.
1226 4691 1376 4745 Exst.
1418 4706 1537 4744 cum
1580 4688 1874 4758 Legatione

294 4787 430 4856 imp.
464 4787 609 4840 Cas.
636 4785 779 4839 Man.
802 4783 1067 4839 Comneni
1096 4784 1164 4838 ad
1194 4785 1479 4849 Armenes,
1513 4792 1619 4837 etc.

223 4939 254 4952 ,ἡ
371 4878 538 4934 1670.
572 4877 820 4932 Romw...
854 4874 1003 4930 Idem
1046 4892 1162 4929 cum
1203 4876 1300 4929 levi
1340 4875 1515 4945 aliqua
1557 4874 1871 4927 discrimine.

226 4958 231 5027 ί
301 4971 462 5026 East.
521 4969 669 5022 inter
714 4965 987 5037 Opuscula
1048 4970 1221 5021 Aurea
1277 4964 1470 5020 Theol.
1521 4965 1874 5034 quorumdam

300 5064 515 5117 Graece.
550 5059 773 5114 collecta
799 5073 829 5113 a
872 5057 941 5112 P.
973 5058 1202 5111 Arcadio
1230 5075 1262 5111 a
1301 5075 1420 5128 pag.
1470 5056 1595 5113 672.
1627 5057 1714 5110 Sic
1764 5056 1873 5109 Au-

305 5153 559 5231 diﬂ'redus
588 5152 645 5209 in
676 5149 792 5207 Cat.
822 5150 963 5205 Bibl.
994 5150 1242 5206 Casanat.

616 5245 731 5300 ΧΠ.
760 5275 832 5288 —
859 5244 976 5318 (48)
1007 5243 1087 5298 De
1127 5244 1243 5297 Vita
1269 5235 1582 5299 Christiana.

383 5336 506 5392 Sine
527 5354 664 5391 anno
681 5346 729 5391 et
752 5338 868 5392 loco
890 5337 1222 5408 (Moguntiw,
1252 5337 1390 5407 apud
1418 5335 1559 5389 Petr.
1586 5333 1878 5404 Sciam/fer);

318 5428 468 5484 iri-4'.
500 5428 695 5501 Incipit
721 5430 968 5500 prologus
995 5429 1124 5483 beati
1151 5430 1423 5499 Augustini
1440 5429 1504 5480 de
1527 5429 1629 5481 vita
1650 5426 1880 5494 Xpiana.

322 5516 378 5575 In
410 5521 509 5578 line
535 5538 555 5578 :
581 5521 811 5594 Explicit
854 5521 985 5575 liber
1035 5521 1085 5574 b.
1126 5521 1259 5590 Aug.
1294 5522 1355 5572 de
1394 5537 1443 5572 υ.
1487 5518 1609 5574 Chr.
1652 5517 1765 5572 Hec
1804 5520 1888 5588 fa-

327 5612 491 5667 ciendo
512 5614 727 5684 quisque
754 5614 912 5667 vitam
948 5612 1189 5667 obtinebit
1216 5622 1460 5667 eternam.
1486 5610 1741 5668 Extremo
1765 5610 1887 5669 loco

394 5766 467 5838 (a)
496 5767 554 5825 In
577 5764 693 5824 Cat.
720 5766 854 5822 Bibl.
885 5766 1077 5822 Pinell.

1981 4609 2141 4666 atque
2172 4592 2527 4649 delectalnlis.
2559 4589 2616 4643 ln
2650 4591 2778 4653 line,
2810 4595 2931 4656 post
2962 4582 3100 4637 tituli
3136 4578 3512 4648 repetitionem
3543 4594 3556 4629 :

1982 4690 2211 4762 Lypssck
2232 4706 2320 4757 per
2336 4688 2726 4741 baccalaureum
2742 4681 2941 4734 Martia
2950 4694 3033 4733 um
3056 4666 3459 4743 herbtpolensem
3481 4671 3559 4722 di-

1980 4784 2200 4853 ligenter
2220 4782 2539 4850 impressus:
2566 4791 2702 4829 anno
2724 4792 2753 4827 a
2777 4771 3041 4826 nativitate
3064 4765 3255 4821 Christi
3282 4762 3559 4817 Millesimo

1982 4852 2383 4944 quingentesimo
2412 4877 2593 4938 quarto
2647 4866 2862 4918 decimo.
2910 4859 3286 4928 Subjiciuntur
3332 4852 3558 4921 insignia

1987 4965 2281 5036 typotheta:
2311 4962 2363 5015 in
2408 4961 2525 5029 ipso
2558 4958 2683 5012 line.

2056 5054 2216 5110 15%|.
2247 5056 2547 5125 Augspurg,
2584 5049 2747 5103 durch
2791 5046 3005 5118 Sigism.
3040 5041 3239 5097 Grimm
3266 5039 3374 5092 und
3405 5036 3558 5091 Marx

1986 5148 2269 5220 Wirsung;
2298 5145 2466 5199 ἐτι-4ο.
2498 5163 2517 5194 ι
2542 5141 2873 5211 Augustinus
2895 5152 2997 5192 von
3020 5135 3123 5189 den
3155 5129 3371 5187 zwoell'f
3386 5130 3561 5193 Stapt-

1981 5241 2091 5296 felu
2118 5240 2216 5295 der
2245 5236 2703 5310 Myssbrauchung
2723 5248 2826 5286 von
2849 5232 2968 5285 dem
2995 5242 3165 5283 neuen
3197 5226 3428 5292 Gesaug,
3456 5222 3559 5275 wie

1982 5349 2106 5389 man
2140 5332 2235 5387 das
2258 5330 2428 5385 Reich
2452 5330 2546 5383 der
2567 5326 2746 5397 hymel
2770 5324 3025 5392 erlangen
3052 5334 3193 5389 mag,
3227 5312 3560 5372 verteutscltt

1984 5426 2153 5481 durch
2186 5423 2352 5496 Georg
2393 5422 2741 5489 Spalatinum.
2783 5437 2802 5470 ι

2333 5512 2416 5568 XI
2435 5511 2493 5568 V.
2523 5540 2594 5552 —
2618 5508 2735 5581 (55)
2763 5505 2843 5561 De
2876 5503 3217 5559 Antichristo.

2062 5608 2221 5665 1522.
2252 5606 2497 5665 Parisiis.
2530 5645 2544 5659 .
2574 5645 2589 5659 .
2611 5641 2627 5658 .
2654 5643 2668 5656 .
2687 5602 2743 5659 S.
2788 5597 3074 5671 Augusdni
3112 5596 3471 5665 fragmentum
3494 5604 3560 5647 ex
