3954 6364
497 292 593 348 191

1378 291 1933 347 SUPPLEMENTUM
1973 290 2064 345 AD
2101 289 2331 345 OPERA
2373 292 2430 346 S.
2470 292 2860 349 AUGUSTINI.
3610 305 3690 362 192

490 411 715 458 tractatu
742 403 809 457 de
840 403 1172 457 Antichristo
1199 405 1309 473 (qui
1360 406 1498 458 inter
1543 405 1748 458 Alcuini
1776 414 1829 458 et
1861 403 2064 459 Bahanl
2091 407 2146 464 Α
2169 402 2460 460 Christiana
2491 409 2728 477 feliciter.
2756 406 3022 463 Caeterum
3043 409 3250 464 nescire
3276 425 3360 465 me
3399 412 3578 480 fateor,
3604 436 3692 486 quo

487 509 648 564 opera
680 497 984 564 reperitur).
1028 496 1214 549 Exstat
1239 496 1288 548 iu
1344 494 1572 549 Mirabiti
1619 496 1746 549 libro
1769 537 1783 560 ,
1815 497 1900 563 qui
1930 493 2064 548 Pro-

486 586 710 653 pltetias,
744 596 872 656 etc.,
902 587 1253 642 demonstrat.
1275 587 1562 652 Audi/freti.
1596 589 1647 641 in
1673 587 1786 642 Cat.
1815 584 2058 641 Casanut.

486 674 624 730 Bibl.

730 767 856 822 XV.
884 798 954 809 -——
984 770 1100 841 (75)
1136 770 1208 824 De
1234 772 1453 824 essentia
1495 769 1810 824 Divinitatis.

555 858 712 912 1510.
746 859 937 926 Lipsia:
976 879 1065 932 per
1099 861 1484 932 Wol/fgangum
1530 861 1858 924 Il!onacens.;
1889 862 2056 916 ἰη-ιο.

490 967 508 999 ι
549 947 612 1002 D.
655 951 782 1002 Aur.
825 951 960 1019 Aug.
991 953 1145 1022 llipp.
1175 955 1337 1022 episc.
1374 953 1507 1008 liber
1555 954 1623 1008 de
1651 955 1879 1008 essentia
1927 952 2061 1007 divi-

484 1039 688 1107 nitatis,
735 1057 840 1111 quo
879 1044 1547 1115 Anthropomorphitarum
1596 1057 1648 1098 et
1693 1045 2058 1099 Vadianorum

484 1145 693 1185 errores
715 1147 780 1186 ex
809 1134 957 1188 falsis
985 1139 1339 1204 quorumdam
1371 1138 1814 1207 philosophorum
1846 1137 2056 1205 opinio-

482 1222 644 1279 nibus
683 1238 901 1281 exortus
933 1229 1202 1298 praecipue
1249 1231 1542 1298 reprobat:
1583 1230 1703 1285 luce
1729 1230 1928 1285 clarius
1958 1246 2056 1285 ex-

483 1314 692 1383 plicans
715 1319 1012 1388 corporalia
1043 1330 1096 1375 et
1121 1320 1351 1374 humana
1387 1322 1645 1377 membra.
1679 1339 1785 1377 non
1825 1324 2056 1378 carnali-

485 1414 566 1458 ter
593 1406 687 1459 sed
711 1408 1061 1476 spiritualiter
1087 1412 1138 1465 in
1170 1413 1338 1466 sacris
1369 1412 1582 1468 litteris.
1618 1412 1880 1468 divinitati
1904 1414 2056 1470 attri-

482 1497 594 1553 bui.
643 1502 879 1556 Annexis
906 1504 1224 1572 quibusdam
1256 1506 1720 1562 annotationibus.
1766 1524 1795 1562 a
1835 1510 2054 1566 doctore

481 1589 674 1660 Magno
721 1593 907 1649 Hundt
935 1596 1361 1666 Parthenopolit.
1405 1601 1457 1654 in
1484 1599 1773 1656 Academia
1802 1601 2049 1674 Liptzen.

482 1697 548 1737 ex
580 1695 822 1755 tempore
853 1689 1125 1748 collectis:
1177 1692 1447 1748 Studiosis
1494 1703 1549 1750 et
1595 1695 1950 1766 philosophia:
1999 1707 2053 1753 et

2165 494 2395 565 primum
2427 507 2714 553 tractatum
2761 499 3012 565 referam,
3061 500 3303 569 suspicor
3349 510 3693 569 tamen,eum-

2163 585 2284 641 dem
2301 601 2420 642 esse
2446 603 2565 643 cum
2588 604 2856 656 sermone,
2882 592 2970 661 qui
3000 591 3160 662 vulgo
3179 594 3242 647 de
3279 592 3509 650 Vanitate
3536 603 3693 658 seaculi

2163 676 2492 743 inscribitur,
2518 678 2660 734 inter
2687 681 2843 734 dubia
2873 682 3076 736 relatus
3104 699 3250 737 num.
3282 685 3334 739 9.

2163 766 2282 821 III.
2322 800 2392 810 —
2430 769 2704 840 Expositio
2743 773 2979 843 Symboli
3023 785 3069 828 et
3114 773 3372 831 Orationis
3417 777 3692 839 Dominicis.

2234 863 2359 917 Sine
2381 880 2539 930 anno,
2565 867 2676 920 loco
2703 878 2750 920 et
2774 868 3119 940 typographo,
3152 870 3333 940 in-fol.
3357 871 3413 927 S.
3443 872 3697 944 Augustini

2160 955 2222 1009 1ο
2254 955 2530 1025 Expositio
2561 960 2823 1030 Symboli.
2847 960 2911 1014 2°
2943 961 3200 1030 Ejusdem
3231 965 3490 1033 expositio
3515 967 3698 1025 Oratio-

2161 1047 2244 1102 nis
2279 1048 2590 1104 Dominicae.

2228 1139 2626 1197 Commemorat
2651 1143 2758 1198 duo
2777 1144 2891 1198 haec
2907 1147 3185 1215 opuscula,
3207 1163 3327 1203 cum
3350 1148 3546 1219 aliquot
3570 1152 3700 1208 Tho-

2157 1245 2261 1285 mas
2286 1231 2574 1301 Aquinatis
2602 1244 2655 1289 et
2685 1235 2900 1291 llenrici
2947 1238 3015 1292 de
3055 1237 3272 1305 llassia,
3306 1237 3444 1294 idem
3475 1255 3598 1309 pene
3623 1257 3700 1298 ar-

2155 1331 2469 1391 gumentum
2493 1327 2946 1381 concernentibus
2972 1336 3025 1381 et
3054 1327 3246 1382 iisdem
3272 1330 3410 1399 typis
3437 1333 3698 1401 expressis,

2155 1424 2454 1482 compacta,
2484 1415 2555 1470 cl.
2589 1414 2858 1471 Seemiller
2891 1418 3018 1473 fasc.
3046 1418 3087 1478 Ι.
3122 1435 3174 1489 ιι.
3203 1417 3304 1474 152
3339 1435 3420 1490 sq.
3467 1423 3700 1491 lmpressa

2155 1515 2279 1558 sunt
2298 1504 2614 1562 charactere
2642 1507 2870 1563 Gothico
2900 1511 3142 1564 nonnihil
3174 1511 3364 1579 majori
3385 1521 3440 1566 et
3465 1513 3693 1584 oblonga.

2153 1594 2644 1665 lnterpunctionum
2673 1600 2820 1670 signa
2849 1609 2974 1654 sunt
3015 1611 3290 1668 punctum,
3327 1617 3531 1658 comma
3555 1619 3697 1675 supra

2156 1695 2212 1742 et
2239 1687 2372 1742 infra
2398 1688 2596 1744 lineam
2619 1691 2953 1760 prominens,
2987 1693 3073 1747 cui
3105 1693 3373 1747 interdum
3401 1697 3700 1761 puuctumin

483 1791 755 1833 sacrarum
814 1780 1115 1837 litterarum
1171 1785 1500 1841 amatoribus
1539 1787 1826 1843 admodum
1890 1788 2053 1858 profi-

2162 1777 2384 1835 formam
2413 1782 2550 1852 signi
2597 1783 2942 1838 exclamandi
2988 1784 3183 1853 subjici
3216 1785 3298 1840 vir
3324 1784 3564 1841 laudatus
3601 1787 3701 1842 ani-

483 1871 618 1924 cuis.
668 1890 686 1923 ι
731 1901 800 1912 --
837 1872 1125 1930 Przemissa
1165 1885 1251 1931 est
1287 1876 1510 1932 editoris
1578 1894 1663 1947 ep.
1705 1880 1771 1934 ad
1831 1880 2051 1934 Paulum

482 1961 826 2035 Schillerum,
854 1966 1050 2036 philos.
1079 1979 1132 2023 et
1153 1968 1251 2025 SS.
1284 1970 1385 2025 litt.
1406 1971 1634 2040 profess.
1661 1972 1805 2027 data.
1838 1974 1892 2028 in
1923 1972 2050 2028 Col-

482 2052 586 2122 leg.
617 2055 850 2126 Princip.
904 2058 1043 2114 1508
1067 2060 1273 2115 decima
1304 2064 1529 2129 septima
1571 2063 1844 2118 Octobris.
1877 2064 2052 2119 Verba

483 2147 764 2215 Augustini
804 2158 858 2204 et
885 2151 1278 2207 Anuotationes
1308 2155 1530 2208 alternis
1559 2169 1617 2208 se
1651 2154 1878 2209 invicem
1909 2155 2054 2210 exci-

484 2238 652 2308 piunt.
687 2239 742 2292 lu
770 2240 909 2295 Bibl.
942 2240 1132 2298 Colon.
1167 2245 1412 2300 laudatur
1442 2245 1606 2302 editio
1637 2246 1832 2302 Hundii
1861 2247 2053 2318 Lipsize

483 2327 642 2397 1509,
665 2345 731 2386 ex
763 2332 1051 2388 Becmanni
1077 2334 1194 2390 Cat.
1221 2335 1359 2391 Bibl.
1388 2335 1634 2392 Francof.
1663 2353 1716 2407 p.
1751 2337 1839 2393 55.

742 2489 1034 2534 ARTICULI
1081 2492 1350 2535 SECUNDI
1394 2492 1770 2546 SEQUENTIA.

544 2589 757 2642 Annales
779 2594 1048 2645 editionum
1070 2598 1368 2661 singulorum
1390 2598 1442 2648 S.
1461 2601 1721 2661 Augustini
1741 2600 1974 2651 librorum

716 2698 742 2769 §
781 2699 866 2755 Ill.
911 2700 1239 2770 Scriptorum
1279 2721 1488 2773 prorsus
1527 2706 1822 2761 dubiorum.

868 2789 920 2847 I.
946 2821 1015 2833 -—
1039 2791 1105 2847 In
1136 2794 1441 2850 Matthteum
1469 2796 1665 2853 Comm.

554 2880 678 2936 Sine
723 2900 858 2937 anno
901 2895 947 2937 et
998 2886 1133 2940 loco.
1165 2885 1222 2942 S.
1256 2889 1539 2958 Augustini
1579 2892 1954 2948 commentarii
2003 2894 2055 2949 in

486 2970 810 3027 Matthaeum.
845 2976 947 3029 Per
974 2977 1153 3030 omnia
1179 2977 1402 3033 editioni
1434 2980 1690 3036 librorum
1720 2983 1785 3037 de
1814 2983 2056 3039 doctrina

486 3062 786 3118 Christiana
811 3065 1011 3134 absque
1047 3068 1148 3123 loci
1179 3077 1234 3122 et
1257 3071 1381 3124 anni
1418 3070 1617 3130 indicio
1663 3089 1940 3142 expressa:
1984 3075 2058 3130 si-

2156 1873 2462 1928 madvertit.
2489 1873 2671 1930 Linea:
2701 1876 2917 1947 triginta
2946 1891 3042 1946 per
3066 1877 3313 1948 paginam
3346 1878 3596 1948 integram
3623 1895 3704 1934 nu-

2156 1976 2462 2020 merantur:
2510 1968 2753 2037 numeri,
2790 1969 3115 2039 signaturre,
3157 1969 3442 2036 custodes,
3487 1985 3579 2025 nec
3615 1985 3702 2025 non

2157 2057 2390 2112 initiales
2421 2057 2615 2114 littera:
2644 2059 2856 2115 desunt.

2227 2148 2353 2204 Sine
2372 2166 2528 2216 anno,
2560 2149 2732 2205 locoet
2761 2161 2961 2222 typogr.
2979 2167 2999 2217 ;
3027 2150 3170 2204 ἑτι-4ο
3203 2152 3330 2205 min.
3360 2151 3418 2207 S.
3453 2151 3704 2220 Augustini

2156 2241 2216 2295 1ο
2245 2257 2426 2296 sermo
2476 2257 2638 2311 super
2683 2242 2930 2298 oratione
2978 2242 3282 2307 Dominica,
3339 2242 3403 2295 2°
3453 2242 3704 2312 Expositio

2155 2331 2421 2402 Symboli,
2453 2334 2509 2388 5°
2540 2333 2732 2389 Sermo
2761 2335 2829 2389 de
2857 2334 3118 2390 ebrietate
3148 2333 3409 2388 cavenda.

2227 2424 2352 2478 Tria
2379 2423 2492 2479 htec
2522 2425 2811 2495 opuscula,
2831 2440 3060 2494 quorum
3089 2438 3260 2494 penes
3287 2423 3529 2480 eumdem
3553 2424 3702 2478 virum

2156 2516 2375 2571 doctum
2406 2516 2540 2573 fasc.
2573 2516 2632 2583 l,
2666 2534 2717 2586 p.
2752 2517 2875 2585 165,
2903 2516 3160 2572 memoria
3207 2526 3292 2571 est
3340 2515 3578 2585 prodita,
3614 2528 3704 2569 uno

2156 2609 2426 2664 volumine
2455 2624 2549 2664 vnt
2580 2609 2827 2664 foliorum
2850 2651 2864 2674 ,
2910 2609 3013 2672 ita.
3063 2621 3121 2664 ut
3149 2608 3391 2677 separari
3440 2615 3702 2676 nequeant,

2156 2701 2706 2770 comprehenduntur.
2735 2701 3090 2755 Characteres
3115 2741 3130 2767 ,
3166 2699 3360 2754 eodem
3393 2707 3554 2760 teste.
3598 2705 3700 2750 sunt

2157 2793 2391 2860 Gothici,
2420 2794 2636 2859 minuti,
2667 2794 2763 2849 sed
2790 2793 3076 2847 admodum
3106 2793 3357 2862 pingues,
3385 2806 3490 2846 non
3518 2789 3700 2845 absimi-

2158 2884 2237 2938 les
2268 2883 2333 2938 iis
2363 2899 2496 2954 quos
2525 2885 2793 2954 imprimis
2819 2883 3099 2939 Udalricus
3121 2881 3213 2937 Zel
3240 2883 3546 2952 frequenter
3574 2879 3705 2935 adhi-

2162 2975 2308 3043 buit,
2334 2979 2570 3032 minores
2621 2986 2820 3033 tamen.
2875 2977 3246 3031 Distinctionis
3273 2975 3481 3044 signum
3510 2974 3707 3042 laqueus

2162 3067 2264 3122 hac
2291 3067 2459 3124 forma
2495 3070 2575 3138 ιφ
2598 3066 2635 3131 |.
2674 3068 2952 3133 Numeris,
2989 3068 3316 3138 signaturis,
3342 3064 3638 3121 custodibus
3663 3070 3708 3116 et

486 3155 639 3210 miles
679 3171 799 3211 esse
830 3159 991 3212 tradit
1023 3159 1115 3214 Ge.
1165 3159 1309 3229 Prag
1339 3163 1392 3217 in
1422 3161 1536 3217 Cat.
1563 3162 1702 3219 Bibl.
1732 3139 1871 3220 bad.
1903 3167 1966 3222 Τ,
2000 3167 2056 3234 1,
2083 3139 2129 3202 C
2165 3159 2361 3214 litteris
2391 3161 2689 3216 initialibus
2715 3169 2883 3216 caret.
2908 3159 3107 3230 Pagina
3130 3159 3286 3230 juxta
3309 3160 3476 3215 lineas
3503 3155 3565 3211 Ξῖ
3590 3169 3708 3210 com-

486 3260 538 3314 p.
571 3245 658 3301 89.
685 3246 917 3317 Uterque
945 3249 1078 3305 liber
1109 3253 1269 3307 etiam
1310 3270 1416 3309 uno
1440 3255 1718 3313 volumine
1747 3259 1800 3312 in
1833 3259 1935 3312 ista
1974 3258 2062 3312 Bi-

486 3337 752 3395 bliotheca
776 3343 1333 3412 comprehendebatur
1375 3357 1430 3402 et
1471 3349 1661 3404 Praius
1691 3350 2062 3419 descripturus

487 3440 606 3485 erat
634 3435 958 3505 accuratius,
994 3437 1048 3492 ni
1072 3440 1317 3494 mutilum
1334 3441 1492 3512 hujus
1515 3444 1820 3512 exemplum
1850 3444 2060 3499 fuisset.

487 3524 678 3582 Nescio
706 3542 771 3582 an
800 3527 870 3584 sit
897 3531 1154 3598 particula
1183 3533 1533 3600 Quwstionum
1584 3535 2016 3609 Evangelicarum
2042 3578 2058 3603 ,

487 3632 604 3686 qua:
628 3617 773 3674 inter
796 3622 1024 3690 genuina
1053 3639 1106 3677 η.
1138 3625 1203 3678 41
1232 3639 1600 3682 recensentur.

830 3714 916 3768 II.
955 3745 1025 3756 —
1062 3716 1140 3771 De
1178 3717 1500 3774 Vanitatibus
1527 3723 1724 3776 swculi.

561 3804 683 3859 Sine
725 3824 882 3874 anno,
923 3811 1033 3863 loco
1073 3821 1119 3863 et
1161 3820 1403 3884 typogr.;
1451 3813 1615 3866 ἑτι-40.
1651 3814 1710 3869 S.
1747 3815 2054 3884 Augustini,

489 3896 718 3966 episcopi
744 3898 1127 3968 Hipponensis,
1148 3903 1206 3956 1ο
1232 3904 1299 3958 de
1319 3902 1660 3959 Vanitatibus
1677 3906 1880 3973 saeculi,
1903 3907 1966 3960 2°
1991 3908 2059 3964 de

492 3985 606 4040 Vita
637 3985 960 4044 Christiana.

557 4079 724 4149 llujus
747 4081 997 4138 editionis
1018 4085 1355 4153 memoriam,
1373 4094 1433 4141 ut
1459 4096 1535 4141 tot
1558 4087 1804 4153 aliarum,
1829 4105 1947 4159 qua:
1975 4105 2061 4144 ra-

489 4173 701 4230 rissime
729 4175 858 4230 alias
904 4178 1209 4249 obtingunt,
1244 4180 1477 4234 servavit
1501 4181 1568 4234 cl.
1603 4181 1889 4236 Seemiller
1927 4182 2056 4237 fasc.

490 4263 552 4329 ll,
585 4279 636 4333 p.
670 4265 792 4320 150.
827 4267 1076 4336 Separari
1103 4270 1209 4324 duo
1237 4270 1351 4325 haec
1381 4271 1639 4340 opuscula
1673 4287 1776 4327 non
1811 4282 2056 4341 possunt,

492 4367 648 4427 atque
678 4375 781 4412 una
814 4373 1061 4417 constant
1093 4363 1234 4419 foliis
1283 4380 1435 4431 χχιιι,
1471 4365 1627 4418 lineis
1676 4366 1748 4422 25
1777 4382 1871 4434 per
1915 4366 2059 4434 pagi-

491 4462 634 4515 nam,
682 4449 994 4507 charactere
1041 4452 1269 4508 Gothico
1309 4455 1465 4522 paulo
1497 4455 1709 4523 majori,
1738 4455 1972 4526 oblongo
2003 4465 2057 4511 et

495 4542 764 4598 luculento
783 4586 797 4610 ,
840 4547 1052 4609 eodem,
1077 4561 1182 4616 quo
1207 4546 1485 4604 Conradus
1509 4548 1675 4604 Finer
1699 4549 2058 4621 Essliugensis

491 4648 620 4689 usus
645 4645 728 4689 est
757 4635 857 4706 (a),
888 4637 1184 4708 impressis.
1216 4639 1422 4694 Absunt
1449 4642 1721 4708 custodes,
1752 4643 2062 4714 signaturte,

491 4725 700 4802 numeri
729 4737 783 4782 et
830 4729 1208 4799 inscriptiones
1262 4733 1593 4801 paginarum.
1643 4738 1890 4790 Attamen
1944 4737 2064 4792 dua:

493 4819 722 4874 initiales
774 4821 966 4875 littera:
1009 4821 1198 4876 horum
1232 4825 1612 4893 opusculorum
1661 4824 1851 4879 formis
1879 4827 2066 4895 ligneis

493 4911 764 4980 impressa:
819 4925 961 4968 sunt.
1011 4915 1253 4969 initium:
1288 4914 1478 4984 Incipit
1529 4918 1653 4970 liber
1683 4918 1958 4988 Augustini
2004 4920 2067 4972 de

497 5000 825 5057 Vanitatibus
878 5006 1058 5059 seculi:
1115 5007 1225 5060 Sub
1272 5006 1432 5062 ﬁnem
1494 5007 1602 5063 folii
1648 5010 1816 5078 quinti
1870 5012 2060 5079 pagina

492 5109 681 5150 aversa
722 5096 928 5151 duabus
959 5096 1117 5151 lineis
1143 5115 1157 5151 :
1194 5099 1419 5166 Explicit
1448 5101 1574 5153 liber
1605 5104 1769 5155 sancti
1798 5102 2071 5174 Augustini

493 5186 556 5239 de
587 5185 912 5240 Vanitatibus
960 5191 1114 5242 seculi
1161 5191 1395 5258 feliciter.
1443 5192 1575 5245 Tum
1625 5194 1676 5246 in
1726 5194 1901 5248 fronte
1951 5194 2067 5249 folii

492 5279 627 5330 sexti
656 5294 670 5331 :
701 5276 957 5349 Protagus
986 5281 1100 5334 libri
1142 5281 1273 5335 beati
1302 5281 1578 5352 Augustini
1603 5285 1666 5337 de
1710 5284 1828 5338 Vita
1859 5284 2069 5355 Xpiana

492 5369 672 5437 incipit
695 5370 953 5438 feliciter;
981 5381 1139 5441 atque
1168 5373 1218 5426 in
1242 5383 1483 5429 extrema
1513 5375 1724 5429 tandem
1753 5378 1940 5445 pagina
1975 5377 2070 5431 tri-

492 5459 591 5514 bus
641 5459 831 5516 lineis:
882 5461 1112 5531 Explicit
1160 5464 1288 5518 liber
1315 5467 1482 5522 sancti
1534 5468 1808 5537 Augustini
1835 5467 1899 5521 de
1952 5467 2070 5523 Vita

564 5665 638 5735 (a)
681 5662 843 5731 Cujus
870 5663 1039 5731 gratia
1072 5662 1299 5735 lectores
1339 5662 1550 5728 ablegat
1573 5663 1635 5716 ad
1669 5659 1895 5735 Gerltohi
1919 5660 2058 5735 Stei-

493 5733 762 5808 qcnberger
795 5733 1224 5790 titerarisch-krit.
1259 5734 1387 5787 ΑΜι.
1427 5738 1506 5786 tib.
1541 5735 1622 5788 die
1649 5750 1752 5786 :wo
1776 5733 2065 5790 alleraelte-

2163 3252 2438 3324 plectitur.

2472 3341 2576 3398 IV.
2615 3374 2686 3385 —
2727 3342 2800 3396 De
2850 3344 3033 3396 virtute
3071 3341 3422 3396 Psalmorum.

2233 3435 2360 3491 Sine
2387 3451 2546 3501 anno,
2577 3437 2687 3490 loco
2717 3445 2762 3489 et
2786 3447 3019 3506 fypogr.,'
3042 3435 3198 3489 ξιτ-ιο.
3229 3435 3289 3490 In
3311 3435 3511 3489 fronte:
3537 3429 3712 3499 Incipit

2161 3529 2481 3599 Augustinus
2512 3527 2590 3582 De
2616 3530 2799 3582 virtute
2848 3527 3182 3599 psalmorum.
3237 3526 3295 3581 In
3341 3525 3477 3580 fine:
3509 3521 3712 3593 Explicit

2161 3623 2478 3691 Augustinus
2500 3622 2562 3676 de
2600 3622 2785 3675 virtute
2835 3622 3173 3692 psalmorum.
3201 3619 3286 3674 Cl.
3317 3617 3572 3674 Seemiller
3597 3613 3710 3667 fasc.

2161 3714 2228 3779 ll,
2263 3730 2313 3781 p.
2348 3713 2468 3768 165.
2501 3713 2828 3782 lmpressum
2857 3712 3246 3780 estvolumen,
3283 3711 3385 3766 hoc
3435 3718 3592 3771 teste,
3617 3704 3712 3760 Go-

2161 3807 2307 3860 thico
2332 3805 2650 3860 charactere
2675 3804 2969 3874 singularis
2997 3805 3182 3859 forma:
3206 3815 3263 3859 et
3290 3805 3448 3872 justa:
3477 3798 3713 3869 magnitu-

2159 3895 2306 3950 dinis
2334 3896 2388 3950 in
2420 3895 2607 3950 charta
2649 3896 2765 3950 alba
2799 3910 2862 3950 ac
2903 3895 3071 3951 nitida
3092 3937 3107 3964 ,
3135 3897 3341 3964 absque
3386 3890 3708 3950 custodibus,

2161 3989 2437 4057 numeris,
2470 3997 2575 4044 etc.
2627 3989 2729 4044 nisi
2756 3989 2895 4060 quod
2926 3988 3110 4060 priora
3140 3989 3378 4061 quinque
3428 3987 3552 4042 folia
3581 3995 3714 4055 typo-

2160 4081 2398 4152 graphus
2427 4082 2679 4151 signavit.

2233 4172 2360 4229 Sine
2387 4189 2543 4226 anno.
2578 4172 2819 4236 Parisiis,
2851 4188 2943 4244 per
2971 4171 3189 4242 Dionys.
3219 4171 3392 4236 Roce;
3439 4165 3591 4222 ενι-8⁸.
3620 4163 3715 4217 Au-

2162 4268 2408 4338 gustinus
2429 4266 2498 4320 de
2523 4265 2728 4320 Virtute
2748 4265 3104 4320 Psalmorum.
3150 4261 3536 4332 Typographus
3563 4272 3623 4312 ex
3648 4252 3712 4308 si-

2160 4372 2266 4427 gno
2288 4357 2442 4411 titulo
2473 4359 2740 4426 impresso
2769 4354 3029 4410 noscitur.
3059 4353 3180 4408 Vid.
3215 4369 3284 4406 ex
3313 4352 3497 4407 eadem
3520 4347 3712 4404 ofﬁcina

2163 4452 2354 4506 librum
2389 4452 2451 4504 dc
2487 4451 2602 4505 Vita
2629 4450 2940 4504 Christiana.
2974 4448 3032 4503 In
3064 4447 3177 4502 Cat.
3209 4445 3348 4500 Bibl.
3373 4444 3527 4500 Bodl.
3576 4438 3715 4506 hujus

2165 4544 2288 4599 libri
2316 4544 2480 4600 editio
2503 4545 2779 4614 quaternis
2802 4545 2909 4596 sine
2933 4541 2973 4595 l.
3003 4551 3052 4596 et
3075 4559 3129 4596 a.
3159 4540 3350 4594 indicio
3373 4539 3506 4593 facta
3533 4545 3715 4590 memo-

2168 4649 2336 4693 ratur.

2769 4725 2995 4782 CAPUT
3035 4725 3124 4780 IV.

2238 4823 2582 4893 Deﬂoratores
2611 4831 2656 4875 et
2687 4819 3128 4900 Comrttentatores
3161 4816 3406 4888 prteciptti
3446 4813 3655 4883 Operam

2761 4890 2822 4945 S.
2855 4890 3148 4961 Augustini.

2238 5007 2519 5062 Casimirus
2547 5004 2784 5058 ()udinus
2804 5003 2857 5056 in
2880 4998 3278 5056 Commentario
3303 5001 3364 5052 de
3392 4990 3713 5086 Scriptoribus

2171 5096 2546 5150 Ecclesiasticis
2574 5097 2742 5149 Tomo
2767 5093 2810 5162 Ι,
2839 5109 2954 5163 pag.
2990 5092 3113 5158 990,
3139 5090 3383 5145 absoluta
3409 5087 3514 5155 jam
3541 5081 3713 5137 notitia

2171 5194 2238 5245 de
2267 5192 2397 5259 vita,
2421 5190 2639 5259 scriptis
2665 5196 2720 5242 et
2745 5186 3072 5241 editiouibus
3099 5184 3156 5239 S.
3193 5179 3501 5251 Augustini,
3550 5176 3714 5238 singu-

2169 5256 2291 5338 lare.
2335 5290 2495 5352 caput
2533 5256 2609 5334 vde
2666 5277 3071 5350 Deﬂoratoribus
3119 5275 3196 5328 vel
3249 5261 3714 5360 Commentatoribtts

2172 5376 2241 5430 Ι).
2273 5377 2567 5445 Augustini,
2593 5385 2696 5428 tant
2726 5374 2968 5443 antiquis,
2991 5386 3146 5440 quam
3168 5364 3447 5420 recentibus
3467 5356 3713 5458 pracipu“

2172 5465 2484 5538 perscripsit
2513 5475 2569 5521 et
2589 5465 2810 5534 reliquis
2844 5473 3115 5532 tamquam
3130 5461 3400 5528 septimum
3428 5462 3474 5509 et
3496 5448 3712 5504 ultimum

2170 5667 2245 5735 ste
2271 5658 2416 5735 θεάν..
2446 5657 2686 5735 deutsche
2712 5655 2923 5735 Bibcln2
2962 5663 3096 5720 etc.,
3127 5651 3379 5735 quiTab.
3403 5648 3469 5706 Ill
3490 5686 3506 5714 ,
3538 5661 3588 5700 η.
3619 5642 3649 5696 5
3669 5646 3712 5692 ct

2169 5729 2226 5801 4,
2252 5724 2500 5787 eumdem
2537 5742 2644 5783 aere
2673 5724 3016 5782 incidendum
3051 5724 3281 5781 curavit.
