3954 6364
231 385 325 439 193

1128 371 1408 431 ΝΟΤΙΤΙΛ
1445 371 1870 430 LITTERARIA
1910 369 1974 426 IN
2015 369 2073 426 8.
2118 369 2593 428 AUGUSTINUM.

3390 371 3494 429 ιρι

228 504 429 578 adjecit.
465 501 637 571 Quem
662 498 838 556 secuti
877 498 1124 552 Auctores
1158 493 1232 550 Μ.
1261 493 1594 548 Bibliotheca:
1621 492 1803 546 Eccle-
1830 495 1886 555 Α
1910 491 2211 563 Apostolum
2237 507 2300 544 ea:
2328 489 2582 560 Operibus
2626 490 2902 563 Augustini
2945 490 3257 562 decerptum,
3302 493 3496 561 grandi

229 599 433 655 siestirre
460 594 820 662 Coloniensis,
853 599 1025 646 totum
1051 604 1190 659 pene
1221 597 1432 642 servata
1473 586 1632 642 etiam
1683 585 1801 654 epi-

229 691 416 762 graplie
447 689 500 742 in
523 683 946 742 commentarios
968 697 1116 748 suos,
1137 695 1271 735 voce
1293 679 1632 736 AUGUSTINUS
1655 693 1801 732 num.

231 784 309 850 Vl,
341 796 457 851 pag.
493 778 617 845 767,
643 776 974 842 retulerunt,
1009 774 1082 828 ita
1115 782 1327 839 tamen,
1361 780 1419 826 ut
1443 771 1669 827 resectis
1698 769 1762 824 iis
1784 812 1799 837 ,

231 875 289 932 de
313 873 501 943 quibus
526 871 634 924 alio
654 870 773 923 loco
789 866 1131 922 commodius
1155 865 1320 920 verba
1343 864 1617 930 fecissem,
1641 877 1804 918 auxe-

231 970 326 1024 rint
370 965 530 1020 etiam
578 978 684 1018 non
740 959 1068 1031 prenitendis
1097 956 1489 1012 additionibus.
1527 955 1803 1026 Optimum

230 1062 514 1119 institutum
537 1074 566 1112 a
602 1057 758 1111 nobis
787 1071 895 1110 non
914 1054 1033 1110 sine
1061 1053 1328 1108 lectorum
1358 1049 1686 1106 detrimento
1711 1048 1806 1104 de-

227 1154 322 1211 seri
347 1167 504 1221 posse
535 1150 844 1204 videbatur.
891 1147 999 1203 Sed
1048 1144 1417 1200 intelleximus
1457 1143 1650 1207 etiam,
1684 1156 1804 1212 quae.

228 1250 286 1301 ab
314 1245 415 1301 illis
447 1243 745 1298 novissime
770 1249 1025 1311 congesta
1075 1249 1268 1305 erant,
1302 1236 1488 1307 paucis
1516 1245 1725 1291 tantum
1751 1235 1804 1291 in

230 1338 346 1393 locis
366 1335 805 1390 emendationem
833 1333 1071 1403 aliquam
1109 1329 1426 1385 desiderare
1460 1338 1514 1383 et
1551 1330 1803 1398 pauciora

232 1435 414 1493 inesse,
442 1444 567 1499 quae
598 1438 798 1482 nostrae
831 1424 1142 1480 tractationi
1169 1431 1292 1494 apta
1320 1437 1427 1477 non
1461 1429 1668 1478 essent.
1693 1420 1805 1477 Nec

241 1523 539 1597 sperandum
570 1521 695 1590 fuit,
726 1530 784 1575 ut
807 1521 907 1589 ipsi
935 1519 1196 1588 ampliora
1221 1515 1622 1587 quodammodo
1648 1515 1803 1570 dare-

246 1633 367 1682 mus,
395 1616 700 1687 quinimmo,
736 1628 859 1684 qua:
899 1612 954 1667 in
979 1612 1226 1682 proprias
1247 1609 1536 1665 schedulas
1565 1608 1805 1679 digesse-

244 1727 405 1772 raaius
427 1710 493 1764 ad
535 1709 706 1764 hocce
735 1715 1112 1777 argumentum
1164 1703 1488 1774 spectantia,
1529 1702 1596 1756 ad
1637 1718 1802 1757 unum

238 1804 393 1859 omnia
417 1802 486 1856 ab
509 1801 614 1857 illis
635 1807 896 1869 occupata
920 1812 1041 1852 esse
1063 1796 1437 1867 cognovimus.
1461 1795 1803 1864 Quapropter

1907 585 2041 640 satis
2060 585 2329 639 volumine
2358 584 2596 639 nondum
2627 585 2976 653 impressum,
2998 600 3164 656 penes
3195 599 3254 639 se
3279 585 3499 639 halmis-

1906 695 1968 735 se
2008 686 2233 734 testatur
2282 677 2488 748 Lupus,
2522 677 2888 734 Ferrariensis
2941 678 3129 743 abbas,
3162 678 3388 746 epistola
3420 679 3488 732 76

1909 774 1975 829 ad
2021 774 2392 842 Hincmarum,
2440 790 2490 844 p.
2530 775 2655 830 118.
2697 775 2888 828 Exstat
2944 784 3120 828 autem
3174 774 3228 828 in
3275 773 3493 827 duobus

1908 881 2044 923 mss.
2089 867 2494 937 exemplaribus
2540 867 2679 936 apud
2710 867 2976 922 Joannem
3008 866 3400 933 Mabillonium,
3430 881 3497 921 ex

1907 959 2240 1016 bibliotheca
2273 960 2330 1016 S.
2364 960 2621 1016 Germani
2653 959 2950 1023 Pratensis,
2982 968 3039 1013 ut
3062 959 3202 1014 idem
3236 967 3494 1014 testatur.

1909 1053 2045 1110 Vide
2069 1069 2190 1126 quae
2223 1053 2387 1108 habet
2411 1053 2723 1124 Stephanus
2751 1052 3001 1107 Balnzius
3035 1052 3089 1106 in
3118 1050 3273 1107 Notis
3300 1048 3368 1104 ad
3391 1050 3498 1104 Lu-

1907 1163 2034 1220 pum
2069 1147 2477 1204 Ferrariensem
2509 1164 2563 1218 p.
2594 1146 2721 1202 405.
2760 1145 2900 1200 Oud.

1979 1241 2233 1312 Magister
2263 1240 2479 1308 Florus,
2514 1241 2892 1311 Lugdunensis
2925 1240 3179 1296 Ecclesiae
3200 1240 3492 1308 diaconus,

1913 1337 2064 1392 circa
2085 1351 2139 1390 a.
2173 1335 2281 1392 850
2322 1336 2573 1407 inclytus,
2605 1335 2824 1404 scripsit
2846 1334 3280 1388 Commentarium
3307 1335 3360 1388 in
3390 1350 3500 1388 om-

1907 1443 1998 1482 nes
2027 1427 2088 1482 8.
2121 1426 2284 1482 Pauli
2311 1425 2577 1495 Epistolas
2607 1443 2669 1480 ea:
2691 1426 2752 1482 S.
2787 1426 3067 1498 Augustini
3110 1425 3334 1494 Scriptis
3371 1441 3499 1479 con-

1906 1529 2125 1587 textum,
2151 1519 2240 1590 qui
2272 1519 2502 1575 habetur
2534 1531 2678 1573 tomo
2710 1518 2774 1573 Vl
2802 1521 3038 1587 Operum
3070 1519 3256 1582 Bedte,
3282 1519 3333 1574 ei
3366 1518 3500 1575 falso

1907 1617 2197 1686 ascriptus.
2227 1615 2362 1670 Nam
2395 1613 2547 1668 Flori
2581 1614 2738 1668 istius
2775 1630 2898 1670 esse
2945 1630 3011 1670 ex
3066 1614 3317 1684 pluribus
3363 1627 3492 1667 mss.

1906 1710 2188 1766 codicibus
2213 1710 2400 1764 docuit
2420 1709 2658 1764 Joannes
2680 1708 2956 1776 Mabillon,
2984 1707 3374 1777 Disqnisitione
3400 1705 3500 1762 hac

1906 1806 1974 1862 de
2004 1821 2064 1860 re
2091 1805 2396 1875 composita
2444 1804 2812 1858 Analectorunt
2843 1803 2906 1856 T.
2951 1802 2995 1868 Ι,
3026 1817 3078 1871 p.
3106 1800 3175 1855 12
3217 1816 3361 1870 sqq.,
3394 1815 3500 1870 qua

230 1899 524 1953 nullatenus
555 1894 942 1958 dubitavimus,
965 1889 1225 1962 quidquid
1255 1890 1307 1943 in
1341 1896 1451 1942 tota
1482 1889 1581 1942 hac
1609 1887 1804 1943 Oudini
1835 1889 1884 1950 B
1911 1897 2072 1952 etiam
2121 1897 2385 1963 ostendit,
2419 1897 2712 1965 genuinum
2746 1894 2904 1949 Beda;
2935 1893 3397 1949 Commentarium
3428 1892 3498 1946 ab

222 1989 684 2046 ctColoniensium
711 1985 1098 2041 dissertatione
1124 1982 1278 2038 nobis
1301 1979 1646 2051 probaretur,
1671 1980 1805 2050 ipsis

219 2098 397 2138 eorum
430 2081 617 2137 verbis
665 2079 772 2134 huc
795 2077 1122 2144 transferre,
1151 2072 1448 2130 dummodo
1487 2089 1594 2130 non
1626 2073 1804 2130 alieno

217 2178 404 2231 merito
433 2173 730 2244 quidquam
755 2168 1094 2225 subtraxisse
1125 2166 1464 2221 videremur.

278 2271 495 2324 Primus
522 2266 623 2321 fuit
646 2264 707 2321 8.
726 2263 957 2336 Prosper
984 2263 1294 2334 Aquitanus,
1315 2260 1405 2331 qui
1430 2258 1573 2315 circa
1602 2274 1803 2314 annum

218 2359 318 2416 450
345 2360 547 2414 librum
567 2356 961 2412 Sententiarum
983 2370 1048 2408 ex
1065 2353 1129 2408 8.
1145 2353 1435 2424 Augustino
1454 2351 1806 2406 delibutarum

213 2452 468 2520 confecit,
517 2449 701 2506 studio
753 2447 844 2502 Jo.
897 2464 930 2501 a
979 2446 1185 2500 Fuchte
1232 2445 1525 2516 aliquoties
1572 2446 1802 2500 seorsim

217 2546 444 2610 editum,
470 2543 537 2598 de
565 2559 673 2614 quo
702 2555 804 2596 nos
830 2556 928 2595 suo
957 2541 1096 2595 loco.
1126 2537 1508 2606 Colonienses,
1546 2539 1707 2594 titulo
1733 2538 1803 2593 li-

212 2639 290 2693 bri
324 2652 435 2692 non
483 2636 617 2690 satis
647 2635 865 2705 integro
909 2631 1136 2699 inducti,
1169 2633 1489 2687 memoriam
1520 2631 1639 2702 ejus
1670 2640 1803 2686 tam-

207 2747 365 2802 quam
399 2728 570 2799 ipsius
602 2726 834 2783 editoris
862 2725 1057 2796 opellae
1083 2732 1208 2794 post
1234 2723 1447 2779 Lumnii
1473 2723 1804 2778 Thesaurum

209 2825 572 2879 inseruerant.
601 2819 886 2875 Proximus
909 2825 1070 2872 aetate
1093 2817 1212 2882 fuit,
1245 2817 1330 2872 cui
1360 2818 1597 2887 primum
1623 2817 1802 2871 locum

209 2917 259 2972 in
291 2918 392 2970 hac
422 2915 568 2971 serie
602 2911 829 2969 dederat
856 2910 1124 2966 Oudinus.

277 3008 588 3079 Eugyppius
625 3005 794 3061 abbas
821 3012 878 3058 et
915 3002 1206 3074 presbyter
1233 3001 1533 3058 Africanus
1562 3015 1690 3056 saec.
1725 3016 1800 3069 vt,

215 3104 298 3172 qui
327 3100 632 3163 sententias,
661 3098 991 3168 quazstiones,
1024 3103 1156 3161 etc.,
1183 3110 1246 3149 ex
1281 3093 1344 3149 S.
1370 3093 1806 3165 Augustiniscri-

220 3196 319 3265 ptis
346 3192 634 3250 deﬂoravit
661 3199 715 3245 et
744 3192 798 3246 in
826 3203 993 3244 unum
1032 3202 1254 3258 corpus,
1288 3187 1374 3242 cui
1403 3185 1654 3241 Thesauri
1699 3201 1799 3241 no-

225 3305 335 3344 men
363 3289 509 3353 fecit,
544 3284 790 3356 collegit.
818 3283 917 3338 Hie
954 3298 1076 3338 cum
1099 3282 1166 3337 ad
1191 3290 1440 3336 nostrum
1482 3280 1646 3336 etiam
1670 3294 1798 3336 cen-
1827 3251 1873 3314 (ἶ

230 3398 334 3436 sum
365 3382 662 3452 pertineat,
693 3377 849 3448 plura
889 3377 958 3433 de
989 3392 1056 3433 eo
1103 3377 1157 3432 in
1205 3375 1453 3447 sequenti
1485 3385 1630 3431 tomo
1657 3375 1802 3431 dicta

235 3473 476 3528 invenies.

288 3569 424 3623 Inter
449 3582 576 3622 mss.
615 3565 838 3622 codices
861 3564 993 3620 bibl.
1030 3564 1250 3620 Venetae
1279 3563 1576 3619 cardinalis
1609 3562 1803 3618 Bessa-

225 3662 397 3723 rionis,
421 3669 594 3716 exstat
626 3659 770 3714 Petri
799 3658 1010 3714 abbatis
1031 3658 1358 3729 Tripolitani
1381 3658 1600 3713 nomine
1623 3657 1804 3726 Expo-

222 3756 334 3808 sitio
370 3756 420 3808 in
465 3753 734 3823 Epistolas
761 3752 829 3806 Β.
857 3751 1017 3807 Pauli
1048 3769 1111 3806 ea:
1143 3752 1252 3806 divi
1278 3752 1557 3824 Augustini
1590 3751 1806 3808 Sermo-

224 3847 392 3911 nibus,
419 3846 468 3900 in
520 3846 858 3909 membrana,
893 3845 961 3899 de
1009 3860 1112 3916 qua
1155 3846 1399 3916 loquitur
1431 3845 1695 3902 Baronius
1735 3847 1801 3901 ad

225 3954 415 3994 annum
449 3940 714 4010 562,post
742 3939 1134 3994 Cassiodorum
1164 3937 1476 3993 Divinarum
1506 3938 1804 3995 Institutio-

221 4051 344 4087 num
363 4050 478 4103 cap.
501 4036 554 4089 8.
584 4035 690 4090 Sed
720 4049 788 4088 an
821 4032 1121 4103 legitimum
1149 4046 1284 4103 opus
1309 4034 1454 4088 Petri
1476 4033 1804 4102 Tripolitani

217 4125 421 4180 abbatis
451 4127 541 4193 sit,
570 4135 728 4180 caute
758 4124 1162 4180 discutiendum
1193 4136 1278 4180 est
1313 4144 1326 4179 :
1359 4125 1486 4180 licet
1515 4124 1620 4181 hoc
1661 4127 1802 4180 scri-

219 4215 311 4271 bat
350 4219 578 4274 Jacobus
618 4218 897 4287 Philippus
928 4217 1300 4273 Thomasinus
1331 4218 1384 4272 in
1423 4217 1685 4288 Catalogo
1718 4217 1803 4273 bi-

215 4309 605 4367 bliothecarum
627 4311 962 4367 Venetarum
995 4309 1336 4381 publicarum
1363 4318 1419 4366 et
1445 4311 1801 4380 privatarum,

217 4418 376 4470 quem
415 4418 556 4458 anno
604 4403 766 4468 1650,
796 4401 963 4468 Utini,
991 4401 1139 4458 in-d0
1174 4402 1595 4473 imprimendum
1642 4419 1804 4458 cura-

215 4494 313 4546 vit.
351 4494 484 4548 Oud.

288 4591 623 4651 Venerabilis
666 4588 830 4656 Beda,
877 4591 1095 4645 natione
1162 4587 1402 4659 Anglus,
1458 4587 1800 4658 professione

205 4690 504 4744 monachus
535 4695 589 4741 et
616 4684 923 4755 presbyter,
949 4684 1038 4753 qui
1067 4693 1209 4737 anno
1237 4679 1342 4736 710
1371 4688 1427 4736 et
1448 4681 1798 4751 sequentibus

202 4781 410 4838 ﬂoruit.
447 4782 678 4836 Exstant
710 4780 849 4834 inter
879 4778 1052 4847 Opera
1090 4775 1227 4830 Ven.
1261 4774 1420 4830 Beda:
1466 4774 1797 4828 Commenta-

199 4875 287 4926 ria
321 4876 369 4928 in
398 4892 569 4929 omnes
603 4872 869 4941 Epistolas
914 4869 978 4925 S.
1007 4868 1185 4935 Pauli,
1209 4884 1273 4922 ea:
1318 4868 1602 4938 Augustini
1629 4869 1800 4936 operi-

201 4966 303 5022 bus
336 4978 388 5021 ut
415 4968 697 5040 plurimum
727 4973 992 5035 excerpta,
1016 4962 1083 5017 de
1105 4977 1213 5032 quo
1239 4975 1404 5031 opere
1436 4961 1708 5014 Baronius
1740 4962 1793 5014 in

200 5061 507 5116 Annalibus
537 5059 603 5115 ad
632 5076 686 5113 a.
730 5057 836 5114 562
880 5057 1029 5111 litem
1081 5055 1242 5109 Bedae.
1288 5048 1492 5123 movet,
1525 5068 1589 5108 ac
1628 5053 1796 5107 Petro

197 5151 388 5207 abbati
434 5153 789 5224 Tripolitano,
816 5150 883 5205 de
928 5163 1037 5218 quo
1079 5146 1440 5203 Cassiodorus
1486 5148 1797 5200 Divinarum

198 5240 600 5301 Institutionum
640 5260 760 5314 cap.
797 5244 852 5309 8,
906 5241 1287 5297 ascribendum
1334 5250 1540 5296 censet.
1597 5240 1796 5296 Verum

199 5334 450 5394 Joannes
481 5336 824 5392 Mahillonius
855 5335 1006 5390 litem
1052 5334 1374 5388 intentatam
1426 5332 1687 5403 praeclare
1713 5333 1796 5389 di-

196 5426 332 5492 luit,
364 5431 452 5501 qui
483 5429 542 5484 Τ.
583 5429 603 5483 l
645 5427 1038 5493 Analectorum,
1082 5427 1480 5482 Dissertatione
1529 5427 1794 5497 singulari

200 5537 254 5588 p.
294 5523 382 5588 12,
428 5538 526 5578 nec
557 5522 739 5586 Redin,
782 5536 881 5576 nec
928 5520 1111 5586 Petro,
1152 5519 1247 5574 sed
1304 5517 1354 5570 F
1358 5518 1468 5572 loro
1509 5518 1792 5589 magistro,

200 5612 578 5685 Lugdunensis
620 5615 878 5669 Ecclesiae
920 5613 1172 5681 diacono,
1212 5612 1404 5668 deberi
1436 5612 1791 5672 demonstrat.

202 5705 403 5762 Verum
432 5708 652 5765 interim
707 5708 1145 5763 Commentarium
1175 5707 1333 5763 Beda:
1357 5709 1506 5777 (nam
1553 5708 1611 5763 8.
1643 5708 1796 5764 Pauli

205 5798 477 5870 Epistolas
526 5802 596 5856 ab
648 5817 714 5856 eo
769 5801 1051 5873 explicitas
1096 5816 1240 5868 esse,
1284 5801 1399 5872 ipse
1445 5800 1500 5855 in
1552 5799 1794 5856 Indicula

209 5891 437 5958 Operam
463 5909 682 5951 suorum
712 5893 872 5950 tidem
897 5893 1047 5962 facit)
1071 5893 1296 5965 ejusque
1321 5891 1710 5949 Collectaneum
1741 5894 1793 5949 in

1907 1992 2156 2062 evulgato
2201 2005 2322 2046 esse
2369 2004 2506 2059 opus
2551 1988 2852 2052 diversum,
2885 1987 3050 2056 idque
3084 1984 3324 2040 nondum
3358 1985 3501 2057 typis

1907 2085 2113 2141 editum
2145 2098 2312 2155 penes
2345 2098 2404 2137 se
2433 2081 2655 2149 habere,
2688 2079 2980 2151 aliquando
3021 2078 3072 2133 in
3107 2078 3287 2133 lucem
3317 2076 3500 2148 profe~

1907 2177 2158 2234 rendum.
2208 2176 2352 2232 Alibi
2381 2184 2560 2230 tamen
2602 2174 2862 2229 observat
2904 2174 2957 2228 in
2995 2175 3028 2228 5
3063 2186 3195 2226 mss.
3227 2171 3499 2226 codicibus

1906 2270 2136 2326 abbatim
2166 2269 2224 2324 8.
2264 2269 2403 2324 Galli
2435 2269 2488 2323 in
2535 2267 2804 2332 Helvetia,
2835 2265 2928 2336 qui
2983 2280 3249 2320 annorum
3296 2263 3400 2319 800
3434 2272 3491 2319 et

1907 2362 2012 2418 700
2035 2371 2185 2428 sunt,
2219 2361 2356 2416 hanc
2385 2361 2557 2431 ipsam
2583 2359 2744 2415 Bedze
2767 2358 3164 2429 expositionem
3198 2357 3298 2412 sub
3327 2355 3500 2410 nomi-

1907 2474 1976 2514 ne
1999 2458 2150 2512 Flori
2180 2458 2462 2528 presbyteri
2491 2455 2781 2524 contineri,
2815 2455 2881 2510 de
2910 2470 3012 2525 qua
3042 2453 3170 2509 vide
3192 2469 3313 2524 quae
3339 2466 3500 2507 annos

1907 2552 2045 2606 tavit
2068 2553 2281 2607 erudite
2311 2551 2373 2604 T.
2403 2550 2468 2604 IV
2505 2551 2874 2604 Analectorum
2895 2565 2950 2618 p.
2984 2547 3107 2602 650.
3147 2545 3498 2602 Abbreviavit

1905 2646 2181 2718 prolixum
2208 2642 2362 2698 Flori
2383 2641 2825 2697 Commentarium
2845 2643 2900 2696 in
2920 2641 3184 2711 Epistolas
3211 2639 3500 2694 Paulicir-

1905 2753 1968 2792 ea
2015 2753 2068 2790 a.
2127 2736 2265 2791 H80
2309 2733 2565 2789 Robertus
2613 2736 2676 2788 de
2720 2733 3022 2799 Torinneio,
3055 2732 3108 2787 in
3139 2730 3496 2795 Normannia,

1905 2830 2076 2884 abbas
2109 2829 2166 2886 S.
2197 2828 2472 2884 Michaelis
2498 2828 2566 2884 de
2593 2828 2798 2895 Monte,
2828 2827 3085 2883 dioecesis
3112 2825 3496 2890 Abrincensis,

1905 2939 2064 2994 quem
2090 2922 2386 2977 arbitratus
2424 2930 2508 2977 est
2546 2931 2821 2991 spectasse
2852 2920 2921 2976 ad
2951 2919 3171 2976 Petrum
3205 2919 3498 2988 Tripolita-

1905 3032 2056 3083 num,
2085 3030 2357 3086 quamque
2399 3015 2725 3070 sententiam
2780 3014 2848 3069 ad
2894 3029 3094 3069 annum
3146 3010 3350 3068 Christi
3391 3011 3498 3067 562

1905 3111 2169 3168 Baronius
2193 3109 2482 3180 amplexus
2507 3117 2611 3176 est,
2641 3108 2797 3178 cujus
2826 3107 3152 3162 Abbreviatio
3180 3121 3285 3160 ms.
3318 3111 3498 3160 exstat

1905 3206 2044 3260 inter
2066 3220 2196 3260 mss.
2222 3203 2437 3260 codices
2453 3203 2802 3260 bibliothecm
2824 3201 2883 3258 8.
2904 3200 3186 3256 Michaelis
3209 3199 3276 3255 de
3291 3198 3492 3254 Monte.

1907 3297 2101 3352 Exstat
2127 3304 2306 3352 autem
2335 3295 2574 3368 Epistola
2617 3304 2664 3349 et
2703 3294 2964 3364 Prologus
2993 3294 3048 3346 in
3078 3292 3495 3346 Abbreviationes

1903 3389 2259 3463 Epistolarunt
2284 3390 2520 3462 Apostoli
2551 3389 2838 3443 secundum
2879 3386 3260 3456 Augustinum,
3295 3384 3349 3438 in
3382 3383 3494 3453 Ap-

1904 3485 2132 3556 pendice
2181 3483 2250 3539 ad
2281 3482 2528 3539 Guiberti
2572 3483 2744 3552 Opera
2787 3495 2819 3536 a
2856 3480 3002 3536 Luca
3035 3478 3305 3536 Dacherio
3351 3477 3495 3533 edita

1905 3578 2128 3635 Parisiis
2167 3576 2347 3632 in-fol.
2399 3575 2560 3643 1651,
2594 3591 2648 3645 p.
2678 3575 2806 3640 715,
2854 3588 3015 3645 quam
3047 3587 3114 3628 ex
3159 3587 3262 3627 ms.
3305 3570 3499 3626 codice

1904 3669 2190 3742 produxit.
2222 3668 2351 3723 Haec
2376 3667 2637 3733 Oudinus,
2666 3665 2946 3734 copiosius
2973 3663 3200 3722 alibi.de
3227 3662 3416 3718 iisdem
3441 3661 3494 3716 in

1905 3777 2138 3820 recensu
2175 3776 2400 3828 operum
2442 3757 2599 3814 Beda:
2625 3765 2682 3814 et
2712 3756 2864 3812 Flori
2893 3753 3270 3828 Lugdunensis
3316 3753 3489 3809 disse-

1905 3869 2052 3912 rens.
2083 3853 2193 3909 Nos
2226 3867 2387 3923 supra
2425 3851 2759 3921 singularem
2799 3862 3031 3919 eamque
3072 3844 3493 3902 vetustissimam

1906 3946 2102 4004 horum
2135 3945 2635 4001 Commentariorum
2662 3942 2954 3998 editionem
2987 3939 3362 4011 produximus.

1978 4038 2201 4100 Bonizo,
2242 4036 2412 4091 Sutrii
2461 4051 2525 4090 ac
2569 4033 2863 4090 Placentiae
2909 4033 3223 4103 episcopus,
3253 4032 3398 4088 circa
3439 4047 3491 4086 a.

1911 4131 2051 4186 1075
2079 4130 2386 4199 composuit
2425 4129 2866 4200 Augustinianam
2907 4124 3185 4198 Epitomen
3229 4139 3326 4181 seu
3381 4123 3494 4180 Ea:-

1907 4233 2138 4292 cerptum
2193 4223 2587 4278 Sententiarum
2631 4221 2850 4290 Mirifici
2877 4220 3103 4274 doctoris
3135 4219 3412 4291 Augustini
3436 4219 3497 4274 li-

1907 4315 2024 4371 bris
2056 4330 2145 4369 vut
2167 4313 2507 4380 distinctum,
2540 4313 2684 4383 quod
2711 4311 2770 4368 S.
2802 4311 3001 4368 Joanni
3037 4311 3357 4378 Gualberto,
3378 4313 3496 4367 fun-

1909 4406 2087 4464 datori
2114 4415 2170 4463 et
2211 4407 2390 4477 primo
2429 4406 2612 4462 abbati
2661 4404 3156 4462 Vallis-Umbrosae.
3202 4404 3496 4474 dedicavit,

1909 4507 2197 4568 exstatque
2219 4512 2322 4552 ms.
2349 4497 2404 4552 in
2427 4496 2758 4552 bibliotheca
2789 4495 3041 4552 Caesarea
3067 4495 3496 4564 Vindobonensi,

1909 4591 2054 4646 inter
2081 4605 2212 4645 mss.
2245 4590 2464 4646 codices
2492 4606 2557 4644 ex
2583 4605 2710 4646 arce
2731 4589 3094 4646 Ambrosiana
3126 4591 3256 4646 illuc
3276 4592 3494 4657 allatos,

1907 4683 2102 4740 codice
2141 4684 2232 4748 85,
2268 4691 2327 4737 ut
2357 4691 2587 4737 testatur
2627 4681 2824 4737 Petrus
2868 4681 3196 4738 Lambecius
3233 4682 3382 4738 illius
3413 4683 3495 4737 in-

1908 4787 2127 4848 spector
2151 4785 2207 4832 et
2231 4783 2415 4832 custos
2441 4776 2506 4831 T.
2525 4775 2573 4830 ιι
2595 4773 3093 4831 Commentariorum
3113 4775 3273 4846 hujus
3300 4776 3496 4832 biblio-

1907 4871 2082 4928 thecae
2106 4886 2226 4939 cap.
2260 4870 2389 4940 8,p.
2424 4869 2529 4925 790
2557 4884 2676 4940 sqq.
2713 4868 2853 4923 Oud.

1980 4963 2290 5018 Guillelmus
2321 4962 2489 5018 abbas
2520 4961 2578 5017 8.
2613 4961 2939 5018 Theoderici
2971 4977 3142 5033 prope
3182 4961 3410 5029 Remos,
3441 4963 3494 5018 in

1907 5055 2107 5121 Gallia,
2142 5054 2356 5110 ordinis
2386 5054 2444 5111 8.
2481 5054 2786 5123 Benedicti,
2825 5065 2938 5110 tum
2978 5070 3046 5110 ex
3089 5055 3284 5112 abbate
3322 5055 3496 5112 factus

1904 5145 2204 5202 monachus
2238 5146 2445 5203 ordinis
2485 5146 2871 5202 Cisterciensis
2909 5147 3054 5218 apud
3092 5149 3404 5218 Signiacum
3437 5147 3492 5204 in

1901 5239 2090 5295 eadem
2120 5239 2366 5306 dimcesi,
2401 5239 2602 5295 saeculo
2638 5254 2734 5304 xu,
2759 5239 2913 5308 cujus
2957 5240 3101 5296 inter
3149 5241 3494 5298 Collectanea

1902 5334 2130 5391 habetur
2160 5335 2483 5405 opusculum
2513 5333 2906 5390 Sententiarum
2946 5335 3010 5389 de
3038 5332 3174 5388 Fide
3205 5351 3268 5389 ea:
3293 5335 3356 5390 S.
3385 5335 3495 5389 Au-

1898 5428 2093 5499 gustini
2115 5428 2382 5496 Operibus
2407 5427 2718 5493 collectum,
2745 5426 2888 5497 quod
2919 5443 2948 5482 a
2982 5442 3040 5483 se
3066 5443 3130 5483 ex
3157 5428 3494 5500 autographo

1901 5536 2006 5575 ms.
2041 5521 2179 5575 Bibl.
2223 5521 2596 5591 Signiacensis
2639 5521 2758 5576 ord.
2810 5519 3197 5577 Cisterciensis
3233 5523 3493 5578 transcri-

1901 5625 2051 5684 ptum
2078 5624 2307 5670 testatur
2329 5613 2577 5670 Oudinus
2602 5615 2966 5686 traditumque
2990 5614 3202 5669 Thema:
3215 5613 3492 5688 Blampino

1901 5707 2108 5763 Bened.
2140 5707 2407 5778 Congreg.
2441 5706 2501 5763 S.
2547 5707 2738 5777 Mauri,
2771 5708 2862 5780 qui
2907 5708 3048 5763 hanc
3095 5706 3489 5764 Collectionem

1903 5801 2005 5856 sub
2032 5801 2285 5856 Auctoris
2318 5800 2524 5871 proprii
2555 5802 2778 5858 nomine
2808 5801 2866 5857 in
2898 5800 3148 5872 Append.
3179 5796 3356 5857 ultimi
3391 5816 3492 5856 vo-

1904 5891 2123 5954 luminis
2153 5892 2392 5962 Operum
2421 5891 2484 5946 S.
2519 5893 2795 5964 Augustini
2824 5893 3091 5950 edendam
3134 5891 3485 5963 promiserat,
