3954 6364
478 399 580 458 195

1348 397 1899 457 SUPPLEMENTUM
1942 399 2033 453 AD
2071 398 2301 456 OPERA
2340 398 2400 452 S.
2439 396 2827 455 AUGUSTINI.

3598 410 3685 466 196

475 511 618 587 quod
652 525 829 571 tamen
858 527 967 571 non
1000 512 1273 584 priestitit.
1330 514 1660 569 Colonienses
1706 530 1768 567 ex
1822 511 2051 569 Ondino.
2079 519 2127 575 A
2159 512 2255 585 (ait
2286 510 2614 581 Alegambins
2638 512 2772 565 Bibl.
2805 508 3001 580 Scripl.
3038 507 3095 566 S.
3122 508 3168 565 J.
3207 524 3255 579 ρ.
3287 511 3407 584 188)
3438 514 3532 569 duo
3560 534 3687 589 egre-

548 610 681 664 Rob.
708 609 1008 679 Kilwardby
1038 609 1163 662 0rd.
1184 607 1408 662 Prtrdic.
1429 607 1647 661 natione
1670 608 1897 676 Aligilh,
1918 606 2058 659 Can-

476 703 767 758 tuariensis
810 702 1280 769 archiepiscopus,
1324 710 1378 753 et
1426 698 1718 754 cardinalis
1768 699 2055 767 episcopus

462 795 794 850 ‘Portueusis
817 808 945 847 saec.
969 807 1087 855 xm,
1114 792 1285 844 libros
1313 790 1373 843 8.
1404 790 1676 859 Augustini
1698 788 1810 842 fere
1840 801 2050 853 omnes,

475 887 813 953 aliorumque
868 884 1097 949 plurium
1141 882 1399 935 Ecclesia:
1442 881 1724 934 ductorum
1758 895 1854 948 per
1892 893 2055 947 parva

475 977 705 1046 capitula
733 977 1000 1037 distinxit.
1034 978 1356 1031 sententiam
1386 974 1724 1042 singulorum
1753 974 1852 1026 sub
1876 970 2057 1025 brevi-

476 1069 577 1123 bus
617 1068 948 1121 aunotando.
984 1065 1149 1134 Cujus
1199 1065 1402 1119 laboris
1429 1066 1573 1117 varia
1626 1064 1677 1116 in
1729 1064 1862 1116 Bibl.
1891 1062 2055 1130 Begia

480 1158 651 1213 Paris.
709 1168 1001 1226 supersunt
1064 1166 1409 1209 monumenta
1462 1168 1563 1208 ms.
1626 1169 1747 1222 qua:
1810 1162 2054 1206 recenset

478 1247 749 1305 Ecltardus
780 1250 831 1302 in
860 1248 1059 1317 Script.
1096 1246 1227 1300 0rd.
1261 1246 1437 1299 Prted.
1480 1245 1544 1299 ad
1577 1259 1628 1298 a.
1666 1244 1823 1309 1279,
1858 1243 2051 1312 p.579,

478 1340 567 1392 ubi
608 1348 663 1393 et
713 1338 817 1391 alia
853 1347 1122 1392 memorat
1149 1352 1213 1389 ex
1243 1336 1415 1390 Catal.
1446 1334 1658 1404 Anglic.
1706 1330 2055 1388 Colonienses.

544 1428 955 1482 Bartholomteus
1006 1428 1239 1483 Urbinas
1285 1427 1575 1496 episcopus
1620 1424 1765 1479 circa
1817 1424 2053 1478 medium

476 1535 602 1574 suac.
646 1537 752 1580 xw.
801 1521 1027 1573 eretnita
1078 1520 1523 1589 Augustinianus,
1568 1517 1628 1572 S.
1675 1517 1953 1590 Augustini
2003 1526 2056 1570 et

476 1611 733 1665 Ambrosii
755 1613 988 1678 Operum
1020 1611 1190 1665 lector
1218 1610 1466 1663 assiduus
1486 1654 1499 1677 ,
1526 1612 1826 1663 sententias
1854 1609 2057 1662 utrius-

478 1718 584 1771 que
614 1702 940 1771 insigniores
961 1700 1261 1766 excerpsit,
1280 1715 1412 1767 quas
1436 1700 1492 1753 in
1521 1700 1789 1766 alphabeti
1810 1702 2055 1753 ordinem

477 1792 738 1862 digestas,
780 1790 1163 1861 Milleloquium
1215 1792 1474 1860 appellari
1516 1792 1705 1845 voluit.
1759 1797 1934 1861 Atque
1986 1792 2054 1845 ab

2155 608 2237 677 gie
2268 616 2511 675 praestat:
2534 605 2774 669 altu-um,
2802 604 2937 674 quod
2964 602 3219 656 catholica
3242 605 3475 675 dogmata
3502 610 3693 679 miriﬁce

2155 698 2359 766 probat,
2390 705 2436 748 et
2485 695 2774 764 conﬁrmat.
2804 694 3092 763 refutatque
3120 695 3467 748 Ittcreticorum
3516 716 3692 757 errores

2157 805 2219 841 ea:
2251 785 2552 856 Augus:ino
2576 802 2591 851 ;
2646 787 2886 850 alterum,
2912 786 3047 855 quod
3073 789 3209 838 locos
3235 787 3390 855 ipsius
3418 790 3695 857 Augustini,

2155 881 2233 936 uel
2289 881 2421 934 male
2458 881 2763 946 intellectas,
2794 878 2871 932 vel
2902 880 3159 932 malitiose
3201 878 3444 942 detortos,
3481 892 3621 951 atque
3643 885 3697 938 ab

2157 970 2407 1025 hwreticis
2428 974 2747 1041 deprat'atos,
2774 970 3090 1023 adamussim
3110 976 3329 1035 revocat,
3347 981 3496 1039 atque
3532 974 3705 1029 sincere

2154 1063 2537 1132 interpretatur.
2573 1061 2713 1116 0nd.
2738 1071 2790 1114 et
2821 1061 3003 1115 Colon.

2227 1152 2455 1206 Joannes
2483 1151 2797 1206 Piscatorius
2836 1152 3291 1219 Litliopolitanus,
3321 1153 3410 1221 qui
3444 1153 3705 1222 Epitomen

2156 1247 2393 1299 omnium
2444 1244 2680 1314 Operam
2722 1245 3006 1314 Augustini
3056 1244 3331 1314 diligentia
3388 1261 3705 1316 nequaquam

2158 1331 2371 1390 sordida
2402 1337 2729 1404 composuit,
2762 1336 2917 1404 cujus
2948 1336 3237 1389 editionem
3270 1336 3463 1389 factam
3491 1339 3713 1408 August

2166 1425 2555 1478 Vindelicorum
2586 1426 2727 1497 apud
2770 1424 3069 1478 Heinricum
3094 1425 3316 1494 Steyner
3338 1424 3492 1490 1557,
3527 1429 3710 1497 in-lol.,

2159 1526 2483 1586 prmsentem
2531 1517 2731 1570 intueri
2766 1518 2907 1569 licet.
2939 1517 3064 1583 Ejus
3090 1531 3222 1568 vero
3255 1515 3347 1569 hic
3390 1526 3473 1569 est
3502 1518 3713 1573 titulus:

2162 1605 2402 1661 Omnium
2434 1605 2657 1677 Operum
2688 1607 2804 1658 Diri
2828 1608 3029 1659 Aurelii
3055 1608 3334 1676 Augustini
3368 1607 3611 1678 episcopi,
3634 1627 3715 1662 un-
3742 1632 3743 1635 η

2159 1697 2436 1766 decumque
2485 1692 3057 1763 doctissimi,'Epitome
3087 1714 3106 1751 :
3142 1695 3211 1749 Et
3247 1696 3377 1765 quid
3420 1697 3498 1749 vir
3544 1698 3647 1763 ille,
3668 1700 3719 1753 de

2161 1788 2405 1842 Ecclesiae
2434 1789 2805 1855 Sacramentis,
2840 1806 2931 1842 nec
2962 1806 3064 1841 non
3103 1805 3266 1841 sacra!
3294 1788 3584 1856 Scriptura:
3613 1792 3719 1846 locis

478 1886 764 1955 Augustino
789 1884 1006 1951 quidem
1033 1882 1319 1951 Triumpho
1343 1883 1582 1951 ejusdem
1607 1883 1824 1937 Ordinis
1857 1883 2041 1952 (vulgo
2081 1876 2128 1934 Β
2155 1882 2589 1936 communioribus
2637 1882 3105 1950 insignioribusque
3148 1882 3391 1945 senserit,
3456 1884 3722 1949 scripserit,

478 1978 539 2030 de
561 1977 771 2029 Ancona
804 1974 974 2045 dicto)
1004 1975 1121 2045 ejus
1157 1986 1508 2043 praeceptore,
1538 1973 1916 2041 Mille/aquium
1944 1976 2053 2025 Au-

478 2069 667 2137 gustini
695 2070 1064 2120 sententiarum
1110 2070 1429 2135 inemptum,
1459 2082 1486 2118 a
1516 2066 1782 2135 discipulo
1830 2066 2052 2119 absolu-

480 2170 614 2224 tum,
652 2159 892 2230 Lugduni
928 2176 979 2213 a.
1012 2159 1152 2213 1555
1187 2160 1509 2227 impressum
1538 2171 1640 2213 est.
1679 2159 2054 2225 Milleloquiuns

478 2249 733 2328 Ambrosii
758 2251 894 2304 ibid.
924 2266 975 2303 a.
1004 2249 1160 2315 1556,
1194 2250 1374 2303 iii-fol.
1404 2249 1582 2303 Colon.
1609 2266 1672 2303 επ
1700 2250 1838 2303 Oud.

549 2342 803 2395 Antonius
832 2343 895 2395 de
922 2341 1104 2395 Nomis
1138 2342 1635 2411 Florentinus(aliis
1666 2341 2048 2411 Maciallensis)

480 2432 701 2485 eremita
747 2434 1201 2501 Augustinianus,
1248 2434 1336 2501 qui
1383 2432 1603 2486 ιι.1458
1648 2434 1902 2496 decessit,
1934 2448 1963 2485 e
1993 2431 2058 2484 li-

480 2522 593 2575 bris
617 2521 677 2576 S.
705 2524 973 2591 Augustini
996 2523 1171 2590 capita
1202 2537 1418 2576 omnem
1448 2522 1559 2576 fere
1590 2523 1887 2575 litterarum
1917 2522 2060 2575 Divi-

482 2630 667 2667 narum
686 2617 1064 2669 tractationem
1092 2616 1421 2669 continentia
1435 2615 1661 2684 digessit
1683 2624 1736 2669 et
1759 2616 2055 2683 inscripsit,

481 2702 665 2759 Flores
695 2705 931 2761 Doctaris
960 2707 1019 2763 S.
1056 2706 1232 2761 Patris
1260 2706 1558 2777 Augustini,
1593 2723 1712 2776 qua:
1739 2717 1953 2761 exstare
1979 2708 2058 2760 tli-

480 2808 675 2851 cuntur
697 2800 747 2852 in
782 2800 919 2853 Bibl.
952 2802 1008 2854 S.
1041 2800 1277 2870 Spiritus
1306 2801 1625 2854 Florentiae.
1652 2799 1832 2854 Colon.

546 2888 704 2943 Joau.
740 2890 787 2942 F
790 2893 888 2943 rid.
927 2892 1129 2945 Lumnii
1149 2891 1226 2962 (α)
1256 2892 1299 2945 Τ
1300 2893 1553 2945 Itcsaurus
1581 2890 1862 2945 Christiani
1893 2892 2058 2943 homi-

480 2984 559 3037 nis
582 2999 645 3037 ex
680 2984 896 3052 scriptis
929 2984 989 3038 S.
1018 2986 1291 3057 Augustini
1317 2986 1601 3051 collectus,
1628 2986 1878 3053 Antuerp.
1896 2983 2055 3039 1588.

481 3078 662 3135 Colon.

551 3174 993 3243 Dulciloquiorum
1034 3173 1095 3227 S.
1128 3172 1403 3244 Augustini
1430 3170 1588 3224 libros
1625 3181 1746 3235 tres,
1768 3186 1837 3225 ex
1867 3178 2054 3227 vetere

480 3279 578 3315 ms.
606 3238 903 3331 exemplari
929 3263 1063 3318 Bibl.
1101 3238 1588 3329 Romersdorpianw
1617 3262 1849 3330 primum
1877 3262 2054 3316 editos
2079 3238 2122 3299 C

482 3353 736 3410 Herbontc
760 3353 918 3417 1592,
945 3354 1119 3418 ἰπὶ-12,
1148 3369 1176 3406 a
1205 3354 1334 3406 viris
1367 3353 1470 3407 (ide
1488 3353 1671 3421 dignis
1701 3367 1758 3405 se
1780 3352 2065 3422 accepisse

486 3453 717 3500 testatur
748 3446 998 3499 Labbeus
1028 3444 1127 3514 (ὁ),
1176 3444 1270 3498 sed
1320 3444 1553 3496 nondum
1598 3443 1800 3496 vidisse
1845 3442 2054 3496 scribit.

482 3536 833 3592 Colonienses.
876 3538 931 3590 in
980 3536 1095 3589 Cat.
1133 3533 1269 3589 Bibl.
1305 3534 1433 3605 Reg.
1478 3534 1645 3588 Paris.
1686 3533 1862 3588 dictus
1919 3534 2057 3587 liber

482 3638 658 3682 exstat
696 3628 876 3682 editus
908 3626 1161 3681 Herbonae
1190 3626 1566 3679 Nassoviorum
1602 3623 1760 3687 1614,
1794 3622 1970 3690 ἱππ-12,
1998 3624 2053 3677 Ιι.

485 3731 525 3772 t.
555 3720 682 3772 Aur.
714 3719 986 3789 Augustini
1017 3717 1137 3771 libri
1185 3727 1284 3771 tres
1314 3717 1762 3786 Dulciloquiorum
1804 3732 1830 3766 ε
1875 3715 2057 3767 biblio-

484 3810 644 3864 theca:
672 3809 1141 3878 Rd'merstorpiance
1189 3817 1352 3861 vetere
1384 3807 1739 3875 manuscripto
1768 3803 2056 3874 exemplari

484 3920 618 3957 nunc
637 3906 862 3973 primum
891 3904 1013 3955 editi
1045 3903 1214 3955 studio
1237 3902 1380 3956 Guil.
1416 3900 1659 3954 Rolicltii.

548 3996 635 4048 Jo.
651 3995 882 4055 Gastius,
902 3994 1701 4057 Brisacensis,Commentarios
1716 3991 1767 4043 in
1802 3991 2054 4045 universa

483 4088 652 4142 Biblia
674 4103 739 4139 ex
763 4088 1042 4155 Augustini
1071 4086 1331 4152 operibus
1356 4086 1613 4138 collectos
1641 4082 1812 4136 edidit
1834 4081 2059 4136 Basilus

484 4180 622 4249 apud
656 4178 970 4248 Hervagium
1007 4175 1163 4241 1542,
1203 4174 1264 4229 II
1295 4176 1443 4228 tomis
1490 4173 1668 4241 lit-fol.
1698 4173 1908 4226 Laudat
1936 4172 2053 4227 Cat.

484 4270 617 4325 Bibl.
647 4269 846 4323 Bodlei.
874 4270 1127 4338 Ejusdem
1158 4268 1343 4337 operis
1374 4277 1577 4320 tomum
1604 4266 1647 4327 Ι,
1681 4264 1848 4317 Vetus
1868 4264 2058 4318 Testa-

483 4371 719 4415 mentum
768 4362 1133 4430 complexum,
1176 4357 1433 4414 editionis
1480 4354 1686 4409 Veneta:
1732 4370 1797 4411 ex
1855 4356 2059 4424 oﬂicina

482 4451 957 4507 Erasmiana154'5
986 4451 1194 4521 profert
1218 4449 1331 4503 Cat.
1368 4447 1505 4500 Bibl.
1536 4446 1718 4501 Thott.

551 4546 766 4600 Hieron.
785 4546 974 4599 Torres
1001 4560 1101 4599 seu
1122 4541 1417 4607 Turrensis,
1450 4541 1575 4594 Soc.
1605 4538 1735 4594 Jesu
1762 4538 2055 4607 Hispanus,

2155 1974 2307 2026 simul
2326 1982 2477 2044 atque
2505 1974 2737 2025 docuerit
2764 1989 2855 2041 per
2885 1973 3129 2027 Joannem
3160 1972 3522 2026 Ptscnontuu
3566 1972 3724 2027 Litho~
3750 1986 3751 1995 ‘

2153 2068 2439 2137 politanum
2470 2066 2564 2119 hoc
2607 2065 2735 2118 libro
2770 2065 3076 2133 ﬁdelissime
3117 2074 3163 2118 et
3185 2066 3577 2134 compendiaria
3613 2084 3725 2136 qua-

2156 2160 2276 2210 dam
2314 2159 2397 2209 via
2424 2157 2818 2225 diligentissime
2848 2156 3561 2224 comportatum—Accedit
3590 2158 3637 2209 in
3667 2158 3727 2211 ti-

2156 2249 2270 2302 tulo
2299 2248 2483 2302 brevis
2505 2246 2802 2299 admonitio
2827 2247 2893 2298 ad
2918 2247 3201 2311 lcetorem,
3228 2248 3282 2299 in
3308 2263 3413 2315 qua
3438 2249 3727 2317 praesentis-

2156 2342 2290 2394 sima
2323 2350 2485 2409 atque
2521 2341 2786 2407 ipsissima
2823 2340 3107 2406 Augustini
3145 2339 3315 2392 verba
3343 2340 3657 2395 exhibuisse
3680 2357 3729 2396 se

2156 2429 2418 2495 afﬁrmat,
2452 2440 2505 2484 et
2536 2432 2720 2500 Steph.
2765 2430 2937 2501 Vigilii
2962 2430 3336 2483 Pacimnntani
3384 2430 3729 2488 Decasticlion

2158 2526 2212 2578 in
2244 2524 2456 2578 laudem
2490 2524 2633 2578 libri.
2680 2524 3042 2593 Ejustlemque
3091 2523 3270 2591 Vigilii
3327 2524 3578 2592 pra-{aiio
3621 2536 3731 2580 ante

2158 2615 2328 2683 ipsius
2358 2614 2599 2668 auctoris
2646 2616 3016 2682 prmlationem
3067 2624 3148 2666 est
3190 2614 3424 2667 inserta.
3472 2614 3731 2669 Dividitur

2157 2714 2337 2759 autem
2386 2720 2525 2774 opus
2557 2707 2607 2758 in
2642 2714 2752 2758 tres
2809 2714 3004 2769 tomos,
3038 2720 3278 2769 quorum
3310 2705 3527 2773 primus
3572 2711 3732 2774 Augu-

2159 2800 2284 2852 stini
2311 2799 2609 2852 sententias
2635 2798 2789 2866 juxta
2812 2798 3073 2852 doctrinm
3096 2796 3434 2851 Christianae
3457 2800 3628 2868 capita
3653 2814 3729 2851 or-

2158 2893 2369 2946 dinatas
2395 2894 2665 2960 proponit,
2694 2895 2831 2945 alter
2864 2892 3005 2944 varia
3057 2903 3112 2945 et
3155 2892 3521 2945 miscellanea
3567 2891 3731 2956 oﬂert,
3762 2928 3765 2931 λ

2159 2985 2348 3039 tertius
2375 2986 2608 3054 integros
2639 2984 2924 3053 Augustini
2954 2984 3140 3047 libros,
3167 2998 3311 3052 quos
3354 2990 3528 3053 supra
3558 2986 3611 3038 in
3632 2984 3730 3036 An-

2160 3074 2363 3128 nalibus
2389 3075 2674 3127 editionum
2708 3074 2933 3143 Operum
2963 3073 3347 3139 indicavimus,
3372 3075 3604 3143 prabet.

2232 3168 2290 3220 In
2325 3167 2460 3219 hanc
2492 3165 2767 3219 Piscatorii
2805 3181 3029 3233 operam
3058 3181 3248 3219 manus
3282 3168 3619 3220 temerarias
3644 3166 3737 3219 im-

2157 3259 2303 3312 misit
2330 3268 2383 3311 et
2409 3258 2650 3311 convicia
2693 3259 2985 3326 gratiarum
3039 3259 3162 3313 loco
3203 3258 3470 3328 rependit
3510 3259 3741 3313 Joannes

2159 3349 2448 3403 Pesselius.
2484 3348 2690 3402 Prodiit
2718 3349 2862 3401 enim

2225 3439 2446 3494 Joannis
2482 3439 2719 3503 Pesselii,
2748 3439 2869 3493 ord.
2899 3438 3125 3493 Praedic.
3170 3439 3353 3493 Tilani
3392 3439 3452 3493 in
3504 3438 3742 3501 Geldria,

2162 3531 2401 3584 Omnium
2430 3529 2653 3598 Operum
2684 3530 2744 3585 S.
2773 3528 3051 3601 Augustini
3086 3529 3351 3599 Epitome,
3381 3533 3617 3601 primum
3638 3530 3747 3600 qui-

2159 3625 2271 3676 dem
2301 3622 2505 3692 c0piose
2530 3614 2599 3674 ac.
2627 3623 2835 3675 sinistre
2881 3622 3095 3675 collecta
3127 3638 3159 3673 a
3190 3622 3417 3677 Joanne
3444 3620 3748 3676 Piscatorio

2157 3716 2416 3775 harretico,
2446 3722 2493 3766 et
2521 3731 2553 3765 a
2576 3713 2782 3767 Joanne
2805 3712 3051 3768 Pesselio
3073 3715 3365 3785 recognita,
3382 3724 3548 3767 aucta
3570 3712 3747 3777 duplo,

2158 3813 2205 3858 et
2244 3805 2499 3857 catholico
2528 3820 2679 3856 sensu
2706 3802 2943 3867 reddita;
2970 3804 3054 3855 cui
3081 3803 3299 3856 accessit
3327 3804 3580 3874 ejusdem
3603 3817 3753 3873 opera

2157 3912 2220 3950 ea:
2257 3896 2433 3949 eodem
2459 3894 2749 3962 Augustino
2778 3894 3022 3949 collectus
3047 3894 3111 3947 de
3156 3903 3359 3964 septem
3392 3892 3753 3948 Sacramentis

2158 4000 2323 4043 tomus
2371 3998 2583 4057 quartus
2644 3985 2837 4041 Colon.
2896 3987 3082 4056 Agrip.
3125 3984 3286 4051 1559,
3366 3985 3554 4049 1542,
3598 3981 3754 4047 1549,

2158 4082 2339 4135 in-fol.
2365 4081 2451 4150 (ά)

2227 4172 2345 4228 Jac.
2372 4172 2602 4227 Tribesci
2649 4169 2906 4235 Brixiani,
2936 4169 3178 4223 canonici
3205 4168 3493 4239 regularis
3533 4167 3759 4222 Latera-

2158 4265 2362 4328 nensis,
2387 4262 2766 4333 Responsiones
2809 4263 2876 4314 ad
2903 4258 3051 4314 mille
3083 4260 3319 4326 Quwsita
3368 4262 3431 4314 in
3464 4262 3617 4315 omni
3664 4264 3767 4328 fere

2158 4356 2403 4423 facultate
2440 4370 2507 4407 ex
2547 4355 2799 4407 omnibus
2842 4352 2903 4406 S.
2934 4351 3209 4421 Augustini
3238 4351 3410 4407 libris
3459 4354 3769 4419 excerpta,

2167 4445 2344 4501 Venet.
2370 4445 2530 4503 1585.
2558 4444 2730 4498 iii-4°.
2756 4444 2897 4497 Alibi
2943 4441 3419 4510 deprehendimus
3472 4443 3725 4512 signatas
3752 4454 3768 4493 :

2165 4536 2394 4591 Venetiis
2431 4553 2516 4607 ap.
2547 4536 2740 4589 Bernh.
2767 4534 2979 4591 Juntam
3004 4533 3165 4597 1586,
3196 4533 3376 4588 in-4°.

482 4638 863 4705 confessionem
909 4635 1345 4706 Augustinianam
1393 4633 1446 4684 in
1492 4631 1666 4684 libros
1696 4630 1760 4685 IV
1793 4630 2056 4685 distribu—
2083 4607 2139 4668 Ῐ)
2230 4628 2315 4681 1ο.
2342 4629 2496 4699 Βαρι.
2531 4627 2775 4688 Masculi,
2801 4627 2924 4682 Soc.
2957 4626 3087 4681 Jesu
3130 4625 3523 4693 Neapolitani,
3563 4627 3775 4682 Ponde-

482 4738 613 4797 tam,
663 4737 720 4783 et
766 4729 932 4783 certis
980 4725 1250 4795 capitibus
1320 4723 1560 4776 locorum
1622 4722 2059 4791 theologicorum

480 4819 947 4887 comprehensam,
980 4832 1046 4871 ex
1090 4813 1343 4867 omnibus
1386 4811 1447 4867 S.
1472 4812 1747 4881 Augustini
1791 4810 2059 4879 Operibus

480 4928 674 4980 magno
716 4912 897 4965 studio
934 4907 1261 4968 collectam,
1300 4903 1473 4958 edidit
1520 4903 1745 4972 Diliuga
1802 4900 1962 4967 1568,
2002 4916 2057 4960 et

480 5020 695 5059 rursum
724 5004 1023 5057 auctiorem
1056 5012 1120 5051 ac
1144 4994 1765 5060 emendatiorem,1569,
1788 4995 2060 5067 in-fol.(c)

480 5097 608 5151 Eam
654 5097 965 5164 Augustanat
988 5087 1317 5157 Confessioni
1357 5086 1645 5155 opposuit;
1671 5102 1771 5155 quo
1802 5088 1857 5141 in
1903 5102 2060 5154 apere

548 5272 621 5394 Sa)
663 5269 799 5323 Male
829 5262 1035 5318 Lunicii
1064 5260 1205 5329 apud
1237 5260 1420 5329 Lipeu.
1453 5256 1590 5311 Bibl.
1620 5255 1810 5311 Theol.
1845 5254 2049 5320 ll,916.

578 5359 661 5393 on.

521 5358 661 5394 Oton.

478 5344 872 5481 coégilbissgrt:
898 5405 960 5457 de
990 5403 1163 5481 script
1210 5399 1409 5481 .Eccles.
1442 5400 1494 5481 in
1526 5397 1845 5481 addendum
1882 5395 2052 5449 corri-

477 5468 670 5551 gendis
693 5494 741 5544 p.
772 5476 837 5551 771
856 5478 901 5535 l,
930 5474 1068 5551 apud
1100 5468 1652 5551 Oudini't'mfol'..953,
1686 5468 1868 5522 Colon.

549 5550 620 5619 (c)
652 5535 727 5619 Ita
758 5535 1094 5619 Alegambius
1116 5539 1436 5619 ΜΙΧ.
1466 5541 1722 5619 Lipenius
1749 5535 2047 5619 verolBibl.

477 5607 668 5678 Tii‘ei’u.
704 5617 743 5683 ι,
782 5607 899 5675 ιιτ,
949 5617 1110 5667 liabet
1144 5612 1299 5678 1596,
1338 5616 1413 5665 uti
1444 5622 1499 5664 et
1531 5607 1768 5662 Oudinus
1810 5609 1863 5683 iii
1891 5608 2049 5659 eom-

478 5701 641 5746 ment.
670 5679 775 5741 col.
809 5687 933 5747 935,
952 5684 1017 5737 ad
1033 5686 1246 5737 multum
1274 5700 1431 5739 usque
1449 5689 1780 5737 senectutem,
1801 5679 1896 5740 ait,
1922 5692 2046 5737 pro-

479 5771 644 5813 rectus
688 5759 926 5819 correxit,
957 5755 1141 5810 ablatis
1190 5757 1277 5819 iis,
1310 5769 1426 5819 quin
1458 5764 1724 5817 tamquam
1755 5749 1813 5801 S.
1856 5747 2043 5815 Augu—

481 5831 601 5886 stini
646 5829 893 5883 attulerat
926 5843 995 5883 ex
1048 5828 1140 5887 lib.
1194 5827 1257 5879 de
1306 5821 1440 5876 Fide
1467 5822 1534 5875 ad
1588 5820 1827 5883 Petrum,
1883 5831 2041 5885 quem

2159 4723 2383 4773 rationes
2431 4718 2762 4771 Concionales
2788 4717 2841 4767 in
2891 4715 3066 4783 Opera
3110 4714 3171 4769 8.
3219 4716 3548 4786 Augustini,
3602 4716 3772 4784 Neap.

2130 4886 2131 4889 η
2163 4810 2321 4875 16:32,
2358 4808 2535 4862 in-fol.
2573 4807 2662 4878 (e).
2693 4806 2857 4862 Forte
2892 4808 3030 4861 idem
3063 4821 3228 4876 opus,
3260 4809 3423 4876 quod
3451 4810 3609 4879 apud
3643 4809 3779 4873 Top-

2162 4902 2302 4971 pium
2329 4898 2404 4971 (ί)
2434 4898 2742 4953 inscribitur
2776 4915 2787 4951 :
2823 4896 3163 4951 Eruditarum
3211 4896 3520 4951 lectionum
3575 4900 3643 4954 S.
3675 4900 3779 4951 Au-

2163 4993 2353 5063 gustini
2384 4991 2506 5044 libri
2552 4989 2897 5042 Acroamatici
2924 4988 2993 5040 ad
3040 4988 3357 5051 Concioncs,
3391 4992 3587 5043 decem
3626 4989 3782 5043 tomis

2161 5084 2443 5138 contractis
2468 5083 2520 5135 in
2559 5096 2744 5143 unum,
2781 5080 2943 5150 Neap.
2979 5078 3138 5145 1656,
3170 5080 3358 5133 in-l‘ol.
3390 5080 3598 5135 Colon-

2162 5253 2224 5307 S.
2270 5250 2535 5323 Fulgentii
2574 5265 2705 5323 esse
2759 5260 3095 5323 compertum
3143 5261 3224 5323 est
3260 5267 3272 5302 :
3306 5260 3481 5323 etex
3531 5252 3682 5323 libro
3721 5253 3785 5304 de

2161 5319 2537 5444 I'Iccllgsilasticis
2562 5319 2919 5390 Dogmatibus,
2942 5324 3032 5389 qui
3057 5330 3142 5374 est
3160 5319 3436 5374 Gennadii
3463 5322 3785 5378 Massilien-

2161 5410 2251 5444 διδ.
2321 5410 2348 5444 o
2375 5409 2460 5444 on.

2156 5396 2251 5447 sis.
2277 5393 2460 5446 Colon.

2227 5465 2307 5530 (Δ)
2342 5464 2416 5518 Ex
2450 5460 2677 5515 Echard.
2713 5461 2765 5531 in
2800 5457 3163 5531 ScriptsOrd.
3194 5460 3376 5515 Pra’d.
3410 5463 3490 5515 ad
3516 5478 3575 5515 a.
3614 5464 3781 5531 1549,

2155 5550 2209 5601 p.
2252 5536 2372 5588 155.
2419 5531 2603 5584 Colon.
2636 5530 2741 5585 Sed
2774 5530 2859 5582 ed.
2895 5550 2941 5601 ιιἐ
2977 5530 3136 5592 1555,
3168 5548 3286 5599 ψιέυ
3322 5532 3488 5599 apud
3548 5530 3788 5587 eusdem

2154 5599 2391 5666 notatur,
2428 5602 2556 5653 falsa
2592 5610 2709 5663 est;
2755 5615 2875 5651 nam
2909 5599 3185 5653 Piscatorii
3235 5601 3497 5670 Epttome
3534 5604 3785 5672 primum

2154 5674 2389 5727 a.1557.
2423 5672 2594 5724 lucem
2626 5671 2857 5735 aspexit.

2224 5742 2296 5809 (e)
2320 5742 2404 5795 Ex
2436 5740 2619 5806 Lipett.
2651 5738 2790 5793 Bibl.
2813 5738 3005 5793 Tlieol.
3038 5738 3079 5804 I,
3112 5739 3235 5795 118.

2224 5814 2305 5882 (f)
2335 5811 2471 5865 Bibl.
2508 5810 2703 5880 Napol.
2738 5824 2791 5879 p.
2820 5809 2939 5864 157.
