3954 6364
189 404 269 462 191
850 386 1207 447 VAB'IORUM
1245 384 1842 443 EXERCITATIONES
1878 384 1946 442 IN
1983 387 2041 444 S.
2083 385 2447 444 AUGUSTINI
2487 385 2734 443 OPERA.
3295 384 3399 440 198

254 511 413 569 Dor-id.
437 506 645 580 Lenftntt
689 502 1009 558 Parisiensis
1039 503 1157 557 0rd.
1193 502 1368 559 Prted.
1398 501 1724 557 Concordan-
1749 505 1800 564 Α
1829 502 1923 555 sim
1946 502 2268 570 reperiuntur
2294 503 2343 553 in
2371 500 2600 552 omnibus
2625 499 2683 554 S.
2719 497 2986 568 Augustini
3013 496 3280 567 Operibus,
3309 512 3398 550 or-

194 613 259 664 tis
281 602 653 674 Augustinianc,
688 598 790 650 sive
811 595 1040 649 collectio
1070 596 1295 648 omnium
1334 595 1716 658 sententiarum,
1827 593 1944 646 dine
1973 591 2188 647 Biblico.
2222 593 2390 658 Paris,
2425 593 2587 656 i661,
2623 592 2779 655 1670,
2815 592 2971 646 tomis
2997 591 3062 646 ll.

195 716 285 771 φιω
303 695 499 765 sparsim
519 689 844 756 reperiuntur
871 687 924 739 in
951 686 1184 740 omnibus
1210 685 1270 741 S.
1291 684 1559 756 Augustini
1587 684 1719 754 Ope-
1900 684 2157 749 Albertus,
2192 684 2306 738 Dux
2352 685 2632 738 Luinens'us
2670 684 2756 756 (de
2797 684 3005 750 Luines)
3052 683 3268 739 Parisiis
3307 683 3400 738 de-

194 796 303 849 vites
340 791 400 841 ad
439 787 598 838 instar
657 780 1148 834 Concordantiarum
1200 778 1379 833 Sacra:
1439 775 1720 846 Scriptum
1827 787 2069 832 mortuus
2092 777 2145 831 d.
2181 778 2265 833 lO.
2291 777 2409 832 Oct.
2443 793 2494 830 a.
2531 779 2687 834 1690.
2726 790 2815 832 aet.
2855 780 2944 842 69,
2981 779 3149 834 edidit
3186 779 3401 836 Senten-

197 884 318 940 τοίη.
338 881 374 941 l,
395 878 556 936 Paris,
591 875 749 938 1656,
779 871 994 933 ln-fnl.;
1031 869 1092 939 ll,
1123 869 1283 926 1665.
1831 870 1932 924 tias
1958 881 2010 924 et
2035 869 2398 924 Instructiones
2428 888 2488 924 ex
2516 871 2577 926 S.
2618 873 2899 942 Augustino
2937 882 3213 944 excerptas.
3256 871 3401 926 Pari;

250 967 469 1040 Ejusdem
493 964 665 1020 Biblic
705 963 1103 1035 Augustiniana,
1132 962 1248 1015 sive
1285 961 1514 1014 coitcctio
1557 967 1604 1013 et
1636 975 1724 1013 επ·
1831 963 1922 1016 siis
1956 962 2110 1018 167⁸1.
2144 961 2269 1016 llaec
2293 962 2617 1016 Colouicmes
2647 977 2700 1030 p.
2725 961 2848 1014 ΞΗ».

199 1062 365 1135 plicatis
389 1058 609 1112 omnium
639 1056 868 1108 locorum
898 1053 1078 1110 Sacra:
1101 1052 1406 1123 Scriptum,
1439 1068 1554 1120 quia
1573 1067 1724 1119 spor-
1908 1052 2176 1107 Hactenus
2202 1055 2422 1107 omnino
2447 1053 2514 1106 de
2545 1051 2838 1121 Augustino
2867 1053 3066 1108 dictum
3096 1062 3231 1109 esto.

475 1237 1510 1481 innotui
1583 1315 2634 1480 ‘EXERGITATloNE-S

287 1592 1848 2058 S.AUGU§E;

1751 1592 2164 1922 EN]
2309 1739 3312 1910 OPERA.

1751 1959 2030 2064 ea;

211 1202 3396 1258 mm

1002 2085 1080 2167 θ’
1213 2132 1323 2203 IN
1382 2085 1800 2205 7EOMUM
1871 2137 2351 2211 PRIMUM.
2928 2085 2950 2122 ¹

437 2433 787 2490 DESIDERII
825 2432 1078 2489 ERASMI
1119 2431 1440 2490 GENSUBA
1762 2440 1812 2500 Β
1841 2451 2029 2492 errore
2061 2438 2358 2507 scriptoris,
2408 2439 2522 2496 sive
2565 2441 2726 2496 etiam
2773 2441 2949 2512 in0pia
2991 2441 3112 2497 ﬁdei
3153 2458 3216 2501 ac
3245 2433 3411 2505 laudis

269 2546 315 2585 ut
346 2544 513 2587 uanos
555 2541 1048 2583 EST-BACTATIONUM
1092 2541 1156 2581 er
1195 2541 1607 2583 coarsssroaun.
1836 2545 2042 2593 amore,
2089 2531 2275 2584 maluit
2305 2533 2418 2600 ipse
2446 2533 2525 2586 sui
2574 2533 3033 2603 historiographus
3063 2551 3182 2592 esse
3219 2539 3412 2591 :nimi-

242 2622 339 2677 Erit
371 2620 597 2675 fortasse
634 2619 976 2688 qui-miretur
1005 2633 1102 2673 cur
1134 2618 1215 2671 his
1240 2617 1452 2673 duobus
1482 2618 1733 2689 operibus
1833 2637 1978 2687 rum,
1999 2622 2100 2675 sibi
2119 2625 2363 2676 conscius
2384 2639 2539 2693 quam
2559 2641 2663 2678 non
2682 2634 3044 2680 assentaretur
3067 2628 3197 2696 sibi,
3223 2623 3414 2686 deinde

190 2717 376 2784 primum
406 2713 721 2768 dederimus
751 2713 949 2766 iocum.
976 2711 1024 2764 Is
1053 2711 1313 2765 rationem
1337 2711 1733 2779 accipiatDuat
1836 2714 2003 2780 pruhe
2029 2714 2295 2782 cognitum
2331 2714 2533 2769 habens
2556 2730 2616 2770 se
2642 2717 2772 2768 nulli
2809 2718 3112 2772 mortalium
3154 2721 3414 2776 notiorem

191 2787 388 2862 res'sunt
411 2821 528 2875 qua:
551 2805 904 2860 vehementer
925 2813 979 2858 et
1001 2803 1302 2858 accendunt
1331 2802 1396 2857 ad
1423 2805 1731 2870 lectionem,
1838 2819 1958 2858 esse
1987 2820 2148 2873 posse
2173 2821 2330 2874 quam
2362 2816 2504 2861 esset
2532 2806 2652 2860 sibi.
2683 2807 2839 2875 Nam,
2866 2815 2926 2862 ut
2949 2811 3188 2863 omittam
3211 2813 3414 2869 animo-

191 2911 231 2956 et
253 2901 536 2955 conducunt
563 2899 638 2953 ad
669 2898 996 2952 intellectum
1025 2897 1331 2961 voluminis,
1365 2895 1468 2949 vita
1499 2895 1733 2951 auctoris
1816 2909 1958 2952 'rum
1990 2899 2265 2954 abstrusos
2297 2899 2463 2963 sinus,
2509 2915 2647 2969 quos
2679 2902 2904 2972 quisque
2941 2916 3066 2957 suos
3104 2899 3270 2968 novit,
3318 2919 3415 2960 nec

191 2995 363 3064 cognita
404 3005 456 3048 et
495 2994 683 3061 operis
713 3007 816 3045 non
845 2991 1084 3060 ignotum
1113 2996 1508 3058 argumentum.
1559 2989 1734 3043 Pluri-
1838 2989 2062 3058 quilibet.
2087 3001 2261 3044 tamen
2294 2993 2556 3063 pernovit,
2595 2979 2814 3064 qumam'
2840 2998 2964 3049 vitae
2994 2995 3295 3066 portionem
3320 3013 3414 3052 no-

190 3100 305 3138 mum
333 3084 467 3140 enim
497 3082 692 3149 refert,
726 3096 882 3151 quam
913 3080 1387 3146 existimationem,
1418 3094 1574 3149 quem
1615 3079 1733 3132 ani-
1838 3091 2033 3136 verunt
2061 3083 2150 3152 qui
2175 3085 2329 3138 nobis
2355 3086 2653 3140 arctissima
2678 3089 3036 3142 familiaritate
3055 3093 3226 3164 junCti
3259 3094 3415 3166 sunt!

190 3189 304 3229 mum
331 3175 515 3230 afferas
543 3173 618 3226 ad
651 3172 974 3242 legendum:
1011 3185 1107 3226 nec
1127 3169 1281 3225 facile
1304 3171 1448 3224 dictu
1476 3173 1546 3226 sit
1568 3185 1738 3240 quan-
1839 3172 2008 3228 Porro
2035 3173 2191 3229 famae
2217 3187 2413 3242 quanta
2443 3177 2652 3243 levitas,
2695 3189 2892 3250 quanta
2919 3184 3160 3240 vanitas?
3203 3187 3285 3248 Ad
3318 3187 3417 3245 hoc

191 3277 278 3321 tum
305 3266 668 3335 injudicantlo
689 3264 946 3318 momenti
977 3260 1167 3318 habeat
1194 3273 1514 3331 praesumpta
1547 3262 1614 3317 de
1641 3264 1737 3317 ho-
1839 3267 2375 3333 quantumhumauze
2422 3271 2693 3324 memoriae
2731 3272 3086 3340 perlluvium?
3132 3276 3268 3334 Cum
3313 3281 3416 3337 duo

189 3358 302 3413 utine
339 3357 536 3426 opinio.
571 3355 908 3425 Frequenter
939 3355 1315 3410 exosculamur
1341 3356 1542 3410 dictum
1575 3355 1644 3408 ab
1672 3369 1738 3410 eo
1839 3370 1952 3409 rem
1981 3365 2073 3409 aut
2096 3358 2392 3412 orationem
2423 3361 2688 3427 eamdem,
2712 3363 2793 3417 cui
2821 3367 3019 3434 pariter
3043 3367 3416 3437 interfuerunt,

189 3450 447 3530 profectum
471 3463 637 3519 quem
657 3463 919 3514 amatnus,
941 3446 1007 3502 de
1024 3463 1129 3518 quo
1156 3449 1436 3518 magniﬁce
1457 3448 1737 3514 sentimus,
1839 3448 2101 3514 referunt,
2155 3459 2351 3520 quanta
2402 3455 2722 3509 narrationis
2766 3455 3083 3514 diversitas?
3127 3461 3242 3516 Jam
3293 3463 3417 3540 quid

187 3541 456 3609 eonsputuri
483 3541 528 3594 si
546 3540 620 3593 ab
641 3539 748 3593 alio
771 3550 929 3609 quem
948 3539 1158 3593 odimus
1180 3539 1392 3594 venisse
1407 3540 1736 3595 crederetur.
1841 3540 1974 3596 istos
1998 3557 2292 3597 memorem
2327 3545 2416 3613 qui
2447 3543 2638 3598 fabulis
2665 3545 3003 3615 impudenter
3030 3553 3179 3606 vanis
3208 3565 3259 3607 et
3282 3539 3415 3608 con-

189 3628 443 3701 Utramque
469 3629 917 3686 commoditatem
943 3631 1027 3682 vir
1073 3642 1293 3683 sanctus
1321 3630 1477 3698 juxta
1521 3643 1584 3683 ac
1614 3635 1739 3699 pru-
1843 3633 1980 3688 fictis
2007 3635 2282 3689 miraculis
2313 3636 2625 3689 memoriam
2655 3653 2839 3692 eorum
2870 3639 3064 3707 quibus
3087 3621 3283 3708 favent,
3306 3654 3419 3700 stu-

186 3721 293 3776 dens
316 3722 645 3792 Augustinus
693 3720 776 3774 bis
820 3721 1028 3774 duabus
1077 3719 1536 3775 lucubrationibus
1586 3721 1739 3775 nobis
1843 3726 2152 3796 demvutgo
2180 3727 2580 3791 commendare,
2624 3744 3006 3800 nonnunquam
3047 3747 3111 3787 ea
3147 3713 3420 3791 laudame‘.

186 3816 478 3882 procuravit.
532 3815 714 3870 Libris
743 3815 1201 3868 Retractationum
1231 3815 1468 3867 omnium
1515 3830 1737 3884 operum
1765 3816 1812 3883 C
1847 3832 1965 3888 quae
2013 3817 2260 3873 laudatus
2298 3832 2397 3873 nec
2438 3817 2585 3884 fecit,
2628 3835 2726 3878 nec
2775 3821 3048 3888 probavit?
3092 3822 3161 3878 Et
3195 3826 3420 3896 arbitror

185 3917 372 3958 suorum
396 3914 713 3974 argumenta
735 3903 1032 3967 contexuit,
1063 3913 1120 3956 et
1141 3902 1553 3958 Confessionum
1587 3905 1740 3961 libris
1845 3910 2009 3965 fuisse
2039 3914 2125 3980 qtti
2160 3914 2304 3978 piunt
2335 3913 2689 3976 existimarint
2717 3914 3018 3984 hujusmodi
3054 3915 3184 3971 fucis
3213 3922 3420 3974 animos

186 3995 320 4047 vitam
345 4010 558 4048 omnem
593 4009 746 4047 suam
774 3993 1036 4063 depinxit,
1061 4007 1288 4062 quorum
1319 4003 1604 4060 utrumque
1628 4004 1735 4049 tam

1859 4003 1908 4055 Id
1942 4001 2217 4072 religionis
2243 4003 2476 4057 Studium
2515 4005 2831 4058 accendere.
2886 4008 2997 4076 Ego
3037 4006 3294 4076 pestilens
3322 4010 3420 4064 hoc

186 4086 433 4156 diligenter
460 4089 529 4142 ab
562 4087 660 4141 illo
687 4085 882 4140 factum
911 4091 1015 4152 est,
1073 4097 1132 4138 ut
1173 4085 1405 4152 iniquior
1429 4088 1617 4157 aliquis
1647 4101 1737 4141 su-
1841 4094 2146 4149 rabularum
2167 4109 2334 4165 genus
2364 4095 2502 4150 inter
2526 4093 2858 4151 Christianos
2885 4111 3099 4166 semper
3126 4113 3242 4152 sum
3274 4083 3421 4158 exse-

186 4181 346 4249 tpicari
392 4181 565 4250 possit
593 4195 699 4235 non
732 4194 950 4250 prorsus
995 4179 1237 4235 abfuisse
1275 4179 1565 4235 humanum
1608 4182 1735 4237 affe-
1840 4183 2054 4250 Cratus,
2097 4189 2184 4254 qui
2225 4200 2399 4254 neque
2434 4186 2610 4252 sciunt
2652 4202 2835 4241 veram
2879 4187 3094 4256 pietatis
3136 4189 3420 4258 imaginem

185 4283 302 4326 ctum
331 4274 590 4350 κινοδοξίᾳ
616 4287 708 4327 seu
736 4275 974 4349 φὰαυτίᾳ
1002 4273 1229 4342 cuipiam
1262 4273 1502 4329 affinem.
1538 4270 1735 4331 Verum
1843 4279 2188 4345 adumbrare,
2219 4279 2362 4348 quod
2387 4295 2544 4333 nemo
2577 4281 2725 4334 novit
2752 4280 2853 4336 nisi
2885 4297 3011 4336 vere
3055 4282 3196 4351 pius,
3238 4269 3422 4352 quales

187 4380 256 4421 res
283 4367 428 4438 longe
453 4383 614 4424 secus
644 4368 821 4432 habet,
876 4369 923 4420 si
967 4368 1056 4435 qui
1095 4367 1284 4436 optimi
1330 4370 1428 4422 viri
1455 4371 1733 4425 consilium
1846 4373 1890 4425 si
1927 4382 2107 4426 essent
2141 4372 2254 4440 illi,
2297 4386 2565 4442 nunquam
2609 4372 2804 4428 talibus
2847 4374 3139 4429 mendaciis
3177 4373 3423 4430 fallerent

187 4461 442 4528 expendat.
487 4460 632 4514 Olim
679 4460 917 4512 solemne
953 4468 1069 4512 erat
1099 4461 1467 4527 prmstantium
1499 4462 1734 4515 virorum
1845 4463 2134 4531 discipulos
2173 4462 2314 4517 illius
2337 4465 2424 4532 qui
2453 4463 2650 4517 veritas
2675 4474 2776 4529 est,
2808 4474 2861 4518 et
2889 4464 3190 4536 lmjusmodi
3217 4466 3423 4534 technis

187 4563 310 4620 gesta
335 4555 482 4608 libris
506 4565 560 4609 et
587 4552 921 4607 orationibus
949 4552 1246 4608 celebrare.
1297 4553 1409 4607 Hoc
1434 4555 1736 4622 exemplum
1848 4552 1954 4607 hoc
1985 4553 2223 4607 efficiunt
2254 4562 2311 4606 ut
2340 4568 2436 4607 nec
2461 4569 2586 4608 vera
2620 4555 2957 4609 narrantibus
2989 4557 3246 4611 habeatur
3269 4539 3421 4612 fides.

187 4657 209 4696 ι
231 4646 399 4699 mil-ilia
423 4645 490 4699 ad
521 4643 723 4708 studia,
747 4659 778 4697 a
801 4643 1001 4696 Grmcis
1031 4644 1098 4696 ad
1131 4643 1348 4698 Latinos
1380 4654 1430 4697 et
1460 4644 1735 4710 barbaros,
1847 4646 2046 4700 ilorum
2080 4661 2145 4699 ne
2173 4644 2298 4714 quid
2329 4644 2576 4700 accidere
2603 4655 2802 4715 posset,
2836 4648 3160 4716 Augustinus
3199 4664 3298 4702 suo
3328 4662 3426 4718 pe-

185 4749 212 4787 a
233 4735 439 4791 ducibus
479 4750 548 4791 ac
595 4733 928 4806 philosophis
969 4733 1036 4788 ad
1076 4734 1360 4803 episcopos
1407 4735 1734 4790 demanavit.
1846 4737 2027 4790 nicillo
2056 4737 2288 4802 seipsum
2322 4737 2476 4790 nobis
2503 4737 2764 4806 depinxit,
2797 4739 2955 4806 idque
2988 4748 3046 4792 ut
3073 4738 3272 4808 majore
3304 4753 3424 4794 cum

189 4825 496 4898 Perspicieus
526 4830 707 4894 itaque
738 4826 1128 4896 frequenter‘in
1169 4826 1407 4882 historiis
1434 4827 1739 4896 bujusmodi
1848 4828 1953 4882 iide
1983 4826 2205 4894 iaceret,
2251 4842 2348 4881 nec
2381 4830 2518 4881 mala
2562 4844 2657 4882 sua
2702 4827 2935 4890 reticuit,
2982 4845 3081 4883 nec
3123 4829 3425 4884 hominibus

187 4919 385 4974 multum
411 4920 661 4974 falsitatis
689 4917 940 4986 inveniri,
958 4919 1072 4972 sive
1089 4918 1378 4973 immodico
1403 4918 1602 4988 studio,
1627 4918 1742 4973 sive
1850 4919 1950 4973 ista
1968 4919 2222 4988 loquitur,
2247 4919 2339 4974 sed
2363 4919 2473 4974 Deo
2497 4920 2800 4986 conﬁtetur,
2826 4923 2910 4975 cui
2934 4922 3145 4976 mentiri
3163 4937 3260 4976 nec
3282 4924 3425 4992 pium

244 5119 259 5138 '
284 5115 353 5170 De
374 5117 460 5172 his
507 5117 815 5192 auctoribus
847 5115 1116 5192 lectorem
1150 5115 1422 5192 monitum
1473 5116 1738 5192 volumus,
1769 5124 1826 5186 ι)
1919 5119 2181 5174 Caeterum
2212 5121 2331 5188 quis
2358 5120 2559 5177 nesciat
2590 5121 2830 5192 quasdam
2861 5123 3334 5186 baresiarcbarum
3377 5140 3428 5184 et

188 5198 508 5264 nenornnes
586 5190 701 5256 pari
759 5187 1095 5264 orthodoxiat
1145 5187 1736 5264 laude__comtnendari.
1853 5205 2177 5264 paganorum
2232 5187 2396 5264 opera
2453 5187 2691 5246 studiose
2734 5194 2928 5262 smpius
2970 5195 3133 5250 fuisse
3180 5198 3426 5264 collecta,

188 5252 666 5337 Neminieniinnon
692 5267 881 5314 notum
897 5266 1000 5322 est,
1019 5257 1296 5337 Erasmum
1327 5258 1741 5337 lioterodatnum
1841 5252 1960 5316 tua.
2005 5276 2078 5337 ne
2106 5263 2151 5315 si
2179 5252 2304 5328 quid
2335 5252 2969 5337 intermisceretur'boni,
3011 5252 3419 5337 deperderetur,

192 5338 368 5402 necnon
393 5339 444 5402 et
486 5327 1523 5402 Phereponunt._seu_potitts_Joannem
1570 5329 1742 5402 Clet-i-
1851 5341 1959 5386 tum
1982 5333 2146 5402 etiam
2173 5327 2229 5386 ut
2257 5333 2396 5401 quod
2427 5347 2665 5392 errorem
2690 5336 2934 5402 sapiebat
2961 5327 3158 5392 novum
3184 5327 3425 5396 historias

192 5399 384 5476 cum_(|e_
411 5400 587 5476 Clerc)_
619 5397 719 5476 sub
753 5399 856 5453 hoc
885 5397 1074 5476 fictitio
1106 5399 1319 5476 nomine
1349 5399 1744 5476 _la_tet_ttet_n,-_in
1856 5401 2232 5456 ecclesiastica:
2255 5397 2641 5476 suppeditaret
2683 5397 3109 5464 monmnentum.
3160 5409 3324 5476 Hujus
3351 5412 3428 5466 rei

191 5467 348 5522 militis
372 5467 733 5525 lteterodoxia:
759 5485 882 5549 reos
903 5484 940 5549 a_
961 5469 1095 5549 viris
1117 5469 1392 5522 catholicis
1401 5468 1618 5549 “haberi.
1647 5468 1747 5549 Ve-
1856 5482 2019 5549 testes
2045 5482 2168 5526 sunt
2192 5467 2514 5534 scholiastze,
2536 5483 2984 5549 commentatores
3007 5467 3428 5549 collectoresque

194 5547 486 5605 tamtamen,
518 5557 639 5618 eum
667 5542 802 5595 satis
832 5539 1014 5618 multa;
1042 5539 1254 5618 illusum
1301 5556 1352 5593 in
1396 5539 1457 5593 S.
1487 5541 1744 5618 Augusti-
1855 5543 2080 5618 deorum
2111 5557 2230 5618 qua:
2261 5556 2583 5618 praecessere
2609 5547 2949 5618 seculorum.
2981 5558 3140 5617 atque
3161 5551 3212 5602 in
3243 5539 3427 5618 primis

194 5619 298 5686 num
324 5612 688 5690 annutatimtes
726 5626 830 5666 non
862 5610 1284 5690 mediusrissipt
1333 5615 1610 5674 momenti,
1643 5611 1739 5690 bas
1853 5610 2934 5690 Bel-tedictitti,“quibus,iteterodoxqrum
2960 5610 3149 5690 omnis
3189 5610 3426 5690 generis,

195 5677 394 5752 reticere
420 5682 703 5750 noluimus,
739 5692 957 5756 propter
984 5681 1130 5733 locus
1159 5681 1362 5756 aliquot
1398 5697 1501 5734 non
1537 5679 1743 5756 penitus
1855 5699 1906 5736 v.
1930 5698 2007 5750 g.,
2031 5683 2199 5756 Celsi,
2221 5677 2519 5756 Porphyrii,
2543 5684 2759 5747 Juliani,
2791 5687 2985 5756 Pelagii
3013 5703 3067 5744 et
3089 5677 3312 5745 aliorum
3341 5677 3425 5745 er:

196 5756 570 5826 "reprehensos
589 5763 681 5806 aut
708 5755 869 5806 etiam
895 5765 1169 5826 erroneus,
1202 5766 1231 5806 a
1253 5754 1444 5822 quibus
1472 5752 1744 5808 studiosus
1851 5764 2093 5807 ramenta
2126 5755 2237 5826 suis
2267 5752 2588 5810 cditiimibus
2618 5757 2768 5824 quasi
2797 5752 3104 5825 suscitasse,
3135 5775 3166 5816 a
3209 5763 3425 5817 nemine

196 5823 908 5894 Quisque-facileprmvece
935 5823 1149 5891 poterit.
1855 5837 2086 5892 unquam
2117 5824 2246 5879 vitio
2266 5838 2476 5880 versum
2505 5836 2606 5882 est.
2636 5823 2790 5882 EDI'I'.
3056 5862 3058 5864 -
3089 5823 3097 5825 ἡ
3385 5851 3394 5874 .-
