  <div class='ocr_page' id='page_1' title='image "/cluster/home/n/w/nwhite01/storage/ocr_20150623/47/hvd.32044015471527/105.png"; bbox 0 0 3954 6364; ppageno 0'>
   <div class='ocr_carea' id='block_1_1' title="bbox 514 315 3723 394">
    <p class='ocr_par' dir='ltr' id='par_1_1' title="bbox 514 315 3723 394">
     <span class='ocr_line' id='line_1_1' title="bbox 514 315 3723 394; baseline -0.007 -8"><span class='ocrx_word' id='word_1_1' title='bbox 514 329 614 387; x_wconf 71' lang='grc'><strong>199</strong></span> <span class='ocrx_word' id='word_1_2' title='bbox 1395 321 1950 380; x_wconf 77' lang='lat' dir='ltr'><strong>SUPPLEMENTUM</strong></span> <span class='ocrx_word' id='word_1_3' title='bbox 1991 321 2081 377; x_wconf 79' lang='lat' dir='ltr'><strong>AD</strong></span> <span class='ocrx_word' id='word_1_4' title='bbox 2119 317 2347 376; x_wconf 77' lang='lat' dir='ltr'><strong>OPERA</strong></span> <span class='ocrx_word' id='word_1_5' title='bbox 2384 318 2442 373; x_wconf 89' lang='lat' dir='ltr'><strong>S.</strong></span> <span class='ocrx_word' id='word_1_6' title='bbox 2484 315 2875 373; x_wconf 79' lang='lat' dir='ltr'><strong>AUGUSTINI.</strong></span> <span class='ocrx_word' id='word_1_7' title='bbox 3060 361 3062 364; x_wconf 96' lang='lat'><strong>.</strong></span> <span class='ocrx_word' id='word_1_8' title='bbox 3637 335 3723 394; x_wconf 59' lang='lat' dir='ltr'><strong>mo</strong></span> 
     </span>
    </p>
   </div>
   <div class='ocr_carea' id='block_1_2' title="bbox 516 435 3723 513">
    <p class='ocr_par' dir='ltr' id='par_1_2' title="bbox 516 435 3723 513">
     <span class='ocr_line' id='line_1_2' title="bbox 516 435 3723 513; baseline 0.002 -13"><span class='ocrx_word' id='word_1_9' title='bbox 516 455 621 509; x_wconf 88' lang='lat' dir='ltr'><strong>est,</strong></span> <span class='ocrx_word' id='word_1_10' title='bbox 662 457 762 500; x_wconf 89' lang='lat' dir='ltr'><strong>nec</strong></span> <span class='ocrx_word' id='word_1_11' title='bbox 801 451 999 500; x_wconf 88' lang='lat' dir='ltr'><strong>tutum.</strong></span> <span class='ocrx_word' id='word_1_12' title='bbox 1049 443 1164 498; x_wconf 84' lang='lat' dir='ltr'><strong>Jam</strong></span> <span class='ocrx_word' id='word_1_13' title='bbox 1203 443 1254 498; x_wconf 91' lang='lat' dir='ltr'><strong>in</strong></span> <span class='ocrx_word' id='word_1_14' title='bbox 1299 442 1658 498; x_wconf 87' lang='lat' dir='ltr'><strong>voluminibus</strong></span> <span class='ocrx_word' id='word_1_15' title='bbox 1706 451 1900 513; x_wconf 88' lang='lat' dir='ltr'><strong>quanta</strong></span> <span class='ocrx_word' id='word_1_16' title='bbox 1943 439 2101 496; x_wconf 90' lang='lat' dir='ltr'><strong>fuerit</strong></span> <span class='ocrx_word' id='word_1_17' title='bbox 2126 439 2175 500; x_wconf 82' lang='lat' dir='ltr'><strong>A</strong></span> <span class='ocrx_word' id='word_1_18' title='bbox 2203 436 2440 506; x_wconf 82' lang='lat' dir='ltr'><strong>genium.</strong></span> <span class='ocrx_word' id='word_1_19' title='bbox 2472 435 2621 490; x_wconf 82' lang='lat' dir='ltr'><strong>Alios</strong></span> <span class='ocrx_word' id='word_1_20' title='bbox 2648 435 2955 492; x_wconf 82' lang='lat' dir='ltr'><strong>blandiores</strong></span> <span class='ocrx_word' id='word_1_21' title='bbox 2983 435 3067 493; x_wconf 76' lang='lat' dir='ltr'><strong>ve.‘</strong></span> <span class='ocrx_word' id='word_1_22' title='bbox 3098 436 3298 494; x_wconf 84' lang='lat' dir='ltr'><strong>adulari</strong></span> <span class='ocrx_word' id='word_1_23' title='bbox 3335 442 3415 497; x_wconf 90' lang='lat' dir='ltr'><strong>vel</strong></span> <span class='ocrx_word' id='word_1_24' title='bbox 3443 444 3602 505; x_wconf 88' lang='lat' dir='ltr'><strong>ridere</strong></span> <span class='ocrx_word' id='word_1_25' title='bbox 3627 466 3723 510; x_wconf 88' lang='lat' dir='ltr'><strong>cre-</strong></span> 
     </span>
    </p>
   </div>
   <div class='ocr_carea' id='block_1_3' title="bbox 517 530 3727 618">
    <p class='ocr_par' dir='ltr' id='par_1_3' title="bbox 517 530 3727 618">
     <span class='ocr_line' id='line_1_3' title="bbox 517 530 3727 618; baseline 0.002 -24"><span class='ocrx_word' id='word_1_26' title='bbox 517 539 926 607; x_wconf 80' lang='lat' dir='ltr'><strong>i‘hscriptionum</strong></span> <span class='ocrx_word' id='word_1_27' title='bbox 955 537 1037 592; x_wconf 85' lang='lat' dir='ltr'><strong>vel</strong></span> <span class='ocrx_word' id='word_1_28' title='bbox 1064 537 1352 605; x_wconf 86' lang='lat' dir='ltr'><strong>impostura</strong></span> <span class='ocrx_word' id='word_1_29' title='bbox 1384 538 1468 591; x_wconf 87' lang='lat' dir='ltr'><strong>vel</strong></span> <span class='ocrx_word' id='word_1_30' title='bbox 1509 535 1792 591; x_wconf 78' lang='lat' dir='ltr'><strong>infelicitas</strong></span> <span class='ocrx_word' id='word_1_31' title='bbox 1818 543 2091 603; x_wconf 78' lang='lat' dir='ltr'><strong>reputans,</strong></span> <span class='ocrx_word' id='word_1_32' title='bbox 2209 533 2336 594; x_wconf 82' lang='lat' dir='ltr'><strong>das;</strong></span> <span class='ocrx_word' id='word_1_33' title='bbox 2370 544 2553 585; x_wconf 72' lang='lat' dir='ltr'><strong>rursus</strong></span> <span class='ocrx_word' id='word_1_34' title='bbox 2583 530 2716 586; x_wconf 76' lang='lat' dir='ltr'><strong>alios</strong></span> <span class='ocrx_word' id='word_1_35' title='bbox 2747 532 2952 586; x_wconf 69' lang='lat' dir='ltr'><strong>occulta</strong></span> <span class='ocrx_word' id='word_1_36' title='bbox 2984 541 3185 588; x_wconf 62' lang='lat' dir='ltr'><strong>natura:</strong></span> <span class='ocrx_word' id='word_1_37' title='bbox 3223 535 3274 589; x_wconf 86' lang='lat' dir='ltr'><strong>vi</strong></span> <span class='ocrx_word' id='word_1_38' title='bbox 3301 540 3550 606; x_wconf 79' lang='lat' dir='ltr'><strong>proclives</strong></span> <span class='ocrx_word' id='word_1_39' title='bbox 3579 546 3634 599; x_wconf 86' lang='lat' dir='ltr'><strong>ad</strong></span> <span class='ocrx_word' id='word_1_40' title='bbox 3657 548 3727 618; x_wconf 78' lang='lat' dir='ltr'><strong>jo-</strong></span> 
     </span>
    </p>
   </div>
   <div class='ocr_carea' id='block_1_4' title="bbox 519 626 3730 702">
    <p class='ocr_par' dir='ltr' id='par_1_4' title="bbox 519 626 3730 702">
     <span class='ocr_line' id='line_1_4' title="bbox 519 626 3730 702; baseline 0.004 -19"><span class='ocrx_word' id='word_1_41' title='bbox 519 628 642 683; x_wconf 89' lang='lat' dir='ltr'><strong>dum</strong></span> <span class='ocrx_word' id='word_1_42' title='bbox 673 628 755 682; x_wconf 93' lang='lat' dir='ltr'><strong>vel</strong></span> <span class='ocrx_word' id='word_1_43' title='bbox 799 629 999 682; x_wconf 91' lang='lat' dir='ltr'><strong>incuria</strong></span> <span class='ocrx_word' id='word_1_44' title='bbox 1029 628 1208 681; x_wconf 66' lang='lat' dir='ltr'><strong>multae</strong></span> <span class='ocrx_word' id='word_1_45' title='bbox 1255 627 1549 682; x_wconf 87' lang='lat' dir='ltr'><strong>celebrium</strong></span> <span class='ocrx_word' id='word_1_46' title='bbox 1598 627 1920 698; x_wconf 90' lang='lat' dir='ltr'><strong>scriptorum</strong></span> <span class='ocrx_word' id='word_1_47' title='bbox 1949 626 2094 680; x_wconf 55' lang='lat' dir='ltr'><strong>lucun</strong></span> <span class='ocrx_word' id='word_1_48' title='bbox 2203 627 2456 692; x_wconf 85' lang='lat' dir='ltr'><strong>cattdum,</strong></span> <span class='ocrx_word' id='word_1_49' title='bbox 2489 640 2676 695; x_wconf 91' lang='lat' dir='ltr'><strong>parum</strong></span> <span class='ocrx_word' id='word_1_50' title='bbox 2706 641 2894 697; x_wconf 78' lang='lat' dir='ltr'><strong>graves</strong></span> <span class='ocrx_word' id='word_1_51' title='bbox 2932 628 3212 694; x_wconf 80' lang='lat' dir='ltr'><strong>arbitrere,</strong></span> <span class='ocrx_word' id='word_1_52' title='bbox 3259 632 3311 684; x_wconf 92' lang='lat' dir='ltr'><strong>ni</strong></span> <span class='ocrx_word' id='word_1_53' title='bbox 3351 634 3554 702; x_wconf 87' lang='lat' dir='ltr'><strong>propius</strong></span> <span class='ocrx_word' id='word_1_54' title='bbox 3577 652 3631 693; x_wconf 87' lang='lat' dir='ltr'><strong>ac</strong></span> <span class='ocrx_word' id='word_1_55' title='bbox 3655 641 3730 696; x_wconf 91' lang='lat' dir='ltr'><strong>do-</strong></span> 
     </span>
    </p>
   </div>
   <div class='ocr_carea' id='block_1_5' title="bbox 520 717 3733 790">
    <p class='ocr_par' dir='ltr' id='par_1_5' title="bbox 520 717 3733 790">
     <span class='ocr_line' id='line_1_5' title="bbox 520 717 3733 790; baseline 0.002 -17"><span class='ocrx_word' id='word_1_56' title='bbox 520 717 790 774; x_wconf 90' lang='lat' dir='ltr'><strong>brationes</strong></span> <span class='ocrx_word' id='word_1_57' title='bbox 821 717 1166 785; x_wconf 89' lang='lat' dir='ltr'><strong>intercidunt,</strong></span> <span class='ocrx_word' id='word_1_58' title='bbox 1209 719 1293 774; x_wconf 91' lang='lat' dir='ltr'><strong>vel</strong></span> <span class='ocrx_word' id='word_1_59' title='bbox 1325 719 1534 774; x_wconf 72' lang='lat' dir='ltr'><strong>inscitia</strong></span> <span class='ocrx_word' id='word_1_60' title='bbox 1567 719 1812 774; x_wconf 86' lang='lat' dir='ltr'><strong>studiove</strong></span> <span class='ocrx_word' id='word_1_61' title='bbox 1842 718 2100 774; x_wconf 78' lang='lat' dir='ltr'><strong>fraudatis</strong></span> <span class='ocrx_word' id='word_1_62' title='bbox 2205 719 2430 773; x_wconf 85' lang='lat' dir='ltr'><strong>mestiee</strong></span> <span class='ocrx_word' id='word_1_63' title='bbox 2458 733 2666 774; x_wconf 88' lang='lat' dir='ltr'><strong>nosses.</strong></span> <span class='ocrx_word' id='word_1_64' title='bbox 2709 718 2818 774; x_wconf 84' lang='lat' dir='ltr'><strong>Nec</strong></span> <span class='ocrx_word' id='word_1_65' title='bbox 2843 719 3030 774; x_wconf 88' lang='lat' dir='ltr'><strong>dubito</strong></span> <span class='ocrx_word' id='word_1_66' title='bbox 3060 721 3186 790; x_wconf 85' lang='lat' dir='ltr'><strong>quin</strong></span> <span class='ocrx_word' id='word_1_67' title='bbox 3216 721 3314 775; x_wconf 86' lang='lat' dir='ltr'><strong>hoc</strong></span> <span class='ocrx_word' id='word_1_68' title='bbox 3346 725 3515 780; x_wconf 89' lang='lat' dir='ltr'><strong>multis</strong></span> <span class='ocrx_word' id='word_1_69' title='bbox 3553 744 3640 784; x_wconf 89' lang='lat' dir='ltr'><strong>usu</strong></span> <span class='ocrx_word' id='word_1_70' title='bbox 3663 749 3733 790; x_wconf 78' lang='lat' dir='ltr'><strong>ve.</strong></span> 
     </span>
    </p>
   </div>
   <div class='ocr_carea' id='block_1_6' title="bbox 522 809 3734 883">
    <p class='ocr_par' dir='ltr' id='par_1_6' title="bbox 522 809 3734 883">
     <span class='ocr_line' id='line_1_6' title="bbox 522 809 3734 883; baseline 0.003 -14"><span class='ocrx_word' id='word_1_71' title='bbox 522 813 826 869; x_wconf 81' lang='lat' dir='ltr'><strong>auctoribus</strong></span> <span class='ocrx_word' id='word_1_72' title='bbox 857 814 906 867; x_wconf 92' lang='lat' dir='ltr'><strong>in</strong></span> <span class='ocrx_word' id='word_1_73' title='bbox 936 813 1169 866; x_wconf 89' lang='lat' dir='ltr'><strong>alienum</strong></span> <span class='ocrx_word' id='word_1_74' title='bbox 1222 827 1414 866; x_wconf 90' lang='lat' dir='ltr'><strong>nomen</strong></span> <span class='ocrx_word' id='word_1_75' title='bbox 1465 812 1642 881; x_wconf 90' lang='lat' dir='ltr'><strong>plagio</strong></span> <span class='ocrx_word' id='word_1_76' title='bbox 1685 811 2098 876; x_wconf 86' lang='lat' dir='ltr'><strong>transferuntur,</strong></span> <span class='ocrx_word' id='word_1_77' title='bbox 2208 809 2322 864; x_wconf 89' lang='lat' dir='ltr'><strong>niat</strong></span> <span class='ocrx_word' id='word_1_78' title='bbox 2349 824 2533 865; x_wconf 90' lang='lat' dir='ltr'><strong>eorum</strong></span> <span class='ocrx_word' id='word_1_79' title='bbox 2565 811 2655 880; x_wconf 90' lang='lat' dir='ltr'><strong>qui</strong></span> <span class='ocrx_word' id='word_1_80' title='bbox 2695 825 2885 866; x_wconf 87' lang='lat' dir='ltr'><strong>recens</strong></span> <span class='ocrx_word' id='word_1_81' title='bbox 2921 811 2986 867; x_wconf 90' lang='lat' dir='ltr'><strong>ad</strong></span> <span class='ocrx_word' id='word_1_82' title='bbox 3009 811 3503 883; x_wconf 86' lang='lat' dir='ltr'><strong>Augustinianorum</strong></span> <span class='ocrx_word' id='word_1_83' title='bbox 3542 824 3734 880; x_wconf 87' lang='lat' dir='ltr'><strong>volumi-</strong></span> 
     </span>
    </p>
   </div>
   <div class='ocr_carea' id='block_1_7' title="bbox 523 903 3733 977">
    <p class='ocr_par' dir='ltr' id='par_1_7' title="bbox 523 903 3733 977">
     <span class='ocr_line' id='line_1_7' title="bbox 523 903 3733 977; baseline 0.002 -16"><span class='ocrx_word' id='word_1_84' title='bbox 523 908 604 961; x_wconf 85' lang='lat' dir='ltr'><strong>vel</strong></span> <span class='ocrx_word' id='word_1_85' title='bbox 629 907 730 960; x_wconf 90' lang='lat' dir='ltr'><strong>sub</strong></span> <span class='ocrx_word' id='word_1_86' title='bbox 758 906 996 974; x_wconf 89' lang='lat' dir='ltr'><strong>gratioso</strong></span> <span class='ocrx_word' id='word_1_87' title='bbox 1024 906 1232 974; x_wconf 90' lang='lat' dir='ltr'><strong>piorum</strong></span> <span class='ocrx_word' id='word_1_88' title='bbox 1278 903 1553 958; x_wconf 87' lang='lat' dir='ltr'><strong>hominum</strong></span> <span class='ocrx_word' id='word_1_89' title='bbox 1597 906 1748 959; x_wconf 88' lang='lat' dir='ltr'><strong>titulo</strong></span> <span class='ocrx_word' id='word_1_90' title='bbox 1779 903 2104 974; x_wconf 89' lang='lat' dir='ltr'><strong>supposititii</strong></span> <span class='ocrx_word' id='word_1_91' title='bbox 2208 920 2335 958; x_wconf 91' lang='lat' dir='ltr'><strong>num</strong></span> <span class='ocrx_word' id='word_1_92' title='bbox 2371 904 2654 959; x_wconf 87' lang='lat' dir='ltr'><strong>lectionem</strong></span> <span class='ocrx_word' id='word_1_93' title='bbox 2698 905 2844 960; x_wconf 91' lang='lat' dir='ltr'><strong>velut</strong></span> <span class='ocrx_word' id='word_1_94' title='bbox 2888 906 2939 960; x_wconf 89' lang='lat' dir='ltr'><strong>in</strong></span> <span class='ocrx_word' id='word_1_95' title='bbox 2996 907 3318 977; x_wconf 90' lang='lat' dir='ltr'><strong>colloquium</strong></span> <span class='ocrx_word' id='word_1_96' title='bbox 3355 911 3492 966; x_wconf 86' lang='lat' dir='ltr'><strong>illius</strong></span> <span class='ocrx_word' id='word_1_97' title='bbox 3525 919 3733 974; x_wconf 87' lang='lat' dir='ltr'><strong>veniunt.</strong></span> 
     </span>
    </p>
   </div>
   <div class='ocr_carea' id='block_1_8' title="bbox 525 995 3740 1069">
    <p class='ocr_par' dir='ltr' id='par_1_8' title="bbox 525 995 3740 1069">
     <span class='ocr_line' id='line_1_8' title="bbox 525 995 3740 1069; baseline 0.004 -15"><span class='ocrx_word' id='word_1_98' title='bbox 525 1013 818 1069; x_wconf 90' lang='lat' dir='ltr'><strong>nugonum,</strong></span> <span class='ocrx_word' id='word_1_99' title='bbox 861 1014 928 1052; x_wconf 89' lang='lat' dir='ltr'><strong>ne</strong></span> <span class='ocrx_word' id='word_1_100' title='bbox 958 997 1132 1052; x_wconf 89' lang='lat' dir='ltr'><strong>dicam</strong></span> <span class='ocrx_word' id='word_1_101' title='bbox 1168 998 1539 1052; x_wconf 59' lang='lat' dir='ltr'><strong>haereticorum</strong></span> <span class='ocrx_word' id='word_1_102' title='bbox 1581 998 1744 1052; x_wconf 90' lang='lat' dir='ltr'><strong>libelli</strong></span> <span class='ocrx_word' id='word_1_103' title='bbox 1786 1005 2106 1067; x_wconf 86' lang='lat' dir='ltr'><strong>sparguntur</strong></span> <span class='ocrx_word' id='word_1_104' title='bbox 2210 995 2445 1050; x_wconf 87' lang='lat' dir='ltr'><strong>Offendit</strong></span> <span class='ocrx_word' id='word_1_105' title='bbox 2487 996 2695 1065; x_wconf 88' lang='lat' dir='ltr'><strong>species</strong></span> <span class='ocrx_word' id='word_1_106' title='bbox 2731 997 2975 1066; x_wconf 70' lang='lat' dir='ltr'><strong>quzedam</strong></span> <span class='ocrx_word' id='word_1_107' title='bbox 3013 998 3367 1069; x_wconf 81' lang='lat' dir='ltr'><strong>loquacitatis,</strong></span> <span class='ocrx_word' id='word_1_108' title='bbox 3411 1004 3661 1062; x_wconf 86' lang='lat' dir='ltr'><strong>offendunt</strong></span> <span class='ocrx_word' id='word_1_109' title='bbox 3698 1011 3740 1067; x_wconf 91' lang='lat' dir='ltr'><strong>in</strong></span> 
     </span>
    </p>
   </div>
   <div class='ocr_carea' id='block_1_9' title="bbox 526 1088 3741 1161">
    <p class='ocr_par' dir='ltr' id='par_1_9' title="bbox 526 1088 3741 1161">
     <span class='ocr_line' id='line_1_9' title="bbox 526 1088 3741 1161; baseline 0.003 -15"><span class='ocrx_word' id='word_1_110' title='bbox 526 1093 576 1146; x_wconf 91' lang='lat' dir='ltr'><strong>in</strong></span> <span class='ocrx_word' id='word_1_111' title='bbox 622 1090 829 1158; x_wconf 87' lang='lat' dir='ltr'><strong>vulgus,</strong></span> <span class='ocrx_word' id='word_1_112' title='bbox 875 1089 1022 1144; x_wconf 88' lang='lat' dir='ltr'><strong>libris</strong></span> <span class='ocrx_word' id='word_1_113' title='bbox 1065 1089 1523 1143; x_wconf 84' lang='lat' dir='ltr'><strong>Retractationum</strong></span> <span class='ocrx_word' id='word_1_114' title='bbox 1566 1089 1646 1143; x_wconf 89' lang='lat' dir='ltr'><strong>his</strong></span> <span class='ocrx_word' id='word_1_115' title='bbox 1683 1089 1838 1143; x_wconf 88' lang='lat' dir='ltr'><strong>malis</strong></span> <span class='ocrx_word' id='word_1_116' title='bbox 1873 1088 2107 1144; x_wconf 91' lang='lat' dir='ltr'><strong>occurrit</strong></span> <span class='ocrx_word' id='word_1_117' title='bbox 2213 1089 2428 1160; x_wconf 90' lang='lat' dir='ltr'><strong>longum</strong></span> <span class='ocrx_word' id='word_1_118' title='bbox 2469 1088 2745 1158; x_wconf 75' lang='lat' dir='ltr'><strong>producta:</strong></span> <span class='ocrx_word' id='word_1_119' title='bbox 2784 1091 3012 1161; x_wconf 87' lang='lat' dir='ltr'><strong>periodi,</strong></span> <span class='ocrx_word' id='word_1_120' title='bbox 3057 1093 3294 1148; x_wconf 84' lang='lat' dir='ltr'><strong>ostendit</strong></span> <span class='ocrx_word' id='word_1_121' title='bbox 3329 1096 3494 1150; x_wconf 84' lang='lat' dir='ltr'><strong>oratio</strong></span> <span class='ocrx_word' id='word_1_122' title='bbox 3537 1115 3741 1157; x_wconf 89' lang='lat' dir='ltr'><strong>nonnun-</strong></span> 
     </span>
    </p>
   </div>
   <div class='ocr_carea' id='block_1_10' title="bbox 528 1180 3743 1255">
    <p class='ocr_par' dir='ltr' id='par_1_10' title="bbox 528 1180 3743 1255">
     <span class='ocr_line' id='line_1_10' title="bbox 528 1180 3743 1255; baseline 0.003 -17"><span class='ocrx_word' id='word_1_123' title='bbox 528 1194 672 1239; x_wconf 86' lang='lat' dir='ltr'><strong>tauta</strong></span> <span class='ocrx_word' id='word_1_124' title='bbox 700 1199 852 1251; x_wconf 89' lang='lat' dir='ltr'><strong>cura,</strong></span> <span class='ocrx_word' id='word_1_125' title='bbox 879 1191 936 1237; x_wconf 91' lang='lat' dir='ltr'><strong>ut</strong></span> <span class='ocrx_word' id='word_1_126' title='bbox 959 1184 1287 1253; x_wconf 90' lang='lat' dir='ltr'><strong>singulorum</strong></span> <span class='ocrx_word' id='word_1_127' title='bbox 1322 1197 1542 1254; x_wconf 81' lang='lat' dir='ltr'><strong>cperunt</strong></span> <span class='ocrx_word' id='word_1_128' title='bbox 1586 1193 1640 1237; x_wconf 93' lang='lat' dir='ltr'><strong>et</strong></span> <span class='ocrx_word' id='word_1_129' title='bbox 1680 1183 1865 1238; x_wconf 84' lang='lat' dir='ltr'><strong>titulos</strong></span> <span class='ocrx_word' id='word_1_130' title='bbox 1890 1191 1945 1238; x_wconf 91' lang='lat' dir='ltr'><strong>et</strong></span> <span class='ocrx_word' id='word_1_131' title='bbox 1974 1192 2109 1237; x_wconf 84' lang='lat' dir='ltr'><strong>tem-</strong></span> <span class='ocrx_word' id='word_1_132' title='bbox 2213 1197 2373 1251; x_wconf 85' lang='lat' dir='ltr'><strong>quam</strong></span> <span class='ocrx_word' id='word_1_133' title='bbox 2409 1180 2475 1235; x_wconf 89' lang='lat' dir='ltr'><strong>ad</strong></span> <span class='ocrx_word' id='word_1_134' title='bbox 2515 1182 2828 1251; x_wconf 81' lang='lat' dir='ltr'><strong>popularem</strong></span> <span class='ocrx_word' id='word_1_135' title='bbox 2859 1198 3165 1239; x_wconf 90' lang='lat' dir='ltr'><strong>sermonem</strong></span> <span class='ocrx_word' id='word_1_136' title='bbox 3191 1186 3535 1255; x_wconf 80' lang='lat' dir='ltr'><strong>degenerans,</strong></span> <span class='ocrx_word' id='word_1_137' title='bbox 3563 1192 3743 1248; x_wconf 82' lang='lat' dir='ltr'><strong>offendit</strong></span> 
     </span>
    </p>
   </div>
   <div class='ocr_carea' id='block_1_11' title="bbox 529 1271 3745 1354">
    <p class='ocr_par' dir='ltr' id='par_1_11' title="bbox 529 1271 3745 1354">
     <span class='ocr_line' id='line_1_11' title="bbox 529 1271 3745 1354; baseline 0.003 -27"><span class='ocrx_word' id='word_1_138' title='bbox 529 1290 657 1345; x_wconf 89' lang='lat' dir='ltr'><strong>pora</strong></span> <span class='ocrx_word' id='word_1_139' title='bbox 700 1283 757 1329; x_wconf 92' lang='lat' dir='ltr'><strong>et</strong></span> <span class='ocrx_word' id='word_1_140' title='bbox 790 1283 1101 1345; x_wconf 82' lang='lat' dir='ltr'><strong>argumenta</strong></span> <span class='ocrx_word' id='word_1_141' title='bbox 1145 1283 1200 1328; x_wconf 91' lang='lat' dir='ltr'><strong>et</strong></span> <span class='ocrx_word' id='word_1_142' title='bbox 1240 1274 1550 1329; x_wconf 89' lang='lat' dir='ltr'><strong>occasiones</strong></span> <span class='ocrx_word' id='word_1_143' title='bbox 1597 1283 1651 1328; x_wconf 91' lang='lat' dir='ltr'><strong>et</strong></span> <span class='ocrx_word' id='word_1_144' title='bbox 1692 1273 1840 1328; x_wconf 91' lang='lat' dir='ltr'><strong>initia</strong></span> <span class='ocrx_word' id='word_1_145' title='bbox 1891 1273 2105 1337; x_wconf 86' lang='lat' dir='ltr'><strong>notarit,</strong></span> <span class='ocrx_word' id='word_1_146' title='bbox 2215 1271 2523 1328; x_wconf 85' lang='lat' dir='ltr'><strong>earumdem</strong></span> <span class='ocrx_word' id='word_1_147' title='bbox 2550 1288 2729 1327; x_wconf 90' lang='lat' dir='ltr'><strong>rerum</strong></span> <span class='ocrx_word' id='word_1_148' title='bbox 2757 1273 2948 1329; x_wconf 86' lang='lat' dir='ltr'><strong>crebra</strong></span> <span class='ocrx_word' id='word_1_149' title='bbox 2972 1277 3247 1344; x_wconf 90' lang='lat' dir='ltr'><strong>repetitio;</strong></span> <span class='ocrx_word' id='word_1_150' title='bbox 3271 1278 3413 1332; x_wconf 92' lang='lat' dir='ltr'><strong>dicas</strong></span> <span class='ocrx_word' id='word_1_151' title='bbox 3432 1280 3608 1336; x_wconf 88' lang='lat' dir='ltr'><strong>alicubi</strong></span> <span class='ocrx_word' id='word_1_152' title='bbox 3624 1287 3745 1354; x_wconf 86' lang='lat' dir='ltr'><strong>quid-</strong></span> 
     </span>
    </p>
   </div>
   <div class='ocr_carea' id='block_1_12' title="bbox 530 1365 3746 1444">
    <p class='ocr_par' dir='ltr' id='par_1_12' title="bbox 530 1365 3746 1444">
     <span class='ocr_line' id='line_1_12' title="bbox 530 1365 3746 1444; baseline 0.003 -23"><span class='ocrx_word' id='word_1_153' title='bbox 530 1369 666 1421; x_wconf 88' lang='lat' dir='ltr'><strong>adeo</strong></span> <span class='ocrx_word' id='word_1_154' title='bbox 709 1368 839 1421; x_wconf 88' lang='lat' dir='ltr'><strong>niltil</strong></span> <span class='ocrx_word' id='word_1_155' title='bbox 877 1367 1326 1437; x_wconf 59' lang='lat' dir='ltr'><strong>praetermittens,</strong></span> <span class='ocrx_word' id='word_1_156' title='bbox 1375 1377 1431 1419; x_wconf 82' lang='grc' dir='ltr'><strong>ιιι</strong></span> <span class='ocrx_word' id='word_1_157' title='bbox 1471 1381 1569 1420; x_wconf 87' lang='lat' dir='ltr'><strong>nec</strong></span> <span class='ocrx_word' id='word_1_158' title='bbox 1606 1381 1666 1421; x_wconf 88' lang='lat' dir='ltr'><strong>ea</strong></span> <span class='ocrx_word' id='word_1_159' title='bbox 1705 1381 1823 1435; x_wconf 78' lang='lat' dir='ltr'><strong>quze</strong></span> <span class='ocrx_word' id='word_1_160' title='bbox 1875 1365 2112 1434; x_wconf 70' lang='lat' dir='ltr'><strong>praelusit</strong></span> <span class='ocrx_word' id='word_1_161' title='bbox 2217 1365 2338 1421; x_wconf 88' lang='lat' dir='ltr'><strong>dam</strong></span> <span class='ocrx_word' id='word_1_162' title='bbox 2379 1380 2499 1422; x_wconf 92' lang='lat' dir='ltr'><strong>esse</strong></span> <span class='ocrx_word' id='word_1_163' title='bbox 2545 1366 2828 1432; x_wconf 88' lang='lat' dir='ltr'><strong>subinane,</strong></span> <span class='ocrx_word' id='word_1_164' title='bbox 2881 1375 2936 1423; x_wconf 91' lang='lat' dir='ltr'><strong>et</strong></span> <span class='ocrx_word' id='word_1_165' title='bbox 2971 1368 3218 1424; x_wconf 89' lang='lat' dir='ltr'><strong>affectum</strong></span> <span class='ocrx_word' id='word_1_166' title='bbox 3256 1369 3482 1425; x_wconf 91' lang='lat' dir='ltr'><strong>hominis</strong></span> <span class='ocrx_word' id='word_1_167' title='bbox 3517 1373 3608 1426; x_wconf 88' lang='lat' dir='ltr'><strong>sibi</strong></span> <span class='ocrx_word' id='word_1_168' title='bbox 3654 1377 3746 1444; x_wconf 86' lang='lat' dir='ltr'><strong>plus</strong></span> 
     </span>
    </p>
   </div>
   <div class='ocr_carea' id='block_1_13' title="bbox 532 1457 3747 1528">
    <p class='ocr_par' dir='ltr' id='par_1_13' title="bbox 532 1457 3747 1528">
     <span class='ocr_line' id='line_1_13' title="bbox 532 1457 3747 1528; baseline 0.002 -14"><span class='ocrx_word' id='word_1_169' title='bbox 532 1459 970 1526; x_wconf 86' lang='lat' dir='ltr'><strong>catechumenus,</strong></span> <span class='ocrx_word' id='word_1_170' title='bbox 1001 1474 1118 1528; x_wconf 74' lang='lat' dir='ltr'><strong>qua:</strong></span> <span class='ocrx_word' id='word_1_171' title='bbox 1140 1460 1224 1512; x_wconf 92' lang='lat' dir='ltr'><strong>vix</strong></span> <span class='ocrx_word' id='word_1_172' title='bbox 1251 1473 1407 1513; x_wconf 90' lang='lat' dir='ltr'><strong>orsus</strong></span> <span class='ocrx_word' id='word_1_173' title='bbox 1436 1457 1629 1523; x_wconf 82' lang='lat' dir='ltr'><strong>fuerat,</strong></span> <span class='ocrx_word' id='word_1_174' title='bbox 1663 1473 1782 1528; x_wconf 69' lang='lat' dir='ltr'><strong>quat</strong></span> <span class='ocrx_word' id='word_1_175' title='bbox 1808 1472 1912 1512; x_wconf 91' lang='lat' dir='ltr'><strong>non</strong></span> <span class='ocrx_word' id='word_1_176' title='bbox 1946 1472 2112 1527; x_wconf 65' lang='lat' dir='ltr'><strong>agn‘o-</strong></span> <span class='ocrx_word' id='word_1_177' title='bbox 2220 1472 2375 1527; x_wconf 60' lang='lat' dir='ltr'><strong>atquo</strong></span> <span class='ocrx_word' id='word_1_178' title='bbox 2399 1458 2678 1527; x_wconf 87' lang='lat' dir='ltr'><strong>placentis.</strong></span> <span class='ocrx_word' id='word_1_179' title='bbox 2709 1457 2972 1513; x_wconf 63' lang='lat' dir='ltr'><strong>Caeterum</strong></span> <span class='ocrx_word' id='word_1_180' title='bbox 3003 1459 3097 1514; x_wconf 88' lang='lat' dir='ltr'><strong>ubi</strong></span> <span class='ocrx_word' id='word_1_181' title='bbox 3126 1460 3332 1515; x_wconf 88' lang='lat' dir='ltr'><strong>diutina</strong></span> <span class='ocrx_word' id='word_1_182' title='bbox 3371 1462 3587 1518; x_wconf 87' lang='lat' dir='ltr'><strong>lectione</strong></span> <span class='ocrx_word' id='word_1_183' title='bbox 3614 1465 3747 1522; x_wconf 84' lang='lat' dir='ltr'><strong>factus</strong></span> 
     </span>
    </p>
   </div>
   <div class='ocr_carea' id='block_1_14' title="bbox 534 1548 3748 1621">
    <p class='ocr_par' dir='ltr' id='par_1_14' title="bbox 534 1548 3748 1621">
     <span class='ocr_line' id='line_1_14' title="bbox 534 1548 3748 1621; baseline 0.002 -16"><span class='ocrx_word' id='word_1_184' title='bbox 534 1550 736 1615; x_wconf 84' lang='lat' dir='ltr'><strong>scebat,</strong></span> <span class='ocrx_word' id='word_1_185' title='bbox 768 1549 998 1619; x_wconf 90' lang='lat' dir='ltr'><strong>denique</strong></span> <span class='ocrx_word' id='word_1_186' title='bbox 1025 1565 1123 1604; x_wconf 89' lang='lat' dir='ltr'><strong>nec</strong></span> <span class='ocrx_word' id='word_1_187' title='bbox 1152 1551 1415 1619; x_wconf 89' lang='lat' dir='ltr'><strong>psalmum</strong></span> <span class='ocrx_word' id='word_1_188' title='bbox 1461 1549 1665 1617; x_wconf 78' lang='lat' dir='ltr'><strong>vulgari</strong></span> <span class='ocrx_word' id='word_1_189' title='bbox 1695 1549 1950 1619; x_wconf 86' lang='lat' dir='ltr'><strong>rhythmo</strong></span> <span class='ocrx_word' id='word_1_190' title='bbox 1982 1548 2114 1604; x_wconf 89' lang='lat' dir='ltr'><strong>scri-</strong></span> <span class='ocrx_word' id='word_1_191' title='bbox 2222 1550 2299 1603; x_wconf 87' lang='lat' dir='ltr'><strong>sis</strong></span> <span class='ocrx_word' id='word_1_192' title='bbox 2329 1548 2642 1602; x_wconf 89' lang='lat' dir='ltr'><strong>familiarior</strong></span> <span class='ocrx_word' id='word_1_193' title='bbox 2663 1591 2679 1614; x_wconf 90' lang='lat'><strong>,</strong></span> <span class='ocrx_word' id='word_1_194' title='bbox 2725 1550 2990 1604; x_wconf 88' lang='lat' dir='ltr'><strong>sermonis</strong></span> <span class='ocrx_word' id='word_1_195' title='bbox 3025 1551 3234 1621; x_wconf 89' lang='lat' dir='ltr'><strong>copiam</strong></span> <span class='ocrx_word' id='word_1_196' title='bbox 3267 1559 3322 1604; x_wconf 91' lang='lat' dir='ltr'><strong>et</strong></span> <span class='ocrx_word' id='word_1_197' title='bbox 3357 1552 3536 1607; x_wconf 91' lang='lat' dir='ltr'><strong>eadem</strong></span> <span class='ocrx_word' id='word_1_198' title='bbox 3563 1555 3748 1613; x_wconf 86' lang='lat' dir='ltr'><strong>subinde</strong></span> 
     </span>
    </p>
   </div>
   <div class='ocr_carea' id='block_1_15' title="bbox 542 1639 3748 1713">
    <p class='ocr_par' dir='ltr' id='par_1_15' title="bbox 542 1639 3748 1713">
     <span class='ocr_line' id='line_1_15' title="bbox 542 1639 3748 1713; baseline 0.002 -17"><span class='ocrx_word' id='word_1_199' title='bbox 542 1651 693 1713; x_wconf 88' lang='lat' dir='ltr'><strong>ptum</strong></span> <span class='ocrx_word' id='word_1_200' title='bbox 725 1642 777 1694; x_wconf 93' lang='lat' dir='ltr'><strong>in</strong></span> <span class='ocrx_word' id='word_1_201' title='bbox 804 1641 994 1695; x_wconf 89' lang='lat' dir='ltr'><strong>Donati</strong></span> <span class='ocrx_word' id='word_1_202' title='bbox 1024 1641 1306 1695; x_wconf 77' lang='lat' dir='ltr'><strong>factionem</strong></span> <span class='ocrx_word' id='word_1_203' title='bbox 1342 1640 1870 1710; x_wconf 66' lang='lat' dir='ltr'><strong>praeterierit.Patiar</strong></span> <span class='ocrx_word' id='word_1_204' title='bbox 1899 1649 1956 1694; x_wconf 92' lang='lat' dir='ltr'><strong>ut</strong></span> <span class='ocrx_word' id='word_1_205' title='bbox 1977 1639 2114 1694; x_wconf 89' lang='lat' dir='ltr'><strong>hanc</strong></span> <span class='ocrx_word' id='word_1_206' title='bbox 2223 1641 2410 1694; x_wconf 87' lang='lat' dir='ltr'><strong>iterata</strong></span> <span class='ocrx_word' id='word_1_207' title='bbox 2438 1640 2593 1695; x_wconf 89' lang='lat' dir='ltr'><strong>facile</strong></span> <span class='ocrx_word' id='word_1_208' title='bbox 2613 1650 2830 1695; x_wconf 80' lang='lat' dir='ltr'><strong>excusat</strong></span> <span class='ocrx_word' id='word_1_209' title='bbox 2849 1641 3072 1696; x_wconf 91' lang='lat' dir='ltr'><strong>docendi</strong></span> <span class='ocrx_word' id='word_1_210' title='bbox 3097 1642 3350 1703; x_wconf 87' lang='lat' dir='ltr'><strong>studium.</strong></span> <span class='ocrx_word' id='word_1_211' title='bbox 3372 1651 3425 1697; x_wconf 93' lang='lat' dir='ltr'><strong>et</strong></span> <span class='ocrx_word' id='word_1_212' title='bbox 3451 1645 3582 1712; x_wconf 85' lang='lat' dir='ltr'><strong>quod</strong></span> <span class='ocrx_word' id='word_1_213' title='bbox 3605 1647 3748 1702; x_wconf 84' lang='lat' dir='ltr'><strong>docuit</strong></span> 
     </span>
    </p>
   </div>
   <div class='ocr_carea' id='block_1_16' title="bbox 541 1732 3749 1805">
    <p class='ocr_par' dir='ltr' id='par_1_16' title="bbox 541 1732 3749 1805">
     <span class='ocr_line' id='line_1_16' title="bbox 541 1732 3749 1805; baseline 0.001 -16"><span class='ocrx_word' id='word_1_214' title='bbox 541 1734 871 1804; x_wconf 76' lang='lat' dir='ltr'><strong>diligentiam</strong></span> <span class='ocrx_word' id='word_1_215' title='bbox 920 1734 1303 1802; x_wconf 90' lang='lat' dir='ltr'><strong>reprehendas,</strong></span> <span class='ocrx_word' id='word_1_216' title='bbox 1352 1736 1397 1788; x_wconf 93' lang='lat' dir='ltr'><strong>si</strong></span> <span class='ocrx_word' id='word_1_217' title='bbox 1425 1736 1570 1802; x_wconf 90' lang='lat' dir='ltr'><strong>prius</strong></span> <span class='ocrx_word' id='word_1_218' title='bbox 1615 1735 1917 1804; x_wconf 85' lang='lat' dir='ltr'><strong>supputaris</strong></span> <span class='ocrx_word' id='word_1_219' title='bbox 1945 1749 2112 1804; x_wconf 87' lang='lat' dir='ltr'><strong>quan-</strong></span> <span class='ocrx_word' id='word_1_220' title='bbox 2225 1733 2437 1803; x_wconf 89' lang='lat' dir='ltr'><strong>penitus</strong></span> <span class='ocrx_word' id='word_1_221' title='bbox 2470 1732 2663 1786; x_wconf 90' lang='lat' dir='ltr'><strong>animis</strong></span> <span class='ocrx_word' id='word_1_222' title='bbox 2699 1733 2973 1787; x_wconf 88' lang='lat' dir='ltr'><strong>hominum</strong></span> <span class='ocrx_word' id='word_1_223' title='bbox 3013 1733 3265 1802; x_wconf 87' lang='lat' dir='ltr'><strong>infigendi</strong></span> <span class='ocrx_word' id='word_1_224' title='bbox 3298 1751 3312 1786; x_wconf 91' lang='lat'><strong>:</strong></span> <span class='ocrx_word' id='word_1_225' title='bbox 3345 1735 3587 1790; x_wconf 88' lang='lat' dir='ltr'><strong>circuitus</strong></span> <span class='ocrx_word' id='word_1_226' title='bbox 3623 1739 3749 1805; x_wconf 87' lang='lat' dir='ltr'><strong>proli-</strong></span> 
     </span>
    </p>
   </div>
   <div class='ocr_carea' id='block_1_17' title="bbox 539 1822 3747 1899">
    <p class='ocr_par' dir='ltr' id='par_1_17' title="bbox 539 1822 3747 1899">
     <span class='ocr_line' id='line_1_17' title="bbox 539 1822 3747 1899; baseline 0.001 -16"><span class='ocrx_word' id='word_1_227' title='bbox 539 1837 651 1884; x_wconf 91' lang='lat' dir='ltr'><strong>tum</strong></span> <span class='ocrx_word' id='word_1_228' title='bbox 676 1828 1008 1899; x_wconf 78' lang='lat' dir='ltr'><strong>egregiorum</strong></span> <span class='ocrx_word' id='word_1_229' title='bbox 1041 1828 1372 1882; x_wconf 83' lang='lat' dir='ltr'><strong>voluminum</strong></span> <span class='ocrx_word' id='word_1_230' title='bbox 1411 1829 1564 1882; x_wconf 91' lang='lat' dir='ltr'><strong>nobis</strong></span> <span class='ocrx_word' id='word_1_231' title='bbox 1586 1828 1808 1882; x_wconf 90' lang='lat' dir='ltr'><strong>aliorum</strong></span> <span class='ocrx_word' id='word_1_232' title='bbox 1839 1827 2123 1897; x_wconf 86' lang='lat' dir='ltr'><strong>indiligen-</strong></span> <span class='ocrx_word' id='word_1_233' title='bbox 2153 1822 2202 1884; x_wconf 89' lang='lat' dir='ltr'><strong>B</strong></span> <span class='ocrx_word' id='word_1_234' title='bbox 2229 1827 2407 1881; x_wconf 88' lang='lat' dir='ltr'><strong>xiores</strong></span> <span class='ocrx_word' id='word_1_235' title='bbox 2429 1825 2624 1895; x_wconf 88' lang='lat' dir='ltr'><strong>quibus</strong></span> <span class='ocrx_word' id='word_1_236' title='bbox 2664 1840 2847 1880; x_wconf 91' lang='lat' dir='ltr'><strong>comes</strong></span> <span class='ocrx_word' id='word_1_237' title='bbox 2885 1840 3006 1880; x_wconf 88' lang='lat' dir='ltr'><strong>esse</strong></span> <span class='ocrx_word' id='word_1_238' title='bbox 3040 1825 3179 1880; x_wconf 90' lang='lat' dir='ltr'><strong>solet</strong></span> <span class='ocrx_word' id='word_1_239' title='bbox 3208 1827 3527 1892; x_wconf 89' lang='lat' dir='ltr'><strong>obscuritas,</strong></span> <span class='ocrx_word' id='word_1_240' title='bbox 3569 1841 3747 1898; x_wconf 89' lang='lat' dir='ltr'><strong>arguunt</strong></span> 
     </span>
    </p>
   </div>
   <div class='ocr_carea' id='block_1_18' title="bbox 540 1914 3753 1990">
    <p class='ocr_par' dir='ltr' id='par_1_18' title="bbox 540 1914 3753 1990">
     <span class='ocr_line' id='line_1_18' title="bbox 540 1914 3753 1990; baseline -0 -15"><span class='ocrx_word' id='word_1_241' title='bbox 540 1921 612 1975; x_wconf 91' lang='lat' dir='ltr'><strong>tia</strong></span> <span class='ocrx_word' id='word_1_242' title='bbox 642 1919 879 1990; x_wconf 88' lang='lat' dir='ltr'><strong>perierit,</strong></span> <span class='ocrx_word' id='word_1_243' title='bbox 922 1929 1178 1989; x_wconf 88' lang='lat' dir='ltr'><strong>quantum</strong></span> <span class='ocrx_word' id='word_1_244' title='bbox 1223 1922 1517 1975; x_wconf 74' lang='lat' dir='ltr'><strong>naeniarum</strong></span> <span class='ocrx_word' id='word_1_245' title='bbox 1557 1920 1902 1976; x_wconf 88' lang='lat' dir='ltr'><strong>mendacibus</strong></span> <span class='ocrx_word' id='word_1_246' title='bbox 1951 1919 2121 1974; x_wconf 92' lang='lat' dir='ltr'><strong>titulis</strong></span> <span class='ocrx_word' id='word_1_247' title='bbox 2227 1915 2593 1969; x_wconf 89' lang='lat' dir='ltr'><strong>admirandam</strong></span> <span class='ocrx_word' id='word_1_248' title='bbox 2627 1915 2907 1968; x_wconf 68' lang='lat' dir='ltr'><strong>memoriae</strong></span> <span class='ocrx_word' id='word_1_249' title='bbox 2950 1914 3255 1969; x_wconf 87' lang='lat' dir='ltr'><strong>felicitatem</strong></span> <span class='ocrx_word' id='word_1_250' title='bbox 3298 1929 3350 1970; x_wconf 91' lang='lat' dir='ltr'><strong>et</strong></span> <span class='ocrx_word' id='word_1_251' title='bbox 3387 1924 3442 1969; x_wconf 94' lang='lat' dir='ltr'><strong>ut</strong></span> <span class='ocrx_word' id='word_1_252' title='bbox 3478 1915 3672 1986; x_wconf 87' lang='lat' dir='ltr'><strong>ingenio</strong></span> <span class='ocrx_word' id='word_1_253' title='bbox 3700 1920 3753 1976; x_wconf 86' lang='lat' dir='ltr'><strong>fe-</strong></span> 
     </span>
    </p>
   </div>
   <div class='ocr_carea' id='block_1_19' title="bbox 547 2007 3754 2079">
    <p class='ocr_par' dir='ltr' id='par_1_19' title="bbox 547 2007 3754 2079">
     <span class='ocr_line' id='line_1_19' title="bbox 547 2007 3754 2079; baseline 0.001 -14"><span class='ocrx_word' id='word_1_254' title='bbox 547 2011 824 2065; x_wconf 90' lang='lat' dir='ltr'><strong>obtrusum</strong></span> <span class='ocrx_word' id='word_1_255' title='bbox 854 2010 924 2063; x_wconf 92' lang='lat' dir='ltr'><strong>sit</strong></span> <span class='ocrx_word' id='word_1_256' title='bbox 949 2009 1066 2065; x_wconf 91' lang='lat' dir='ltr'><strong>orbi</strong></span> <span class='ocrx_word' id='word_1_257' title='bbox 1094 2007 1609 2079; x_wconf 81' lang='lat' dir='ltr'><strong>Cltristiano.Atque</strong></span> <span class='ocrx_word' id='word_1_258' title='bbox 1638 2011 1838 2064; x_wconf 87' lang='lat' dir='ltr'><strong>utinam</strong></span> <span class='ocrx_word' id='word_1_259' title='bbox 1862 2008 1975 2079; x_wconf 89' lang='lat' dir='ltr'><strong>pari</strong></span> <span class='ocrx_word' id='word_1_260' title='bbox 2001 2009 2120 2062; x_wconf 87' lang='lat' dir='ltr'><strong>dili-</strong></span> <span class='ocrx_word' id='word_1_261' title='bbox 2228 2008 2554 2063; x_wconf 90' lang='lat' dir='ltr'><strong>cundissimo</strong></span> <span class='ocrx_word' id='word_1_262' title='bbox 2595 2008 2822 2077; x_wconf 90' lang='lat' dir='ltr'><strong>plurima</strong></span> <span class='ocrx_word' id='word_1_263' title='bbox 2866 2022 2987 2063; x_wconf 88' lang='lat' dir='ltr'><strong>sese</strong></span> <span class='ocrx_word' id='word_1_264' title='bbox 3016 2008 3300 2064; x_wconf 90' lang='lat' dir='ltr'><strong>confertim</strong></span> <span class='ocrx_word' id='word_1_265' title='bbox 3332 2011 3573 2079; x_wconf 75' lang='lat' dir='ltr'><strong>offerunt,</strong></span> <span class='ocrx_word' id='word_1_266' title='bbox 3623 2015 3754 2070; x_wconf 87' lang='lat' dir='ltr'><strong>multa</strong></span> 
     </span>
    </p>
   </div>
   <div class='ocr_carea' id='block_1_20' title="bbox 542 2101 3755 2172">
    <p class='ocr_par' dir='ltr' id='par_1_20' title="bbox 542 2101 3755 2172">
     <span class='ocr_line' id='line_1_20' title="bbox 542 2101 3755 2172; baseline 0.001 -14"><span class='ocrx_word' id='word_1_267' title='bbox 542 2102 718 2172; x_wconf 90' lang='lat' dir='ltr'><strong>gentia</strong></span> <span class='ocrx_word' id='word_1_268' title='bbox 762 2102 905 2172; x_wconf 90' lang='lat' dir='ltr'><strong>quod</strong></span> <span class='ocrx_word' id='word_1_269' title='bbox 945 2111 1182 2172; x_wconf 69' lang='lat' dir='ltr'><strong>cmperat</strong></span> <span class='ocrx_word' id='word_1_270' title='bbox 1219 2103 1566 2157; x_wconf 84' lang='lat' dir='ltr'><strong>absolvisset!</strong></span> <span class='ocrx_word' id='word_1_271' title='bbox 1609 2102 1939 2172; x_wconf 82' lang='lat' dir='ltr'><strong>Recognovit</strong></span> <span class='ocrx_word' id='word_1_272' title='bbox 1981 2102 2123 2156; x_wconf 91' lang='lat' dir='ltr'><strong>enim</strong></span> <span class='ocrx_word' id='word_1_273' title='bbox 2231 2102 2412 2170; x_wconf 90' lang='lat' dir='ltr'><strong>paucis</strong></span> <span class='ocrx_word' id='word_1_274' title='bbox 2441 2101 2830 2169; x_wconf 89' lang='lat' dir='ltr'><strong>complectendi</strong></span> <span class='ocrx_word' id='word_1_275' title='bbox 2859 2102 3091 2156; x_wconf 91' lang='lat' dir='ltr'><strong>studium</strong></span> <span class='ocrx_word' id='word_1_276' title='bbox 3135 2102 3420 2159; x_wconf 87' lang='lat' dir='ltr'><strong>:dictionis</strong></span> <span class='ocrx_word' id='word_1_277' title='bbox 3449 2106 3755 2162; x_wconf 86' lang='lat' dir='ltr'><strong>humilitatem</strong></span> 
     </span>
    </p>
   </div>
   <div class='ocr_carea' id='block_1_21' title="bbox 543 2192 2130 2270">
    <p class='ocr_par' dir='ltr' id='par_1_21' title="bbox 543 2192 2127 2264">
     <span class='ocr_line' id='line_1_21' title="bbox 543 2192 2127 2264; baseline 0.002 -19"><span class='ocrx_word' id='word_1_278' title='bbox 543 2193 796 2263; x_wconf 90' lang='lat' dir='ltr'><strong>quidquid</strong></span> <span class='ocrx_word' id='word_1_279' title='bbox 824 2194 1000 2264; x_wconf 90' lang='lat' dir='ltr'><strong>aliquo</strong></span> <span class='ocrx_word' id='word_1_280' title='bbox 1034 2203 1188 2262; x_wconf 85' lang='lat' dir='ltr'><strong>pacto</strong></span> <span class='ocrx_word' id='word_1_281' title='bbox 1213 2193 1333 2247; x_wconf 89' lang='lat' dir='ltr'><strong>libri</strong></span> <span class='ocrx_word' id='word_1_282' title='bbox 1367 2209 1561 2247; x_wconf 92' lang='lat' dir='ltr'><strong>nomen</strong></span> <span class='ocrx_word' id='word_1_283' title='bbox 1593 2204 1848 2247; x_wconf 88' lang='lat' dir='ltr'><strong>meretur.</strong></span> <span class='ocrx_word' id='word_1_284' title='bbox 1894 2192 2127 2263; x_wconf 85' lang='lat' dir='ltr'><strong>Supere-</strong></span> 
     </span>
    </p>
   </div>
   <div class='ocr_carea' id='block_1_22' title="bbox 2237 2192 3756 2270">
    <p class='ocr_par' dir='ltr' id='par_1_22' title="bbox 2237 2194 3756 2270">
     <span class='ocr_line' id='line_1_22' title="bbox 2237 2194 3756 2270; baseline 0.005 -23"><span class='ocrx_word' id='word_1_285' title='bbox 2237 2202 2451 2247; x_wconf 77' lang='lat' dir='ltr'><strong>excusat</strong></span> <span class='ocrx_word' id='word_1_286' title='bbox 2503 2194 2728 2259; x_wconf 89' lang='lat' dir='ltr'><strong>caritas,</strong></span> <span class='ocrx_word' id='word_1_287' title='bbox 2783 2196 2889 2266; x_wconf 81' lang='grc' dir='ltr'><strong>οὐχ</strong></span> <span class='ocrx_word' id='word_1_288' title='bbox 2927 2195 3368 2270; x_wconf 68' lang='grc' dir='ltr'><strong>ὑψηλοφρονοῦσα,</strong></span> <span class='ocrx_word' id='word_1_289' title='bbox 3417 2200 3533 2254; x_wconf 80' lang='grc' dir='ltr'>ἀλλὰ</span> <span class='ocrx_word' id='word_1_290' title='bbox 3569 2210 3659 2261; x_wconf 80' lang='grc' dir='ltr'>τοῖς</span> <span class='ocrx_word' id='word_1_291' title='bbox 3689 2223 3756 2255; x_wconf 59' lang='grc' dir='ltr'><strong>τας</strong></span> 
     </span>
    </p>
   </div>
   <div class='ocr_carea' id='block_1_23' title="bbox 547 2285 2130 2359">
    <p class='ocr_par' dir='ltr' id='par_1_23' title="bbox 547 2285 2126 2353">
     <span class='ocr_line' id='line_1_23' title="bbox 547 2285 2126 2353; baseline 0.003 -14"><span class='ocrx_word' id='word_1_292' title='bbox 547 2293 668 2339; x_wconf 89' lang='lat' dir='ltr'><strong>rant</strong></span> <span class='ocrx_word' id='word_1_293' title='bbox 691 2285 929 2348; x_wconf 66' lang='lat' dir='ltr'><strong>epistolae</strong></span> <span class='ocrx_word' id='word_1_294' title='bbox 959 2292 1014 2340; x_wconf 93' lang='lat' dir='ltr'><strong>et</strong></span> <span class='ocrx_word' id='word_1_295' title='bbox 1041 2293 1318 2350; x_wconf 88' lang='lat' dir='ltr'><strong>tractatus,</strong></span> <span class='ocrx_word' id='word_1_296' title='bbox 1352 2298 1482 2352; x_wconf 89' lang='lat' dir='ltr'><strong>quas</strong></span> <span class='ocrx_word' id='word_1_297' title='bbox 1521 2285 1634 2353; x_wconf 86' lang='lat' dir='ltr'><strong>ipse</strong></span> <span class='ocrx_word' id='word_1_298' title='bbox 1663 2293 1889 2340; x_wconf 89' lang='lat' dir='ltr'><strong>testatur</strong></span> <span class='ocrx_word' id='word_1_299' title='bbox 1915 2286 1982 2340; x_wconf 84' lang='lat' dir='ltr'><strong>ab</strong></span> <span class='ocrx_word' id='word_1_300' title='bbox 2008 2285 2126 2343; x_wconf 92' lang='lat' dir='ltr'><strong>aliis</strong></span> 
     </span>
    </p>
   </div>
   <div class='ocr_carea' id='block_1_24' title="bbox 2237 2285 3757 2359">
    <p class='ocr_par' dir='ltr' id='par_1_24' title="bbox 2237 2286 3757 2359">
     <span class='ocr_line' id='line_1_24' title="bbox 2237 2286 3757 2359; baseline 0.007 -20"><span class='ocrx_word' id='word_1_301' title='bbox 2237 2294 2431 2347; x_wconf 77' lang='grc' dir='ltr'><strong>πεινοῑς</strong></span> <span class='ocrx_word' id='word_1_302' title='bbox 2461 2288 2864 2359; x_wconf 73' lang='grc' dir='ltr'><strong>συναπαγομένη.</strong></span> <span class='ocrx_word' id='word_1_303' title='bbox 2906 2286 3145 2342; x_wconf 87' lang='lat' dir='ltr'><strong>Paulinis</strong></span> <span class='ocrx_word' id='word_1_304' title='bbox 3189 2291 3332 2343; x_wconf 87' lang='lat' dir='ltr'><strong>enim</strong></span> <span class='ocrx_word' id='word_1_305' title='bbox 3367 2291 3536 2346; x_wconf 88' lang='lat' dir='ltr'><strong>verbis</strong></span> <span class='ocrx_word' id='word_1_306' title='bbox 3576 2294 3757 2351; x_wconf 76' lang='lat' dir='ltr'><strong>libenter</strong></span> 
     </span>
    </p>
   </div>
   <div class='ocr_carea' id='block_1_25' title="bbox 547 2374 3759 2446">
    <p class='ocr_par' dir='ltr' id='par_1_25' title="bbox 547 2374 3759 2446">
     <span class='ocr_line' id='line_1_25' title="bbox 547 2374 3759 2446; baseline 0.003 -16"><span class='ocrx_word' id='word_1_307' title='bbox 547 2374 795 2431; x_wconf 86' lang='lat' dir='ltr'><strong>homilias</strong></span> <span class='ocrx_word' id='word_1_308' title='bbox 825 2376 1029 2443; x_wconf 88' lang='lat' dir='ltr'><strong>vocari,</strong></span> <span class='ocrx_word' id='word_1_309' title='bbox 1063 2376 1162 2430; x_wconf 91' lang='lat' dir='ltr'><strong>hos</strong></span> <span class='ocrx_word' id='word_1_310' title='bbox 1189 2375 1377 2430; x_wconf 90' lang='lat' dir='ltr'><strong>dividit</strong></span> <span class='ocrx_word' id='word_1_311' title='bbox 1403 2375 1672 2442; x_wconf 85' lang='lat' dir='ltr'><strong>bifariam,</strong></span> <span class='ocrx_word' id='word_1_312' title='bbox 1708 2375 1761 2429; x_wconf 92' lang='lat' dir='ltr'><strong>in</strong></span> <span class='ocrx_word' id='word_1_313' title='bbox 1791 2376 2041 2444; x_wconf 89' lang='lat' dir='ltr'><strong>dictatos,</strong></span> <span class='ocrx_word' id='word_1_314' title='bbox 2073 2389 2129 2434; x_wconf 87' lang='lat' dir='ltr'><strong>et</strong></span> <span class='ocrx_word' id='word_1_315' title='bbox 2233 2379 2452 2432; x_wconf 92' lang='lat' dir='ltr'><strong>utimur.</strong></span> <span class='ocrx_word' id='word_1_316' title='bbox 2497 2379 2954 2446; x_wconf 88' lang='lat' dir='ltr'><strong>Quemadmodum</strong></span> <span class='ocrx_word' id='word_1_317' title='bbox 2995 2389 3170 2435; x_wconf 91' lang='lat' dir='ltr'><strong>autem</strong></span> <span class='ocrx_word' id='word_1_318' title='bbox 3218 2392 3334 2437; x_wconf 90' lang='lat' dir='ltr'><strong>erat</strong></span> <span class='ocrx_word' id='word_1_319' title='bbox 3372 2383 3647 2438; x_wconf 88' lang='lat' dir='ltr'><strong>alienarum</strong></span> <span class='ocrx_word' id='word_1_320' title='bbox 3679 2387 3759 2440; x_wconf 84' lang='lat' dir='ltr'><strong>vir-</strong></span> 
     </span>
    </p>
   </div>
   <div class='ocr_carea' id='block_1_26' title="bbox 548 2468 3759 2554">
    <p class='ocr_par' dir='ltr' id='par_1_26' title="bbox 548 2468 3759 2554">
     <span class='ocr_line' id='line_1_26' title="bbox 548 2468 3759 2554; baseline 0.003 -31"><span class='ocrx_word' id='word_1_321' title='bbox 548 2469 722 2524; x_wconf 89' lang='lat' dir='ltr'><strong>dictos</strong></span> <span class='ocrx_word' id='word_1_322' title='bbox 748 2469 812 2522; x_wconf 92' lang='lat' dir='ltr'><strong>ad</strong></span> <span class='ocrx_word' id='word_1_323' title='bbox 845 2470 1120 2539; x_wconf 90' lang='lat' dir='ltr'><strong>populum.</strong></span> <span class='ocrx_word' id='word_1_324' title='bbox 1147 2468 1401 2536; x_wconf 74' lang='lat' dir='ltr'><strong>Quzedam</strong></span> <span class='ocrx_word' id='word_1_325' title='bbox 1432 2469 1574 2522; x_wconf 90' lang='lat' dir='ltr'><strong>enim</strong></span> <span class='ocrx_word' id='word_1_326' title='bbox 1604 2470 1681 2522; x_wconf 92' lang='lat' dir='ltr'><strong>sic</strong></span> <span class='ocrx_word' id='word_1_327' title='bbox 1710 2468 2040 2539; x_wconf 86' lang='lat' dir='ltr'><strong>dicebantur,</strong></span> <span class='ocrx_word' id='word_1_328' title='bbox 2073 2481 2129 2528; x_wconf 91' lang='lat' dir='ltr'><strong>ut</strong></span> <span class='ocrx_word' id='word_1_329' title='bbox 2233 2481 2401 2526; x_wconf 90' lang='lat' dir='ltr'><strong>tutum</strong></span> <span class='ocrx_word' id='word_1_330' title='bbox 2430 2471 2842 2526; x_wconf 89' lang='lat' dir='ltr'><strong>candidissimus</strong></span> <span class='ocrx_word' id='word_1_331' title='bbox 2873 2473 3188 2542; x_wconf 71' lang='lat' dir='ltr'><strong>aestimator,</strong></span> <span class='ocrx_word' id='word_1_332' title='bbox 3218 2475 3291 2529; x_wconf 90' lang='lat' dir='ltr'><strong>ita</strong></span> <span class='ocrx_word' id='word_1_333' title='bbox 3324 2477 3455 2531; x_wconf 91' lang='lat' dir='ltr'><strong>mire</strong></span> <span class='ocrx_word' id='word_1_334' title='bbox 3483 2479 3759 2554; x_wconf 73' lang='grc' dir='ltr'><strong>φιλόστοργος</strong></span> 
     </span>
    </p>
   </div>
   <div class='ocr_carea' id='block_1_27' title="bbox 549 2563 3760 2640">
    <p class='ocr_par' dir='ltr' id='par_1_27' title="bbox 549 2563 3760 2640">
     <span class='ocr_line' id='line_1_27' title="bbox 549 2563 3760 2640; baseline 0.002 -20"><span class='ocrx_word' id='word_1_335' title='bbox 549 2580 616 2621; x_wconf 71' lang='grc' dir='ltr'><strong>οι</strong></span> <span class='ocrx_word' id='word_1_336' title='bbox 643 2578 908 2619; x_wconf 89' lang='lat' dir='ltr'><strong>consensu</strong></span> <span class='ocrx_word' id='word_1_337' title='bbox 936 2564 1162 2619; x_wconf 91' lang='lat' dir='ltr'><strong>dicentis</strong></span> <span class='ocrx_word' id='word_1_338' title='bbox 1191 2563 1256 2618; x_wconf 90' lang='lat' dir='ltr'><strong>ad</strong></span> <span class='ocrx_word' id='word_1_339' title='bbox 1299 2578 1482 2632; x_wconf 90' lang='lat' dir='ltr'><strong>preces</strong></span> <span class='ocrx_word' id='word_1_340' title='bbox 1522 2565 1814 2618; x_wconf 88' lang='lat' dir='ltr'><strong>amicorum</strong></span> <span class='ocrx_word' id='word_1_341' title='bbox 1844 2580 1876 2618; x_wconf 91' lang='lat' dir='ltr'><strong>a</strong></span> <span class='ocrx_word' id='word_1_342' title='bbox 1907 2567 2129 2621; x_wconf 90' lang='lat' dir='ltr'><strong>notariis</strong></span> <span class='ocrx_word' id='word_1_343' title='bbox 2234 2565 2401 2618; x_wconf 91' lang='lat' dir='ltr'><strong>fuisse</strong></span> <span class='ocrx_word' id='word_1_344' title='bbox 2429 2563 2638 2618; x_wconf 91' lang='lat' dir='ltr'><strong>videtur</strong></span> <span class='ocrx_word' id='word_1_345' title='bbox 2667 2577 2788 2632; x_wconf 89' lang='lat' dir='ltr'><strong>erga</strong></span> <span class='ocrx_word' id='word_1_346' title='bbox 2814 2572 3071 2633; x_wconf 91' lang='lat' dir='ltr'><strong>cognatos</strong></span> <span class='ocrx_word' id='word_1_347' title='bbox 3100 2575 3152 2619; x_wconf 89' lang='lat' dir='ltr'><strong>et</strong></span> <span class='ocrx_word' id='word_1_348' title='bbox 3183 2568 3408 2635; x_wconf 86' lang='lat' dir='ltr'><strong>amicos,</strong></span> <span class='ocrx_word' id='word_1_349' title='bbox 3449 2571 3580 2637; x_wconf 90' lang='lat' dir='ltr'><strong>quod</strong></span> <span class='ocrx_word' id='word_1_350' title='bbox 3623 2571 3760 2640; x_wconf 89' lang='lat' dir='ltr'><strong>ipsum</strong></span> 
     </span>
    </p>
   </div>
   <div class='ocr_carea' id='block_1_28' title="bbox 551 2653 3760 2730">
    <p class='ocr_par' dir='ltr' id='par_1_28' title="bbox 551 2653 3760 2730">
     <span class='ocr_line' id='line_1_28' title="bbox 551 2653 3760 2730; baseline 0.002 -20"><span class='ocrx_word' id='word_1_351' title='bbox 551 2658 928 2727; x_wconf 80' lang='lat' dir='ltr'><strong>exciperentur</strong></span> <span class='ocrx_word' id='word_1_352' title='bbox 984 2673 1104 2728; x_wconf 68' lang='lat' dir='ltr'><strong>qua:</strong></span> <span class='ocrx_word' id='word_1_353' title='bbox 1160 2657 1494 2711; x_wconf 88' lang='lat' dir='ltr'><strong>dicebantur.</strong></span> <span class='ocrx_word' id='word_1_354' title='bbox 1550 2657 1695 2712; x_wconf 92' lang='lat' dir='ltr'><strong>ldem</strong></span> <span class='ocrx_word' id='word_1_355' title='bbox 1751 2673 2129 2730; x_wconf 88' lang='lat' dir='ltr'><strong>nonnunquam</strong></span> <span class='ocrx_word' id='word_1_356' title='bbox 2236 2653 2743 2724; x_wconf 69' lang='lat' dir='ltr'><strong>eximimcujusdam</strong></span> <span class='ocrx_word' id='word_1_357' title='bbox 2767 2653 3111 2710; x_wconf 90' lang='lat' dir='ltr'><strong>humanitatis</strong></span> <span class='ocrx_word' id='word_1_358' title='bbox 3134 2656 3387 2712; x_wconf 90' lang='lat' dir='ltr'><strong>indicium</strong></span> <span class='ocrx_word' id='word_1_359' title='bbox 3411 2661 3760 2718; x_wconf 88' lang='lat' dir='ltr'><strong>est.Suasvero</strong></span> 
     </span>
    </p>
   </div>
   <div class='ocr_carea' id='block_1_29' title="bbox 554 2747 3761 2823">
    <p class='ocr_par' dir='ltr' id='par_1_29' title="bbox 554 2747 3761 2823">
     <span class='ocr_line' id='line_1_29' title="bbox 554 2747 3761 2823; baseline 0.001 -17"><span class='ocrx_word' id='word_1_360' title='bbox 554 2753 715 2808; x_wconf 81' lang='lat' dir='ltr'><strong>fiebat</strong></span> <span class='ocrx_word' id='word_1_361' title='bbox 757 2761 812 2808; x_wconf 90' lang='lat' dir='ltr'><strong>et</strong></span> <span class='ocrx_word' id='word_1_362' title='bbox 854 2752 992 2821; x_wconf 90' lang='lat' dir='ltr'><strong>apud</strong></span> <span class='ocrx_word' id='word_1_363' title='bbox 1039 2752 1315 2821; x_wconf 81' lang='lat' dir='ltr'><strong>populum,</strong></span> <span class='ocrx_word' id='word_1_364' title='bbox 1351 2752 1494 2806; x_wconf 92' lang='lat' dir='ltr'><strong>velut</strong></span> <span class='ocrx_word' id='word_1_365' title='bbox 1521 2750 1573 2804; x_wconf 90' lang='lat' dir='ltr'><strong>in</strong></span> <span class='ocrx_word' id='word_1_366' title='bbox 1603 2751 1734 2806; x_wconf 89' lang='lat' dir='ltr'><strong>actis</strong></span> <span class='ocrx_word' id='word_1_367' title='bbox 1781 2752 2127 2807; x_wconf 88' lang='lat' dir='ltr'><strong>solemnibus.</strong></span> <span class='ocrx_word' id='word_1_368' title='bbox 2234 2748 2389 2803; x_wconf 91' lang='lat' dir='ltr'><strong>dotes</strong></span> <span class='ocrx_word' id='word_1_369' title='bbox 2418 2762 2517 2802; x_wconf 89' lang='lat' dir='ltr'><strong>nec</strong></span> <span class='ocrx_word' id='word_1_370' title='bbox 2548 2747 2812 2816; x_wconf 89' lang='lat' dir='ltr'><strong>ignoravit</strong></span> <span class='ocrx_word' id='word_1_371' title='bbox 2839 2748 2908 2802; x_wconf 93' lang='lat' dir='ltr'><strong>ob</strong></span> <span class='ocrx_word' id='word_1_372' title='bbox 2938 2749 3242 2815; x_wconf 90' lang='lat' dir='ltr'><strong>stultitiam,</strong></span> <span class='ocrx_word' id='word_1_373' title='bbox 3270 2767 3367 2806; x_wconf 89' lang='lat' dir='ltr'><strong>nec</strong></span> <span class='ocrx_word' id='word_1_374' title='bbox 3393 2754 3500 2808; x_wconf 93' lang='lat' dir='ltr'><strong>odit</strong></span> <span class='ocrx_word' id='word_1_375' title='bbox 3527 2755 3761 2823; x_wconf 82' lang='lat' dir='ltr'><strong>nbputidi-</strong></span> 
     </span>
    </p>
   </div>
   <div class='ocr_carea' id='block_1_30' title="bbox 549 2837 3762 2916">
    <p class='ocr_par' dir='ltr' id='par_1_30' title="bbox 549 2837 3762 2916">
     <span class='ocr_line' id='line_1_30' title="bbox 549 2837 3762 2916; baseline 0 -17"><span class='ocrx_word' id='word_1_376' title='bbox 549 2845 859 2916; x_wconf 87' lang='lat' dir='ltr'><strong>Quanquam</strong></span> <span class='ocrx_word' id='word_1_377' title='bbox 892 2846 941 2900; x_wconf 93' lang='lat' dir='ltr'><strong>id</strong></span> <span class='ocrx_word' id='word_1_378' title='bbox 969 2845 1223 2912; x_wconf 74' lang='lat' dir='ltr'><strong>temporis</strong></span> <span class='ocrx_word' id='word_1_379' title='bbox 1249 2845 1360 2899; x_wconf 92' lang='lat' dir='ltr'><strong>fere</strong></span> <span class='ocrx_word' id='word_1_380' title='bbox 1400 2844 1729 2899; x_wconf 89' lang='lat' dir='ltr'><strong>notariorum</strong></span> <span class='ocrx_word' id='word_1_381' title='bbox 1762 2845 2010 2900; x_wconf 87' lang='lat' dir='ltr'><strong>celeritas</strong></span> <span class='ocrx_word' id='word_1_382' title='bbox 2036 2861 2129 2900; x_wconf 84' lang='lat' dir='ltr'><strong>ex-</strong></span> <span class='ocrx_word' id='word_1_383' title='bbox 2237 2848 2422 2894; x_wconf 80' lang='lat' dir='ltr'><strong>talem.</strong></span> <span class='ocrx_word' id='word_1_384' title='bbox 2450 2838 2649 2893; x_wconf 80' lang='lat' dir='ltr'><strong>Verum</strong></span> <span class='ocrx_word' id='word_1_385' title='bbox 2690 2837 2968 2905; x_wconf 77' lang='lat' dir='ltr'><strong>hactenuS,</strong></span> <span class='ocrx_word' id='word_1_386' title='bbox 3014 2848 3072 2893; x_wconf 71' lang='lat' dir='ltr'><strong>ut</strong></span> <span class='ocrx_word' id='word_1_387' title='bbox 3113 2857 3173 2896; x_wconf 85' lang='lat' dir='ltr'><strong>ea</strong></span> <span class='ocrx_word' id='word_1_388' title='bbox 3204 2857 3294 2896; x_wconf 82' lang='lat' dir='ltr'><strong>res</strong></span> <span class='ocrx_word' id='word_1_389' title='bbox 3325 2843 3454 2897; x_wconf 87' lang='lat' dir='ltr'><strong>nihil</strong></span> <span class='ocrx_word' id='word_1_390' title='bbox 3487 2844 3663 2899; x_wconf 82' lang='lat' dir='ltr'><strong>ofﬁciat</strong></span> <span class='ocrx_word' id='word_1_391' title='bbox 3687 2847 3762 2898; x_wconf 86' lang='lat' dir='ltr'><strong>ho-</strong></span> 
     </span>
    </p>
   </div>
   <div class='ocr_carea' id='block_1_31' title="bbox 549 2929 3762 3006">
    <p class='ocr_par' dir='ltr' id='par_1_31' title="bbox 549 2929 3762 3006">
     <span class='ocr_line' id='line_1_31' title="bbox 549 2929 3762 3006; baseline -0 -15"><span class='ocrx_word' id='word_1_392' title='bbox 549 2935 779 3004; x_wconf 90' lang='lat' dir='ltr'><strong>cipiebat</strong></span> <span class='ocrx_word' id='word_1_393' title='bbox 826 2936 1080 3006; x_wconf 90' lang='lat' dir='ltr'><strong>quidquid</strong></span> <span class='ocrx_word' id='word_1_394' title='bbox 1123 2934 1410 3006; x_wconf 90' lang='lat' dir='ltr'><strong>publicitus</strong></span> <span class='ocrx_word' id='word_1_395' title='bbox 1448 2936 1586 3004; x_wconf 89' lang='lat' dir='ltr'><strong>apud</strong></span> <span class='ocrx_word' id='word_1_396' title='bbox 1628 2935 2020 2991; x_wconf 85' lang='lat' dir='ltr'><strong>multitudinem</strong></span> <span class='ocrx_word' id='word_1_397' title='bbox 2051 2936 2132 2991; x_wconf 86' lang='lat' dir='ltr'><strong>di-</strong></span> <span class='ocrx_word' id='word_1_398' title='bbox 2234 2930 2393 2985; x_wconf 89' lang='lat' dir='ltr'><strong>minis</strong></span> <span class='ocrx_word' id='word_1_399' title='bbox 2423 2929 2618 2999; x_wconf 85' lang='lat' dir='ltr'><strong>insigni</strong></span> <span class='ocrx_word' id='word_1_400' title='bbox 2647 2929 2943 2984; x_wconf 70' lang='lat' dir='ltr'><strong>modestiae.</strong></span> <span class='ocrx_word' id='word_1_401' title='bbox 2975 2930 3090 2984; x_wconf 85' lang='lat' dir='ltr'><strong>Non</strong></span> <span class='ocrx_word' id='word_1_402' title='bbox 3128 2932 3290 2987; x_wconf 91' lang='lat' dir='ltr'><strong>aliter</strong></span> <span class='ocrx_word' id='word_1_403' title='bbox 3317 2945 3475 2999; x_wconf 89' lang='lat' dir='ltr'><strong>amat,</strong></span> <span class='ocrx_word' id='word_1_404' title='bbox 3515 2952 3609 2990; x_wconf 91' lang='lat' dir='ltr'><strong>non</strong></span> <span class='ocrx_word' id='word_1_405' title='bbox 3642 2935 3762 2990; x_wconf 85' lang='lat' dir='ltr'><strong>aliter</strong></span> 
     </span>
    </p>
   </div>
   <div class='ocr_carea' id='block_1_32' title="bbox 550 3019 3764 3096">
    <p class='ocr_par' dir='ltr' id='par_1_32' title="bbox 550 3019 3764 3096">
     <span class='ocr_line' id='line_1_32' title="bbox 550 3019 3764 3096; baseline 0.001 -15"><span class='ocrx_word' id='word_1_406' title='bbox 550 3027 794 3082; x_wconf 89' lang='lat' dir='ltr'><strong>cebatur.</strong></span> <span class='ocrx_word' id='word_1_407' title='bbox 837 3025 989 3092; x_wconf 86' lang='lat' dir='ltr'><strong>Quod</strong></span> <span class='ocrx_word' id='word_1_408' title='bbox 1034 3026 1248 3095; x_wconf 91' lang='lat' dir='ltr'><strong>quidem</strong></span> <span class='ocrx_word' id='word_1_409' title='bbox 1296 3035 1355 3081; x_wconf 86' lang='lat' dir='ltr'><strong>ut</strong></span> <span class='ocrx_word' id='word_1_410' title='bbox 1399 3027 1595 3096; x_wconf 89' lang='lat' dir='ltr'><strong>ubique</strong></span> <span class='ocrx_word' id='word_1_411' title='bbox 1633 3026 1806 3082; x_wconf 91' lang='lat' dir='ltr'><strong>facere</strong></span> <span class='ocrx_word' id='word_1_412' title='bbox 1847 3028 2129 3084; x_wconf 87' lang='lat' dir='ltr'><strong>molestum</strong></span> <span class='ocrx_word' id='word_1_413' title='bbox 2239 3020 2500 3090; x_wconf 68' lang='grc' dir='ltr'><strong>ρνωᾶίοει</strong></span> <span class='ocrx_word' id='word_1_414' title='bbox 2528 3021 2582 3075; x_wconf 84' lang='lat' dir='ltr'><strong>in</strong></span> <span class='ocrx_word' id='word_1_415' title='bbox 2608 3035 2668 3075; x_wconf 73' lang='lat' dir='ltr'><strong>se</strong></span> <span class='ocrx_word' id='word_1_416' title='bbox 2695 3019 2833 3074; x_wconf 76' lang='lat' dir='ltr'><strong>dona</strong></span> <span class='ocrx_word' id='word_1_417' title='bbox 2857 3020 2970 3085; x_wconf 70' lang='grc' dir='ltr'><strong>θεῖ,</strong></span> <span class='ocrx_word' id='word_1_418' title='bbox 3001 3037 3159 3090; x_wconf 83' lang='lat' dir='ltr'><strong>quam</strong></span> <span class='ocrx_word' id='word_1_419' title='bbox 3190 3034 3396 3078; x_wconf 74' lang='lat' dir='ltr'><strong>amaret</strong></span> <span class='ocrx_word' id='word_1_420' title='bbox 3416 3040 3476 3078; x_wconf 84' lang='lat' dir='ltr'><strong>ac</strong></span> <span class='ocrx_word' id='word_1_421' title='bbox 3499 3025 3764 3094; x_wconf 68' lang='lat' dir='ltr'><strong>prmdicaret</strong></span> 
     </span>
    </p>
   </div>
   <div class='ocr_carea' id='block_1_33' title="bbox 549 3113 3766 3187">
    <p class='ocr_par' dir='ltr' id='par_1_33' title="bbox 549 3113 3766 3187">
     <span class='ocr_line' id='line_1_33' title="bbox 549 3113 3766 3187; baseline 0 -15"><span class='ocrx_word' id='word_1_422' title='bbox 549 3118 641 3181; x_wconf 82' lang='lat' dir='ltr'><strong>sit,</strong></span> <span class='ocrx_word' id='word_1_423' title='bbox 688 3118 757 3170; x_wconf 88' lang='lat' dir='ltr'><strong>ita</strong></span> <span class='ocrx_word' id='word_1_424' title='bbox 791 3116 843 3170; x_wconf 94' lang='lat' dir='ltr'><strong>in</strong></span> <span class='ocrx_word' id='word_1_425' title='bbox 872 3116 1029 3171; x_wconf 90' lang='lat' dir='ltr'><strong>seriis</strong></span> <span class='ocrx_word' id='word_1_426' title='bbox 1058 3115 1510 3186; x_wconf 89' lang='lat' dir='ltr'><strong>disputationibus</strong></span> <span class='ocrx_word' id='word_1_427' title='bbox 1547 3127 1639 3171; x_wconf 87' lang='lat' dir='ltr'><strong>aut</strong></span> <span class='ocrx_word' id='word_1_428' title='bbox 1673 3117 2021 3175; x_wconf 91' lang='lat' dir='ltr'><strong>concionibus</strong></span> <span class='ocrx_word' id='word_1_429' title='bbox 2049 3119 2129 3172; x_wconf 90' lang='lat' dir='ltr'><strong>fa-</strong></span> <span class='ocrx_word' id='word_1_430' title='bbox 2237 3116 2288 3169; x_wconf 88' lang='lat' dir='ltr'><strong>in</strong></span> <span class='ocrx_word' id='word_1_431' title='bbox 2311 3115 2493 3169; x_wconf 73' lang='lat' dir='ltr'><strong>aliiszr</strong></span> <span class='ocrx_word' id='word_1_432' title='bbox 2515 3114 2763 3183; x_wconf 85' lang='lat' dir='ltr'><strong>ignorare</strong></span> <span class='ocrx_word' id='word_1_433' title='bbox 2786 3122 2870 3166; x_wconf 90' lang='lat' dir='ltr'><strong>tua</strong></span> <span class='ocrx_word' id='word_1_434' title='bbox 2893 3113 3391 3184; x_wconf 89' lang='lat' dir='ltr'><strong>bona,stupiditatis</strong></span> <span class='ocrx_word' id='word_1_435' title='bbox 3412 3127 3519 3182; x_wconf 90' lang='lat' dir='ltr'><strong>est;</strong></span> <span class='ocrx_word' id='word_1_436' title='bbox 3547 3135 3640 3172; x_wconf 92' lang='lat' dir='ltr'><strong>non</strong></span> <span class='ocrx_word' id='word_1_437' title='bbox 3661 3133 3766 3187; x_wconf 73' lang='lat' dir='ltr'><strong>prte-</strong></span> 
     </span>
    </p>
   </div>
   <div class='ocr_carea' id='block_1_34' title="bbox 549 3197 3768 3280">
    <p class='ocr_par' dir='ltr' id='par_1_34' title="bbox 549 3197 3768 3280">
     <span class='ocr_line' id='line_1_34' title="bbox 549 3197 3768 3280; baseline 0 -19"><span class='ocrx_word' id='word_1_438' title='bbox 549 3220 676 3262; x_wconf 89' lang='lat' dir='ltr'><strong>cere</strong></span> <span class='ocrx_word' id='word_1_439' title='bbox 720 3206 1068 3262; x_wconf 82' lang='lat' dir='ltr'><strong>vehementer</strong></span> <span class='ocrx_word' id='word_1_440' title='bbox 1111 3208 1446 3263; x_wconf 89' lang='lat' dir='ltr'><strong>conducibile</strong></span> <span class='ocrx_word' id='word_1_441' title='bbox 1496 3208 1674 3264; x_wconf 84' lang='lat' dir='ltr'><strong>fuerit.</strong></span> <span class='ocrx_word' id='word_1_442' title='bbox 1723 3210 1875 3264; x_wconf 85' lang='lat' dir='ltr'><strong>Nunc</strong></span> <span class='ocrx_word' id='word_1_443' title='bbox 1915 3211 2129 3280; x_wconf 82' lang='lat' dir='ltr'><strong>quidem</strong></span> <span class='ocrx_word' id='word_1_444' title='bbox 2158 3197 2206 3261; x_wconf 87' lang='lat' dir='ltr'>C</span> <span class='ocrx_word' id='word_1_445' title='bbox 2239 3206 2419 3259; x_wconf 90' lang='lat' dir='ltr'><strong>dicare</strong></span> <span class='ocrx_word' id='word_1_446' title='bbox 2449 3205 2660 3258; x_wconf 91' lang='lat' dir='ltr'><strong>Domini</strong></span> <span class='ocrx_word' id='word_1_447' title='bbox 2687 3205 3082 3273; x_wconf 87' lang='lat' dir='ltr'><strong>benignitatem,</strong></span> <span class='ocrx_word' id='word_1_448' title='bbox 3116 3206 3505 3276; x_wconf 85' lang='lat' dir='ltr'><strong>ingratitudinis</strong></span> <span class='ocrx_word' id='word_1_449' title='bbox 3547 3219 3645 3275; x_wconf 91' lang='lat' dir='ltr'><strong>est;</strong></span> <span class='ocrx_word' id='word_1_450' title='bbox 3685 3224 3768 3263; x_wconf 89' lang='lat' dir='ltr'><strong>non</strong></span> 
     </span>
    </p>
   </div>
   <div class='ocr_carea' id='block_1_35' title="bbox 550 3295 3772 3370">
    <p class='ocr_par' dir='ltr' id='par_1_35' title="bbox 550 3295 3772 3370">
     <span class='ocr_line' id='line_1_35' title="bbox 550 3295 3772 3370; baseline 0 -18"><span class='ocrx_word' id='word_1_451' title='bbox 550 3296 690 3368; x_wconf 87' lang='lat' dir='ltr'><strong>apud</strong></span> <span class='ocrx_word' id='word_1_452' title='bbox 748 3296 1143 3352; x_wconf 91' lang='lat' dir='ltr'><strong>multitudinem</strong></span> <span class='ocrx_word' id='word_1_453' title='bbox 1200 3298 1495 3366; x_wconf 88' lang='lat' dir='ltr'><strong>quamlibet</strong></span> <span class='ocrx_word' id='word_1_454' title='bbox 1554 3299 1883 3370; x_wconf 91' lang='lat' dir='ltr'><strong>frequentem</strong></span> <span class='ocrx_word' id='word_1_455' title='bbox 1947 3301 2129 3356; x_wconf 87' lang='lat' dir='ltr'><strong>dicunt</strong></span> <span class='ocrx_word' id='word_1_456' title='bbox 2232 3296 2537 3366; x_wconf 87' lang='lat' dir='ltr'><strong>expendere</strong></span> <span class='ocrx_word' id='word_1_457' title='bbox 2559 3297 2608 3349; x_wconf 92' lang='lat' dir='ltr'><strong>in</strong></span> <span class='ocrx_word' id='word_1_458' title='bbox 2639 3295 2922 3349; x_wconf 86' lang='lat' dir='ltr'><strong>utilitatem</strong></span> <span class='ocrx_word' id='word_1_459' title='bbox 2951 3297 3180 3365; x_wconf 87' lang='lat' dir='ltr'><strong>proximi</strong></span> <span class='ocrx_word' id='word_1_460' title='bbox 3211 3299 3354 3367; x_wconf 89' lang='lat' dir='ltr'><strong>quod</strong></span> <span class='ocrx_word' id='word_1_461' title='bbox 3392 3303 3665 3370; x_wconf 89' lang='lat' dir='ltr'><strong>acceperis,</strong></span> <span class='ocrx_word' id='word_1_462' title='bbox 3692 3301 3772 3354; x_wconf 90' lang='lat' dir='ltr'><strong>im-</strong></span> 
     </span>
    </p>
   </div>
   <div class='ocr_carea' id='block_1_36' title="bbox 551 3386 3771 3462">
    <p class='ocr_par' dir='ltr' id='par_1_36' title="bbox 551 3386 3771 3462">
     <span class='ocr_line' id='line_1_36' title="bbox 551 3386 3771 3462; baseline 0.001 -20"><span class='ocrx_word' id='word_1_463' title='bbox 551 3387 809 3459; x_wconf 90' lang='lat' dir='ltr'><strong>quidquid</strong></span> <span class='ocrx_word' id='word_1_464' title='bbox 851 3388 1029 3442; x_wconf 89' lang='lat' dir='ltr'><strong>animo</strong></span> <span class='ocrx_word' id='word_1_465' title='bbox 1066 3387 1379 3443; x_wconf 89' lang='lat' dir='ltr'><strong>colluhitum</strong></span> <span class='ocrx_word' id='word_1_466' title='bbox 1425 3390 1582 3444; x_wconf 85' lang='lat' dir='ltr'><strong>fuerit</strong></span> <span class='ocrx_word' id='word_1_467' title='bbox 1626 3405 1641 3444; x_wconf 90' lang='lat'>:</span> <span class='ocrx_word' id='word_1_468' title='bbox 1686 3406 1806 3444; x_wconf 87' lang='lat' dir='ltr'><strong>cum</strong></span> <span class='ocrx_word' id='word_1_469' title='bbox 1853 3400 2126 3459; x_wconf 85' lang='lat' dir='ltr'><strong>urgentur,</strong></span> <span class='ocrx_word' id='word_1_470' title='bbox 2243 3387 2415 3457; x_wconf 88' lang='lat' dir='ltr'><strong>pietas</strong></span> <span class='ocrx_word' id='word_1_471' title='bbox 2436 3396 2546 3451; x_wconf 90' lang='lat' dir='ltr'><strong>est;</strong></span> <span class='ocrx_word' id='word_1_472' title='bbox 2581 3403 2685 3440; x_wconf 86' lang='lat' dir='ltr'><strong>non</strong></span> <span class='ocrx_word' id='word_1_473' title='bbox 2713 3386 2944 3455; x_wconf 87' lang='lat' dir='ltr'><strong>gaudere</strong></span> <span class='ocrx_word' id='word_1_474' title='bbox 2969 3387 3036 3441; x_wconf 90' lang='lat' dir='ltr'><strong>de</strong></span> <span class='ocrx_word' id='word_1_475' title='bbox 3065 3387 3237 3442; x_wconf 90' lang='lat' dir='ltr'><strong>fructu</strong></span> <span class='ocrx_word' id='word_1_476' title='bbox 3264 3389 3496 3446; x_wconf 89' lang='lat' dir='ltr'><strong>fraterno</strong></span> <span class='ocrx_word' id='word_1_477' title='bbox 3523 3408 3665 3462; x_wconf 90' lang='lat' dir='ltr'><strong>quem</strong></span> <span class='ocrx_word' id='word_1_478' title='bbox 3689 3392 3771 3445; x_wconf 88' lang='lat' dir='ltr'><strong>Do-</strong></span> 
     </span>
    </p>
   </div>
   <div class='ocr_carea' id='block_1_37' title="bbox 551 3479 2130 3549">
    <p class='ocr_par' dir='ltr' id='par_1_37' title="bbox 551 3479 2130 3549">
     <span class='ocr_line' id='line_1_37' title="bbox 551 3479 2130 3549; baseline 0 -14"><span class='ocrx_word' id='word_1_479' title='bbox 551 3479 795 3549; x_wconf 86' lang='lat' dir='ltr'><strong>dejerant</strong></span> <span class='ocrx_word' id='word_1_480' title='bbox 823 3493 883 3534; x_wconf 89' lang='lat' dir='ltr'><strong>se</strong></span> <span class='ocrx_word' id='word_1_481' title='bbox 924 3479 1057 3534; x_wconf 90' lang='lat' dir='ltr'><strong>nihil</strong></span> <span class='ocrx_word' id='word_1_482' title='bbox 1087 3480 1351 3549; x_wconf 85' lang='lat' dir='ltr'><strong>ejusmodi</strong></span> <span class='ocrx_word' id='word_1_483' title='bbox 1378 3479 1578 3536; x_wconf 84' lang='lat' dir='ltr'><strong>dixisse</strong></span> <span class='ocrx_word' id='word_1_484' title='bbox 1614 3499 1625 3532; x_wconf 89' lang='lat'><strong>:</strong></span> <span class='ocrx_word' id='word_1_485' title='bbox 1654 3496 1719 3536; x_wconf 88' lang='lat' dir='ltr'><strong>ex</strong></span> <span class='ocrx_word' id='word_1_486' title='bbox 1745 3481 1973 3536; x_wconf 88' lang='lat' dir='ltr'><strong>adverso</strong></span> <span class='ocrx_word' id='word_1_487' title='bbox 1999 3496 2130 3535; x_wconf 90' lang='lat' dir='ltr'><strong>non-</strong></span> 
     </span>
    </p>
   </div>
   <div class='ocr_carea' id='block_1_38' title="bbox 558 3571 2128 3643">
    <p class='ocr_par' dir='ltr' id='par_1_38' title="bbox 558 3571 2128 3643">
     <span class='ocr_line' id='line_1_38' title="bbox 558 3571 2128 3643; baseline 0 -15"><span class='ocrx_word' id='word_1_488' title='bbox 558 3571 719 3628; x_wconf 88' lang='lat' dir='ltr'><strong>nullis</strong></span> <span class='ocrx_word' id='word_1_489' title='bbox 745 3571 1027 3626; x_wconf 87' lang='lat' dir='ltr'><strong>exhibetur</strong></span> <span class='ocrx_word' id='word_1_490' title='bbox 1056 3571 1348 3642; x_wconf 85' lang='lat' dir='ltr'><strong>negotium,</strong></span> <span class='ocrx_word' id='word_1_491' title='bbox 1397 3572 1805 3643; x_wconf 79' lang='lat' dir='ltr'><strong>quasidixerint</strong></span> <span class='ocrx_word' id='word_1_492' title='bbox 1843 3573 1983 3642; x_wconf 93' lang='lat' dir='ltr'><strong>quod</strong></span> <span class='ocrx_word' id='word_1_493' title='bbox 2024 3587 2128 3628; x_wconf 91' lang='lat' dir='ltr'><strong>non</strong></span> 
     </span>
    </p>
   </div>
   <div class='ocr_carea' id='block_1_39' title="bbox 554 3662 2132 3734">
    <p class='ocr_par' dir='ltr' id='par_1_39' title="bbox 554 3662 2132 3734">
     <span class='ocr_line' id='line_1_39' title="bbox 554 3662 2132 3734; baseline 0 -15"><span class='ocrx_word' id='word_1_494' title='bbox 554 3664 823 3719; x_wconf 88' lang='lat' dir='ltr'><strong>dixerunt.</strong></span> <span class='ocrx_word' id='word_1_495' title='bbox 871 3662 970 3717; x_wconf 86' lang='lat' dir='ltr'><strong>Hic</strong></span> <span class='ocrx_word' id='word_1_496' title='bbox 1007 3663 1052 3718; x_wconf 92' lang='lat' dir='ltr'><strong>si</strong></span> <span class='ocrx_word' id='word_1_497' title='bbox 1091 3666 1211 3732; x_wconf 92' lang='lat' dir='ltr'><strong>quis</strong></span> <span class='ocrx_word' id='word_1_498' title='bbox 1242 3664 1370 3720; x_wconf 87' lang='lat' dir='ltr'><strong>citet</strong></span> <span class='ocrx_word' id='word_1_499' title='bbox 1401 3671 1590 3719; x_wconf 89' lang='lat' dir='ltr'><strong>testem</strong></span> <span class='ocrx_word' id='word_1_500' title='bbox 1631 3664 1911 3734; x_wconf 87' lang='lat' dir='ltr'><strong>populum,</strong></span> <span class='ocrx_word' id='word_1_501' title='bbox 1955 3664 2132 3719; x_wconf 90' lang='lat' dir='ltr'><strong>bellua</strong></span> 
     </span>
    </p>
   </div>
   <div class='ocr_carea' id='block_1_40' title="bbox 554 3754 2132 3825">
    <p class='ocr_par' dir='ltr' id='par_1_40' title="bbox 554 3754 2132 3825">
     <span class='ocr_line' id='line_1_40' title="bbox 554 3754 2132 3825; baseline 0 -14"><span class='ocrx_word' id='word_1_502' title='bbox 554 3755 845 3812; x_wconf 91' lang='lat' dir='ltr'><strong>multorum</strong></span> <span class='ocrx_word' id='word_1_503' title='bbox 877 3764 959 3809; x_wconf 92' lang='lat' dir='ltr'><strong>est</strong></span> <span class='ocrx_word' id='word_1_504' title='bbox 985 3754 1241 3825; x_wconf 91' lang='lat' dir='ltr'><strong>capitum,</strong></span> <span class='ocrx_word' id='word_1_505' title='bbox 1275 3765 1330 3809; x_wconf 93' lang='lat' dir='ltr'><strong>ut</strong></span> <span class='ocrx_word' id='word_1_506' title='bbox 1350 3755 1426 3810; x_wconf 89' lang='lat' dir='ltr'><strong>ait</strong></span> <span class='ocrx_word' id='word_1_507' title='bbox 1455 3755 1584 3811; x_wconf 89' lang='lat' dir='ltr'><strong>ille:</strong></span> <span class='ocrx_word' id='word_1_508' title='bbox 1614 3756 1880 3824; x_wconf 88' lang='lat' dir='ltr'><strong>scriptura</strong></span> <span class='ocrx_word' id='word_1_509' title='bbox 1911 3770 2132 3810; x_wconf 87' lang='lat' dir='ltr'><strong>manens</strong></span> 
     </span>
    </p>
   </div>
   <div class='ocr_carea' id='block_1_41' title="bbox 554 3846 2130 3917">
    <p class='ocr_par' dir='ltr' id='par_1_41' title="bbox 554 3846 2130 3917">
     <span class='ocr_line' id='line_1_41' title="bbox 554 3846 2130 3917; baseline 0 -15"><span class='ocrx_word' id='word_1_510' title='bbox 554 3847 752 3902; x_wconf 83' lang='lat' dir='ltr'><strong>certius</strong></span> <span class='ocrx_word' id='word_1_511' title='bbox 787 3847 932 3901; x_wconf 90' lang='lat' dir='ltr'><strong>litem</strong></span> <span class='ocrx_word' id='word_1_512' title='bbox 964 3846 1185 3901; x_wconf 90' lang='lat' dir='ltr'><strong>dirimit.</strong></span> <span class='ocrx_word' id='word_1_513' title='bbox 1237 3846 1528 3916; x_wconf 83' lang='lat' dir='ltr'><strong>Recognita</strong></span> <span class='ocrx_word' id='word_1_514' title='bbox 1559 3856 1768 3901; x_wconf 90' lang='lat' dir='ltr'><strong>certum</strong></span> <span class='ocrx_word' id='word_1_515' title='bbox 1811 3847 2008 3902; x_wconf 86' lang='lat' dir='ltr'><strong>habent</strong></span> <span class='ocrx_word' id='word_1_516' title='bbox 2033 3864 2130 3917; x_wconf 88' lang='lat' dir='ltr'><strong>pa-</strong></span> 
     </span>
    </p>
   </div>
   <div class='ocr_carea' id='block_1_42' title="bbox 553 3938 2132 4010">
    <p class='ocr_par' dir='ltr' id='par_1_42' title="bbox 553 3938 2132 4010">
     <span class='ocr_line' id='line_1_42' title="bbox 553 3938 2132 4010; baseline -0.001 -13"><span class='ocrx_word' id='word_1_517' title='bbox 553 3949 782 3997; x_wconf 85' lang='lat' dir='ltr'><strong>rentem.</strong></span> <span class='ocrx_word' id='word_1_518' title='bbox 827 3941 902 3995; x_wconf 91' lang='lat' dir='ltr'><strong>De</strong></span> <span class='ocrx_word' id='word_1_519' title='bbox 941 3940 1182 4010; x_wconf 89' lang='lat' dir='ltr'><strong>epistolis</strong></span> <span class='ocrx_word' id='word_1_520' title='bbox 1223 3949 1276 3996; x_wconf 90' lang='lat' dir='ltr'><strong>et</strong></span> <span class='ocrx_word' id='word_1_521' title='bbox 1315 3941 1630 3995; x_wconf 86' lang='lat' dir='ltr'><strong>tractatibus</strong></span> <span class='ocrx_word' id='word_1_522' title='bbox 1660 3938 1875 3994; x_wconf 90' lang='lat' dir='ltr'><strong>aliunde</strong></span> <span class='ocrx_word' id='word_1_523' title='bbox 1917 3955 2132 3996; x_wconf 89' lang='lat' dir='ltr'><strong>sumen-</strong></span> 
     </span>
    </p>
   </div>
   <div class='ocr_carea' id='block_1_43' title="bbox 553 4032 2130 4103">
    <p class='ocr_par' dir='ltr' id='par_1_43' title="bbox 553 4032 2130 4103">
     <span class='ocr_line' id='line_1_43' title="bbox 553 4032 2130 4103; baseline 0.001 -15"><span class='ocrx_word' id='word_1_524' title='bbox 553 4034 679 4088; x_wconf 93' lang='lat' dir='ltr'><strong>dum</strong></span> <span class='ocrx_word' id='word_1_525' title='bbox 706 4032 1079 4103; x_wconf 83' lang='lat' dir='ltr'><strong>estjudicium.</strong></span> <span class='ocrx_word' id='word_1_526' title='bbox 1100 4032 1282 4103; x_wconf 78' lang='lat' dir='ltr'><strong>Neque</strong></span> <span class='ocrx_word' id='word_1_527' title='bbox 1309 4041 1488 4088; x_wconf 85' lang='lat' dir='ltr'><strong>tamen</strong></span> <span class='ocrx_word' id='word_1_528' title='bbox 1518 4033 1758 4102; x_wconf 89' lang='lat' dir='ltr'><strong>protinus</strong></span> <span class='ocrx_word' id='word_1_529' title='bbox 1779 4032 2130 4089; x_wconf 88' lang='lat' dir='ltr'><strong>adulterinum</strong></span> 
     </span>
    </p>
   </div>
   <div class='ocr_carea' id='block_1_44' title="bbox 556 4124 2130 4196">
    <p class='ocr_par' dir='ltr' id='par_1_44' title="bbox 556 4124 2130 4196">
     <span class='ocr_line' id='line_1_44' title="bbox 556 4124 2130 4196; baseline 0 -16"><span class='ocrx_word' id='word_1_530' title='bbox 556 4126 744 4181; x_wconf 90' lang='lat' dir='ltr'><strong>haberi</strong></span> <span class='ocrx_word' id='word_1_531' title='bbox 774 4125 934 4180; x_wconf 89' lang='lat' dir='ltr'><strong>debet</strong></span> <span class='ocrx_word' id='word_1_532' title='bbox 971 4125 1229 4196; x_wconf 89' lang='lat' dir='ltr'><strong>quidquid</strong></span> <span class='ocrx_word' id='word_1_533' title='bbox 1268 4125 1321 4179; x_wconf 92' lang='lat' dir='ltr'><strong>in</strong></span> <span class='ocrx_word' id='word_1_534' title='bbox 1359 4124 1602 4194; x_wconf 88' lang='lat' dir='ltr'><strong>catalogo</strong></span> <span class='ocrx_word' id='word_1_535' title='bbox 1649 4137 1755 4178; x_wconf 92' lang='lat' dir='ltr'><strong>non</strong></span> <span class='ocrx_word' id='word_1_536' title='bbox 1800 4134 2130 4192; x_wconf 90' lang='lat' dir='ltr'><strong>recensetur,</strong></span> 
     </span>
    </p>
   </div>
   <div class='ocr_carea' id='block_1_45' title="bbox 555 4215 2132 4286">
    <p class='ocr_par' dir='ltr' id='par_1_45' title="bbox 555 4215 2132 4286">
     <span class='ocr_line' id='line_1_45' title="bbox 555 4215 2132 4286; baseline -0.004 -10"><span class='ocrx_word' id='word_1_537' title='bbox 555 4233 679 4276; x_wconf 85' lang='lat' dir='ltr'><strong>cum</strong></span> <span class='ocrx_word' id='word_1_538' title='bbox 705 4232 807 4274; x_wconf 88' lang='lat' dir='ltr'><strong>nec</strong></span> <span class='ocrx_word' id='word_1_539' title='bbox 838 4216 1066 4286; x_wconf 89' lang='lat' dir='ltr'><strong>epistola</strong></span> <span class='ocrx_word' id='word_1_540' title='bbox 1104 4217 1176 4270; x_wconf 87' lang='lat' dir='ltr'><strong>sit</strong></span> <span class='ocrx_word' id='word_1_541' title='bbox 1223 4231 1322 4271; x_wconf 91' lang='lat' dir='ltr'><strong>nec</strong></span> <span class='ocrx_word' id='word_1_542' title='bbox 1360 4215 1602 4271; x_wconf 88' lang='lat' dir='ltr'><strong>homilia.</strong></span> <span class='ocrx_word' id='word_1_543' title='bbox 1647 4215 1958 4284; x_wconf 89' lang='lat' dir='ltr'><strong>Quanquam</strong></span> <span class='ocrx_word' id='word_1_544' title='bbox 1989 4216 2132 4270; x_wconf 91' lang='lat' dir='ltr'><strong>enim</strong></span> 
     </span>
    </p>
   </div>
   <div class='ocr_carea' id='block_1_46' title="bbox 556 4306 3779 4378">
    <p class='ocr_par' dir='ltr' id='par_1_46' title="bbox 556 4306 3779 4378">
     <span class='ocr_line' id='line_1_46' title="bbox 556 4306 3779 4378; baseline -0.002 -12"><span class='ocrx_word' id='word_1_545' title='bbox 556 4325 717 4366; x_wconf 87' lang='lat' dir='ltr'><strong>senex</strong></span> <span class='ocrx_word' id='word_1_546' title='bbox 749 4310 851 4364; x_wconf 93' lang='lat' dir='ltr'><strong>hoc</strong></span> <span class='ocrx_word' id='word_1_547' title='bbox 886 4323 1021 4378; x_wconf 87' lang='lat' dir='ltr'><strong>opus</strong></span> <span class='ocrx_word' id='word_1_548' title='bbox 1061 4307 1364 4374; x_wconf 88' lang='lat' dir='ltr'><strong>accuravit,</strong></span> <span class='ocrx_word' id='word_1_549' title='bbox 1415 4315 1592 4361; x_wconf 79' lang='lat' dir='ltr'><strong>tamen</strong></span> <span class='ocrx_word' id='word_1_550' title='bbox 1630 4315 1832 4360; x_wconf 90' lang='lat' dir='ltr'><strong>certum</strong></span> <span class='ocrx_word' id='word_1_551' title='bbox 1864 4315 1945 4359; x_wconf 86' lang='lat' dir='ltr'><strong>est</strong></span> <span class='ocrx_word' id='word_1_552' title='bbox 1982 4306 2132 4360; x_wconf 90' lang='lat' dir='ltr'><strong>illum</strong></span> <span class='ocrx_word' id='word_1_553' title='bbox 2238 4307 2629 4362; x_wconf 86' lang='lat' dir='ltr'><strong>sanctissimus.</strong></span> <span class='ocrx_word' id='word_1_554' title='bbox 2654 4307 2965 4376; x_wconf 88' lang='lat' dir='ltr'><strong>Quanquam</strong></span> <span class='ocrx_word' id='word_1_555' title='bbox 2990 4308 3040 4361; x_wconf 87' lang='lat' dir='ltr'><strong>in</strong></span> <span class='ocrx_word' id='word_1_556' title='bbox 3071 4308 3136 4362; x_wconf 92' lang='lat' dir='ltr'><strong>iis</strong></span> <span class='ocrx_word' id='word_1_557' title='bbox 3163 4307 3316 4363; x_wconf 88' lang='lat' dir='ltr'><strong>libris</strong></span> <span class='ocrx_word' id='word_1_558' title='bbox 3340 4325 3472 4378; x_wconf 86' lang='lat' dir='ltr'><strong>quos</strong></span> <span class='ocrx_word' id='word_1_559' title='bbox 3494 4309 3779 4377; x_wconf 85' lang='lat' dir='ltr'><strong>scripsitca-</strong></span> 
     </span>
    </p>
   </div>
   <div class='ocr_carea' id='block_1_47' title="bbox 556 4396 3777 4478">
    <p class='ocr_par' dir='ltr' id='par_1_47' title="bbox 556 4396 3777 4478">
     <span class='ocr_line' id='line_1_47' title="bbox 556 4396 3777 4478; baseline -0.002 -20"><span class='ocrx_word' id='word_1_560' title='bbox 556 4415 738 4478; x_wconf 87' lang='lat' dir='ltr'><strong>postea</strong></span> <span class='ocrx_word' id='word_1_561' title='bbox 757 4401 1000 4473; x_wconf 73' lang='lat' dir='ltr'><strong>quaedam</strong></span> <span class='ocrx_word' id='word_1_562' title='bbox 1032 4400 1245 4456; x_wconf 89' lang='lat' dir='ltr'><strong>dedisse</strong></span> <span class='ocrx_word' id='word_1_563' title='bbox 1269 4400 1321 4453; x_wconf 94' lang='lat' dir='ltr'><strong>in</strong></span> <span class='ocrx_word' id='word_1_564' title='bbox 1352 4399 1494 4453; x_wconf 92' lang='lat' dir='ltr'><strong>hunc</strong></span> <span class='ocrx_word' id='word_1_565' title='bbox 1516 4398 1759 4452; x_wconf 90' lang='lat' dir='ltr'><strong>ordinem</strong></span> <span class='ocrx_word' id='word_1_566' title='bbox 1788 4397 2131 4467; x_wconf 84' lang='lat' dir='ltr'><strong>accersenda,</strong></span> <span class='ocrx_word' id='word_1_567' title='bbox 2239 4399 2616 4462; x_wconf 87' lang='lat' dir='ltr'><strong>techumenus,</strong></span> <span class='ocrx_word' id='word_1_568' title='bbox 2645 4396 3022 4466; x_wconf 89' lang='lat' dir='ltr'><strong>deprehendas</strong></span> <span class='ocrx_word' id='word_1_569' title='bbox 3058 4400 3300 4453; x_wconf 92' lang='lat' dir='ltr'><strong>nonnihil</strong></span> <span class='ocrx_word' id='word_1_570' title='bbox 3334 4400 3575 4455; x_wconf 63' lang='lat' dir='ltr'><strong>humanae</strong></span> <span class='ocrx_word' id='word_1_571' title='bbox 3599 4399 3777 4470; x_wconf 66' lang='lat' dir='ltr'><strong>gloriae,</strong></span> 
     </span>
    </p>
   </div>
   <div class='ocr_carea' id='block_1_48' title="bbox 555 4487 3781 4561">
    <p class='ocr_par' dir='ltr' id='par_1_48' title="bbox 555 4487 3781 4561">
     <span class='ocr_line' id='line_1_48' title="bbox 555 4487 3781 4561; baseline -0.002 -13"><span class='ocrx_word' id='word_1_572' title='bbox 555 4494 715 4548; x_wconf 87' lang='lat' dir='ltr'><strong>veluti</strong></span> <span class='ocrx_word' id='word_1_573' title='bbox 752 4494 944 4548; x_wconf 91' lang='lat' dir='ltr'><strong>librum</strong></span> <span class='ocrx_word' id='word_1_574' title='bbox 969 4491 1038 4546; x_wconf 94' lang='lat' dir='ltr'><strong>de</strong></span> <span class='ocrx_word' id='word_1_575' title='bbox 1069 4490 1376 4545; x_wconf 68' lang='lat' dir='ltr'><strong>Haaresibus</strong></span> <span class='ocrx_word' id='word_1_576' title='bbox 1402 4489 1470 4542; x_wconf 90' lang='lat' dir='ltr'><strong>ad</strong></span> <span class='ocrx_word' id='word_1_577' title='bbox 1501 4487 1951 4555; x_wconf 88' lang='lat' dir='ltr'><strong>Quodvultdeum.</strong></span> <span class='ocrx_word' id='word_1_578' title='bbox 1999 4488 2134 4542; x_wconf 81' lang='lat' dir='ltr'><strong>Aliis</strong></span> <span class='ocrx_word' id='word_1_579' title='bbox 2239 4505 2395 4560; x_wconf 92' lang='lat' dir='ltr'><strong>quem</strong></span> <span class='ocrx_word' id='word_1_580' title='bbox 2420 4489 2671 4544; x_wconf 71' lang='lat' dir='ltr'><strong>affectum</strong></span> <span class='ocrx_word' id='word_1_581' title='bbox 2695 4488 2913 4544; x_wconf 89' lang='lat' dir='ltr'><strong>minime</strong></span> <span class='ocrx_word' id='word_1_582' title='bbox 2935 4493 3130 4544; x_wconf 89' lang='lat' dir='ltr'><strong>malum</strong></span> <span class='ocrx_word' id='word_1_583' title='bbox 3154 4493 3575 4561; x_wconf 90' lang='lat' dir='ltr'><strong>generosissimis</strong></span> <span class='ocrx_word' id='word_1_584' title='bbox 3592 4491 3781 4561; x_wconf 88' lang='lat' dir='ltr'><strong>quibus-</strong></span> 
     </span>
    </p>
   </div>
   <div class='ocr_carea' id='block_1_49' title="bbox 557 4572 3781 4659">
    <p class='ocr_par' dir='ltr' id='par_1_49' title="bbox 557 4572 3781 4659">
     <span class='ocr_line' id='line_1_49' title="bbox 557 4572 3781 4659; baseline -0.003 -18"><span class='ocrx_word' id='word_1_585' title='bbox 557 4588 718 4659; x_wconf 80' lang='lat' dir='ltr'><strong>igitur</strong></span> <span class='ocrx_word' id='word_1_586' title='bbox 745 4585 1075 4657; x_wconf 87' lang='lat' dir='ltr'><strong>argumentis</strong></span> <span class='ocrx_word' id='word_1_587' title='bbox 1104 4582 1404 4638; x_wconf 87' lang='lat' dir='ltr'><strong>docendum</strong></span> <span class='ocrx_word' id='word_1_588' title='bbox 1445 4592 1530 4635; x_wconf 88' lang='lat' dir='ltr'><strong>est</strong></span> <span class='ocrx_word' id='word_1_589' title='bbox 1574 4579 1817 4650; x_wconf 65' lang='lat' dir='ltr'><strong>quaedam</strong></span> <span class='ocrx_word' id='word_1_590' title='bbox 1861 4595 1982 4635; x_wconf 91' lang='lat' dir='ltr'><strong>esse</strong></span> <span class='ocrx_word' id='word_1_591' title='bbox 2025 4596 2136 4635; x_wconf 83' lang='lat' dir='ltr'><strong>am-</strong></span> <span class='ocrx_word' id='word_1_592' title='bbox 2163 4572 2215 4634; x_wconf 87' lang='lat' dir='ltr'><strong>D</strong></span> <span class='ocrx_word' id='word_1_593' title='bbox 2241 4599 2342 4652; x_wconf 89' lang='lat' dir='ltr'><strong>que</strong></span> <span class='ocrx_word' id='word_1_594' title='bbox 2376 4581 2599 4652; x_wconf 87' lang='lat' dir='ltr'><strong>ingeniis</strong></span> <span class='ocrx_word' id='word_1_595' title='bbox 2629 4580 2966 4650; x_wconf 88' lang='lat' dir='ltr'><strong>potissimum</strong></span> <span class='ocrx_word' id='word_1_596' title='bbox 3001 4581 3244 4637; x_wconf 90' lang='lat' dir='ltr'><strong>videmus</strong></span> <span class='ocrx_word' id='word_1_597' title='bbox 3275 4585 3488 4638; x_wconf 88' lang='lat' dir='ltr'><strong>insitum</strong></span> <span class='ocrx_word' id='word_1_598' title='bbox 3513 4598 3644 4638; x_wconf 91' lang='lat' dir='ltr'><strong>esse.</strong></span> <span class='ocrx_word' id='word_1_599' title='bbox 3685 4579 3781 4634; x_wconf 85' lang='lat' dir='ltr'><strong>Non</strong></span> 
     </span>
    </p>
   </div>
   <div class='ocr_carea' id='block_1_50' title="bbox 556 4671 3782 4748">
    <p class='ocr_par' dir='ltr' id='par_1_50' title="bbox 556 4671 3782 4748">
     <span class='ocr_line' id='line_1_50' title="bbox 556 4671 3782 4748; baseline -0.002 -16"><span class='ocrx_word' id='word_1_600' title='bbox 556 4678 702 4748; x_wconf 80' lang='lat' dir='ltr'><strong>higui</strong></span> <span class='ocrx_word' id='word_1_601' title='bbox 729 4688 932 4747; x_wconf 88' lang='lat' dir='ltr'><strong>partus,</strong></span> <span class='ocrx_word' id='word_1_602' title='bbox 972 4675 1216 4746; x_wconf 59' lang='lat' dir='ltr'><strong>quadam</strong></span> <span class='ocrx_word' id='word_1_603' title='bbox 1255 4681 1405 4727; x_wconf 89' lang='lat' dir='ltr'><strong>certo</strong></span> <span class='ocrx_word' id='word_1_604' title='bbox 1435 4671 1620 4726; x_wconf 88' lang='lat' dir='ltr'><strong>notha.</strong></span> <span class='ocrx_word' id='word_1_605' title='bbox 1650 4671 1819 4726; x_wconf 90' lang='lat' dir='ltr'><strong>Porro</strong></span> <span class='ocrx_word' id='word_1_606' title='bbox 1846 4671 1963 4726; x_wconf 89' lang='lat' dir='ltr'><strong>lihri</strong></span> <span class='ocrx_word' id='word_1_607' title='bbox 1996 4671 2135 4727; x_wconf 90' lang='lat' dir='ltr'><strong>Con-</strong></span> <span class='ocrx_word' id='word_1_608' title='bbox 2241 4676 2383 4731; x_wconf 92' lang='lat' dir='ltr'><strong>enim</strong></span> <span class='ocrx_word' id='word_1_609' title='bbox 2414 4689 2670 4729; x_wconf 85' lang='lat' dir='ltr'><strong>excusare</strong></span> <span class='ocrx_word' id='word_1_610' title='bbox 2699 4675 2936 4728; x_wconf 88' lang='lat' dir='ltr'><strong>conabor</strong></span> <span class='ocrx_word' id='word_1_611' title='bbox 2974 4674 3114 4743; x_wconf 91' lang='lat' dir='ltr'><strong>quod</strong></span> <span class='ocrx_word' id='word_1_612' title='bbox 3157 4676 3269 4744; x_wconf 83' lang='lat' dir='ltr'><strong>ipse</strong></span> <span class='ocrx_word' id='word_1_613' title='bbox 3307 4677 3506 4745; x_wconf 88' lang='lat' dir='ltr'><strong>putavit</strong></span> <span class='ocrx_word' id='word_1_614' title='bbox 3549 4689 3782 4730; x_wconf 83' lang='lat' dir='ltr'><strong>accusan-</strong></span> 
     </span>
    </p>
   </div>
   <div class='ocr_carea' id='block_1_51' title="bbox 558 4759 3782 4836">
    <p class='ocr_par' dir='ltr' id='par_1_51' title="bbox 558 4759 3782 4836">
     <span class='ocr_line' id='line_1_51' title="bbox 558 4759 3782 4836; baseline -0.004 -8"><span class='ocrx_word' id='word_1_615' title='bbox 558 4770 850 4828; x_wconf 83' lang='lat' dir='ltr'><strong>fessionum</strong></span> <span class='ocrx_word' id='word_1_616' title='bbox 879 4782 984 4822; x_wconf 91' lang='lat' dir='ltr'><strong>non</strong></span> <span class='ocrx_word' id='word_1_617' title='bbox 1015 4765 1187 4820; x_wconf 88' lang='lat' dir='ltr'><strong>solum</strong></span> <span class='ocrx_word' id='word_1_618' title='bbox 1221 4765 1324 4818; x_wconf 88' lang='lat' dir='ltr'><strong>huc</strong></span> <span class='ocrx_word' id='word_1_619' title='bbox 1365 4763 1700 4827; x_wconf 86' lang='lat' dir='ltr'><strong>conducunt,</strong></span> <span class='ocrx_word' id='word_1_620' title='bbox 1739 4770 1797 4816; x_wconf 90' lang='lat' dir='ltr'><strong>ut</strong></span> <span class='ocrx_word' id='word_1_621' title='bbox 1823 4760 2031 4816; x_wconf 89' lang='lat' dir='ltr'><strong>avidius</strong></span> <span class='ocrx_word' id='word_1_622' title='bbox 2061 4761 2136 4817; x_wconf 85' lang='lat' dir='ltr'><strong>le-</strong></span> <span class='ocrx_word' id='word_1_623' title='bbox 2239 4768 2388 4836; x_wconf 88' lang='lat' dir='ltr'><strong>dum,</strong></span> <span class='ocrx_word' id='word_1_624' title='bbox 2425 4767 2607 4822; x_wconf 90' lang='lat' dir='ltr'><strong>dicens</strong></span> <span class='ocrx_word' id='word_1_625' title='bbox 2634 4780 2728 4820; x_wconf 90' lang='lat' dir='ltr'><strong>eos</strong></span> <span class='ocrx_word' id='word_1_626' title='bbox 2759 4759 2922 4819; x_wconf 83' lang='lat' dir='ltr'><strong>libros</strong></span> <span class='ocrx_word' id='word_1_627' title='bbox 2948 4779 3083 4833; x_wconf 90' lang='lat' dir='ltr'><strong>quos</strong></span> <span class='ocrx_word' id='word_1_628' title='bbox 3112 4767 3324 4836; x_wconf 88' lang='lat' dir='ltr'><strong>scripsit</strong></span> <span class='ocrx_word' id='word_1_629' title='bbox 3355 4767 3500 4822; x_wconf 89' lang='lat' dir='ltr'><strong>rudis</strong></span> <span class='ocrx_word' id='word_1_630' title='bbox 3537 4767 3698 4822; x_wconf 90' lang='lat' dir='ltr'><strong>adhuc</strong></span> <span class='ocrx_word' id='word_1_631' title='bbox 3731 4779 3782 4816; x_wconf 89' lang='lat' dir='ltr'><strong>ac</strong></span> 
     </span>
    </p>
   </div>
   <div class='ocr_carea' id='block_1_52' title="bbox 557 4854 3782 4933">
    <p class='ocr_par' dir='ltr' id='par_1_52' title="bbox 557 4854 3782 4933">
     <span class='ocr_line' id='line_1_52' title="bbox 557 4854 3782 4933; baseline -0.003 -15"><span class='ocrx_word' id='word_1_632' title='bbox 557 4877 742 4933; x_wconf 83' lang='lat' dir='ltr'><strong>gamus</strong></span> <span class='ocrx_word' id='word_1_633' title='bbox 783 4861 926 4914; x_wconf 86' lang='lat' dir='ltr'><strong>illius</strong></span> <span class='ocrx_word' id='word_1_634' title='bbox 974 4860 1206 4926; x_wconf 83' lang='lat' dir='ltr'><strong>scripta,</strong></span> <span class='ocrx_word' id='word_1_635' title='bbox 1255 4855 1410 4925; x_wconf 85' lang='lat' dir='ltr'><strong>cujus</strong></span> <span class='ocrx_word' id='word_1_636' title='bbox 1451 4864 1505 4909; x_wconf 74' lang='lat' dir='ltr'><strong>et</strong></span> <span class='ocrx_word' id='word_1_637' title='bbox 1544 4854 1957 4909; x_wconf 81' lang='lat' dir='ltr'><strong>sincerissimam</strong></span> <span class='ocrx_word' id='word_1_638' title='bbox 2009 4870 2135 4926; x_wconf 75' lang='lat' dir='ltr'><strong>erga</strong></span> <span class='ocrx_word' id='word_1_639' title='bbox 2241 4862 2385 4916; x_wconf 82' lang='lat' dir='ltr'><strong>velut</strong></span> <span class='ocrx_word' id='word_1_640' title='bbox 2415 4861 2591 4916; x_wconf 83' lang='lat' dir='ltr'><strong>infans</strong></span> <span class='ocrx_word' id='word_1_641' title='bbox 2631 4860 2685 4914; x_wconf 89' lang='lat' dir='ltr'><strong>in</strong></span> <span class='ocrx_word' id='word_1_642' title='bbox 2726 4858 3062 4929; x_wconf 84' lang='lat' dir='ltr'><strong>philosophia</strong></span> <span class='ocrx_word' id='word_1_643' title='bbox 3090 4859 3416 4928; x_wconf 89' lang='lat' dir='ltr'><strong>Christiana,</strong></span> <span class='ocrx_word' id='word_1_644' title='bbox 3469 4862 3540 4915; x_wconf 90' lang='lat' dir='ltr'><strong>ita</strong></span> <span class='ocrx_word' id='word_1_645' title='bbox 3581 4859 3782 4914; x_wconf 83' lang='lat' dir='ltr'><strong>servisse</strong></span> 
     </span>
    </p>
   </div>
   <div class='ocr_carea' id='block_1_53' title="bbox 557 4948 3782 5022">
    <p class='ocr_par' dir='ltr' id='par_1_53' title="bbox 557 4948 3782 5022">
     <span class='ocr_line' id='line_1_53' title="bbox 557 4948 3782 5022; baseline -0.002 -13"><span class='ocrx_word' id='word_1_646' title='bbox 557 4955 725 5010; x_wconf 91' lang='lat' dir='ltr'><strong>Deum</strong></span> <span class='ocrx_word' id='word_1_647' title='bbox 759 4953 1012 5022; x_wconf 90' lang='lat' dir='ltr'><strong>pietatem</strong></span> <span class='ocrx_word' id='word_1_648' title='bbox 1055 4959 1104 5005; x_wconf 90' lang='lat' dir='ltr'><strong>et</strong></span> <span class='ocrx_word' id='word_1_649' title='bbox 1151 4948 1616 5018; x_wconf 83' lang='lat' dir='ltr'><strong>ﬂagrantissimam</strong></span> <span class='ocrx_word' id='word_1_650' title='bbox 1663 4963 1787 5020; x_wconf 83' lang='lat' dir='ltr'><strong>erga</strong></span> <span class='ocrx_word' id='word_1_651' title='bbox 1837 4950 2133 5020; x_wconf 79' lang='lat' dir='ltr'><strong>proximum</strong></span> <span class='ocrx_word' id='word_1_652' title='bbox 2239 4954 2472 5019; x_wconf 88' lang='lat' dir='ltr'><strong>Christo,</strong></span> <span class='ocrx_word' id='word_1_653' title='bbox 2502 4963 2559 5008; x_wconf 89' lang='lat' dir='ltr'><strong>ut</strong></span> <span class='ocrx_word' id='word_1_654' title='bbox 2585 4953 2760 5007; x_wconf 89' lang='lat' dir='ltr'><strong>adhuc</strong></span> <span class='ocrx_word' id='word_1_655' title='bbox 2789 4953 3087 5021; x_wconf 89' lang='lat' dir='ltr'><strong>resiperent</strong></span> <span class='ocrx_word' id='word_1_656' title='bbox 3117 4952 3356 5006; x_wconf 91' lang='lat' dir='ltr'><strong>scholam</strong></span> <span class='ocrx_word' id='word_1_657' title='bbox 3388 4953 3663 5022; x_wconf 68' lang='lat' dir='ltr'><strong>superbire,</strong></span> <span class='ocrx_word' id='word_1_658' title='bbox 3689 4964 3782 5005; x_wconf 88' lang='lat' dir='ltr'><strong>ma-</strong></span> 
     </span>
    </p>
   </div>
   <div class='ocr_carea' id='block_1_54' title="bbox 559 5039 3777 5116">
    <p class='ocr_par' dir='ltr' id='par_1_54' title="bbox 559 5039 3777 5116">
     <span class='ocr_line' id='line_1_54' title="bbox 559 5039 3777 5116; baseline -0.002 -16"><span class='ocrx_word' id='word_1_659' title='bbox 559 5045 832 5100; x_wconf 88' lang='lat' dir='ltr'><strong>caritatem</strong></span> <span class='ocrx_word' id='word_1_660' title='bbox 855 5041 1235 5113; x_wconf 87' lang='lat' dir='ltr'><strong>cognovimus;</strong></span> <span class='ocrx_word' id='word_1_661' title='bbox 1262 5054 1445 5094; x_wconf 89' lang='lat' dir='ltr'><strong>verum</strong></span> <span class='ocrx_word' id='word_1_662' title='bbox 1482 5039 1678 5094; x_wconf 91' lang='lat' dir='ltr'><strong>habent</strong></span> <span class='ocrx_word' id='word_1_663' title='bbox 1709 5050 1764 5095; x_wconf 90' lang='lat' dir='ltr'><strong>et</strong></span> <span class='ocrx_word' id='word_1_664' title='bbox 1801 5042 1958 5096; x_wconf 90' lang='lat' dir='ltr'><strong>aliam</strong></span> <span class='ocrx_word' id='word_1_665' title='bbox 1986 5042 2131 5096; x_wconf 87' lang='lat' dir='ltr'><strong>utili-</strong></span> <span class='ocrx_word' id='word_1_666' title='bbox 2240 5047 2425 5116; x_wconf 86' lang='lat' dir='ltr'><strong>gisque</strong></span> <span class='ocrx_word' id='word_1_667' title='bbox 2449 5044 2713 5114; x_wconf 88' lang='lat' dir='ltr'><strong>spirarent</strong></span> <span class='ocrx_word' id='word_1_668' title='bbox 2742 5043 2980 5098; x_wconf 87' lang='lat' dir='ltr'><strong>Platonis</strong></span> <span class='ocrx_word' id='word_1_669' title='bbox 3007 5042 3276 5113; x_wconf 87' lang='lat' dir='ltr'><strong>dogmata,</strong></span> <span class='ocrx_word' id='word_1_670' title='bbox 3321 5060 3477 5112; x_wconf 87' lang='lat' dir='ltr'><strong>quam</strong></span> <span class='ocrx_word' id='word_1_671' title='bbox 3505 5043 3777 5097; x_wconf 89' lang='lat' dir='ltr'><strong>divinarum</strong></span> 
     </span>
    </p>
   </div>
   <div class='ocr_carea' id='block_1_55' title="bbox 559 5131 3779 5206">
    <p class='ocr_par' dir='ltr' id='par_1_55' title="bbox 559 5131 3779 5206">
     <span class='ocr_line' id='line_1_55' title="bbox 559 5131 3779 5206; baseline -0.003 -12"><span class='ocrx_word' id='word_1_672' title='bbox 559 5148 742 5205; x_wconf 89' lang='lat' dir='ltr'><strong>tatem,</strong></span> <span class='ocrx_word' id='word_1_673' title='bbox 789 5151 1016 5206; x_wconf 88' lang='lat' dir='ltr'><strong>eamque</strong></span> <span class='ocrx_word' id='word_1_674' title='bbox 1062 5134 1353 5204; x_wconf 88' lang='lat' dir='ltr'><strong>geminam.</strong></span> <span class='ocrx_word' id='word_1_675' title='bbox 1396 5132 1576 5187; x_wconf 84' lang='lat' dir='ltr'><strong>Altera</strong></span> <span class='ocrx_word' id='word_1_676' title='bbox 1603 5143 1704 5200; x_wconf 88' lang='lat' dir='ltr'><strong>est,</strong></span> <span class='ocrx_word' id='word_1_677' title='bbox 1744 5149 1844 5204; x_wconf 89' lang='lat' dir='ltr'><strong>qua</strong></span> <span class='ocrx_word' id='word_1_678' title='bbox 1891 5134 2014 5189; x_wconf 92' lang='lat' dir='ltr'><strong>hinc</strong></span> <span class='ocrx_word' id='word_1_679' title='bbox 2042 5151 2132 5190; x_wconf 89' lang='lat' dir='ltr'><strong>co-</strong></span> <span class='ocrx_word' id='word_1_680' title='bbox 2239 5138 2633 5206; x_wconf 88' lang='lat' dir='ltr'><strong>Scripturarum</strong></span> <span class='ocrx_word' id='word_1_681' title='bbox 2665 5134 2939 5206; x_wconf 84' lang='lat' dir='ltr'><strong>mysteria.</strong></span> <span class='ocrx_word' id='word_1_682' title='bbox 2968 5133 3341 5189; x_wconf 80' lang='lat' dir='ltr'><strong>HabetAfrica</strong></span> <span class='ocrx_word' id='word_1_683' title='bbox 3368 5150 3518 5189; x_wconf 86' lang='lat' dir='ltr'><strong>suum</strong></span> <span class='ocrx_word' id='word_1_684' title='bbox 3544 5131 3779 5203; x_wconf 87' lang='lat' dir='ltr'><strong>quoddam</strong></span> 
     </span>
    </p>
   </div>
   <div class='ocr_carea' id='block_1_56' title="bbox 560 5220 3782 5303">
    <p class='ocr_par' dir='ltr' id='par_1_56' title="bbox 560 5220 3782 5303">
     <span class='ocr_line' id='line_1_56' title="bbox 560 5220 3782 5303; baseline -0.005 -15"><span class='ocrx_word' id='word_1_685' title='bbox 560 5235 720 5303; x_wconf 86' lang='lat' dir='ltr'><strong>gnitis</strong></span> <span class='ocrx_word' id='word_1_686' title='bbox 744 5232 989 5302; x_wconf 84' lang='lat' dir='ltr'><strong>personis</strong></span> <span class='ocrx_word' id='word_1_687' title='bbox 1022 5228 1219 5284; x_wconf 88' lang='lat' dir='ltr'><strong>rectius</strong></span> <span class='ocrx_word' id='word_1_688' title='bbox 1251 5227 1596 5297; x_wconf 88' lang='lat' dir='ltr'><strong>intelligimus</strong></span> <span class='ocrx_word' id='word_1_689' title='bbox 1636 5227 1875 5298; x_wconf 84' lang='lat' dir='ltr'><strong>dialogos</strong></span> <span class='ocrx_word' id='word_1_690' title='bbox 1906 5229 2048 5285; x_wconf 90' lang='lat' dir='ltr'><strong>illius</strong></span> <span class='ocrx_word' id='word_1_691' title='bbox 2079 5239 2133 5286; x_wconf 88' lang='lat' dir='ltr'><strong>et</strong></span> <span class='ocrx_word' id='word_1_692' title='bbox 2241 5228 2533 5298; x_wconf 85' lang='lat' dir='ltr'><strong>ingenium,</strong></span> <span class='ocrx_word' id='word_1_693' title='bbox 2584 5235 2641 5281; x_wconf 91' lang='lat' dir='ltr'><strong>et</strong></span> <span class='ocrx_word' id='word_1_694' title='bbox 2669 5224 2900 5280; x_wconf 88' lang='lat' dir='ltr'><strong>habebat</strong></span> <span class='ocrx_word' id='word_1_695' title='bbox 2925 5224 3145 5278; x_wconf 93' lang='lat' dir='ltr'><strong>omnino</strong></span> <span class='ocrx_word' id='word_1_696' title='bbox 3178 5225 3430 5295; x_wconf 90' lang='lat' dir='ltr'><strong>quiddam</strong></span> <span class='ocrx_word' id='word_1_697' title='bbox 3483 5239 3590 5278; x_wconf 68' lang='lat' dir='ltr'><strong>sua:</strong></span> <span class='ocrx_word' id='word_1_698' title='bbox 3633 5220 3782 5292; x_wconf 84' lang='lat' dir='ltr'><strong>gentis</strong></span> 
     </span>
    </p>
   </div>
   <div class='ocr_carea' id='block_1_57' title="bbox 561 5316 3782 5400">
    <p class='ocr_par' dir='ltr' id='par_1_57' title="bbox 561 5316 3782 5400">
     <span class='ocr_line' id='line_1_57' title="bbox 561 5316 3782 5400; baseline -0.006 -16"><span class='ocrx_word' id='word_1_699' title='bbox 561 5326 847 5400; x_wconf 87' lang='lat' dir='ltr'><strong>epistolas;</strong></span> <span class='ocrx_word' id='word_1_700' title='bbox 886 5325 1078 5390; x_wconf 90' lang='lat' dir='ltr'><strong>altera,</strong></span> <span class='ocrx_word' id='word_1_701' title='bbox 1109 5335 1214 5392; x_wconf 87' lang='lat' dir='ltr'><strong>qua</strong></span> <span class='ocrx_word' id='word_1_702' title='bbox 1240 5317 1335 5392; x_wconf 84' lang='lat' dir='ltr'><strong>qui</strong></span> <span class='ocrx_word' id='word_1_703' title='bbox 1383 5320 1713 5375; x_wconf 82' lang='lat' dir='ltr'><strong>familiariter</strong></span> <span class='ocrx_word' id='word_1_704' title='bbox 1747 5332 2007 5377; x_wconf 88' lang='lat' dir='ltr'><strong>noverant</strong></span> <span class='ocrx_word' id='word_1_705' title='bbox 2051 5323 2132 5377; x_wconf 90' lang='lat' dir='ltr'><strong>in-</strong></span> <span class='ocrx_word' id='word_1_706' title='bbox 2243 5321 2594 5391; x_wconf 81' lang='lat' dir='ltr'><strong>Augustinus,</strong></span> <span class='ocrx_word' id='word_1_707' title='bbox 2621 5319 2720 5372; x_wconf 91' lang='lat' dir='ltr'><strong>nisi</strong></span> <span class='ocrx_word' id='word_1_708' title='bbox 2747 5318 2994 5372; x_wconf 86' lang='lat' dir='ltr'><strong>Christus</strong></span> <span class='ocrx_word' id='word_1_709' title='bbox 3015 5316 3163 5372; x_wconf 90' lang='lat' dir='ltr'><strong>illum</strong></span> <span class='ocrx_word' id='word_1_710' title='bbox 3189 5318 3242 5374; x_wconf 90' lang='lat' dir='ltr'><strong>in</strong></span> <span class='ocrx_word' id='word_1_711' title='bbox 3264 5320 3425 5372; x_wconf 91' lang='lat' dir='ltr'><strong>alium</strong></span> <span class='ocrx_word' id='word_1_712' title='bbox 3448 5320 3611 5372; x_wconf 89' lang='lat' dir='ltr'><strong>virum</strong></span> <span class='ocrx_word' id='word_1_713' title='bbox 3633 5324 3782 5368; x_wconf 85' lang='lat' dir='ltr'><strong>trans-</strong></span> 
     </span>
    </p>
   </div>
   <div class='ocr_carea' id='block_1_58' title="bbox 562 5407 3780 5491">
    <p class='ocr_par' dir='ltr' id='par_1_58' title="bbox 562 5407 3780 5491">
     <span class='ocr_line' id='line_1_58' title="bbox 562 5407 3780 5491; baseline -0.006 -16"><span class='ocrx_word' id='word_1_714' title='bbox 562 5421 797 5491; x_wconf 89' lang='lat' dir='ltr'><strong>genium,</strong></span> <span class='ocrx_word' id='word_1_715' title='bbox 825 5431 1040 5472; x_wconf 86' lang='lat' dir='ltr'><strong>sensum</strong></span> <span class='ocrx_word' id='word_1_716' title='bbox 1070 5430 1134 5471; x_wconf 91' lang='lat' dir='ltr'><strong>ac</strong></span> <span class='ocrx_word' id='word_1_717' title='bbox 1173 5414 1462 5470; x_wconf 90' lang='lat' dir='ltr'><strong>dictionem</strong></span> <span class='ocrx_word' id='word_1_718' title='bbox 1493 5413 1748 5480; x_wconf 89' lang='lat' dir='ltr'><strong>hominis,</strong></span> <span class='ocrx_word' id='word_1_719' title='bbox 1800 5415 1983 5468; x_wconf 89' lang='lat' dir='ltr'><strong>multis</strong></span> <span class='ocrx_word' id='word_1_720' title='bbox 2026 5430 2133 5470; x_wconf 89' lang='lat' dir='ltr'><strong>non</strong></span> <span class='ocrx_word' id='word_1_721' title='bbox 2247 5411 2551 5465; x_wconf 88' lang='lat' dir='ltr'><strong>formasset.</strong></span> <span class='ocrx_word' id='word_1_722' title='bbox 2584 5408 2750 5463; x_wconf 90' lang='lat' dir='ltr'><strong>Porro</strong></span> <span class='ocrx_word' id='word_1_723' title='bbox 2770 5407 3178 5462; x_wconf 87' lang='lat' dir='ltr'><strong>Confessionum</strong></span> <span class='ocrx_word' id='word_1_724' title='bbox 3219 5409 3338 5463; x_wconf 91' lang='lat' dir='ltr'><strong>libri</strong></span> <span class='ocrx_word' id='word_1_725' title='bbox 3368 5422 3500 5477; x_wconf 89' lang='lat' dir='ltr'><strong>quos</strong></span> <span class='ocrx_word' id='word_1_726' title='bbox 3523 5415 3576 5461; x_wconf 90' lang='lat' dir='ltr'><strong>et</strong></span> <span class='ocrx_word' id='word_1_727' title='bbox 3603 5407 3780 5460; x_wconf 78' lang='lat' dir='ltr'><strong>otiosus</strong></span> 
     </span>
    </p>
   </div>
   <div class='ocr_carea' id='block_1_59' title="bbox 565 5497 3780 5578">
    <p class='ocr_par' dir='ltr' id='par_1_59' title="bbox 565 5497 3780 5578">
     <span class='ocr_line' id='line_1_59' title="bbox 565 5497 3780 5578; baseline -0.007 -10"><span class='ocrx_word' id='word_1_728' title='bbox 565 5510 906 5568; x_wconf 77' lang='lat' dir='ltr'><strong>offenduntur</strong></span> <span class='ocrx_word' id='word_1_729' title='bbox 933 5508 1126 5578; x_wconf 91' lang='lat' dir='ltr'><strong>quibus</strong></span> <span class='ocrx_word' id='word_1_730' title='bbox 1153 5507 1387 5577; x_wconf 89' lang='lat' dir='ltr'><strong>graviter</strong></span> <span class='ocrx_word' id='word_1_731' title='bbox 1412 5516 1565 5560; x_wconf 90' lang='lat' dir='ltr'><strong>erant</strong></span> <span class='ocrx_word' id='word_1_732' title='bbox 1591 5505 1911 5572; x_wconf 78' lang='lat' dir='ltr'><strong>offendendi,</strong></span> <span class='ocrx_word' id='word_1_733' title='bbox 1941 5508 1986 5560; x_wconf 90' lang='lat' dir='ltr'><strong>si</strong></span> <span class='ocrx_word' id='word_1_734' title='bbox 2018 5507 2134 5561; x_wconf 65' lang='lat' dir='ltr'><strong>haec</strong></span> <span class='ocrx_word' id='word_1_735' title='bbox 2247 5513 2302 5558; x_wconf 91' lang='lat' dir='ltr'><strong>et</strong></span> <span class='ocrx_word' id='word_1_736' title='bbox 2329 5503 2514 5558; x_wconf 90' lang='lat' dir='ltr'><strong>otiosis</strong></span> <span class='ocrx_word' id='word_1_737' title='bbox 2553 5500 2832 5570; x_wconf 89' lang='lat' dir='ltr'><strong>scripsisse</strong></span> <span class='ocrx_word' id='word_1_738' title='bbox 2860 5498 3087 5564; x_wconf 90' lang='lat' dir='ltr'><strong>videtur,</strong></span> <span class='ocrx_word' id='word_1_739' title='bbox 3137 5499 3330 5555; x_wconf 89' lang='lat' dir='ltr'><strong>habent</strong></span> <span class='ocrx_word' id='word_1_740' title='bbox 3377 5497 3618 5568; x_wconf 91' lang='lat' dir='ltr'><strong>quiddam</strong></span> <span class='ocrx_word' id='word_1_741' title='bbox 3645 5508 3780 5564; x_wconf 87' lang='lat' dir='ltr'><strong>pecu-</strong></span> 
     </span>
    </p>
   </div>
   <div class='ocr_carea' id='block_1_60' title="bbox 2243 3476 3772 3552">
    <p class='ocr_par' dir='ltr' id='par_1_60' title="bbox 2243 3476 3772 3552">
     <span class='ocr_line' id='line_1_60' title="bbox 2243 3476 3772 3552; baseline 0.002 -20"><span class='ocrx_word' id='word_1_742' title='bbox 2243 3479 2417 3532; x_wconf 89' lang='lat' dir='ltr'><strong>minus</strong></span> <span class='ocrx_word' id='word_1_743' title='bbox 2445 3492 2541 3547; x_wconf 88' lang='lat' dir='ltr'><strong>per</strong></span> <span class='ocrx_word' id='word_1_744' title='bbox 2569 3485 2621 3532; x_wconf 89' lang='lat' dir='ltr'><strong>te</strong></span> <span class='ocrx_word' id='word_1_745' title='bbox 2650 3476 2895 3544; x_wconf 85' lang='lat' dir='ltr'><strong>contulit,</strong></span> <span class='ocrx_word' id='word_1_746' title='bbox 2945 3476 3091 3548; x_wconf 88' lang='lat' dir='ltr'><strong>impii</strong></span> <span class='ocrx_word' id='word_1_747' title='bbox 3139 3479 3302 3534; x_wconf 90' lang='lat' dir='ltr'><strong>simul</strong></span> <span class='ocrx_word' id='word_1_748' title='bbox 3333 3491 3384 3535; x_wconf 92' lang='lat' dir='ltr'><strong>et</strong></span> <span class='ocrx_word' id='word_1_749' title='bbox 3412 3483 3593 3552; x_wconf 89' lang='lat' dir='ltr'><strong>ingrati</strong></span> <span class='ocrx_word' id='word_1_750' title='bbox 3620 3483 3772 3538; x_wconf 89' lang='lat' dir='ltr'><strong>livoris</strong></span> 
     </span>
    </p>
   </div>
   <div class='ocr_carea' id='block_1_61' title="bbox 2233 3570 3772 3640">
    <p class='ocr_par' dir='ltr' id='par_1_61' title="bbox 2233 3570 3772 3640">
     <span class='ocr_line' id='line_1_61' title="bbox 2233 3570 3772 3640; baseline 0.001 -13"><span class='ocrx_word' id='word_1_751' title='bbox 2233 3582 2336 3627; x_wconf 88' lang='lat' dir='ltr'><strong>est.</strong></span> <span class='ocrx_word' id='word_1_752' title='bbox 2371 3571 2654 3638; x_wconf 92' lang='lat' dir='ltr'><strong>Quomodo</strong></span> <span class='ocrx_word' id='word_1_753' title='bbox 2683 3570 2967 3640; x_wconf 89' lang='lat' dir='ltr'><strong>depromes</strong></span> <span class='ocrx_word' id='word_1_754' title='bbox 2997 3571 3255 3627; x_wconf 88' lang='lat' dir='ltr'><strong>talentum</strong></span> <span class='ocrx_word' id='word_1_755' title='bbox 3302 3574 3353 3628; x_wconf 91' lang='lat' dir='ltr'><strong>in</strong></span> <span class='ocrx_word' id='word_1_756' title='bbox 3387 3591 3592 3630; x_wconf 88' lang='lat' dir='ltr'><strong>usuram</strong></span> <span class='ocrx_word' id='word_1_757' title='bbox 3621 3577 3661 3629; x_wconf 93' lang='lat' dir='ltr'><strong>si</strong></span> <span class='ocrx_word' id='word_1_758' title='bbox 3688 3591 3772 3629; x_wconf 90' lang='lat' dir='ltr'><strong>non</strong></span> 
     </span>
    </p>
   </div>
   <div class='ocr_carea' id='block_1_62' title="bbox 2234 3661 3773 3738">
    <p class='ocr_par' dir='ltr' id='par_1_62' title="bbox 2234 3661 3773 3738">
     <span class='ocr_line' id='line_1_62' title="bbox 2234 3661 3773 3738; baseline 0.002 -21"><span class='ocrx_word' id='word_1_759' title='bbox 2234 3677 2495 3734; x_wconf 90' lang='lat' dir='ltr'><strong>agnoscas</strong></span> <span class='ocrx_word' id='word_1_760' title='bbox 2519 3661 2661 3732; x_wconf 91' lang='lat' dir='ltr'><strong>quod</strong></span> <span class='ocrx_word' id='word_1_761' title='bbox 2688 3661 2783 3716; x_wconf 91' lang='lat' dir='ltr'><strong>tibi</strong></span> <span class='ocrx_word' id='word_1_762' title='bbox 2803 3662 3052 3717; x_wconf 89' lang='lat' dir='ltr'><strong>traditum</strong></span> <span class='ocrx_word' id='word_1_763' title='bbox 3070 3663 3174 3717; x_wconf 85' lang='lat' dir='ltr'><strong>sit?</strong></span> <span class='ocrx_word' id='word_1_764' title='bbox 3195 3664 3474 3731; x_wconf 91' lang='lat' dir='ltr'><strong>Quomodo</strong></span> <span class='ocrx_word' id='word_1_765' title='bbox 3493 3668 3655 3738; x_wconf 89' lang='lat' dir='ltr'><strong>possis</strong></span> <span class='ocrx_word' id='word_1_766' title='bbox 3674 3667 3773 3720; x_wconf 88' lang='lat' dir='ltr'><strong>inde</strong></span> 
     </span>
    </p>
   </div>
   <div class='ocr_carea' id='block_1_63' title="bbox 2237 3753 3774 3825">
    <p class='ocr_par' dir='ltr' id='par_1_63' title="bbox 2237 3753 3774 3825">
     <span class='ocr_line' id='line_1_63' title="bbox 2237 3753 3774 3825; baseline -0.001 -17"><span class='ocrx_word' id='word_1_767' title='bbox 2237 3755 2428 3809; x_wconf 86' lang='lat' dir='ltr'><strong>tollere</strong></span> <span class='ocrx_word' id='word_1_768' title='bbox 2460 3755 2670 3818; x_wconf 87' lang='lat' dir='ltr'><strong>cristas,</strong></span> <span class='ocrx_word' id='word_1_769' title='bbox 2717 3754 2858 3819; x_wconf 91' lang='lat' dir='ltr'><strong>quod</strong></span> <span class='ocrx_word' id='word_1_770' title='bbox 2902 3753 3164 3824; x_wconf 86' lang='lat' dir='ltr'><strong>intelligas</strong></span> <span class='ocrx_word' id='word_1_771' title='bbox 3209 3764 3383 3810; x_wconf 91' lang='lat' dir='ltr'><strong>totum</strong></span> <span class='ocrx_word' id='word_1_772' title='bbox 3426 3771 3543 3812; x_wconf 90' lang='lat' dir='ltr'><strong>esse</strong></span> <span class='ocrx_word' id='word_1_773' title='bbox 3567 3757 3774 3825; x_wconf 68' lang='lat' dir='ltr'><strong>gratuitae</strong></span> 
     </span>
    </p>
   </div>
   <div class='ocr_carea' id='block_1_64' title="bbox 2236 3845 3775 3916">
    <p class='ocr_par' dir='ltr' id='par_1_64' title="bbox 2236 3845 3775 3916">
     <span class='ocr_line' id='line_1_64' title="bbox 2236 3845 3775 3916; baseline 0 -15"><span class='ocrx_word' id='word_1_774' title='bbox 2236 3847 2330 3902; x_wconf 91' lang='lat' dir='ltr'><strong>Dei</strong></span> <span class='ocrx_word' id='word_1_775' title='bbox 2369 3846 2749 3916; x_wconf 87' lang='lat' dir='ltr'><strong>benignitatis?</strong></span> <span class='ocrx_word' id='word_1_776' title='bbox 2797 3845 3018 3912; x_wconf 90' lang='lat' dir='ltr'><strong>Quoties</strong></span> <span class='ocrx_word' id='word_1_777' title='bbox 3063 3857 3240 3902; x_wconf 89' lang='lat' dir='ltr'><strong>autem</strong></span> <span class='ocrx_word' id='word_1_778' title='bbox 3288 3848 3463 3902; x_wconf 90' lang='lat' dir='ltr'><strong>divina</strong></span> <span class='ocrx_word' id='word_1_779' title='bbox 3516 3849 3705 3902; x_wconf 90' lang='lat' dir='ltr'><strong>bonitas</strong></span> <span class='ocrx_word' id='word_1_780' title='bbox 3736 3858 3775 3901; x_wconf 90' lang='lat' dir='ltr'><strong>te</strong></span> 
     </span>
    </p>
   </div>
   <div class='ocr_carea' id='block_1_65' title="bbox 2235 3937 3774 4008">
    <p class='ocr_par' dir='ltr' id='par_1_65' title="bbox 2235 3937 3774 4008">
     <span class='ocr_line' id='line_1_65' title="bbox 2235 3937 3774 4008; baseline -0.001 -17"><span class='ocrx_word' id='word_1_781' title='bbox 2235 3938 2382 3994; x_wconf 87' lang='lat' dir='ltr'><strong>velut</strong></span> <span class='ocrx_word' id='word_1_782' title='bbox 2423 3953 2622 4008; x_wconf 88' lang='lat' dir='ltr'><strong>organo</strong></span> <span class='ocrx_word' id='word_1_783' title='bbox 2653 3937 2902 4007; x_wconf 90' lang='lat' dir='ltr'><strong>dignatur</strong></span> <span class='ocrx_word' id='word_1_784' title='bbox 2932 3940 3043 4004; x_wconf 91' lang='lat' dir='ltr'><strong>uti,</strong></span> <span class='ocrx_word' id='word_1_785' title='bbox 3088 3938 3153 3992; x_wconf 88' lang='lat' dir='ltr'><strong>ad</strong></span> <span class='ocrx_word' id='word_1_786' title='bbox 3196 3939 3460 4007; x_wconf 87' lang='lat' dir='ltr'><strong>juvandos</strong></span> <span class='ocrx_word' id='word_1_787' title='bbox 3507 3940 3650 4002; x_wconf 89' lang='lat' dir='ltr'><strong>alios,</strong></span> <span class='ocrx_word' id='word_1_788' title='bbox 3690 3954 3774 3992; x_wconf 91' lang='lat' dir='ltr'><strong>non</strong></span> 
     </span>
    </p>
   </div>
   <div class='ocr_carea' id='block_1_66' title="bbox 2238 4029 3777 4102">
    <p class='ocr_par' dir='ltr' id='par_1_66' title="bbox 2238 4029 3777 4102">
     <span class='ocr_line' id='line_1_66' title="bbox 2238 4029 3777 4102; baseline 0 -19"><span class='ocrx_word' id='word_1_789' title='bbox 2238 4030 2406 4085; x_wconf 86' lang='lat' dir='ltr'><strong>habes</strong></span> <span class='ocrx_word' id='word_1_790' title='bbox 2434 4029 2573 4099; x_wconf 92' lang='lat' dir='ltr'><strong>quod</strong></span> <span class='ocrx_word' id='word_1_791' title='bbox 2601 4029 2913 4093; x_wconf 90' lang='lat' dir='ltr'><strong>iusulescas,</strong></span> <span class='ocrx_word' id='word_1_792' title='bbox 2945 4029 3038 4084; x_wconf 89' lang='lat' dir='ltr'><strong>sed</strong></span> <span class='ocrx_word' id='word_1_793' title='bbox 3069 4029 3233 4084; x_wconf 89' lang='lat' dir='ltr'><strong>habes</strong></span> <span class='ocrx_word' id='word_1_794' title='bbox 3261 4031 3404 4087; x_wconf 92' lang='lat' dir='ltr'><strong>unde</strong></span> <span class='ocrx_word' id='word_1_795' title='bbox 3424 4031 3675 4102; x_wconf 90' lang='lat' dir='ltr'><strong>gratulere</strong></span> <span class='ocrx_word' id='word_1_796' title='bbox 3694 4029 3777 4084; x_wconf 86' lang='lat' dir='ltr'><strong>fra-</strong></span> 
     </span>
    </p>
   </div>
   <div class='ocr_carea' id='block_1_67' title="bbox 2239 4121 3777 4192">
    <p class='ocr_par' dir='ltr' id='par_1_67' title="bbox 2239 4121 3777 4192">
     <span class='ocr_line' id='line_1_67' title="bbox 2239 4121 3777 4192; baseline 0.001 -17"><span class='ocrx_word' id='word_1_797' title='bbox 2239 4122 2428 4188; x_wconf 91' lang='lat' dir='ltr'><strong>tribus,</strong></span> <span class='ocrx_word' id='word_1_798' title='bbox 2461 4121 2601 4175; x_wconf 90' lang='lat' dir='ltr'><strong>uude</strong></span> <span class='ocrx_word' id='word_1_799' title='bbox 2627 4122 2824 4191; x_wconf 90' lang='lat' dir='ltr'><strong>gratias</strong></span> <span class='ocrx_word' id='word_1_800' title='bbox 2851 4135 2976 4190; x_wconf 89' lang='lat' dir='ltr'><strong>agas</strong></span> <span class='ocrx_word' id='word_1_801' title='bbox 3010 4123 3141 4189; x_wconf 88' lang='lat' dir='ltr'><strong>Deo,</strong></span> <span class='ocrx_word' id='word_1_802' title='bbox 3175 4131 3266 4177; x_wconf 91' lang='lat' dir='ltr'><strong>tuo</strong></span> <span class='ocrx_word' id='word_1_803' title='bbox 3297 4125 3497 4192; x_wconf 89' lang='lat' dir='ltr'><strong>pariter</strong></span> <span class='ocrx_word' id='word_1_804' title='bbox 3525 4133 3575 4179; x_wconf 90' lang='lat' dir='ltr'><strong>et</strong></span> <span class='ocrx_word' id='word_1_805' title='bbox 3601 4124 3777 4178; x_wconf 89' lang='lat' dir='ltr'><strong>illorum</strong></span> 
     </span>
    </p>
   </div>
   <div class='ocr_carea' id='block_1_68' title="bbox 2238 4214 3780 4284">
    <p class='ocr_par' dir='ltr' id='par_1_68' title="bbox 2238 4214 3780 4284">
     <span class='ocr_line' id='line_1_68' title="bbox 2238 4214 3780 4284; baseline -0.001 -16"><span class='ocrx_word' id='word_1_806' title='bbox 2238 4217 2476 4268; x_wconf 92' lang='lat' dir='ltr'><strong>nomine.</strong></span> <span class='ocrx_word' id='word_1_807' title='bbox 2504 4232 2522 4265; x_wconf 75' lang='grc' dir='ltr'><strong><em>ι</em></strong></span> <span class='ocrx_word' id='word_1_808' title='bbox 2555 4214 2644 4268; x_wconf 81' lang='lat' dir='ltr'><strong>Sic</strong></span> <span class='ocrx_word' id='word_1_809' title='bbox 2673 4214 2894 4279; x_wconf 89' lang='lat' dir='ltr'><strong>amavit,</strong></span> <span class='ocrx_word' id='word_1_810' title='bbox 2925 4215 3003 4270; x_wconf 93' lang='lat' dir='ltr'><strong>sic</strong></span> <span class='ocrx_word' id='word_1_811' title='bbox 3039 4216 3347 4284; x_wconf 70' lang='lat' dir='ltr'><strong>praedicavit</strong></span> <span class='ocrx_word' id='word_1_812' title='bbox 3392 4232 3515 4271; x_wconf 90' lang='lat' dir='ltr'><strong>suas</strong></span> <span class='ocrx_word' id='word_1_813' title='bbox 3543 4217 3684 4272; x_wconf 90' lang='lat' dir='ltr'><strong>dotes</strong></span> <span class='ocrx_word' id='word_1_814' title='bbox 3714 4216 3780 4267; x_wconf 86' lang='lat' dir='ltr'><strong>vir</strong></span> 
     </span>
    </p>
   </div>
   <div class='ocr_carea' id='block_1_69' title="bbox 566 5598 2133 5675">
    <p class='ocr_par' dir='ltr' id='par_1_69' title="bbox 566 5598 2133 5675">
     <span class='ocr_line' id='line_1_69' title="bbox 566 5598 2133 5675; baseline -0.004 -15"><span class='ocrx_word' id='word_1_815' title='bbox 566 5607 915 5675; x_wconf 88' lang='lat' dir='ltr'><strong>ignorarent:</strong></span> <span class='ocrx_word' id='word_1_816' title='bbox 955 5601 1006 5654; x_wconf 90' lang='lat' dir='ltr'><strong>id</strong></span> <span class='ocrx_word' id='word_1_817' title='bbox 1046 5614 1165 5655; x_wconf 88' lang='lat' dir='ltr'><strong>esse</strong></span> <span class='ocrx_word' id='word_1_818' title='bbox 1204 5599 1540 5654; x_wconf 91' lang='lat' dir='ltr'><strong>verissimum</strong></span> <span class='ocrx_word' id='word_1_819' title='bbox 1584 5598 1794 5652; x_wconf 92' lang='lat' dir='ltr'><strong>abunde</strong></span> <span class='ocrx_word' id='word_1_820' title='bbox 1833 5598 1986 5652; x_wconf 91' lang='lat' dir='ltr'><strong>docet</strong></span> <span class='ocrx_word' id='word_1_821' title='bbox 2012 5599 2133 5653; x_wconf 67' lang='lat' dir='ltr'><strong>vita:</strong></span> 
     </span>
    </p>
   </div>
   <div class='ocr_carea' id='block_1_70' title="bbox 568 5688 2130 5762">
    <p class='ocr_par' dir='ltr' id='par_1_70' title="bbox 568 5688 2130 5762">
     <span class='ocr_line' id='line_1_70' title="bbox 568 5688 2130 5762; baseline -0.004 -14"><span class='ocrx_word' id='word_1_822' title='bbox 568 5694 862 5749; x_wconf 88' lang='lat' dir='ltr'><strong>communis</strong></span> <span class='ocrx_word' id='word_1_823' title='bbox 909 5691 1258 5762; x_wconf 90' lang='lat' dir='ltr'><strong>experientia.</strong></span> <span class='ocrx_word' id='word_1_824' title='bbox 1310 5689 1576 5758; x_wconf 88' lang='lat' dir='ltr'><strong>Quosdam</strong></span> <span class='ocrx_word' id='word_1_825' title='bbox 1614 5698 1802 5744; x_wconf 88' lang='lat' dir='ltr'><strong>natura</strong></span> <span class='ocrx_word' id='word_1_826' title='bbox 1849 5688 2130 5753; x_wconf 83' lang='lat' dir='ltr'><strong>tristiores,</strong></span> 
     </span>
    </p>
   </div>
   <div class='ocr_carea' id='block_1_71' title="bbox 569 5781 2129 5862">
    <p class='ocr_par' dir='ltr' id='par_1_71' title="bbox 569 5781 2129 5862">
     <span class='ocr_line' id='line_1_71' title="bbox 569 5781 2129 5862; baseline -0.006 -14"><span class='ocrx_word' id='word_1_827' title='bbox 569 5806 749 5862; x_wconf 84' lang='lat' dir='ltr'><strong>parum</strong></span> <span class='ocrx_word' id='word_1_828' title='bbox 779 5790 978 5847; x_wconf 82' lang='lat' dir='ltr'><strong>amicos</strong></span> <span class='ocrx_word' id='word_1_829' title='bbox 1017 5787 1284 5854; x_wconf 70' lang='lat' dir='ltr'><strong>crederes,</strong></span> <span class='ocrx_word' id='word_1_830' title='bbox 1316 5786 1371 5843; x_wconf 92' lang='lat' dir='ltr'><strong>ni</strong></span> <span class='ocrx_word' id='word_1_831' title='bbox 1414 5792 1750 5856; x_wconf 89' lang='lat' dir='ltr'><strong>perspectum</strong></span> <span class='ocrx_word' id='word_1_832' title='bbox 1787 5782 2014 5841; x_wconf 87' lang='lat' dir='ltr'><strong>haberes</strong></span> <span class='ocrx_word' id='word_1_833' title='bbox 2044 5781 2129 5839; x_wconf 93' lang='lat' dir='ltr'><strong>in-</strong></span> 
     </span>
    </p>
   </div>
   <div class='ocr_carea' id='block_1_72' title="bbox 2241 5589 3778 5664">
    <p class='ocr_par' dir='ltr' id='par_1_72' title="bbox 2241 5589 3778 5664">
     <span class='ocr_line' id='line_1_72' title="bbox 2241 5589 3778 5664; baseline -0.01 -12"><span class='ocrx_word' id='word_1_834' title='bbox 2241 5597 2389 5652; x_wconf 90' lang='lat' dir='ltr'><strong>liaris</strong></span> <span class='ocrx_word' id='word_1_835' title='bbox 2414 5597 2693 5652; x_wconf 74' lang='lat' dir='ltr'><strong>molestiae.</strong></span> <span class='ocrx_word' id='word_1_836' title='bbox 2725 5594 2964 5650; x_wconf 85' lang='lat' dir='ltr'><strong>Primum</strong></span> <span class='ocrx_word' id='word_1_837' title='bbox 2994 5592 3047 5646; x_wconf 95' lang='lat' dir='ltr'><strong>in</strong></span> <span class='ocrx_word' id='word_1_838' title='bbox 3076 5594 3179 5649; x_wconf 87' lang='lat' dir='ltr'><strong>hoc</strong></span> <span class='ocrx_word' id='word_1_839' title='bbox 3204 5593 3343 5664; x_wconf 91' lang='lat' dir='ltr'><strong>quod</strong></span> <span class='ocrx_word' id='word_1_840' title='bbox 3367 5593 3528 5647; x_wconf 89' lang='lat' dir='ltr'><strong>multa</strong></span> <span class='ocrx_word' id='word_1_841' title='bbox 3544 5591 3608 5646; x_wconf 91' lang='lat' dir='ltr'><strong>de</strong></span> <span class='ocrx_word' id='word_1_842' title='bbox 3624 5589 3778 5657; x_wconf 89' lang='lat' dir='ltr'><strong>seipso</strong></span> 
     </span>
    </p>
   </div>
   <div class='ocr_carea' id='block_1_73' title="bbox 2241 5683 3775 5755">
    <p class='ocr_par' dir='ltr' id='par_1_73' title="bbox 2241 5683 3775 5755">
     <span class='ocr_line' id='line_1_73' title="bbox 2241 5683 3775 5755; baseline -0.008 -13"><span class='ocrx_word' id='word_1_843' title='bbox 2241 5697 2642 5753; x_wconf 89' lang='lat' dir='ltr'><strong>commemorat,</strong></span> <span class='ocrx_word' id='word_1_844' title='bbox 2681 5685 2870 5755; x_wconf 86' lang='lat' dir='ltr'><strong>partim</strong></span> <span class='ocrx_word' id='word_1_845' title='bbox 2913 5683 3220 5751; x_wconf 89' lang='lat' dir='ltr'><strong>minutiora,</strong></span> <span class='ocrx_word' id='word_1_846' title='bbox 3269 5699 3425 5753; x_wconf 88' lang='lat' dir='ltr'><strong>quam</strong></span> <span class='ocrx_word' id='word_1_847' title='bbox 3462 5694 3517 5738; x_wconf 89' lang='lat' dir='ltr'><strong>ut</strong></span> <span class='ocrx_word' id='word_1_848' title='bbox 3545 5697 3602 5737; x_wconf 91' lang='lat' dir='ltr'><strong>ea</strong></span> <span class='ocrx_word' id='word_1_849' title='bbox 3642 5690 3775 5734; x_wconf 85' lang='lat' dir='ltr'><strong>seve-</strong></span> 
     </span>
    </p>
   </div>
   <div class='ocr_carea' id='block_1_74' title="bbox 2239 5777 3776 5850">
    <p class='ocr_par' dir='ltr' id='par_1_74' title="bbox 2239 5777 3776 5850">
     <span class='ocr_line' id='line_1_74' title="bbox 2239 5777 3776 5850; baseline -0.006 -14"><span class='ocrx_word' id='word_1_850' title='bbox 2239 5781 2384 5837; x_wconf 91' lang='lat' dir='ltr'><strong>riore</strong></span> <span class='ocrx_word' id='word_1_851' title='bbox 2406 5778 2661 5850; x_wconf 74' lang='lat' dir='ltr'><strong>praeditus</strong></span> <span class='ocrx_word' id='word_1_852' title='bbox 2690 5777 2903 5848; x_wconf 87' lang='lat' dir='ltr'><strong>ingenio</strong></span> <span class='ocrx_word' id='word_1_853' title='bbox 2931 5777 3396 5835; x_wconf 78' lang='lat' dir='ltr'><strong>commemoranda</strong></span> <span class='ocrx_word' id='word_1_854' title='bbox 3418 5783 3637 5849; x_wconf 89' lang='lat' dir='ltr'><strong>putaret,</strong></span> <span class='ocrx_word' id='word_1_855' title='bbox 3668 5785 3776 5844; x_wconf 80' lang='lat' dir='ltr'><strong>par-</strong></span> 
     </span>
    </p>
   </div>
  </div>
