3954 6364
201 292 288 350 201

833 279 1187 341 VARIORUM
1226 273 1830 337 EXERCITATIONES
1868 275 1935 334 ΙΝ
1974 274 2031 332 S.
2080 208 2444 334 AUGUSTIN'I
2482 273 2730 332 OPERA.

3320 276 3427 332 9.02

183 420 265 473 tim
293 415 351 470 ad
385 407 565 483 glorite
587 402 819 477 speciem
846 398 1180 456 accedentia.
1212 396 1349 465 Quid
1378 403 1553 450 autem
1584 395 1738 448 fasti-
1767 397 1821 457 Α
1915 392 2077 459 lbid.,
2105 392 2203 463 δῖ).
2234 393 2469 447 Amorem
2491 390 2937 463 pulchritudinis.]
2958 392 3209 448 Φιλοκαλία
3233 390 3339 447 duo
3360 393 3433 449 si-

185 511 359 567 diosius
404 518 563 575 quam
616 496 832 557 humani
880 496 1022 550 livor
1069 491 1302 563 ingenii,
1357 490 1403 543 si
1448 489 1566 558 quis
1613 486 1741 558 quid

186 602 453 678 quamlibet
480 596 722 653 modeste
747 592 815 647 de
838 590 1017 660 seipso
1037 582 1593 678 pradicet‘l_Ad-lizne,
1617 582 1745 678 dum

186 671 242 755 de
261 695 412 751 rebus
444 685 836 747 humilioribus,
869 696 935 737 ne
965 680 1140 735 dicam
1162 674 1578 742 sordidioribus,
1599 671 1747 727 velut

186 791 242 847 de
266 784 499 848 infantia,
533 781 602 837 de
629 777 880 849 ephebia,
928 773 997 829 de
1026 772 1218 828 aﬂ‘ectu
1266 767 1523 832 libidinis,
1574 765 1748 834 deque

185 877 426 938 similibus
458 871 620 927 verba
651 869 874 931 iaciens,
902 864 1082 921 studet
1108 863 1182 929 iis
1198 875 1319 931 qua:
1346 858 1598 914 dicuntur
1623 870 1749 911 ora-

185 969 325 1027 tionis
355 967 617 1021 honorem
643 960 864 1025 addere,
889 956 1052 1012 veluti
1077 954 1335 1025 pudorem
1360 949 1751 1006 sententiarum

184 1066 269 1119 hoc
292 1060 411 1115 velo
440 1068 652 1127 tegens,
698 1052 755 1107 ﬁt
780 1050 880 1105 bac
919 1047 1205 1104 occasione
1232 1056 1615 1113 nonnunquam
1644 1039 1754 1094 'ob-

184 1154 384 1211 scurior.
438 1152 639 1207 Verum
681 1147 796 1201 huic
837 1142 1048 1199 uediola
1101 1141 1147 1195 si
1191 1136 1515 1213 devoraris,
1545 1134 1752 1205 reliqua

180 1264 285 1303 cum
307 1245 520 1315 majore
542 1252 655 1296 tum
685 1238 882 1303 fructu,
917 1245 1028 1290 tum
1057 1232 1332 1301 voluptate
1362 1227 1626 1298 perleges.

613 1363 1263 1428 ANIMADVERSIONES
1288 1364 1321 1399 "‘

469 1491 532 1531 IN
576 1483 812 1529 LIBROS
850 1477 1466 1524 RETRACTATIONUI.

254 1588 452 1660 Prol.§
498 1589 553 1642 1.
606 1579 965 1654 Τναεεαιὶὁυσ.]
1006 1579 1119 1635 Hoc
1167 1586 1250 1634 est
1292 1573 1613 1631 sermonibus
1661 1585 1761 1626 seu

200 1682 537 1744 concionibus,
570 1676 763 1749 quibus
790 1673 991 1744 populo
1016 1669 1347 1741 Scripturam
1376 1666 1760 1733 interpretatus

1847 484 2089 555 gnilicat,
2119 484 2398 551 elegantia:
2424 483 2639 553 quidem
2672 492 2830 550 atque
2869 481 3246 537 munditiarum
3278 499 3432 539 amo-

1849 594 1984 642 rem,
2018 578 2069 631 in
2096 578 2253 633 rebus
2283 577 2591 646 corporeis;
2623 576 2855 632 studium
2889 590 3018 631 vero
3044 592 3221 631 rerum
3259 577 3430 631 hone-

1850 684 2071 736 starum,
2103 672 2195 727 ubi
2224 685 2404 726 sermo
2427 670 2495 726 de
2526 670 2688 726 rebus
2732 670 2799 724 ad
2838 670 3077 724 animum
3116 669 3436 740 pertinenti-

1850 762 1970 818 bus.
2019 762 2293 817 Docebunt
2345 760 2461 815 haec
2491 760 2693 830 quaevis
2740 760 2929 815 lexica.
2974 759 3205 829 Ideoque
3256 760 3433 815 minus

1851 854 2135 910 commode
2155 862 2333 910 vertas
2353 868 2578 906 amorem
2599 852 3019 923 pulchritudinis,
3044 853 3235 921 quibus
3256 853 3440 911 verbis

1853 946 2184 1017 signiﬁcatur
2215 953 2418 999 tantum
2447 959 2601 998 amor
2624 943 2982 1000 formosorum
3010 960 3323 1014 puerorum,
3347 954 3443 1001 aut

1856 1038 2211 1093 formosarum
2242 1037 2546 1093 mulierum.
2583 1037 2778 1092 Fateor
2806 1040 2937 1112 φίλον
2968 1053 3088 1093 esse
3131 1039 3351 1094 amicum
3390 1048 3446 1095 et

1856 1133 2000 1188 καλὸν
2032 1130 2326 1199 pulchrum,
2350 1144 2499 1198 atque
2526 1144 2590 1184 ac
2614 1130 2892 1201 elegantem
2914 1138 3007 1184 aut
3025 1132 3309 1185 honestum.
3336 1131 3447 1187 Sed

1859 1238 1926 1278 ex
1958 1237 2078 1289 usu,
2126 1237 2233 1277 non
2283 1237 2348 1277 ex
2390 1222 2713 1293 etymologia
2744 1234 2870 1276 sunt
2913 1223 3225 1290 explicanda
3257 1225 3443 1279 verba.

1862 1316 2069 1371 Interea
2092 1314 2281 1370 merito
2308 1314 2528 1370 damnat
2556 1314 3072 1384 suampbilocaliam
3094 1318 3443 1387 Augustinus,

1862 1408 1988 1477 quia
2029 1409 2259 1463 sumitur
2311 1408 2420 1462 illic
2463 1422 2563 1477 pro
2623 1421 2807 1463 amore
2862 1408 3267 1465 munditiarum.
3315 1411 3449 1465 Vide

1862 1500 1959 1557 lib.
1989 1517 2029 1556 ιι
2057 1509 2245 1556 contra
2290 1500 2677 1567 Academicos,
2732 1515 2853 1570 cap.
2900 1500 2959 1555 2.
3001 1500 3055 1555 Si
3101 1516 3230 1556 vero
3280 1502 3451 1571 philo«-

1863 1594 2056 1650 caliam
2099 1602 2344 1648 vocasset
2387 1607 2627 1647 amorem
2684 1606 2864 1646 rerum
2915 1592 3296 1661 honestarum,
3345 1608 3450 1648 non

1867 1693 2014 1741 esset
2041 1699 2136 1739 cur
2162 1699 2360 1739 nomen
2395 1683 2499 1738 hoc
2539 1683 2843 1747 damnaret,
2876 1683 3029 1750 quasi
3062 1682 3202 1738 idem
3252 1684 3453 1753 signiﬁ-

194 1786 301 1834 est:
329 1790 443 1829 nam
481 1780 725 1832 tractare,
759 1782 825 1823 eo
855 1780 994 1833 aevo,
1040 1770 1157 1818 erat
1194 1760 1523 1825 concionari,
1556 1767 1611 1812 et
1647 1765 1757 1809 tra-

1884 1787 2015 1833 :aret
2040 1790 2104 1831 ac
2134 1773 2506 1845 philosophia;
2541 1789 2662 1828 nam
2692 1773 2893 1843 quaevis
2923 1773 3204 1843 pliilocalia
3230 1790 3335 1829 non
3372 1785 3453 1831 est

186 1878 388 1924 (latores
426 1863 745 1919 dicebantur
792 1857 1083 1926 Scriptum
1126 1855 1467 1921 interpretes.
1520 1847 1759 1916 Quarum

183 1973 367 2013 vocum
394 1970 505 2011 non
537 1966 657 2007 rara
688 1960 813 2006 sunt
838 1947 978 2019 apud
1002 1945 1320 2017 Cyprianum
1348 1936 1611 2010 exempla.

244 2046 374 2101 Ibid.
433 2039 746 2114 Denotem]
793 2040 851 2095 Id
908 2048 989 2094 est
1036 2037 1186 2108 gravi
1236 2032 1591 2102 improbantis
1641 2039 1763 2084 nota

180 2140 409 2204 inut-am,
435 2146 496 2190 ut
524 2132 761 2190 censoris
782 2139 901 2187 erat
928 2142 1107 2184 mores
1134 2126 1396 2181 malorum
1415 2134 1611 2177 notare.
1638 2121 1767 2177 Fre-

182 2239 402 2303 quenter
427 2244 491 2285 ea
524 2227 743 2283 notione
796 2223 938 2294 apud
982 2221 1375 2287 Tertullianum
1412 2217 1634 2272 verbum
1665 2215 1767 2271 hoc

188 2322 432 2385 occurrit,
464 2328 524 2374 ut
551 2318 705 2374 initio
745 2316 837 2371 lib.
880 2314 949 2369 de
996 2312 1195 2377 Pallio,
1244 2309 1447 2363 habitus
1497 2306 1764 2361 denotare.

192 2416 315 2473 Vide
342 2414 575 2470 indicem
604 2410 910 2466 Glossarum
939 2404 1278 2462 Tertulliani.

255 2508 358 2579 ἐξ.
393 2506 535 2561 Absit
563 2511 618 2558 ut
640 2500 1020 2572 multiloquium
1049 2498 1304 2568 deputem,
1328 2489 1462 2564 etc.]
1494 2489 1770 2559 Expressit

204 2597 510 2671 Augustinus
538 2596 653 2651 haec
682 2591 1011 2650 Philemonis
1039 2588 1227 2645 comici
1253 2628 1268 2653 ,
1302 2599 1421 2656 qua:
1451 2592 1505 2639 et
1532 2582 1621 2637 alii
1653 2580 1774 2636 imi-

208 2695 288 2751 tati
311 2701 449 2749 sunt.

328 2813 422 2866 Τὸν
447 2815 515 2881 μὴ
542 2810 754 2881 λέγοντα
775 2804 1112 2881 τλῶνᾳδξόνῖων
1138 2800 1263 2881 μηξέ
1294 2801 1343 2881 ξιξ

331 2872 523 2951 Μακρὁν
542 2872 737 2951 λοὸξιιζε,
761 2873 849 2949 κᾷν
877 2875 953 2930 δύ’
983 2874 1110 2951 εἴπῃ-
1127 2872 1403 2951 σρλλαϐάς.

332 2902 523 2951 Μακρον
551 2902 603 2934 νο
646 2902 737 2945 ιςε,
761 2902 849 2949 κᾳν
877 2902 937 2930 ου
983 2902 1097 2948 cur?)
1127 2902 1403 2930 clamamus.

331 2954 419 3006 Τὸν
449 2944 572 3024 δ’ᾼεῦ
600 2902 827 3019 ᾗγοντα.
857 2953 924 3018 μή
951 2946 1111 3016 νόμιζ’
1143 2940 1267 2997 εἶναι
1295 2940 1520 3024 puniebat

333 3022 452 3080 Μηδ⁹
486 3016 545 3074 ἂν
575 3015 747 3094 σφᾷδβ
777 3015 893 3094 εἵς-ῃ
921 3017 1097 3094 nollet,
1130 3018 1211 3066 καὶ
1237 3015 1392 3094 inops
1416 3015 1616 3085 χρόνον.

338 3083 626 3165 Τεκμήριφν’
640 3083 875 3165 δὲ’τοῦδέ
897 3090 978 3165 re?
996 3085 1220 3165 Ὅμηρον
1240 3083 1359 3165 λάβε
1375 3097 1389 3111 ⁸

334 3156 619 3236 obsecr/ﬁlo
641 3164 755 3236 ᾑμζν
785 3157 1037 3236 μυριάδες
1066 3156 1198 3211 ἐπῶν
1221 3156 1418 3236 γρᾲφει,

334 3234 452 3286 Ἀλλ’
481 3225 598 3287 addi.
620 3225 687 3293 sic
714 3225 937 3304 Ὀμηρον
962 3226 1124 3302 εἴρηκε
1156 3225 1364 3301 μαδέρόν.

273 3343 494 3413 Longum
511 3348 714 3396 censeto
733 3339 977 3392 dicentem
994 3336 1125 3389 nihil
1141 3352 1317 3413 eorum,
1331 3348 1443 3401 qua:
1459 3331 1559 3385 dici
1576 3329 1779 3395 debent,

212 3438 277 3489 sel
297 3437 337 3489 si
365 3412 491 3488 duas
517 3433 704 3488 dixerit
728 3430 972 3503 syllabas.
1005 3428 1139 3483 Bene
1162 3446 1278 3483 vero
1306 3412 1557 3481 dicentem
1584 3443 1646 3479 ne
1674 3427 1783 3479 exi-

213 3528 396 3580 stimato
420 3527 628 3598 longum
651 3540 775 3591 esse,
797 3541 858 3578 ne
882 3524 928 3577 si
959 3523 1119 3576 multa
1141 3523 1344 3593 quidem
1370 3522 1555 3575 disserit
1572 3529 1619 3573 et
1644 3520 1779 3574 ntul-

213 3630 255 3673 to
278 3630 511 3687 tempore.
543 3618 912 3691 Argumentum
948 3624 1141 3670 certum
1168 3616 1323 3684 hujus
1352 3616 1424 3668 rei
1457 3631 1518 3669 ea:
1560 3614 1782 3668 Homero

210 3713 390 3779 accipe.
407 3709 506 3764 Hic
526 3709 661 3765 enim
682 3709 828 3763 nobis
852 3709 1037 3762 multas
1061 3707 1317 3778 myriadas
1334 3724 1565 3761 versuum
1580 3707 1781 3770 scribit;

210 3810 257 3852 at
281 3818 418 3855 nemo
448 3800 732 3855 Homerum
771 3800 901 3853 dixit
940 3799 1169 3869 longum.
1200 3799 1386 3853 Exstat
1413 3800 1564 3853 locus
1598 3798 1675 3851 tit.
1712 3797 1782 3853 56

208 3892 469 3964 Florilegii
516 3892 673 3947 Joan.
726 3890 943 3947 Stobaai.
999 3889 1133 3945 Vide
1181 3896 1234 3944 et
1291 3890 1451 3959 epist.
1502 3889 1573 3943 20
1618 3888 1711 3943 lib.
1764 3903 1782 3941 ι

206 3981 380 4038 Plinii.

272 4076 431 4130 [anno
453 4092 487 4130 ι.
526 4074 660 4145 Cap.
681 4074 730 4139 1,
750 4072 847 4144 52.
868 4072 1026 4143 Cujus
1046 4071 1180 4125 ratio
1199 4080 1248 4126 et
1267 4086 1426 4125 causa
1447 4079 1639 4124 secreta
1656 4070 1779 4141 est.]
1800 4079 1835 4092 “

204 4166 257 4220 Si
289 4165 402 4222 base
427 4175 634 4221 tantum
675 4166 813 4220 casui
858 4164 1217 4219 tribuerentur
1255 4172 1311 4219 et
1334 4163 1642 4219 dicerentur
1668 4163 1779 4231 for-

206 4258 354 4326 tuita,
394 4268 576 4314 essent
617 4258 732 4312 hinc
769 4256 1027 4311 duntaxat
1067 4257 1278 4310 nomina
1311 4256 1503 4325 quibus
1534 4256 1782 4325 ignoran-

205 4350 332 4405 tiam
374 4361 612 4407 nostram
646 4352 966 4405 velaremus.
1013 4349 1118 4405 Sed
1162 4349 1405 4418 fortuita
1432 4351 1592 4403 etiam
1634 4356 1781 4402 recte

207 4442 464 4509 dicantur,
495 4457 614 4513 qum
648 4442 969 4498 scholastico
1009 4455 1258 4496 sermone
1296 4450 1553 4495 vocantur
1579 4440 1779 4495 contin-

1868 1868 2227 1939 philosophia,
2266 1868 2313 1921 si
2343 1866 2447 1922 hoc
2476 1864 2793 1920 vocabulum
2826 1880 2890 1919 ex
2922 1880 3019 1919 usu
3048 1874 3265 1933 recepto
3287 1866 3454 1920 inter-

1866 1970 2161 2032 pretemur.
2210 1960 2368 2015 Certe
2417 1957 2643 2013 Basilius
2685 1957 3035 2012 Ctesariensis
3075 1967 3127 2011 et
3168 1955 3455 2024 Gregorius

1868 2055 2237 2109 Nazianzenus
2284 2067 2390 2107 non
2428 2060 2709 2105 vocassent
2753 2050 3178 2119 pliil050phiam,
3211 2051 3316 2104 nisi
3348 2051 3455 2104 im-

1867 2151 2105 2221 proprie,
2135 2159 2386 2220 excerpta
2416 2163 2482 2203 ex
2512 2148 2742 2217 Origene
2786 2146 2978 2215 quibus
3006 2144 3306 2215 philOCﬂlitC
3332 2145 3457 2200 titu-

1870 2245 1980 2299 lum
2009 2244 2272 2300 fecerunt.

1945 2336 2107 2399 lbid.,
2136 2335 2163 2407 §
2188 2334 2241 2389 4.
2266 2333 2406 2388 Laus
2429 2349 2628 2404 quoque
2648 2320 2784 2403 ipsa,
2805 2330 3312 2403 etc.]Retractasset
3333 2343 3459 2400 ergo

1874 2428 2015 2499 quod
2041 2427 2110 2482 de
2141 2425 2479 2482 Academicis
2512 2424 2646 2479 dixit
2672 2423 2825 2478 initio
2862 2424 3021 2491 epist.
3054 2422 3106 2485 1,
3139 2421 3183 2475 si
3207 2421 3460 2491 epistolas

1873 2534 1999 2574 suas
2038 2517 2420 2574 recensuisset.
2450 2516 2557 2571 Sed
2600 2524 2654 2570 et
2695 2515 2798 2569 hoc
2835 2514 3009 2570 obiter
3042 2512 3206 2583 tangit
3234 2511 3461 2567 Confes-

1875 2613 2086 2667 sionum
2120 2609 2216 2665 lib.
2240 2626 2313 2675 Ix,
2346 2624 2465 2677 cap.
2496 2610 2549 2675 4,
2579 2623 2729 2662 num.
2762 2608 2818 2662 7.

1948 2702 2080 2775 Cap.
2112 2703 2165 2757 '5.
2197 2701 2335 2755 Bene
2376 2703 2596 2755 viventes
2639 2699 2884 2771 facillime
2925 2697 3203 2772 exaudiet.]
3236 2699 3290 2754 Si
3316 2699 3463 2755 voci-

1880 2799 1984 2849 bus
2042 2795 2163 2849 bene
2210 2795 2428 2847 viventes
2480 2793 2833 2847 intellexisset
2880 2791 3209 2861 Augustinus
3264 2792 3464 2860 peccati

1879 2886 2056 2940 omnis
2089 2887 2377 2948 immunes.
2415 2900 2615 2955 eosque
2640 2886 2787 2939 solos
2816 2899 2843 2936 a
2883 2884 2991 2938 Deo
3018 2885 3254 2939 exaudiri
3292 2886 3464 2940 dixis-

1880 2986 1985 3040 set,
2033 2992 2150 3032 srne
2180 2976 2345 3030 dubio
2370 2976 2605 3045 graviter
2637 2983 2899 3039 errasset;
2929 2973 3023 3028 sed
3065 2975 3109 3029 si
3140 2974 3466 3030 intellexerit

1884 3084 1978 3123 eos
2006 3070 2093 3140 qui
2120 3069 2326 3138 optimis
2350 3068 2576 3121 moribus
2600 3082 2806 3137 Operam
2828 3068 2973 3133 dant,
3007 3066 3109 3120 hoc
3137 3077 3220 3122 est
3246 3070 3334 3136 qui
3372 3068 3467 3125 Dei

1804 3146 1851 3211 C
1884 3162 2136 3217 timentes
2180 3169 2329 3224 sunt,
2377 3169 2431 3213 et
2474 3168 2733 3213 conantur
2782 3158 2836 3211 in
2877 3157 2993 3211 dies
3031 3157 3284 3213 meliores
3326 3159 3466 3227 ﬁeri,

1884 3267 2187 3323 quanquam
2219 3251 2447 3306 subinde
2471 3261 2713 3321 peccant,
2742 3249 3052 3305 inﬁrmitate
3074 3264 3177 3304 non
3208 3252 3468 3319 nequitia,

1884 3346 2068 3399 nescio
2093 3359 2256 3414 quare
2296 3344 2672 3399 retractaverit
2705 3342 2846 3397 hunc
2868 3343 3069 3397 locum.
3102 3342 3231 3398 Nam
3263 3354 3468 3401 certum

1884 3444 1968 3491 est
2010 3437 2227 3507 impios,
2273 3438 2328 3492 in
2369 3450 2463 3490 sua
2513 3436 2788 3504 impietate
2831 3445 3128 3504 manentes,
3163 3452 3193 3491 a
3224 3436 3334 3492 Deo
3370 3440 3469 3494 mi-

1888 3529 2034 3583 nime
2065 3529 2327 3586 exaudiri.
2363 3528 2497 3583 Vide
2534 3528 2857 3599 interpretes
2893 3531 2958 3583 ad
2993 3530 3147 3585 Joan.
3183 3546 3259 3599 tx,
3298 3532 3387 3601 51,
3418 3541 3471 3589 et

1882 3618 1995 3681 Jac.
2024 3636 2097 3688 tv,
2126 3620 2179 3675 3.

1954 3714 2083 3783 Cap.
2109 3715 2161 3778 7,
2197 3714 2223 3785 §
2259 3713 2312 3769 6.
2361 3713 2527 3769 Nemo
2567 3715 2673 3783 fere
2694 3714 2757 3769 de
2782 3715 3051 3770 scarabaais
3079 3715 3304 3784 dubitat,
3342 3718 3472 3792 etc.]

1885 3803 2051 3859 Recte
2082 3802 2180 3858 hac
2206 3804 2274 3859 de
2300 3820 2360 3859 re
2385 3805 2535 3859 multi
2559 3805 2891 3875 dubitabant,
2922 3822 3080 3874 quam
3109 3823 3249 3862 nunc
3280 3823 3473 3878 perne-

1883 3904 2009 3964 gant
2050 3896 2443 3951 accuratissimi
2485 3895 2716 3965 physici.
2753 3896 2886 3951 Vide
2918 3896 3111 3951 Frane.
3156 3899 3361 3954 Redum
3404 3900 3473 3955 de

1884 3987 2129 4042 lnsectis.
2162 3988 2272 4043 Nec
2301 3987 2525 4042 minoris
2559 3989 2813 4055 potentiae
2840 4003 2905 4044 ac
2933 3988 3213 4057 sapientiae
3244 3998 3328 4045 est
3357 3991 3473 4046 clli-

1884 4093 2007 4134 cere
2038 4079 2259 4135 culicem
2289 4094 2447 4149 quam
2473 4080 2756 4134 camelum.

1957 4171 2086 4239 Cap.
2109 4172 2194 4237 10,
2218 4170 2319 4242 §2.
2342 4171 2493 4237 Quod
2514 4187 2685 4225 omnes
2700 4171 2929 4226 homines
2950 4181 3185 4243 possunt,
3207 4175 3250 4228 si
3272 4174 3471 4248 velint.]

1883 4263 2114 4319 Necesse
2168 4272 2281 4318 erat
2344 4263 2481 4318 hanc
2517 4265 2840 4319 locutionem
2889 4266 3145 4335 explicari
3191 4268 3260 4322 ab
3289 4273 3474 4340 Augu-

1884 4354 2059 4420 stino;
2091 4354 2209 4421 quia
2244 4355 2382 4411 solet
2426 4360 2496 4409 ita
2540 4357 2699 4426 vulgo
2731 4357 2977 4428 intelligi,
3013 4367 3072 4413 ut
3099 4368 3403 4416 statuantur
3436 4362 3476 4417 ii

1886 4448 1955 4503 de
2005 4448 2198 4517 quibus
2247 4449 2316 4502 ita
2363 4448 2631 4517 loquimur
2676 4466 2822 4515 posse
2862 4450 3008 4505 velle.
3037 4451 3166 4518 Quis
3193 4453 3333 4507 enim
3365 4468 3475 4509 non

208 4534 394 4602 gentia,
444 4534 547 4588 hoc
590 4541 673 4588 est
717 4548 834 4603 qua:
888 4548 995 4586 non
1038 4532 1256 4587 evenire
1294 4542 1347 4587 et
1382 4532 1602 4588 evenire
1632 4547 1783 4604 aeque
1808 4516 2152 4603 Dhorreret,
2200 4540 2247 4594 si
2291 4516 2446 4610 quem
2492 4539 2702 4594 audiret
2745 4540 3030 4602 dicentem,
3062 4516 3295 4597 Christus
3326 4543 3476 4597 homo

209 4636 461 4691 possunt:
496 4626 674 4697 qualia
716 4634 837 4679 sunt
862 4641 981 4696 qua:
1016 4625 1251 4695 pendent
1279 4641 1308 4679 a
1344 4626 1593 4681 libertate
1623 4637 1780 4681 natu-

210 4730 390 4771 rarum
418 4718 846 4788 intelligentiam,
877 4732 996 4787 qute
1028 4717 1295 4772 interdum
1333 4726 1391 4771 ut
1422 4718 1587 4772 velint
1614 4718 1779 4785 nulla,

213 4822 324 4863 non
366 4811 520 4864 modo
567 4814 901 4873 necessitate,
948 4809 1043 4863 sed
1090 4826 1158 4864 ne
1201 4810 1407 4863 ratione
1441 4810 1653 4879 quidem
1693 4820 1786 4865 aut

215 4900 405 4957 aﬂectu
430 4902 558 4968 ullo,
582 4904 663 4956 vel
690 4912 835 4957 certe
863 4901 1194 4955 ineluctabili
1216 4901 1576 4958 adducuntur.
1601 4903 1806 4969 Quanm

217 5004 371 5060 quam
424 4995 536 5047 haec
582 5007 792 5063 quoque
837 4992 1071 5061 pendent
1109 5007 1139 5046 a
1181 4992 1362 5047 divina
1416 4994 1783 5062 providentia,

221 5096 322 5150 qua
343 5084 497 5141 inscia
539 5092 631 5138 aut
675 5084 836 5138 invita
882 5084 1011 5138 nihil
1050 5083 1346 5154 contingit;
1378 5095 1433 5140 et
1461 5101 1577 5154 qua:
1610 5094 1788 5140 muta-

222 5176 410 5232 tionem
438 5177 683 5248 quamvis
710 5176 870 5232 rebus
898 5177 1146 5232 omnibus
1179 5186 1355 5244 potest
1382 5177 1597 5233 alierre.
1623 5180 1787 5249 Igitur

224 5282 339 5322 cum
361 5270 595 5325 nullatsit
624 5269 925 5326 necessaria
953 5283 1113 5324 causa
1139 5284 1235 5324 cur
1258 5270 1511 5323 nonnulla
1535 5270 1785 5338 velimus,

226 5358 311 5413 illa
355 5363 467 5417 ideo
512 5364 725 5433 fortuita
772 5363 876 5416 diei
926 5361 1162 5433 possint;
1206 5376 1313 5416 non
1357 5376 1488 5417 vero
1527 5362 1786 5418 duntaxat

228 5454 342 5521 quia
357 5470 531 5511 eorum
560 5472 718 5510 causa
739 5464 786 5509 et
807 5456 938 5509 ratio
963 5464 1153 5509 secreta
1178 5464 1273 5509 est.
1296 5454 1493 5510 Verum
1524 5454 1611 5511 hic
1638 5456 1787 5512 locus

230 5559 329 5602 non
352 5557 425 5605 est
450 5548 548 5604 bac
578 5549 647 5604 de
675 5563 736 5603 re
762 5548 972 5617 agendi.
1620 5546 1623 5549 ’

1892 4639 2084 4700 potest,
2114 4630 2159 4683 si
2178 4630 2317 4693 velit,
2349 4646 2381 4681 a
2409 4628 2565 4683 Patre
2593 4646 2689 4683 suo
2718 4629 2971 4697 deﬁcere?
2990 4631 3270 4695 Nimirum,
3304 4649 3367 4688 ea
3400 4636 3477 4688 lo-

1890 4723 2103 4776 cutione
2144 4721 2304 4775 statui
2349 4721 2505 4789 solet,
2547 4734 2707 4791 posse
2747 4722 2862 4775 ﬂeri
2910 4732 2983 4795 ut;
3006 4722 3137 4776 velit
3176 4724 3221 4777 is
3260 4724 3326 4781 de
3368 4741 3476 4794 quo

1892 4827 2070 4870 sermo
2099 4824 2201 4869 est.

1966 4905 2098 4976 Cap.
2129 4905 2214 4970 15,
2240 4904 2265 4975 §
2287 4906 2341 4960 5.
2378 4904 2477 4959 Res
2508 4905 2619 4976 ipsa
2650 4922 2767 4978 quae
2812 4922 2947 4960 nunc
2971 4905 3153 4960 dicitur
3182 4905 3479 4965 Christiana

1893 4997 2076 5070 religio
2105 5004 2213 5050 erat
2241 4996 2380 5065 apud
2406 4996 2691 5069 antiquos.]
2725 4996 2850 5051 Haec
2877 4997 3220 5067 intelligenda
3260 5009 3384 5055 sunt
3411 5018 3478 5057 ex

1892 5092 1958 5146 iis
1988 5106 2106 5161 qua:
2154 5090 2402 5144 dicuntur
2444 5104 2564 5159 cap.
2607 5090 2700 5157 21,
2753 5105 2903 5143 ιιιιηι.
2950 5089 3005 5143 2.
3036 5089 3249 5161 Alioqui
3298 5094 3479 5151 minus

1894 5198 2021 5238 vera
2053 5192 2233 5237 essent
2254 5196 2412 5251 quam
2444 5196 2563 5251 quae
2593 5188 2971 5235 retractantur.

1965 5272 2122 5341 lbid.,
2158 5274 2184 5344 §
2218 5273 2271 5329 6.
2316 5272 2597 5327 Vendentes
2635 5282 2681 5326 et
2722 5282 2938 5325 ementes
2980 5272 3294 5343 ﬂagellando
3333 5275 3481 5346 ejecit

1896 5365 1958 5418 de
2003 5362 2233 5436 templo.]
2274 5363 2388 5418 Non
2432 5362 2641 5416 videtur
2664 5370 2839 5416 tamen
2885 5366 3101 5433 proprie
3132 5364 3248 5419 haec
3286 5367 3356 5419 vis
3386 5380 3480 5435 po-

1889 5458 2055 5514 tuisse
2079 5458 2203 5522 dici,
2237 5472 2339 5526 qua
2354 5456 2507 5511 evires
2529 5463 2885 5510 mercatorum
2912 5456 3064 5512 victm
3097 5458 3228 5512 sint.
3265 5459 3471 5515 Aucto-

1893 5550 2038 5606 ritati
2097 5550 2277 5620 potius
2331 5547 2656 5619 prophetica:
2698 5556 3007 5616 cesserunt,
3055 5564 3213 5620 quam
3262 5550 3314 5604 vi
3373 5566 3476 5620 qua

297 5682 326 5716 ⁸
351 5683 417 5757 lnA
432 5684 527 5738 hac
556 5683 1090 5738 Animadversionum
1119 5681 1453 5748 collectione,
1484 5680 1802 5753 Pherepono
1832 5682 2206 5741 ascribendum
2251 5688 2334 5737 est
2361 5680 2619 5752 quidquid
2663 5696 2769 5739 non
2800 5690 2883 5740 est
2909 5684 3015 5739 alio
3044 5685 3259 5740 nomine
3299 5686 3481 5757 signa:

238 5759 358 5809 tum.
388 5755 534 5811 Ent'r.

502 5850 768 5912 ΡΑτιιοι..
820 5848 1072 5912 XLVII.

2948 5840 2984 5899 7
