3954 6364
589 273 691 333 205

1482 278 2028 341 SUPPLEMENTUM
2067 281 2159 340 AD
2197 278 2425 337 OPERA
2464 274 2521 338 S.
2554 279 2940 341 AUGUSTINI.

3696 303 3771 369 ΞΜ

590 389 799 459 expulsi
824 387 1040 446 fuerint.
1077 389 1247 447 Nimis
1289 404 1509 448 severus
1538 408 1731 450 censor
1760 396 1858 451 fuit
1888 396 1938 451 in
1971 412 2030 452 se
2062 384 2243 480 Auf'A
2274 394 2413 462 quod
2435 393 2667 449 Sufﬁlum
2688 397 3055 465 Quotidianum
3075 406 3773 480 semperapontiﬁcemaximo

586 485 850 552 gustinus,
877 484 966 553 qui
991 484 1218 538 credidit
1234 492 1451 553 pr0pter
1471 486 1573 540 hoc
1593 486 1790 541 Christi
1822 487 2038 552 factum,
2067 478 2166 541 mi;

586 590 688 629 nus
719 589 843 630 vere
876 590 905 628 a
943 590 1002 630 se
1028 575 1226 630 dictum
1257 575 1421 631 fuisse
1446 575 1715 633 Christum
1743 564 1871 632 nihil
1900 581 2057 649 egisse
2085 579 2162 643 vi,

580 667 671 720 sed
696 666 869 721 omnia
894 668 1157 721 suadendo
1187 676 1235 722 et
1258 668 1530 722 monendo.
1570 669 1763 724 Verum
1808 670 1925 725 haec
1951 685 2016 725 eo
2042 683 2163 739 spe-

580 759 820 825 ctabant,
860 770 918 814 ut
961 761 1201 830 opinioni
1234 776 1392 831 quam
1425 771 1608 831 postea
1642 764 1919 833 amplexus
1948 772 2051 831 est,
2093 764 2160 819 de

578 851 949 919 persecutione
974 850 1140 917 licita,
1174 853 1633 921 patrocinaretur;
1668 862 1725 908 ut
1756 856 1917 925 liquet
1942 870 2008 910 ex
2044 857 2158 925 epi-

574 941 726 995 stolis
791 941 857 995 ad
914 942 1242 997 Bonifacium
1291 949 1347 997 et
1396 942 1760 999 Vincentium.
1818 945 1931 1012 Qua
1986 947 2041 1000 in
2096 960 2158 1001 re

572 1031 808 1111 διῦτεραι
836 1034 1090 1110 φροντίδες
1124 1050 1229 1090 non
1263 1036 1411 1092 fuere
1442 1040 1745 1112 σοφώτεραι.

635 1124 767 1194 Cap.
805 1125 892 1180 17.
939 1126 1402 1198 Competentibus.]
1443 1129 1552 1183 Hoc
1600 1139 1685 1185 est
1732 1130 2150 1197 catechumenis,

568 1214 657 1284 qtti
688 1232 791 1269 una
819 1227 990 1286 petunt
1018 1218 1359 1286 baptismum,
1392 1236 1549 1287 quam
1579 1220 1654 1274 ob
1676 1237 1787 1276 rem
1816 1233 2152 1292 competentes

568 1306 835 1360 dicuntur.
867 1306 1000 1362 Vide
1045 1317 1189 1362 torno
1222 1309 1287 1362 Vl
1321 1309 1513 1364 librum
1544 1311 1612 1366 de
1642 1310 1770 1367 Fide
1793 1320 1847 1368 et
1872 1315 2145 1385 operibus,

565 1409 683 1465 cap.
720 1399 783 1462 6;
816 1398 901 1461 11,
936 1397 989 1453 9.

636 1489 769 1557 Cap.
795 1490 885 1556 22,
927 1491 951 1559 §
985 1490 1040 1547 4.
1082 1490 1149 1545 In
1195 1502 1442 1559 potestate
1485 1493 1709 1549 hominis
1737 1506 1812 1551 est
1856 1508 2054 1553 mutare
2093 1501 2147 1555 in

562 1582 742 1634 melius
769 1582 1127 1655 voluntatem]
1151 1583 1381 1653 Clarius,
1433 1601 1499 1639 ex
1544 1588 1801 1642 sententia
1829 1606 1987 1660 quam
2020 1606 2146 1659 pro-

557 1684 758 1743 pugnat
780 1675 1125 1744 Augustinus,
1145 1677 1370 1731 dixisset
1393 1678 1445 1731 in
1468 1688 1716 1748 potestate
1736 1683 1976 1751 hominis,
1997 1701 2146 1755 quem

556 1764 697 1820 Deus
722 1769 889 1837 gratia
919 1768 1108 1833 donat,
1146 1760 1251 1823 etc.
1290 1764 1395 1824 Sed
1427 1771 1694 1827 incautius
1726 1774 1937 1829 locutus
1968 1777 2146 1835 fuerat
2174 1772 2226 1838 B

556 1867 741 1913 contra
774 1860 1116 1927 Manichaaos,
1151 1877 1271 1915 nam
1321 1872 1377 1917 ut
1405 1865 1581 1918 valeat
1621 1865 1980 1933 ratiocinatio,
2026 1870 2145 1939 ejus

555 1950 645 2005 hic
668 1951 825 2006 debet
849 1967 970 2006 esse
991 1968 1180 2007 sensus
1205 1971 1217 2008 :
1249 1953 1372 2008 Nisi
1400 1955 1623 2025 quisque
1646 1957 1955 2013 voluntatem
1978 1971 2145 2014 muta-

555 2043 700 2108 uerit,
734 2045 920 2097 bonum
951 2046 1153 2112 aperari
1189 2061 1289 2098 non
1327 2055 1510 2113 potest,
1548 2047 1685 2114 quod
1712 2047 1762 2099 in
1787 2059 1961 2102 nostra
1986 2050 2143 2120 (quo-

553 2135 757 2189 rumvis
792 2138 1005 2206 nempe)
1039 2146 1286 2205 potestate
1314 2152 1423 2190 esse
1443 2139 1665 2206 positum
1695 2138 1800 2192 alio
1833 2140 1944 2194 loco
1971 2142 2137 2211 docet,

552 2235 658 2280 etc.
716 2229 875 2297 Atqui
927 2243 1032 2283 non
1078 2230 1354 2298 quibusvis
1413 2231 1588 2284 datam
1648 2232 1871 2300 gratiam
1933 2237 2141 2291 censuit

550 2330 757 2390 postea.

623 2413 786 2467 Lteno
830 2428 887 2467 tt.
930 2412 1063 2483 Cap.
1107 2414 1189 2468 15.
1237 2412 1315 2469 De
1355 2415 1605 2485 frontibus
1653 2417 1891 2491 codicis.]
1921 2418 2030 2474 Hoc
2054 2429 2137 2474 est

548 2520 610 2560 et
654 2507 981 2576 marginibus
1027 2506 1146 2561 libri
1190 2506 1347 2573 Jobi,
1392 2508 1585 2575 quibus
1615 2507 1942 2579 Augustinus
1972 2513 2134 2567 hasce

545 2595 938 2652 Adnotationes
965 2598 1236 2653 alleverat.

614 2689 744 2759 Cap.
776 2689 865 2747 20.
903 2690 1183 2761 Unicuique
1209 2692 1491 2747 secundum
1530 2694 1793 2762 prapriam
1826 2697 2132 2752 voluntatem

547 2781 595 2834 in
623 2797 711 2836 ore
736 2782 1011 2855 sapiebat.]
1041 2784 1205 2838 Recte
1231 2785 1444 2853 quidem
1475 2786 1601 2840 fecit
1626 2788 1976 2857 Augustinus,
2004 2805 2126 2845 cum

544 2884 655 2926 rem
690 2873 1103 2927 incertissimam
1152 2878 1491 2941 retractavit;
1524 2879 1617 2931 sed
1660 2888 1835 2932 tamen
1876 2880 1991 2935 haec
2034 2881 2131 2937 fuit

543 2962 853 3020 Iudaeorum
900 2966 1133 3036 vulgaris
1176 2970 1378 3035 Opinio,
1421 2980 1479 3023 ut
1518 2972 1697 3024 multis
1741 2987 1924 3026 eorum
1972 2974 2124 3029 testi-

542 3057 736 3112 moniis
755 3057 991 3112 ostendit
1014 3059 1170 3113 Joan.
1194 3059 1517 3124 Buxtorlius,
1548 3062 1598 3115 itt
1626 3062 2028 3121 Exercitatione
2055 3067 2122 3121 de

540 3147 755 3203 Manna.

613 3237 743 3307 Cap.
784 3236 875 3293 52.
922 3234 1270 3310 Porphyrium
1322 3238 1601 3315 Siculum]
1652 3242 1976 3317 Porphyrius
2026 3247 2125 3303 fuit

541 3328 756 3400 Tyrius,
783 3345 885 3384 non
912 3329 1149 3393 Siculus;
1176 3331 1267 3385 scd
1292 3332 1499 3387 Siculus
1522 3348 1549 3387 a
1574 3336 1843 3391 nonnullis
1863 3338 2119 3408 creditus,

541 3421 683 3490 quod
713 3422 801 3476 diu
830 3423 1021 3477 vixerit
1051 3423 1101 3476 in
1144 3423 1343 3487 Sicilia,
1380 3424 1431 3485 in
1465 3441 1568 3494 qua
1596 3427 1758 3481 etiam
1788 3428 1950 3482 libros
1989 3444 2121 3484 con-

540 3521 622 3564 tra
647 3512 957 3582 religionem
988 3512 1342 3568 Christianam
1378 3515 1565 3571 edidit.
1601 3516 1732 3572 Vide
1764 3518 1959 3573 Lucam
1993 3520 2120 3575 Hol-

541 3606 772 3659 stenium
824 3608 876 3660 in
921 3607 1035 3676 ejus
1068 3608 1205 3674 Vita,
1241 3609 1477 3679 subjecta
1505 3611 1651 3679 operi
1687 3611 1754 3666 de
1787 3612 2121 3670 Abstinentia

539 3697 867 3751 animalium.

607 3786 738 3859 Cap.
779 3790 869 3843 57.
908 3790 973 3843 At
1013 3788 1231 3844 carendo
1268 3793 1554 3863 appellatas
1589 3794 1949 3867 cerimonias.]
1981 3798 2118 3853 Alite

536 3888 661 3935 sunt
685 3884 853 3936 multo
875 3882 1280 3939 verisimiliores
1305 3889 1607 3953 sententiae,
1635 3888 1701 3943 de
1723 3890 1928 3959 origine
1960 3891 2118 3961 hujus

536 3973 707 4038 vocis,
751 3988 882 4043 quas
923 3974 1103 4043 legere
1144 3987 1224 4030 eSt
1263 3976 1315 4029 in
1346 3976 1709 4047 Etymologico
1739 3978 1803 4034 G.
1836 3981 1886 4036 .l.
1922 3980 2114 4037 Vossii.

536 4064 643 4120 Sed
672 4079 999 4134 quaecunque
1038 4066 1108 4120 sit
1145 4067 1261 4136 ejus
1300 4068 1485 4139 origo,
1532 4072 1724 4124 mirum
1755 4082 1837 4126 est
1863 4073 2119 4143 Augusti-

533 4170 662 4211 num
688 4158 755 4211 ab
784 4172 844 4212 ea
875 4158 1197 4215 abstinuisse
1222 4162 1476 4228 voluisse,
1527 4164 1664 4231 quod
1704 4178 1801 4217 non
1830 4168 1894 4219 sit
1930 4168 1982 4219 in
2023 4185 2118 4222 usu

532 4248 844 4304 Litterarum
883 4262 1204 4321 sanctarum,
1261 4252 1362 4309 hoc
1396 4264 1477 4310 est
1520 4255 1972 4327 interpretationis
2008 4261 2114 4315 La-

533 4345 660 4399 tinae
688 4344 1011 4415 Scriptum;
1039 4357 1167 4417 quot
1192 4349 1332 4403 enim
1362 4350 1481 4404 alite
1512 4366 1670 4406 voces
1702 4354 1756 4406 in
1791 4369 1852 4408 ea
1885 4371 1990 4409 non
2020 4371 2117 4411 ex-

537 4446 713 4504 stant,
773 4437 967 4509 quibus
1017 4450 1192 4494 tamen
1250 4439 1537 4496 Christiani
1580 4443 1868 4513 scriptores
1918 4448 2116 4516 passim

534 4530 799 4585 utuntur?
826 4532 967 4598 Quot
1003 4533 1223 4587 vocibus
1257 4531 1430 4603 ipsum
1475 4535 1745 4590 abstinere
1787 4540 2114 4606 oportuisset
2142 4522 2193 4587 Ῑ)

532 4626 588 4680 in
616 4626 1053 4680 contentionibus
1079 4640 1197 4680 cum
1228 4625 1443 4682 Arianis
1474 4637 1527 4682 et
1556 4627 1871 4699 Pelagianis,
1899 4632 1941 4686 si
1974 4632 2112 4689 hanc
2182 4637 2187 4644 ‘

532 4732 681 4773 suam
735 4716 908 4787 legem
970 4718 1346 4773 observasset?
1397 4718 1538 4774 Satis
1596 4721 1695 4775 fuit
1742 4739 1827 4778 res
1883 4740 2001 4780 esse
2058 4727 2111 4781 in

532 4810 838 4880 Scriptura,
874 4824 995 4879 qua:
1026 4825 1153 4862 vere
1193 4810 1271 4863 sic
1305 4810 1410 4865 dici
1443 4821 1707 4878 poterant.
1747 4814 1927 4884 Itaque
1952 4817 2110 4873 nitnis

531 4915 777 4958 severum
808 4915 1083 4955 censorem
1110 4900 1192 4953 sui
1221 4900 1348 4970 egit.

602 4992 734 5062 Cap.
762 4992 851 5061 55,
877 4990 902 5062 ς
929 4992 982 5044 εξ.
1009 4989 1134 5045 Cum
1158 4990 1358 5044 haberet
1378 4994 1723 5047 necessitatem
1753 4996 1827 5050 bis
1854 4996 1904 5051 in
1927 4998 2010 5052 die
2034 4999 2114 5053 in-
2168 4996 2179 5003 ’

531 5083 677 5155 gredi
706 5092 883 5136 sancta
913 5078 1251 5151 sanctorum.]
1282 5081 1497 5136 Duabus
1528 5082 1579 5136 in
1612 5085 1768 5139 rebus
1798 5086 1865 5141 ab
1892 5103 2109 5143 accura-

532 5175 752 5229 tissimis
777 5174 938 5228 Mosis
966 5172 1363 5242 interpretibus,
1395 5182 1449 5228 et
1474 5174 1583 5243 ipsa
1609 5180 1831 5233 veritate
1861 5178 2109 5237 dissentit

530 5266 618 5323 hic
658 5265 1006 5334 Augustinus.
1054 5250 1294 5319 Alterum
1344 5276 1425 5321 est
1472 5269 1612 5337 quod
1658 5272 1827 5326 credit
1873 5273 2106 5331 suffitum

529 5359 769 5431 quotidie
808 5360 890 5414 bis
937 5359 1171 5414 oblatum
1217 5358 1378 5415 fuisse
1424 5363 1475 5416 in
1522 5368 1863 5421 sanctissimo
1906 5368 2100 5439 adyto,

530 5450 671 5520 quod
714 5450 851 5504 solet
899 5460 1075 5504 sancta
1123 5460 1415 5507 sanctorum
1463 5454 1565 5510 dici
1589 5439 1772 5520 ;'cum
1822 5459 1973 5513 ﬁeret
2006 5464 2107 5516 hoc

529 5544 787 5594 duntaxat
809 5542 861 5595 in
887 5544 1189 5598 sanctuario
1224 5546 1273 5597 in
1309 5560 1415 5613 quo
1443 5558 1555 5601 erat
1588 5548 1756 5603 altare
1780 5550 2105 5621 thymiama-

529 5636 631 5701 tis,
682 5638 985 5708 soleretque
1030 5642 1263 5709 pontifex
1313 5646 1577 5699 maximus
1624 5647 1793 5700 semel
1844 5648 2104 5704 duntaxat

530 5729 815 5797 quotannis
862 5742 1035 5787 sancto
1078 5746 1371 5791 sanctorum
1418 5737 1646 5806 ingredi.
1689 5741 1931 5796 Alterum
1974 5758 2102 5798 vero

2275 485 2510 540 oblatum
2538 496 2775 554 censeat,
2806 503 2926 543 cum
2954 504 2983 543 a
3011 492 3200 560 quovis
3240 498 3505 554 sacerdote
3544 518 3698 571 posset
3716 516 3775 569 of.

2270 576 2419 644 ferri,
2450 586 2507 631 tit
2536 579 2616 634 vel
2650 580 2895 649 exemplo
2934 578 3208 636 Zachariae
3236 587 3396 653 patris
3422 590 3620 650 Joannis
3642 598 3775 670 Bapti-

2269 674 2365 721 stae
2404 677 2631 723 constat.
2684 669 2877 725 Fateor
2924 671 3097 728 Exod.
3146 688 3275 741 xxx,
3315 677 3367 745 7,
3408 689 3587 738 munus
3612 669 3776 749 milites

2268 754 2525 813 oﬂerendi
2558 761 2716 815 tribui
2746 765 2978 828 Aaroni;
3028 779 3211 818 verum
3253 765 3360 820 illic
3389 782 3570 827 nomen
3595 778 3778 838 Aaronis

2266 865 2363 919 pro
2413 852 2645 921 cujusvis
2695 853 2992 909 sacerdotis
3041 855 3262 911 nomine
3304 862 3541 917 sumitur.
3586 865 3700 925 Vide
3730 876 3780 929 ad

2262 957 2383 997 eum
2416 945 2591 1000 locum
2622 946 2964 1016 interpretes,
2993 954 3049 1001 et
3072 948 3139 1002 ad
3167 948 3298 1004 Lev.
3327 964 3444 1022 cap.
3474 968 3577 1009 xvi.

2728 1063 3377 1124 ANIMADVERSIONES

2612 1172 2672 1210 ΙΝ
2714 1173 2941 1213 LIBROS
2978 1174 3478 1218 CONFESSIONUH.

2333 1251 2499 1307 [λιθιιο
2527 1271 2563 1309 ι.
2596 1255 2725 1325 Cap.
2777 1258 2827 1311 1.
2860 1257 2924 1310 Et
2954 1258 3210 1330 [audam]
3230 1261 3296 1314 Τὸ
3326 1273 3371 1315 et
3402 1265 3609 1331 perinde
3631 1268 3703 1325 hic
3722 1284 3782 1329 est

2256 1361 2319 1401 ac
2349 1358 2536 1411 tamen,
2572 1359 2628 1403 ut
2652 1366 2883 1421 sequens
2915 1354 3165 1422 repetitio
3191 1355 3349 1424 hujus
3376 1360 3592 1415 membri
3620 1370 3782 1422 oratio-

2255 1440 2339 1494 nis
2369 1442 2623 1497 ostendit.

2325 1532 2457 1587 lbid.
2490 1533 2570 1587 Ad
2600 1531 2692 1604 te}
2718 1534 2830 1590 Hoc
2857 1546 2940 1591 est
2971 1547 3193 1608 propter
3219 1548 3293 1606 te,
3332 1541 3416 1596 vel
3445 1545 3584 1597 utad
3610 1556 3669 1615 te,
3692 1558 3782 1604 tan-

2253 1638 2410 1689 quam
2442 1624 2508 1679 ad
2538 1641 2761 1681 summa:
2790 1627 3140 1685 beatitudinis
3166 1633 3380 1687 unicam
3410 1646 3565 1706 atque
3591 1639 3780 1698 ultimam

2253 1729 2489 1781 causam,
2515 1719 2983 1776 contenderemus.

2324 1807 2454 1877 Cap.
2500 1811 2555 1864 4.
2603 1812 2819 1867 Stabilis
2863 1826 2909 1869 et
2959 1817 3530 1895 incomprehensibilis]
3571 1824 3691 1880 Sunt
3719 1828 3773 1882 in-

2252 1901 2753 1970 comprehensibilia
2784 1910 3076 1975 nonnulla,
3117 1922 3339 1980 propter
3368 1930 3623 1970 summam
3660 1918 3780 1973 insta

2249 1994 2534 2060 bilitatem,
2574 2008 2630 2051 ut
2654 2001 2799 2054 venti
2829 2003 3137 2069 variabiles,
3170 2020 3401 2073 quorum
3442 2009 3574 2063 ratio
3600 2010 3784 2067 ideoin~

2249 2086 2415 2156 tclligi
2444 2105 2551 2143 non
2582 2101 2791 2159 potest;
2835 2104 2893 2147 at
2920 2095 3082 2159 Deus,
3115 2113 3420 2169 quanquam
3451 2116 3651 2172 semper
3676 2106 3784 2161 idem

2246 2187 2328 2232 est
2373 2192 2425 2232 et
2465 2181 2667 2250 absque
2711 2183 2815 2237 ulla
2846 2188 3157 2241 mutationis
3187 2190 3615 2260 obumliratione,
3654 2197 3783 2254 nihilo

2243 2272 2413 2341 magis
2438 2274 2821 2341 comprehendi
2849 2286 3045 2346 potest.
3080 2278 3206 2333 Ideo
3234 2281 3562 2351 Augustinus
3590 2300 3698 2340 cum
3725 2289 3784 2343 itt-

2244 2367 2684 2436 compre/tensibili
2710 2368 2794 2423 hic
2824 2371 3057 2425 stabilem
3079 2374 3382 2445 conjungit.

2312 2457 2445 2526 Cap.
2477 2459 2534 2525 5,
2568 2459 2597 2529 ἕ
2629 2461 2686 2515 5.
2718 2459 2939 2527 Moriar,
2986 2480 3048 2516 ne
3076 2467 3292 2533 moriar,
3338 2477 3392 2520 ut
3433 2484 3539 2522 eam
3579 2468 3781 2542 uideam]

2239 2547 2363 2602 Scio
2394 2550 2481 2603 hic
2507 2566 2665 2619 posse
2695 2555 2864 2621 quaeri
2898 2555 3177 2631 ὀξύμωρον,
3209 2559 3370 2626 quale
3394 2569 3475 2613 est
3507 2556 3628 2615 illud
3653 2562 3783 2617 animi

2236 2638 2621 2695 beatitudinem
2646 2643 2875 2697 sitientis
2899 2659 2913 2699 :
2938 2646 3152 2712 morior,
3179 2648 3300 2715 quia
3323 2666 3423 2701 non
3447 2653 3656 2716 morior;
3677 2661 3782 2704 atta—

2235 2747 2359 2786 men
2414 2737 2713 2803 suspicarer
2763 2737 2842 2790 sic
2902 2736 3075 2791 locum
3125 2739 3782 2810 interpungendumzNoli

2235 2824 2544 2879 abscondere
2575 2844 2605 2879 a
2645 2842 2723 2881 me
2768 2829 2950 2897 faciem
2996 2840 3158 2886 tuam.
3203 2830 3511 2886 Moriarne?
3550 2836 3711 2886 moriar
3735 2845 3779 2887 ut

2231 2934 2344 2970 eam
2372 2919 2586 2971 rideam.
2610 2919 2847 2987 Respicit
2877 2935 3068 2990 nempe
3090 2919 3429 2992 Augustinus
3456 2926 3520 2979 ad
3546 2926 3779 2980 historiam

2231 3023 2351 3075 quae
2378 3018 2555 3062 exstat
2596 3009 2764 3063 Exod.
2814 3026 3000 3077 xxxnt,
3036 3012 3101 3065 17
3133 3026 3187 3067 et
3215 3015 3401 3084 seqq.,
3435 3015 3519 3070 ubi
3551 3016 3670 3071 Mosi
3695 3018 3777 3087 glo-

2151 3144 2198 3213 C
2234 3100 2364 3150 riam
2404 3100 2489 3152 vel
2534 3101 2718 3169 faciem
2760 3099 2857 3156 Dei
2897 3105 3078 3158 videre
3115 3106 3353 3173 cupienti
3405 3106 3506 3162 l’toc
3534 3110 3692 3163 editur
3717 3125 3781 3163 re-

2233 3204 2482 3213 -..Α--.----
2539 3210 2547 3213 -
2612 3191 2723 3213 λγ-.-
2768 3196 2945 3213 __-.-_,',
3007 3197 3085 3213 .·ι
3158 3212 3163 3213 ,
3218 3200 3238 3213 ρ
3308 3199 3316 3208 ·

2231 3204 2485 3258 sponsum
2539 3210 2548 3241 :
2603 3191 2725 3245 Non
2763 3196 2951 3260 poteris
3003 3197 3168 3248 ridere
3207 3199 3397 3265 faciem
3454 3215 3650 3263 meam,
3701 3216 3785 3252 non

2229 3283 2360 3335 enim
2386 3282 2573 3337 videbit
2598 3300 2677 3337 me
2706 3284 2855 3338 homo
2891 3295 2939 3339 et
2967 3288 3113 3340 vivet.
3150 3287 3319 3357 Igitur
3350 3300 3624 3359 postquam
3646 3306 3671 3343 a
3696 3291 3786 3345 Deo

2228 3377 2379 3444 petiit
2407 3391 2475 3430 ne
2503 3376 2797 3431 abscondat
2824 3377 2925 3431 sibi
2958 3378 3147 3433 faciem
3176 3396 3356 3447 suam,
3389 3383 3532 3436 illico
3567 3382 3785 3449 subjicit,

2226 3467 2519 3520 moriarne?
2548 3469 2614 3531 si,
2648 3468 2924 3534 nimirutn,
2954 3486 3071 3524 eam
3098 3472 3311 3525 videam
3337 3489 3351 3537 ;
3384 3490 3604 3543 remque
3629 3489 3786 3528 secum

2226 3569 2486 3629 reputans
2506 3600 2524 3624 ,
2555 3561 2795 3630 tantique
2827 3578 2947 3617 esse
2979 3565 3314 3633 intelligens,
3349 3577 3407 3621 ut
3439 3578 3702 3637 propterea
3724 3566 3787 3621 vi«

2226 3660 2333 3704 tam
2365 3653 2655 3721 amitteret,
2708 3654 2921 3723 moriar,
2962 3655 3153 3724 inquit,
3187 3658 3233 3710 si
3268 3659 3341 3713 ita
3379 3660 3471 3714 tibi
3502 3661 3717 3724 videtur,
3744 3668 3786 3710 ut

2226 3759 2337 3796 eam
2375 3744 2590 3797 videam.

2296 3834 2427 3901 Cap.
2460 3834 2511 3896 7,
2542 3832 2569 3904 ς
2604 3832 2697 3886 11.
2736 3832 2821 3888 Me
2872 3837 3287 3909 commemorat.]
3324 3840 3437 3893 Hoc
3466 3838 3550 3895 eét
3594 3839 3713 3893 mihi
3745 3839 3788 3893 in

2226 3928 2538 3978 memoriam
2574 3935 2816 3990 revocat;
2861 3942 2965 3995 quo
3008 3944 3199 3993 sensu,
3246 3933 3388 3999 apud
3436 3935 3785 4002 Augitstinum,

2224 4030 2345 4069 cum
2388 4018 2693 4071 accusativo
2742 4035 2984 4087 personae
3026 4023 3404 4091 coniungitur;
3439 4037 3494 4079 at
3524 4025 3789 4095 significatu

2226 4112 2478 4165 narrandi
2507 4114 2840 4167 construitur
2868 4130 2987 4167 cum
3020 4115 3221 4170 dativo.
3255 4117 3348 4172 Sic
3389 4119 3563 4173 Graeci
3598 4120 3787 4181 dicunt,

2224 4204 2580 4273 ἀναμιμνήσκω
2601 4205 2658 4258 σέ
2682 4226 2838 4269 τινος,
2867 4221 3207 4260 commemoro
3249 4220 3295 4261 te
3328 4212 3575 4281 alicujus',
3604 4212 3699 4265 hoc
3723 4219 3792 4265 est

2218 4296 2341 4361 ejus
2372 4295 2464 4349 tibi
2493 4296 2809 4351 memoriam
2841 4313 3057 4353 revoco.
3091 4301 3254 4369 Igitur
3282 4315 3434 4359 recte
3464 4323 3530 4360 ex
3565 4321 3689 4359 mss.
3718 4303 3791 4357 hic

2224 4386 2572 4441 restituerunt
2598 4390 2960 4444 accusativum
2990 4393 3084 4445 viri
3112 4394 3274 4447 docti.

2293 4476 2423 4544 Cap.
2456 4478 2547 4546 “20,
2580 4478 2607 4548 §
2643 4479 2728 4535 18.
2766 4479 3001 4549 Terram,
3035 4481 3164 4553 etc.]
3198 4484 3412 4539 Terram
3444 4488 3634 4542 vo’care
3662 4486 3790 4540 vide-

2223 4581 2305 4621 tur
2336 4568 2665 4637 Augustinus
2706 4581 2950 4626 naturam
2998 4577 3286 4631 humanam
3322 4591 3657 4649 corruptam,
3685 4595 3791 4650 quae

2216 4659 2345 4713 nihil
2391 4661 2491 4715 nisi
2535 4663 2811 4716 terrestria
2843 4666 3050 4732 spirat;
3089 4668 3311 4737 efﬁgiem
3357 4686 3487 4725 vero
3519 4674 3789 4741 imaginem

2219 4751 2335 4814 Dei,
2369 4767 2463 4821 per
2495 4754 2820 4820 baptismum
2866 4768 3176 4812 renovatum
3223 4772 3389 4830 atque
3433 4764 3788 4819 inStauratam.

2221 4842 2352 4897 Vide
2379 4860 2527 4896 num.
2555 4844 2620 4897 21
2653 4845 2754 4898 sub
2783 4846 2963 4900 finem.

2288 4936 2419 5005 Cap.
2450 4937 2532 4992 16.
2561 4935 2801 5003 Flumen,
2834 4939 2963 5012 etc.]
2988 4942 3213 4997 Collatio
3245 4946 3557 5015 depravatae
3580 4964 3791 5004 consue-

2220 5028 2418 5082 tudinis
2442 5042 2562 5082 cum
2593 5028 2811 5085 ﬂumine
2839 5033 3089 5101 frequens
3117 5036 3254 5101 apud
3285 5039 3525 5106 optimos
3563 5055 3791 5112 quosque

2214 5119 2528 5187 scriptores,
2558 5120 2719 5175 etiam
2751 5123 3015 5178 ethnicos.
3056 5126 3191 5181 Hinc
3219 5128 3433 5185 brachia
3475 5142 3657 5186 contra
3696 5142 3791 5186 tor-

2213 5221 2403 5267 rentem
2433 5215 2671 5284 dirigere,
2709 5217 2928 5283 perinde
2967 5228 3049 5272 est
3085 5234 3150 5274 ac
3196 5236 3374 5289 pravae
3422 5226 3790 5283 consuetudini

2212 5304 2505 5360 adversari.
2530 5306 2801 5362 iuvenalis
2827 5318 2929 5363 sat.
2952 5309 3007 5373 4,
3026 5311 3113 5364 89.

2397 5405 2487 5469 ille
2514 5408 2661 5468 igitur
2684 5421 2928 5469 nunquam
2948 5410 3132 5461 direxit
3156 5412 3354 5464 brachia
3374 5424 3551 5467 contra

2391 5462 2701 5519 Torrentem.

2279 5558 2408 5629 Cap.
2445 5560 2530 5625 16,
2568 5561 2710 5631 §26.
2752 5562 2927 5634 Supra
2968 5566 3247 5620 mercedem
3289 5569 3536 5644 salaria.‘]
3566 5573 3677 5628 Hoc
3715 5581 3788 5628 est

2209 5665 2401 5721 prtnter
2432 5655 2716 5719 minerval,
2744 5672 2770 5709 a
2801 5658 3021 5727 singulis
3048 5662 3223 5727 pueris
3250 5664 3388 5718 solvi
3422 5670 3664 5732 solitum,
3686 5668 3787 5738 pri-

2210 5755 2331 5799 vato
2346 5761 2470 5811 aere,
2487 5749 2843 5814 grammaticis
2868 5750 3076 5818 publice
3096 5756 3381 5809 constituta
3401 5766 3562 5816 erant
3579 5761 3781 5827 salaria,
