3954 6364
155 371 244 428 205
793 364 1155 427 VARIORUM
1193 359 1792 422 EXERCITATIONES
1830 361 1896 416 IN
1936 361 1994 417 S.
2038 360 2411 420 AUGUSTINI
2447 361 2699 419 OPERA.
3274 358 3381 418 206

156 501 233 539 seu
252 483 495 553 stipendia
518 498 583 540 ex
614 483 829 556 publica
858 484 1085 554 pecunia
1116 482 1394 538 solvenda.
1428 482 1536 534 Aut
1564 478 1699 533 forte
1724 480 1776 540 Α
1805 477 2285 547 Carthaginiensis,
2310 480 2435 535 vide
2461 496 2579 549 qure
2606 481 2767 535 habet
2795 478 2927 533 infra
2968 477 3063 534 lib.
3094 494 3297 550 v,cap.
3326 482 3387 549 8,

157 592 180 630 a
208 578 428 631 mercede
475 576 782 644 pecuniaria
830 575 1170 645 distinguitur
1200 573 1474 638 salarium,
1506 580 1558 623 ut
1600 570 1701 624 hac
1808 586 1928 638 quae
1952 571 2140 624 confer
2166 586 2285 625 cum
2318 588 2437 641 cap.
2472 573 2557 627 12.

157 684 265 724 voce
289 668 647 735 signiﬁcentur
675 667 749 721 sal
783 668 993 736 publice
1037 666 1337 735 przebitum,
1384 676 1594 725 carnes,
1621 660 1700 714 vi-
1879 660 2007 731 Cap.
2044 663 2099 723 6,
2132 660 2161 733 §
2198 660 2289 727 21,
2328 663 2563 733 Quinque
2604 670 2756 716 antra
2818 662 3142 715 tenebrarum
3168 702 3184 728 ,
3235 662 3392 737 etc.]

159 779 277 825 num,
306 762 497 828 oleum,
527 770 631 815 etc.
660 762 751 816 Sic
790 763 841 815 in
871 761 1094 831 epistola
1119 758 1425 823 Valeriani,
1461 772 1578 827 quae
1618 757 1701 811 le-
1825 756 2188 810 Deliramenta
2220 756 2335 809 haec
2364 755 2777 809 Manichaeorum
2806 755 3077 823 copiosius
3098 756 3395 824 exponitet

158 857 270 923 gitur
295 855 341 907 in
369 854 488 907 Vita
513 853 694 920 Probi,
721 868 751 906 a
780 853 965 908 Flavio
982 853 1212 922 Vopisco
1239 851 1566 920 conscripta,
1593 864 1707 904 me-
1812 848 2052 902 conlutat
2080 847 2407 916 Augustinus
2439 847 2493 899 in
2525 846 2620 901 lib.
2652 855 2843 901 contra
2882 847 3054 916 Epist.
3089 846 3393 913 Manicbtei,

161 946 345 999 moratis
368 946 609 999 vestibus
635 955 688 999 et
720 947 944 1011 pecunia
972 960 1107 1015 quas
1139 943 1420 1013 praefectus
1454 942 1708 1011 praetorio
1812 954 1929 1009 cap.
1966 939 2055 994 15.
2085 939 2176 1008 qni
2207 938 2341 991 liber
2362 946 2445 991 est
2465 947 2593 993 tom.
2626 937 2765 994 VIII.

155 1036 406 1104 jubebatur
458 1035 588 1089 dare
636 1036 811 1090 Probo
842 1054 853 1087 :
880 1034 1019 1089 ‘Item
1058 1038 1110 1088 in
1139 1034 1335 1089 salario
1372 1035 1578 1098 diurno,
1612 1033 1708 1085 bu-
1883 1032 2009 1102 Cap.
2043 1033 2098 1096 7,
2134 1032 2162 1103 §
2190 1032 2275 1086 15.
2321 1030 2570 1095 Nunquid
2597 1033 2803 1104 justitia
2826 1030 3064 1086 varia'est
3094 1040 3143 1086 et
3178 1033 3399 1087 mutabi-

158 1126 262 1180 bultc
288 1128 477 1197 pando,
504 1129 727 1197 porcina:
747 1129 917 1197 pondo
943 1144 1052 1190 sex,
1081 1128 1306 1197 caprina:
1327 1126 1497 1197 pondo
1517 1126 1706 1190 decem,
1814 1126 1899 1191 lis,
1961 1134 2066 1181 etc.
2094 1122 2113 1195 ]
2167 1125 2291 1179 Haec
2334 1124 2635 1178 accuratius
2680 1124 2916 1178 excussit
2960 1126 3305 1194 Augustinus,
3343 1127 3397 1182 in
3470 1188 3473 1191 ,

154 1219 462 1291 gallinaceum
509 1235 599 1288 per
641 1219 871 1283 biduum,
909 1220 1007 1272 olei
1046 1236 1134 1287 per
1180 1220 1389 1272 biduum
1430 1218 1709 1272 sextarium
1816 1219 1969 1273 libris
1997 1227 2187 1272 contra
2221 1217 2564 1279 Manichaaos,
2592 1218 2679 1285 qui
2703 1216 2933 1270 adeundi
2973 1219 3040 1270 ab
3071 1219 3135 1272 iis
3180 1220 3269 1288 qui
3311 1234 3398 1274 res

155 1327 307 1378 unum,
334 1312 436 1364 vini
470 1312 646 1363 veteris
669 1311 881 1364 diurnos
910 1312 1155 1364 sextarios
1188 1310 1379 1375 decem,
1404 1325 1516 1361 cum
1545 1307 1711 1361 larido
1815 1324 2071 1377 sponsum
2103 1310 2204 1363 hoc
2235 1308 2399 1377 probe
2423 1309 2720 1378 intelligere
2740 1309 2983 1379 cupiunt.
3013 1309 3243 1365 Collecti
3271 1321 3398 1368 sunt

153 1404 394 1466 bubalino;
442 1402 590 1466 satis,
636 1402 852 1469 olerum,
893 1403 1152 1472 lignorum
1188 1398 1433 1470 quantum
1460 1401 1583 1453 satis
1615 1407 1707 1453 est.
1814 1402 1849 1455 ii
1877 1402 1999 1456 libri
2022 1402 2076 1455 in
2104 1416 2266 1455 unum
2295 1416 2510 1471 corpus,
2545 1401 2821 1456 tom.VlIl.

156 1495 274 1548 Vide
304 1495 362 1546 ad
394 1498 537 1547 hunc
570 1495 744 1547 locum
790 1494 916 1547 Intt.
950 1505 1005 1549 et
1042 1494 1109 1547 ad
1139 1494 1309 1547 Vitam
1337 1492 1509 1547 Clodii
1534 1494 1712 1547 Albini
1887 1494 2050 1549 Lluno
2078 1510 2148 1546 tv.
2180 1493 2311 1560 Cap.
2344 1497 2399 1559 3,
2434 1493 2541 1563 §5.
2574 1492 2650 1546 De
2684 1494 2884 1563 paginis
2915 1502 3076 1560 poetic
3112 1497 3403 1564 cujuspiam

166 1588 253 1641 sub
277 1587 441 1651 ﬁnem,
475 1587 561 1638 ubi
603 1587 911 1655 stipendium
954 1605 983 1638 a
1012 1586 1203 1639 salario
1240 1586 1400 1639 etiam
1431 1584 1714 1653 distingui-
1816 1596 1921 1643 etc.
1949 1586 1969 1658 ]
2000 1588 2305 1642 Consulturi
2343 1586 2475 1640 deos
2502 1586 2571 1641 de
2612 1595 2807 1641 eventu
2850 1588 3059 1641 consilii
3082 1590 3403 1659 cujuspiam,

173 1690 263 1730 tur.
290 1681 364 1730 sic
382 1689 426 1731 et
452 1680 503 1734 in
534 1677 670 1730 Cod.
700 1679 792 1730 lib.
824 1694 876 1741 ιι,
911 1680 989 1731 tit.
1017 1679 1106 1744 ὅθ,
1140 1679 1207 1733 de
1232 1678 1634 1735 Professoribus
1662 1687 1715 1732 ct
1818 1680 2085 1733 interdum
2158 1680 2211 1732 in
2251 1693 2438 1732 eorum
2500 1678 2731 1746 templis,
2779 1690 2871 1731 aut
2904 1678 3147 1746 privatim
3194 1682 3405 1749 aperieq

165 1769 365 1829 Medicis,
408 1768 795 1823 Constantinus
838 1771 991 1839 jubet
1032 1770 1110 1824 eis
1149 1772 1404 1824 mercedes
1433 1780 1480 1825 et
1520 1770 1714 1824 salaria
1770 1836 1775 1839 Δ
1820 1772 1950 1825 bant
1976 1772 2225 1825 volumen
2254 1769 2565 1824 celebrioris
2596 1780 2788 1839 poetae,
2816 1778 2875 1823 ut
2898 1770 3137 1835 Homeri,
3170 1774 3253 1826 vel
3290 1773 3405 1827 Vir-

158 1864 298 1925 reddi,
320 1878 417 1928 quo
447 1862 652 1930 facilius
683 1862 975 1915 liberalibus
999 1863 1184 1915 studiis
1212 1864 1396 1915 multos
1428 1862 1713 1915 instituant.
1743 1836 1793 1910 Β
1822 1866 1960 1933 gilii;
1992 1874 2046 1918 et
2065 1864 2293 1933 primum
2320 1878 2558 1929 versum,
2587 1862 2677 1932 qui
2708 1862 3048 1927 occurrebat,
3081 1878 3403 1932 responsum

215 1957 356 2021 Iliid.,
387 1956 416 2027 ᾗ
448 1958 543 2011 26.
576 1957 762 2010 Vinum
790 1963 995 2022 erroris,
1023 1959 1158 2027 quod
1187 1960 1326 2011 nobis
1353 1959 1720 2029 propinabatttr

152 2048 204 2100 ab
243 2050 387 2101 ebriis
430 2047 774 2118 doctoribus]
816 2050 1068 2116 Quamvis
1118 2067 1220 2102 non
1272 2052 1512 2119 ignorem
1550 2051 1721 2103 rinam

156 2140 415 2208 iniquitatis
464 2150 519 2194 et
547 2143 948 2210 compunctionis
995 2143 1048 2195 in
1092 2144 1365 2211 Scriptura
1410 2146 1719 2210 memorari,

164 2244 365 2286 attamen
417 2233 741 2287 crediderim
796 2234 879 2286 hic
929 2234 1201 2298 respicere
1255 2236 1607 2303 Augustinum
1654 2235 1723 2289 ad

165 2325 375 2389 Cebetis,
430 2325 696 2379 Platonici
747 2328 1115 2393 celeberrimi,
1166 2326 1456 2389 Tabulam,
1524 2328 1579 2381 in
1619 2344 1722 2396 qua

168 2420 349 2483 sum,
377 2433 473 2472 seu
498 2416 797 2486 lmpostura
822 2419 1093 2472 inducitur
1125 2435 1317 2487 pueros
1341 2434 1527 2474 omnes
1557 2422 1609 2473 in
1642 2421 1722 2474 vi-

173 2521 254 2563 tam
274 2510 626 2579 ingredientes
643 2516 926 2574 ποτίζουσα
947 2520 1008 2584 τῇ
1034 2512 1217 2571 ἑαυτῆς
1239 2510 1468 2584 δυνάμει,
1495 2512 1596 2565 hoc
1618 2520 1722 2577 est,

176 2608 358 2679 ποτηρίῳ
380 2605 594 2665 πλάνης,
621 2604 803 2673 poculo
833 2607 1040 2657 erroris.
1077 2604 1208 2657 Vide
1237 2606 1354 2673 ejus
1381 2605 1612 2658 initium.

229 2696 338 2764 Cap.
370 2696 456 2760 18,
492 2694 519 2765 ς
551 2694 643 2748 ‘29.
682 2694 888 2765 Scripta
932 2694 1287 2766 conscientiu.]
1330 2696 1573 2763 Respicit
1618 2698 1723 2749 Au-

180 2788 379 2856 gustinus
407 2788 473 2841 ad
505 2787 661 2841 Rom.
691 2803 751 2855 ιι,
780 2790 869 2856 15,
906 2788 997 2842 ubi
1043 2789 1295 2842 dicuntur
1331 2789 1531 2842 ethnici
1559 2799 1726 2841 osten-

183 2880 270 2934 dere
294 2897 412 2951 Opus
440 2881 566 2953 legis
601 2884 847 2952 scriptum
880 2882 934 2933 in
964 2881 1197 2934 cordibus
1225 2883 1348 2946 suis,
1382 2882 1724 2935 testimonium

185 2972 381 3025 reddente
402 2972 507 3025 illis
530 2972 837 3025 conscientia
865 2973 1114 3040 ipsorum,
1138 2982 1242 3026 etc.

229 3066 346 3135 Cap.
373 3064 463 3133 20,
498 3064 527 3136 §
562 3066 652 3119 51.
678 3064 1044 3121 Secretissima:
1070 3066 1304 3132 unitatis,
1335 3064 1464 3136 etc.]
1504 3064 1615 3119 Huc
1642 3075 1724 3119 est

182 3158 267 3223 Dei,
296 3160 442 3227 cujus
476 3160 721 3213 voluntas
768 3168 851 3214 est
884 3158 1049 3213 veluti
1094 3159 1511 3213 secretissimum
1542 3159 1724 3210 vincu-

172 3248 280 3314 lum,
308 3266 408 3319 quo
433 3251 669 3305 universi
697 3250 871 3304 unitas
902 3260 1045 3304 sarta
1076 3265 1139 3305 ac
1170 3259 1309 3303 tecta
1350 3244 1721 3304 eotiservatur.
1752 3224 1800 3293 (ἶ

172 3341 279 3397 Vide
310 3344 398 3397 lib.
428 3360 480 3397 IV
513 3344 580 3398 de
610 3343 807 3397 Cenes.
838 3342 903 3397 ad
936 3342 1187 3407 litteram,
1220 3357 1337 3409 cap.
1374 3341 1460 3408 12,
1498 3342 1585 3394 ubi
1615 3341 1725 3410 agit

168 3435 221 3488 de
239 3437 641 3490 conservatione
666 3451 846 3489 rerum
876 3435 1137 3490 omnium.
1170 3434 1431 3489 Cmterum
1464 3434 1723 3487 Platonici

162 3528 293 3583 ἔνὰδα
331 3539 383 3584 et
426 3529 623 3601 μονάδα
669 3531 865 3598 passim
913 3530 1079 3583 Deum
1122 3530 1378 3583 vocitant.
1410 3528 1509 3582 Adi
1549 3526 1723 3582 Procli

161 3617 487 3690 Theologiam
512 3621 863 3675 Platonicam.

215 3711 376 3765 Ltnno
425 3729 479 3766 ιι.
534 3711 665 3779 Cap.
728 3714 782 3766 2.
836 3707 1270 3781 0bsurdueram.]
1310 3710 1409 3774 Qui
1446 3709 1727 3764 ediderant

154 3807 507 3859 obsordueram
548 3807 843 3861 credebant
877 3822 906 3859 ο
932 3814 985 3859 et
1014 3823 1047 3857 u
1089 3806 1174 3858 hic
1214 3820 1333 3859 esse
1365 3805 1544 3867 mista,
1589 3814 1646 3857 ut
1674 3805 1725 3858 in

147 3912 267 3953 voce
288 3901 558 3971 jocundus
587 3914 683 3968 pro
712 3900 958 3965 iucundo.
994 3898 1287 3966 Respicere
1314 3908 1489 3951 autem
1516 3897 1728 3951 videtur

144 3992 471 4061 Augustinus
501 3992 567 4045 ad
606 3992 656 4044 id
682 3992 823 4061 quod
853 3992 1020 4045 fertur
1043 3992 1110 4044 de
1135 3991 1448 4043 catarractis
1478 3988 1605 4052 Nili,
1632 3990 1723 4043 ubi

143 4080 301 4138 Nilus
350 4086 676 4152 prtecipitans
720 4101 773 4138 se
810 4087 1015 4156 fragore
1055 4084 1284 4136 auditum
1315 4084 1503 4137 accolis
1538 4084 1726 4152 aufert,

141 4184 188 4224 ut
220 4174 463 4244 loquitur
490 4174 698 4228 Plinius
724 4174 860 4228 Hist.
898 4182 1010 4228 nat.
1047 4174 1139 4227 lib.
1173 4190 1246 4238 vr,
1275 4188 1392 4243 cap.
1424 4173 1512 4229 99.

204 4267 343 4337 Cap.
376 4270 429 4333 6,
463 4269 492 4340 ᾗ
527 4270 615 4324 11.
640 4267 884 4323 Potuitne
906 4268 1060 4322 libere
1081 4270 1217 4338 quod
1239 4285 1339 4321 non
1368 4268 1568 4333 licebat,
1597 4268 1729 4340 etc.]

139 4360 363 4416 nvidius
390 4364 642 4431 nequitiae
674 4364 927 4431 magister
950 4360 1204 4429 afﬁrmat,
1233 4377 1332 4417 nec
1356 4361 1510 4431 falso,
1541 4364 1726 4417 Amor.

140 4449 232 4506 lib.
258 4469 323 4515 tt,
350 4454 420 4508 el.
454 4456 517 4510 I9
541 4472 555 4507 :

261 4566 405 4623 Quod
431 4566 549 4616 licet.
583 4567 826 4625 ingratum
853 4573 947 4627 est,
986 4565 1113 4624 quod
1138 4577 1237 4613 non
1275 4565 1393 4614 licet
1415 4565 1578 4613 acrius
1601 4567 1728 4627 urit;

264 4628 410 4686 Quod
434 4629 657 4691 sequitur
676 4628 826 4691 fugio,
849 4628 977 4688 quod
1000 4627 1125 4689 fugit
1148 4640 1305 4688 usque
1328 4639 1527 4688 sequor.

148 4729 211 4783 Et
237 4732 343 4786 lib.
372 4751 449 4801 ιιι,
482 4733 551 4788 el.
586 4733 619 4787 5
653 4752 665 4784 z

266 4844 480 4894 Nitimur
504 4848 552 4894 in
578 4845 780 4894 vetitum
800 4855 1016 4904 semper,
1043 4844 1359 4906 cupimusque
1381 4848 1576 4906 negata,

340 4908 414 4957 Sic
435 4909 705 4958 interdictis
726 4907 943 4959 imminet
966 4918 1100 4967 teget
1122 4905 1277 4967 aquis.
1632 4906 1635 4911 '

222 5060 461 5130 Nempe,
506 5062 707 5115 nullam
741 5061 1002 5114 rationem
1042 5059 1219 5128 legum
1263 5058 1497 5121 habere,
1537 5058 1629 5113 sed
1664 5059 1733 5112 ita

159 5164 253 5203 nos
283 5167 497 5221 gerere,
521 5153 670 5222 quasi
694 5151 757 5205 iis
787 5152 941 5204 soluti
970 5164 1233 5213 essemus,
1267 5151 1447 5204 nescio
1469 5148 1597 5219 quid
1624 5166 1735 5204 am-

161 5242 305 5308 plum
337 5262 394 5298 ac
423 5245 759 5313 magnificum
788 5243 999 5296 videtur
1030 5242 1276 5295 humana)
1303 5242 1590 5311 superbiae.

230 5335 353 5392 Lib.
378 5354 449 5392 Ill.
477 5335 607 5408 Cap.
634 5338 687 5403 5,
725 5334 751 5408 §
783 5332 836 5390 6.
868 5333 1187 5406 Eversores.]
1218 5333 1474 5389 Videntur
1501 5336 1569 5389 ita
1609 5335 1734 5389 dicti

168 5431 537 5496 petulantiores
572 5432 819 5500 juvenes,
858 5429 949 5498 qui
990 5429 1202 5505 scholas
1232 5428 1527 5490 rhetorum,
1560 5443 1588 5479 a
1620 5428 1739 5497 qui-

171 5521 265 5579 bus
302 5542 401 5581 nou
433 5528 778 5591 docebantur,
835 5526 1194 5591 irrumpentes
1233 5524 1408 5576 omnia
1452 5523 1554 5576 illic
1584 5538 1736 5577 ever-

178 5620 368 5687 tebant,
417 5622 752 5690 ludibrioque
808 5618 1077 5672 habebant
1124 5618 1427 5686 magistros.
1471 5616 1603 5683 Ejus
1645 5633 1739 5672 ne-

179 5711 348 5777 quitiae
371 5712 607 5767 meminit
638 5711 830 5764 iterum
860 5708 1185 5777 Augustinus
1217 5707 1307 5759 lib.
1340 5706 1406 5759 de
1434 5705 1566 5759 Vera
1594 5706 1736 5774 “eL,

182 5799 277 5871 Cap
340 5805 421 5871 10,
474 5819 620 5859 ιιιιω.
672 5802 759 5857 75.
810 5784 1219 5867 θεῖ’ρθιιιιιιηιιε
1268 5812 1396 5852 vero
1445 5796 1739 5865 iuventutis

1823 1960 2046 2014 deorum
2092 1960 2370 2028 putabant.
2422 1958 2557 2011 Vide
2601 1956 2723 2011 Intt.
2782 1957 2849 2010 ad
2897 1957 3070 2010 Vitam
3118 1958 3338 2011 Adriani
3375 1974 3404 2012 a

1824 2052 2109 2121 Spartiano
2138 2049 2520 2119 conscriptam,
2564 2064 2669 2103 non
2707 2050 2894 2118 procul
2934 2049 3003 2103 ab
3048 2050 3222 2106 initio.
3253 2050 3411 2105 Chri-

1825 2144 1983 2199 stiani
2013 2144 2197 2208 etiam,
2238 2142 2399 2197 simili
2450 2141 2679 2206 ratione,
2725 2140 3000 2208 Scriptura
3035 2156 3187 2197 sacra
3219 2144 3410 2198 abute-

1825 2238 2042 2301 bantur,
2063 2248 2120 2290 ut
2141 2234 2441 2290 videbimus
2468 2234 2562 2287 lib.
2588 2248 2700 2298 VIII,
2722 2248 2840 2302 cap.
2862 2231 2931 2284 1‘2
2952 2232 3174 2302 hujusce
3194 2233 3408 2301 Operis.

1896 2331 2029 2398 Cap.
2060 2330 2112 2384 5.
2144 2330 2223 2381 An
2247 2330 2398 2395 ﬂetus
2425 2342 2503 2379 res
2534 2341 2714 2378 amara
2744 2333 2840 2389 est,
2868 2334 2972 2379 etc.
3006 2323 3025 2395 ]
3073 2326 3412 2383 Delectamuf

1829 2422 2039 2476 tristitia
2069 2430 2121 2473 et
2150 2420 2314 2483 luctu,
2350 2426 2409 2473 ut
2433 2418 2643 2472 cmteris
2671 2417 2921 2470 omnibus
2959 2416 3257 2480 affectibus,
3290 2420 3412 2487 qui.

1827 2513 1925 2568 bus
1950 2514 2175 2566 libenter
2197 2511 2557 2579 indulgemus,
2580 2522 2723 2577 aegre
2740 2508 3073 2574 obsistimus;
3098 2511 3218 2579 quia
3238 2520 3297 2565 ut
3316 2525 3411 2568 eos

1828 2606 2124 2667 vincamus,
2170 2604 2249 2657 vis
2288 2588 2561 2657 inferenda
2595 2610 2678 2655 est
2717 2602 3106 2669 perturbationi
3151 2604 3315 2658 animi
3359 2615 3414 2661 et

1828 2698 2087 2766 corporis.
2124 2696 2376 2749 Minuitur
2421 2695 2584 2749 etiam
2612 2696 2812 2748 sensim
2867 2696 3106 2760 tristitia,
3134 2698 3260 2752 dum
3290 2715 3409 2756 eam

1828 2789 1998 2843 libere
2042 2790 2092 2841 in
2141 2790 2369 2842 lamenta
2425 2797 2479 2842 et
2527 2788 2795 2859 lacrymas
2842 2789 3190 2845 effundimus.
3234 2792 3412 2848 Verba

1829 2890 1951 2933 sunt
1975 2880 2246 2934 Euripidis
2270 2882 2322 2933 in
2345 2878 2647 2945 OEuumao,
2679 2880 2819 2948 apud
2852 2880 3127 2937 Stobzeum
3158 2882 3415 2955 Florileg.

1829 2974 1910 3027 lit.
1945 2974 2066 3028 1‘25.

1967 3073 2085 3127 Ἀλλ’
2116 3071 2148 3126 ἕ
2150 3095 2235 3127 στι
2249 3076 2359 3146 γὰρ
2389 3070 2450 3131 δὴ
2476 3078 2560 3146 θεαὶ
2588 3075 2637 3125 ἐν
2666 3082 2890 3128 κακοῖσιν
2919 3073 3069 3134 ἡδονή

1968 3152 2182 3221 Gauro};
2212 3143 2447 3221 ὁδ’έρμοὶ,
2483 3143 2713 3221 δακρύων
2742 3146 2787 3199 τ’
2812 3147 3058 3221 ἐπιρῤοαί.

1971 3214 2259 3302 Ἀλγηδόνξίνς
2287 3214 2535 3302 δέιλταῦτα
2565 3214 2786 3302 ξουῖίζει
2804 3214 2990 3302 φρενῶν
3007 3258 3020 3279 ,

1972 3282 2069 3340 Rati
2093 3285 2300 3362 καρδίας
2324 3282 2482 3339 ἔλυσε
2507 3288 2626 3345 τοὺς
2656 3282 2782 3356 ἄγαν
2803 3282 3005 3347 ἆτ’ὁνους.

1910 3388 2091 3440 Verum
2123 3389 2173 3439 in
2213 3387 2361 3439 malis
2385 3388 2633 3457 voluptati
2678 3395 2794 3440 sunt
2831 3386 3121 3443 hominibus
3143 3434 3156 3457 ,
3193 3390 3421 3447 lamenta

1826 3490 1870 3534 et
1896 3480 2131 3548 tle/luxus
2184 3479 2549 3546 lacrymarum.
2585 3477 2713 3531 lIcec
2753 3478 2918 3532 leuant
2948 3482 3208 3534 tristitiam
3232 3485 3416 3550 animi,

1826 3582 1874 3625 et
1902 3571 2072 3624 nimiis
2103 3570 2367 3623 doloribus
2405 3585 2491 3622 cor
2521 3570 2758 3623 liberant.
2792 3570 2909 3624 Alia
2954 3581 3077 3626 sunt
3113 3569 3313 3629 ibidem
3362 3583 3419 3630 et
3500 3578 3507 3593 '

1828 3665 1950 3720 alibi
1978 3667 2027 3717 in
2058 3658 2302 3718 eamdem
2336 3662 2682 3717 sententiam.

1828 3804 1839 3817 ,η
1898 3756 2029 3825 Cap.
2063 3756 2115 3809 7.
2152 3755 2377 3826 Diligere
2404 3756 2630 3808 homines
2662 3756 2973 3810 humaniter.
3006 3755 3024 3827 ]
3076 3757 3187 3814 Hoc
3218 3770 3319 3827 est,
3353 3776 3420 3817 eo

1829 3848 2027 3901 amoris
2053 3847 2235 3916 modo,
2269 3846 2358 3916 qui
2393 3849 2552 3901 rebus
2599 3847 2851 3914 perituris
2885 3848 3047 3902 tribui
3089 3859 3281 3917 potest.
3329 3852 3429 3908 Sic‘

1830 3948 1885 3995 et
1916 3940 2085 3994 Graeci
2118 3942 2196 3994 usi
2251 3948 2377 3994 sunt
2398 3956 2527 3995 voce
2567 3943 2913 4013 ἀνθρωπίνως,
2942 3952 2996 3996 et
3024 3945 3237 4012 quidem
3268 3947 3320 4001 in
3358 3962 3421 4005 re

1831 4034 1989 4086 simili
2028 4033 2321 4087 Menander
2344 4034 2483 4102 apud
2511 4034 2784 4089 Stobaeum
2812 4036 2997 4091 Floril.
3034 4036 3115 4090 tit.
3147 4036 3270 4093 1°25.

1973 4139 2313 4214 ’Λνθρωπίνως
2342 4142 2447 4214 χρῄ
2472 4140 2764 4214 τὰςᾼτύχας
2787 4140 2971 4214 φέρειν,
3000 4140 3101 4203 ξένε
3123 4154 3137 4169 ⁸

1975 4210 2048 4261 Τὰ
2073 4207 2208 4263 ἑοινά
2226 4207 2397 4269 κοινῶέ
2417 4207 2499 4262 δεῖ
2525 4211 2684 4285 φέρειν
2712 4207 3091 4281 συμιξτὼματα.

1906 4318 2145 4376 Humane
2162 4331 2355 4393 oportet
2378 4319 2691 4375 calamitates
2722 4321 2876 4391 ferre,
2900 4338 2930 4375 ο
2952 4324 3156 4393 hospes,
3195 4340 3424 4379 commu-

1834 4416 1922 4467 nia
1953 4432 2047 4484 par
2074 4425 2145 4468 est
2179 4415 2400 4468 tolerare
2429 4415 2785 4468 communiter.

1908 4512 2036 4578 Cap.
2075 4508 2159 4574 1‘2,
2196 4507 2222 4578 §
2258 4508 2345 4563 18.
2378 4506 2513 4561 Ecce
2542 4509 2627 4560 ubi
2664 4518 2758 4574 est,
2788 4508 2875 4560 ubi
2916 4507 3052 4576 sapit
3081 4509 3285 4564 veritas.
3316 4509 3337 4582 ]
3366 4511 3425 4567 Si

1714 4603 1728 4627 ’
1756 4600 1809 4660 D
1835 4606 1906 4659 ita
1939 4603 2104 4672 legas,
2141 4604 2215 4656 sic
2243 4603 2455 4657 videtur
2486 4599 2991 4671 interpungendum,
3029 4600 3159 4655 Ecce
3188 4603 3273 4655 ubi
3308 4612 3381 4657 est
3404 4605 3427 4639 ο

1842 4695 1928 4749 ubi
1950 4697 2080 4764 sapit
2108 4694 2310 4747 veritas.
2356 4694 2426 4747 At
2457 4692 2592 4747 forte
2639 4693 2830 4748 melius
2872 4693 3134 4763 legamus,
3171 4693 3304 4749 Ecce
3335 4697 3426 4751 ubi

1843 4797 1932 4851 est,
1963 4787 2030 4839 ibi
2058 4787 2189 4853 sapit
2210 4786 2429 4851 veritas;
2456 4785 2555 4839 hoc
2584 4794 2667 4839 est
2696 4784 2813 4852 ejus
2841 4784 3003 4837 animi
3036 4786 3230 4854 palato,
3263 4771 3425 4844 ut'ita

1842 4878 2035 4943 dicam,
2058 4876 2239 4945 sapida
2267 4887 2347 4929 est
2373 4877 2586 4942 veritas,
2618 4876 2703 4929 cui
2734 4876 2870 4929 Deus
2894 4876 3065 4931 adest.

1914 4970 2047 5038 Cap.
2083 4970 2171 5031 14,
2208 4968 2234 5038 §
2271 4969 2360 5027 21.
2397 4967 2655 5022 Hierittm.
2686 4962 2706 5037 ]
2749 4967 2916 5021 Estne
2943 4966 3024 5021 Fl.
3066 4967 3299 5037 Hierius,
3335 4969 3424 5038 qui

1843 5065 1985 5115 anno
2024 5059 2220 5115 Christi
2264 5060 2368 5113 427
2412 5076 2532 5113 cum
2589 5059 2670 5114 Fl.
2718 5058 3018 5114 Ardaburio
3064 5061 3250 5114 consul
3282 5059 3428 5113 fuit?

1843 5154 2003 5208 Certe
2049 5152 2314 5206 interdum
2358 5152 2489 5206 viris
2536 5152 2760 5206 eruditis
2807 5152 2999 5206 collata
3040 5168 3101 5207 ea
3160 5153 3421 5221 dignitas,

1842 5255 2066 5315 propter
2096 5245 2263 5299 solam
2294 5244 2674 5309 eruditionem,
2710 5253 2767 5297 ut
2797 5245 3034 5298 Ausonio
3067 5254 3257 5314 poetae,
3284 5246 3430 5300 aliis-

1841 5353 1965 5407 que.
2002 5336 2113 5391 Non
2156 5346 2284 5406 puto
2316 5345 2493 5391 tamen
2516 5379 2531 5402 ,
2577 5346 2796 5406 propter
2836 5337 2968 5390 alias
2999 5336 3098 5392 viri
3136 5337 3424 5407 dignitates

1842 5447 1972 5500 quas
2005 5430 2125 5485 vide
2151 5430 2290 5500 apud
2320 5429 2575 5485 Jacobum
2632 5428 3019 5485 Gothofredum
3057 5431 3110 5486 in
3166 5447 3423 5502 prosopo-

1843 5523 2063 5591 graphia
2090 5524 2290 5578 codicis
2318 5522 2701 5578 Theodosiani.

1918 5614 2048 5669 Ibid.
2076 5614 2103 5685 §
2130 5616 2220 5670 25.
2251 5612 2326 5667 0b
2346 5631 2403 5667 os
2433 5615 2900 5684 contemplationis.
2928 5613 2947 5687 ]
2975 5614 3031 5671 Si
3060 5615 3176 5671 haec
3198 5629 3323 5672 vera
3346 5624 3430 5673 est

1844 5709 2024 5777 lectio,
2052 5709 2274 5777 perinde
2298 5717 2378 5763 est
2409 5724 2470 5762 ac
2500 5710 2561 5763 ob
2592 5711 2765 5764 oculos
2792 5711 2992 5764 mentis.

1918 5804 2079 5857 LIBRO
2104 5818 2155 5855 v.
2210 5802 2341 5871 Cap.
2374 5802 2427 5869 9,
2464 5802 2490 5873 §
2538 5803 2625 5869 16,
2661 5803 2727 5857 In
2775 5820 2923 5858 cruce
2976 5802 3369 5874 phantasmatis.
3402 5798 3435 5873 1⁸
