3954 6364
572 286 676 343 207

1444 273 1995 336 SUPPLEMENTUM
2035 277 2124 333 AD

2253 277 2391 333 sna
2433 276 2489 333 s.
2532 274 2921 333 AUGUSTINI.
3152 244 3155 245 ⁷
3694 290 3769 348 ,0,

570 401 687 456 Iloc
716 408 799 455 est
826 400 880 453 in
926 412 1085 453 cruce
1111 413 1141 453 e
1175 409 1275 467 qua
1306 393 1621 465 pependisse
1666 393 2004 463 phantasma,
2042 408 2147 448 non
2176 400 2228 462 Α
2255 392 2358 456 cie,
2386 391 2435 444 in
2462 391 2656 444 talibus
2679 389 2949 443 aberrare!
2975 387 3053 443 Ad
3078 397 3323 443 eventum
3345 393 3645 451 somniorum
3664 407 3772 469 quod

570 492 841 548 Christum
870 494 1061 559 ipsum,
1083 489 1372 544 credebant
1396 485 1695 540 Manichtei.
1720 484 1853 540 Vide
1876 500 1994 556 quae
2014 500 2148 540 con-

572 578 788 638 tra'hoc
814 584 1004 652 dogma
1054 586 1214 635 habet
1255 579 1582 649 Augustinus
1613 584 1745 633 tom.
1777 577 1913 644 Vill,
1945 585 2057 642 aut,
2103 576 2149 630 si

570 677 908 747 paucioribus
937 690 1047 729 rem
1080 673 1405 741 descriptam
1436 671 1644 739 cupias,
1676 669 1915 726 libellum
1942 669 2059 738 ejus
2080 666 2149 723 (16

568 770 890 832 Ilmresibus,
923 767 987 819 ad
1018 766 1244 819 haeresin
1272 762 1709 817 Manichaeorum.

636 861 766 928 Cap.
802 860 885 922 10,
922 857 948 927 §
985 858 1070 910 18.
1115 855 1252 921 Quos
1281 856 1466 908 electos
1495 861 1693 907 uocant.
1723 849 1743 921 ]
1788 850 1850 905 Hi
1882 848 2021 919 apud
2051 862 2145 903 eos

563 951 726 1005 veluti
760 947 1023 1017 primaria:
1046 946 1279 1009 virtutis,
1323 954 1414 999 aut
1453 942 1773 998 commentis
1822 941 1939 1009 ejus
1986 948 2148 993 secta:

562 1039 911 1097 addictissimi
941 1047 1128 1101 erant;
1157 1037 1333 1090 minus
1378 1035 1603 1104 perfecti
1637 1034 1958 1088 dicebantur
1984 1031 2143 1083 audi-

561 1144 715 1188 tores.
751 1132 913 1197 Nam,
950 1140 1007 1185 ut
1047 1130 1225 1183 verbis
1256 1137 1374 1181 utar
1421 1126 1701 1195 Augustini
1729 1140 1796 1179 ex
1839 1131 2145 1177 memorato

562 1226 766 1290 libello,
798 1225 877 1278 his
923 1223 1120 1276 duabus
1150 1219 1567 1292 profectionibus,
1618 1219 1711 1271 hoc
1740 1226 1832 1283 est,
1873 1216 2148 1270 electorum

561 1326 609 1371 et
633 1317 952 1380 auditorum,
989 1313 1275 1367 Ecclesium
1300 1326 1443 1364 suam
1476 1320 1711 1364 constare
1738 1308 2030 1362 voluerunt.

631 1409 763 1465 lbid.
804 1410 830 1479 §
856 1408 948 1462 20.
983 1405 1107 1459 Nisi
1136 1404 1279 1458 carni
1307 1400 1719 1473 concernentur.]
1748 1400 1850 1467 Qui
1878 1414 2013 1454 voce
2028 1413 2149 1452 con-

561 1504 697 1557 cerni
729 1516 826 1571 pro
851 1498 1065 1553 misceri
1114 1496 1269 1565 primi
1311 1496 1393 1549 usi
1436 1501 1579 1557 sunt,
1629 1492 1883 1547 videntur
1910 1490 2148 1546 voluisse

561 1596 862 1663 esprimere
915 1604 1101 1645 vocem
1130 1587 1371 1643 Graecam
1426 1586 1821 1661 συγκιρνᾶσθαι,
1860 1599 1979 1653 qua:
2006 1585 2146 1638 idem

560 1684 846 1755 significat,
877 1696 975 1736 nec
1001 1694 1136 1734 sono
1172 1695 1202 1732 a
1225 1677 1413 1731 Latina
1444 1676 1667 1729 abludit.

2254 483 2474 546 attinet,
2504 482 2645 536 idem
2678 480 2883 534 dixeris
2920 479 3060 549 quod
3096 479 3163 533 (16
3201 478 3639 542 Genethliacorum
3668 506 3772 559 pm.
3898 484 3899 547 l

2253 574 2601 638 dictionibus,
2648 573 2913 627 interdum
2966 587 3071 625 non
3117 573 3286 638 vanis,
3331 574 3458 627 dixit
3497 575 3774 647 Augustinus

2252 666 2344 721 lib.
2377 681 2481 729 vit,
2523 664 2549 734 §
2590 663 2643 717 8.
2680 663 2785 719 Sed
2825 663 3176 718 honorificum
3220 673 3334 717 erat
3380 665 3618 722 Monnica:
3656 671 3772 745 filio,

2253 759 2419 828 ipsius
2447 756 2851 811 conversionem
2884 755 3046 810 fuisse
3075 756 3297 809 somniis
3325 758 3635 829 θεοπέμπτοις
3662 778 3775 831 pm.

2252 852 2631 921 significatam;
2663 851 2806 921 quod
2845 860 3021 906 tamen
3051 851 3141 905 alii
3180 852 3457 920 pudentius
3502 870 3777 915 commemo.

2251 954 2484 999 rassent.

2322 1036 2453 1105 Cap.
2487 1036 2572 1090 16.
2611 1035 2767 1089 Versa
2793 1046 2841 1089 et
2868 1051 3066 1090 reversa
3091 1036 3144 1089 in
3170 1046 3363 1105 tergum
3380 1078 3394 1102 ,
3418 1046 3459 1090 et
3491 1038 3541 1089 in
3567 1042 3723 1110 latera,
3747 1058 3782 1100 et

2250 1128 2305 1181 in
2330 1138 2548 1183 ventrem
2576 1138 2622 1182 et
2652 1130 2785 1181 dura
2810 1139 2926 1181 sunt
2959 1126 3177 1197 omnim]
3218 1129 3514 1197 Metaphora
3546 1130 3781 1199 desumpta

2251 1238 2319 1277 ex
2341 1225 2519 1293 inagro,
2555 1222 2639 1275 vel
2671 1222 2936 1275 insomnia
2979 1221 3269 1283 laboranti,
3302 1221 3389 1289 qui
3422 1226 3470 1273 in
3500 1222 3627 1275 lecto
3653 1240 3703 1279 se
3725 1228 3784 1293 ja-

2251 1324 2390 1382 ctat,
2418 1324 2471 1370 et
2500 1330 2870 1383 quamcunque
2900 1314 2952 1368 in
2982 1325 3185 1381 partem
3221 1328 3280 1367 sc
3310 1324 3478 1367 vertat
3505 1314 3675 1368 duram
3701 1321 3785 1372 Cul-

2250 1407 2408 1461 citam
2436 1408 2733 1475 experitur.
2761 1406 2850 1461 Sic
2874 1406 3085 1460 animus
3121 1405 3332 1468 anxius,
3366 1406 3489 1458 dum
3521 1410 3691 1474 quaerit
3718 1426 3785 1463 vc-

2251 1497 2461 1552 ritatem
2496 1498 2547 1550 in
2576 1512 2679 1566 qua
2709 1496 3085 1566 conquiescat,
3122 1511 3219 1550 nec
3248 1511 3367 1549 eam
3398 1496 3617 1563 invenit,
3647 1502 3785 1555 omnia

2250 1587 2452 1642 fastidit
2471 1588 2623 1657 quasi
2650 1588 2828 1642 noxia.

2323 1679 2485 1733 Ltnno
2515 1695 2604 1733 vit.
2634 1680 2764 1749 Cap.
2788 1678 2842 1745 6,
2875 1678 2902 1749 ᾗ
2932 1679 2986 1733 9.
3019 1678 3368 1732 Dealbatiores
3397 1676 3546 1749 vias.]
3577 1677 3677 1731 Via:
3702 1696 3783 1733 mu-

629 1778 760 1849 Cap.
794 1777 881 1831 13.
936 1774 1145 1828 Ditexit.
1177 1770 1197 1843 ]
1242 1769 1576 1826 Crediderim
1616 1768 1899 1838 legendum
1934 1769 2144 1836 direxit,
2177 1783 2226 1847 Β
2252 1772 2376 1825 uitae
2411 1786 2575 1841 opere
2615 1772 2850 1841 publico,
2883 1771 3144 1841 quadrato
3174 1770 3374 1839 lapide,
3405 1772 3549 1824 calce
3578 1771 3781 1838 interlito,

559 1872 663 1928 hoc
684 1878 768 1926 est
796 1868 1134 1938 peregrinum
1156 1862 1552 1933 episcopalibus
1579 1860 1821 1914 consiliis
1845 1859 2074 1929 adjuvit.

630 1962 761 2032 Cap.
793 1959 882 2025 14,
918 1959 945 2030 §
976 1959 1065 2013 24.
1104 1954 1232 2011 Cum
1259 1954 1327 2008 ad
1365 1953 1587 2007 litteram
1612 1952 1913 2021 acciperem,
1944 1950 2145 2004 occide-

559 2058 671 2123 bar,
702 2064 807 2109 etc.
838 2051 856 2123 ]
913 2050 1243 2120 Augustinus
1268 2049 1319 2102 in
1365 2045 1718 2101 declamando
1743 2044 2037 2113 probabilia
2065 2060 2150 2099 se-

558 2149 673 2219 qui,
707 2162 813 2201 non
842 2145 1117 2213 explorata
1142 2141 1350 2207 solitus,
1369 2138 1632 2193 similibus
1654 2138 2148 2191 ratiocinationibus

562 2240 618 2294 in
637 2235 1082 2304 interpretatione
1111 2232 1406 2299 Scriptura:
1441 2228 1690 2283 satisfieri
1706 2227 1809 2283 sibi
1840 2241 2027 2297 passus
2042 2240 2144 2282 est.

560 2330 694 2386 Nam
722 2327 918 2396 alioqui
946 2332 1158 2380 constat
1184 2320 1526 2377 Ambrosium
1554 2320 1671 2389 plus
1700 2334 1853 2389 atque
1876 2319 2148 2388 allegoriis

557 2422 795 2478 deditum
818 2419 1005 2473 fuisse.

626 2512 787 2578 lbid.,
815 2511 843 2582 §
870 2510 961 2563 9.5.
995 2508 1144 2563 Sicut
1175 2504 1575 2577 existimantur.]
1613 2504 1744 2559 Vide
1772 2520 1891 2575 qua:
1920 2504 1987 2559 de
2024 2519 2148 2559 vera

556 2610 1001 2666 Academicorum
1025 2604 1291 2659 sententia
1319 2602 1688 2672 suspicabatur
1710 2599 2037 2669 Augustinus
2054 2598 2146 2653 lib.

570 2718 629 2758 ιιι
652 2702 720 2756 (16
740 2697 1097 2760 Academicis,
1120 2710 1237 2764 cap.
1270 2694 1357 2748 17.

626 2794 788 2848 Lteno
815 2807 886 2843 Vl.
916 2787 1047 2857 Cap.
1090 2790 1145 2840 2.
1182 2785 1296 2850 Quo
1317 2788 1433 2857 jam
1461 2801 1563 2837 non
1606 2784 1772 2837 solum
1810 2784 2145 2852 aquatissimo

555 2885 643 2940 sed
672 2885 822 2938 etiam
853 2880 1186 2952 lepidissima,
1225 2893 1341 2930 cum
1373 2878 1477 2929 suis
1515 2876 1845 2946 prwsentibus
1872 2892 1960 2944 per
1985 2876 2150 2929 sorbi-

556 2982 723 3032 tiones
748 2976 958 3047 exiguas
990 2970 1314 3042 partiretur.]
1343 2969 1648 3038 Conjiciunt
1678 2968 1729 3022 in
1774 2970 2014 3036 margine
2046 2967 2144 3021 viri

559 3071 723 3135 docti,
747 3070 881 3139 quod
908 3084 1006 3121 non
1031 3065 1195 3119 solum
1215 3064 1621 3131 aquatissimum,
1646 3063 1735 3115 sed
1765 3062 1915 3114 etiam
1941 3063 2151 3130 tepidis-

2254 1871 2435 1916 stratzn
2477 1871 2667 1929 erant,
2712 1878 2832 1933 qua:
2879 1878 2999 1917 cum
3050 1863 3449 1928 reliciebantur,
3502 1877 3625 1915 nova
3679 1864 3782 1919 calce

2252 1954 2523 2010 hiantibus
2555 1955 2789 2025 lapidum
2820 1957 2971 2011 rimis
3002 1956 3263 2019 immissa,
3297 1954 3555 2009 dealbattc
3582 1956 3790 2010 videban-

2253 2058 2371 2113 tur;
2412 2048 2759 2117 quamobrem
2806 2047 3141 2101 dealbatiores
3189 2062 3286 2100 t‘ttB
3332 2046 3439 2099 dici
3486 2046 3636 2114 vulgo
3676 2058 3791 2115 pote-

2252 2152 2404 2206 rant,
2440 2158 2561 2212 qua:
2598 2141 2906 2211 diligentius
2941 2142 3290 2206 curabantur,
3334 2156 3397 2196 ac
3426 2141 3639 2209 proinde
3676 2157 3791 2196 com-

2251 2234 2523 2289 modiores
2565 2242 2737 2288 erant.
2784 2234 2918 2287 ilinc
2964 2234 3219 2288 translata
3266 2232 3477 2287 videtur
3504 2234 3625 2288 inec
3666 2244 3793 2287 meta-

2254 2327 2445 2396 phora.
2489 2326 2655 2393 Vide,
2705 2326 2751 2380 si
2799 2334 2986 2393 vacat,
3036 2326 3320 2381 Nicolaum
3383 2326 3716 2395 Bergierium,
3749 2327 3795 2382 de

2253 2419 2480 2488 publicis
2519 2427 2573 2474 et
2609 2420 2929 2475 militaribus
2977 2420 3185 2489 imperii
3220 2419 3451 2473 Romani
3490 2417 3615 2483 Viis,
3641 2419 3719 2473 lib.
3744 2436 3795 2483 ιι,

2254 2527 2373 2580 cap.
2407 2510 2495 2567 18.

2322 2602 2452 2673 Cap.
2485 2605 2548 2666 9,
2578 2603 2604 2674 §
2638 2605 2721 2657 15.
2756 2602 2837 2657 Ibi
2866 2604 2964 2674 legi
3006 2604 3142 2673 quod
3181 2604 3241 2656 in
3285 2604 3536 2672 principio
3570 2613 3666 2657 erat
3707 2603 3797 2657 Ver-

2254 2698 2405 2759 bum,
2434 2694 2560 2765 etc.]
2591 2694 2947 2749 Similitudine
2978 2695 3272 2749 verborum
3308 2694 3511 2762 aliquot
3548 2705 3598 2749 et
3628 2705 3798 2749 senten~

2254 2790 2445 2842 tiarnm
2477 2787 2734 2856 deceptus
2767 2787 3118 2857 Augustinus,
3156 2796 3218 2839 ut
3245 2795 3301 2839 et
3334 2785 3488 2839 multi
3519 2784 3669 2839 Grzcci
3692 2786 3800 2838 scri-

2254 2888 2454 2948 ptores,
2488 2894 2608 2932 cum
2658 2878 2901 2933 doctrina
2949 2878 3259 2931 Christiana
3311 2878 3524 2931 miscuit
3578 2872 3799 2930 Platonis-

2256 2986 2432 3034 mutn,
2464 2969 2553 3039 qui
2590 2986 2768 3023 merus
2813 2979 2959 3035 erat,
3015 2970 3113 3023 hac
3156 2969 3211 3021 in
3268 2976 3445 3037 parte.
3487 2969 3797 3030 Arianismus;

2256 3073 2314 3116 ut
2343 3062 2576 3117 ostendit
2612 3062 2768 3115 Joan.
2802 3061 3040 3115 Clericus
3079 3060 3243 3130 epist.
3280 3061 3456 3113 critic.
3488 3060 3517 3112 7
3553 3067 3604 3111 et
3634 3060 3683 3111 8.
3712 3057 3798 3111 For~

561 3166 768 3219 simum.
790 3162 893 3216 Sed
928 3160 1136 3213 minore
1173 3158 1465 3210 mutatione
1495 3154 1773 3207 sanabitur
1795 3154 1881 3207 hic
1920 3154 2067 3207 locus
2103 3155 2147 3207 si
2177 3167 2224 3231 α
2256 3165 2397 3211 tasse
2438 3156 2686 3226 intelligit
2725 3155 2809 3209 hic
2858 3156 3183 3223 Augustinus
3218 3154 3418 3207 Plotini
3469 3148 3647 3221 opera,
3682 3167 3804 3220 quem

556 3257 794 3325 legamus
820 3260 1113 3320 putaretur;
1144 3259 1200 3303 ut
1239 3247 1465 3302 suadent
1489 3248 1649 3301 etiam
1678 3248 1954 3316 sequentia
1982 3263 1996 3301 :
2021 3247 2143 3317 quia

558 3352 794 3420 pietatem
816 3347 885 3399 ibi
912 3344 1195 3415 quarebat,
1225 3359 1323 3395 non
1352 3342 1681 3411 voluptatem.
1846 3330 1861 3339 ’

626 3441 759 3509 Cap.
782 3439 838 3503 3,
869 3438 972 3508 §5.
1009 3435 1242 3502 Quolibet
1284 3444 1450 3486 tamen
1498 3434 1695 3497 animo,
1736 3431 1868 3501 etc.]
1908 3431 1965 3485 Si
2008 3431 2138 3485 allo-

555 3542 809 3605 queretur
850 3531 1123 3593 homines,
1157 3527 1248 3596 qui
1296 3533 1554 3593 cuperent
1594 3526 1733 3579 scire
1777 3539 1878 3593 qua
1934 3523 2143 3578 ratione

557 3626 722 3679 vitam
746 3622 1067 3678 instituisset
1091 3619 1427 3682 Ambrosius,
1462 3617 1709 3686 superior
1744 3615 2141 3670 narratiuncula

554 3719 695 3772 forte
740 3731 843 3769 non
876 3712 1265 3781 displicuisset;
1312 3710 1406 3763 sed
1440 3709 1548 3762 Deo
1580 3708 1779 3761 minuta
1825 3707 1931 3769 illa,
1962 3706 2139 3774 qualia

554 3812 748 3881 passim
778 3814 1084 3869 occurrunt,
1110 3818 1349 3867 narrare,
1381 3802 1560 3855 nescio
1589 3800 1857 3868 quomodo
1882 3798 2136 3854 decorum

555 3902 824 3973 putaverit
852 3897 1197 3967 Augustinus.
1223 3895 1329 3951 Sed
1354 3895 1520 3963 magis
1544 3894 1816 3947 hominum
1840 3906 1999 3946 causa
2022 3891 2138 3946 hmc

552 3996 835 4057 narrabat,
862 4008 1019 4062 quam
1054 3991 1179 4057 Dei;
1209 4000 1262 4043 at
1293 3989 1632 4059 praestitisset
1658 3987 1886 4041 amicum
1910 3986 2131 4056 alloqui,

554 4104 710 4160 quam
744 4087 931 4141 Deum.

617 4178 745 4248 Cap.
775 4179 829 4232 8.
860 4175 1169 4230 Gladiatorii
1214 4170 1538 4244 spectaculi.]
1579 4171 1804 4227 Nefandi
1836 4170 1889 4224 hi
1932 4170 2071 4235 ludi,
2104 4186 2133 4224 a

551 4269 879 4339 Sapientibus
908 4269 1067 4321 etiam
1095 4265 1324 4320 ethnicis
1357 4263 1623 4326 damnati,
1670 4262 1793 4317 facti
1841 4262 2131 4315 etiamnum

553 4363 798 4417 videntur
823 4361 872 4413 in
918 4359 1143 4427 gratiam
1178 4357 1407 4410 ethnica:
1451 4354 1644 4424 plebis.
1691 4352 1795 4407 Sed
1829 4353 2019 4405 mirum
2050 4362 2133 4406 est

553 4459 835 4526 episcopos
872 4470 975 4507 non
1007 4454 1294 4519 impetrare
1326 4450 1561 4518 potuisse
1592 4447 1659 4502 ab
1694 4446 2129 4516 imperatoribus,

552 4559 608 4603 ut
632 4549 747 4601 dira
776 4547 862 4600 illa
896 4545 1229 4599 consuetudo
1258 4543 1625 4610 abrogaretur.

618 4640 747 4709 Cap.
773 4640 826 4703 9,
917 4639 997 4692 lz't.
1029 4636 1272 4690 1Editimi
1296 4634 1443 4705 fori.]
1469 4634 1758 4687 :Editimus
1788 4632 1928 4686 idem
1958 4642 2041 4688 est
2070 4648 2134 4688 ac

550 4736 771 4795 edituus,
804 4748 1016 4800 nempe,
1059 4732 1317 4805 νεωκόρος.
1364 4728 1455 4780 sed
1490 4728 1574 4779 hic
1603 4728 1737 4778 sumi
1788 4725 1996 4778 videtur
2038 4740 2133 4792 pro

549 4826 958 4896 apparitoribus,
991 4823 1079 4891 qui
1111 4819 1367 4873 custodia:
1408 4833 1567 4870 causa
1612 4817 1662 4869 in
1698 4817 1812 4869 foro
1846 4817 2132 4869 versaban-

550 4928 657 4985 tur,
680 4927 771 4970 aut
803 4931 897 4985 pro
928 4916 989 4967 iis
1012 4914 1101 4982 qui
1124 4914 1325 4965 curiam
1356 4910 1664 4963 servabant.

618 5012 748 5082 C'ip.
784 5008 926 5078 10,§
961 5008 1047 5062 16.
1090 5004 1277 5059 Comiti
1322 5005 1650 5074 largitionum
1694 5001 2128 5073 Italicianarum.]

550 5104 639 5160 Sic
660 5102 1010 5172 loquebantur
1029 5114 1094 5151 eo
1115 5113 1243 5150 :evo.
1265 5096 1396 5149 Vide
1417 5096 1655 5149 codicem
1679 5095 2129 5161 Theodosianum,

550 5198 643 5252 lib.
677 5211 749 5258 vt,
775 5194 851 5246 tit.
891 5192 973 5251 19.
1007 5190 1108 5259 leg.
1139 5189 1204 5243 de
1234 5187 1616 5241 Consularibus
1646 5198 1695 5240 et
1716 5185 2057 5240 Prmsidibus.

618 5288 751 5357 Cap.
776 5287 863 5339 15.
891 5282 1188 5337 Discernere
1212 5299 1285 5345 se,
1314 5282 1478 5335 nescio
1505 5297 1603 5351 quo
1625 5296 1825 5351 sapore,
1849 5297 1998 5350 quem
2028 5296 2135 5333 rer-

551 5384 625 5436 bis
652 5380 906 5447 explicare
932 5393 1033 5429 non
1064 5383 1281 5444 poterat,
1319 5374 1440 5440 quid
1469 5374 1727 5427 interesset
1752 5374 1883 5425 inter
1911 5374 2135 5427 revelan-

550 5485 648 5528 tem
674 5483 720 5525 te
746 5481 789 5523 et
818 5470 1039 5522 animam
1070 5483 1215 5519 snam
1255 5463 1633 5535 somniantem.]
1676 5465 1854 5531 Itaque
1883 5463 2125 5518 Mennica

558 5570 650 5626 sibi
684 5582 826 5629 suas,
858 5574 915 5617 ut
956 5562 1284 5631 opinabatur,
1324 5559 1676 5614 revelationes
1709 5573 1927 5613 servare
1957 5557 2125 5612 debe-

554 5669 671 5728 bat,
700 5674 919 5731 quarnm
948 5657 1232 5711 discrimen
1254 5670 1284 5709 a
1315 5654 1537 5707 somniis
1558 5653 1738 5707 dicere
1762 5667 1865 5705 non
1892 5661 2121 5719 poterat.

552 5756 721 5823 Quam
752 5752 906 5809 facile
941 5760 1021 5807 est
1052 5750 1296 5806 homines
1338 5748 1632 5819 imperitos,
1683 5745 1955 5817 religionis
2005 5761 2125 5819 spe-

2248 3246 2595 3301 vehementer
2623 3246 2801 3299 laudat
2830 3246 2920 3298 lib.
2956 3261 3010 3298 ιιι
3041 3254 3233 3299 contra
3269 3246 3653 3311 Academicos,
3680 3259 3799 3297 num.

2246 3341 2346 3403 41,
2376 3340 2514 3394 etde
2546 3339 2773 3393 Civitatc
2806 3339 2894 3391 Dei
2928 3337 3019 3391 lib.
3049 3354 3133 3404 Ix,
3162 3352 3291 3407 cap.
3319 3339 3407 3392 10.

2321 3430 2478 3497 ΙΙ)1(1.,
2506 3431 2532 3499 §
2569 3429 2654 3483 15.
2690 3428 2939 3500 Legebam
2968 3428 3035 3481 ibi
3066 3430 3227 3481 etiam
3265 3430 3587 3482 immutatam
3607 3430 3806 3499 gloriam,

2247 3519 2376 3592 etc.]
2408 3520 2662 3587 Quamvis
2687 3520 2753 3573 de
2781 3520 2972 3572 summi
3002 3518 3254 3573 Numinis
3283 3531 3477 3574 natura
3510 3522 3694 3575 rectius
3716 3533 3810 3573 sen-

2248 3614 2409 3666 tirent
2438 3612 2731 3673 Platonici,
2757 3625 2918 3680 quam
2950 3610 3042 3663 alii
3076 3610 3426 3680 philosophi,
3464 3612 3810 3665 miscebantu-

2247 3719 2369 3758 men
2403 3704 2757 3756 idololatriam
2782 3700 3143 3770 turpissimam
3177 3700 3249 3755 iis
3270 3702 3635 3771 dogmatibus,
3664 3712 3809 3755 erant-

2252 3810 2355 3865 que
2385 3794 2729 3848 infensissimi
2769 3792 2948 3846 hostes
2976 3793 3416 3847 Christianorum
3436 3834 3450 3857 ,
3483 3804 3538 3848 ut
3569 3795 3718 3862 liquet
3744 3792 3809 3844 vel

2243 3902 2307 3942 ex
2339 3886 2656 3955 Porphyrio,
2691 3883 2993 3938 Jamblicho
3022 3892 3076 3938 et
3115 3883 3262 3949 aliis,
3295 3884 3389 3953 qui
3422 3886 3523 3937 sub
3556 3884 3813 3953 imperato-

2241 3980 2392 4034 ribus
2417 3978 2743 4033 Christianis
2774 3977 3089 4030 floruerunt.

2311 4071 2472 4125 Ltuno
2502 4085 2612 4123 vnt.
2644 4068 2773 4135 Cap.
2798 4069 2861 4133 2,
2898 4068 2925 4138 §
2954 4069 3002 4123 5.
3052 4068 3351 4121 Victorinus
3379 4068 3641 4139 querulum
3668 4065 3809 4118 rhetor

2239 4162 2378 4215 urbis
2414 4159 2635 4232 Romae]
2676 4159 2998 4223 Victorinus,
3042 4159 3215 4227 inquit
3268 4160 3633 4232 Hieronymus
3669 4158 3714 4212 in
3741 4156 3811 4211 lib.

2238 4252 2306 4306 de
2353 4250 2714 4320 Scriptoribus
2760 4250 3172 4314 ecclesiasticis,
3221 4252 3441 4304 natione
3488 4252 3626 4321 Afer,
3673 4248 3814 4303 Romae

2237 4343 2331 4397 sub
2360 4342 2691 4395 Constantino
2726 4342 2955 4412 principe
2990 4342 3309 4394 rhetoricam
3342 4343 3556 4407 docuit;
3583 4350 3627 4393 et
3663 4341 3711 4392 in
3744 4353 3815 4391 ex-

2239 4445 2397 4487 trema
2431 4444 2684 4487 senectute
2714 4432 2905 4486 Christi
2936 4448 2988 4486 se
3020 4434 3226 4486 tradens
3261 4433 3393 4502 ﬁdei
3423 4434 3630 4505 scripsit
3663 4430 3815 4483 adver-

2163 4548 2213 4608 ο
2240 4543 2326 4579 sus
2364 4527 2542 4579 Arium
2574 4526 2752 4589 libros,
2785 4540 2921 4578 more
2946 4524 3240 4587 dialectico,
3270 4526 3428 4579 ualde
3455 4528 3725 4587 obscuros,
3751 4521 3818 4589 qui

2244 4620 2305 4673 ab
2328 4620 2538 4672 eruditis
2561 4619 2711 4670 modo
2734 4618 3109 4687 intelliguntur,
3139 4628 3185 4671 et
3207 4620 3616 4674 commentarios
3636 4617 3687 4671 in
3708 4616 3820 4684 Apo-

2245 4713 2454 4767 stolum.
2503 4714 2635 4765 Eum
2680 4714 2728 4765 in
2772 4712 2978 4779 praefat.
3012 4710 3321 4765 Comment.
3360 4713 3413 4765 in
3448 4712 3620 4778 Epist.
3651 4708 3711 4762 ad
3738 4706 3822 4760 Ga-

2243 4805 2376 4858 latas
2400 4803 2460 4857 C.
2497 4802 2724 4855 Marium
2763 4800 3079 4854 Victorinum
3106 4811 3296 4865 vocat,
3332 4804 3519 4872 aitque
3546 4815 3668 4856 eum
3700 4796 3819 4853 Scri-

2240 4905 2414 4962 pturas
2438 4894 2642 4946 omnino
2670 4901 2871 4944 sanctas
2897 4892 3177 4962 ignorasse.
3205 4892 3317 4945 Sed
3353 4893 3627 4947 rhetorica
3650 4932 3663 4954 ,
3688 4898 3740 4943 ut
3764 4887 3819 4940 ita

2240 4985 2446 5048 dicam,
2482 4984 2724 5053 ingenia,
2773 4982 2841 5037 ob
2883 4982 3133 5051 loquendi
3177 4982 3536 5050 facultatem,
3573 4989 3751 5053 putant
3776 4993 3821 5030 se

2240 5076 2376 5128 scire
2406 5074 2583 5128 omnia
2624 5074 2689 5126 de
2716 5075 2941 5142 quibus,
2978 5074 3129 5143 plebe
3168 5074 3501 5142 plaudente,
3533 5074 3679 5143 loqui
3718 5086 3820 5141 pos~

2241 5177 2385 5223 sunt.

2317 5262 2445 5317 Ibid.
2476 5262 2811 5335 Omnigenum
2841 5263 2989 5315 deum
3038 5270 3307 5329 monstra,
3343 5261 3483 5334 etc.]
3521 5259 3751 5328 Respicit
3774 5255 3825 5307 ad

2200 5347 2205 5354 ’
2242 5356 2449 5425 Virgilii
2481 5356 2656 5410 locum
2688 5354 2903 5409 lEncid.
2930 5371 3053 5421 vni,
3094 5353 3219 5420 698,
3249 5352 3349 5409 ubi
3380 5355 3670 5426 Egyptios
3694 5350 3824 5409 deos,

2236 5467 2333 5521 pro
2357 5451 2588 5505 Antonio
2610 5462 2661 5503 et
2683 5450 2963 5520 Cleopatra
2993 5459 3177 5504 contra
3200 5448 3520 5521 Augustum
3548 5449 3616 5503 ad
3640 5446 3824 5503 Actium

2235 5552 2547 5613 pugnantes,
2581 5542 2835 5596 describit
2867 5553 3022 5611 poeta
3051 5562 3063 5595 :

2296 5634 2721 5694 Otnnigennmque
2744 5635 2891 5683 deum
2917 5644 3129 5685 monstra
3154 5638 3205 5683 et
3226 5633 3443 5685 latrator
3470 5635 3680 5685 Anubis.

2296 5697 2469 5808 getlitrta
2490 5696 2769 5807 Nepttuuttm
2796 5705 2845 5745 et
2863 5697 3130 5755 Venerem,
3155 5704 3442 5760 contraque
3468 5699 3745 5747 Minervam.

2342 5772 2367 5807 (ι
2390 5770 2415 5806 a
2460 5769 2587 5807 enen
2618 5792 2629 5804 .
