3954 6364
160 386 247 443 Ξῦεν

796 368 1149 429 VARIORUM
1192 356 1781 421 EXERCITA'I‘lUNES
1808 355 1874 410 ΙΝ
1916 354 1972 409 5.
2015 351 2386 410 AUGUSTINI
2425 348 2676 407 OPEBA.

3281 338 3388 395 210

225 503 289 552 An
314 512 371 550 es
398 490 578 549 decori
602 488 811 559 legibus
840 487 965 542 talia
994 484 1131 555 apud
1158 483 1323 537 Deum
1361 480 1469 534 dici
1501 477 1703 549 possint
1735 476 1787 533 A
1812 473 2162 537 ἀντιλάϐηται,
2192 472 2419 524 animant
2446 472 2671 540 perfecta
2698 464 2820 518 dum
2848 468 2921 516 est
2946 468 2992 514 et
3021 459 3159 513 alata
3179 497 3195 524 ,
3223 459 3275 511 in
3304 474 3393 511 su-

169 592 336 656 uescio,
365 586 605 660 quamvis
631 600 658 638 a
691 590 958 654 pugnante
985 594 1105 635 cum
1135 575 1367 633 ethnicis
1405 583 1549 629 recte
1580 586 1699 642 pro.

173 683 268 739 lerri
290 679 565 751 potuerint.

229 772 365 839 lbid.,
392 770 419 843 §
445 769 499 825 5.
536 768 661 836 Qua:
689 768 847 823 verbis
893 765 1044 819 certis
1082 761 1336 832 conceptis
1375 759 1703 827 retentisque,

176 863 275 936 etc.]
294 861 595 935 Symbolum
622 860 762 932 quod
800 858 1154 930 apostolicum
1192 854 1487 921 dicebatur,
1519 861 1610 906 aut
1636 850 1711 905 si-

178 957 276 1013 mile
297 954 580 1025 quidpiam.

231 1048 336 1119 Cap.
366 1049 419 1116 5,
451 1049 479 1119 §
514 1048 568 1103 6.
601 1043 756 1100 Pater
800 1048 914 1116 plus
954 1041 1191 1116 gaudes.]
1223 1044 1363 1099 Deus
1393 1042 1615 1114 gaudere
1661 1045 1716 1092 et

182 1144 266 1214 plus
297 1142 530 1213 gaudere,
562 1154 831 1209 nunquam
860 1138 1034 1203 aliter,
1066 1137 1167 1191 nisi
1206 1134 1609 1213 ἀνθρωποπαθῶς
1637 1129 1718 1184 di-

179 1236 284 1290 citur
316 1250 343 1289 a
370 1233 584 1288 Christo
616 1231 889 1285 hominum
920 1229 1274 1285 imbecillitati
1304 1242 1423 1282 sese
1454 1233 1718 1293 attempe-

178 1343 313 1388 rante.
343 1330 448 1385 Nec
486 1337 662 1399 potest
699 1327 801 1382 hoc
845 1325 1025 1397 urgeri
1071 1334 1162 1381 aut
1203 1322 1399 1393 inquiri
1439 1338 1535 1377 cur
1578 1320 1718 1374 Deus

178 1425 315 1495 magis
341 1422 578 1495 gaudeat.
624 1419 920 1488 Caeterum,
966 1429 1022 1474 ut
1061 1419 1124 1472 ad
1152 1417 1508 1488 grammatica
1541 1424 1721 1469 trans-

184 1533 313 1583 eam,
342 1532 436 1571 non
483 1514 723 1582 intelligo
768 1528 863 1568 cur
905 1511 957 1566 in
1003 1496 1350 1581 sequentibus
1398 1508 1578 1562 verbis
1624 1503 1721 1559 viri

191 1608 308 1663 docti
348 1608 647 1676 pmnitentem
676 1614 729 1661 et
774 1604 1149 1674 paenitentiam,
1194 1613 1248 1656 ut
1290 1610 1343 1656 et
1387 1599 1543 1663 alibi,
1588 1598 1722 1652 scri-

190 1703 295 1757 bant
316 1718 400 1772 per
422 1717 477 1768 te,
510 1716 634 1755 cum
664 1708 873 1754 constet
901 1714 1020 1753 esse
1046 1713 1074 1751 a
1114 1698 1331 1751 nomine
1368 1711 1545 1766 paena,
1578 1694 1721 1762 quod

184 1810 207 1848 a
236 1794 398 1849 Greco
422 1798 590 1853 ποινή.
619 1790 771 1860 Quod
802 1806 906 1847 non
936 1791 1306 1858 observarem,
1340 1788 1442 1841 nisi
1487 1786 1722 1841 viderem

176 1904 252 1943 eos
288 1888 467 1943 barum
516 1888 861 1943 minutiarum
908 1901 1092 1941 curam
1132 1900 1239 1941 non
1288 1882 1569 1951 abjecisse,
1602 1896 1722 1934 cum
1758 1859 1806 1918 Β

168 1980 580 2050 orthographiam
610 1980 844 2050 priorum
876 1976 1166 2034 editionum
1193 1977 1390 2046 passim
1415 1973 1725 2039 cmendcnt,

168 2080 306 2140 prout
333 2080 522 2140 putant
557 2071 757 2126 rectius
785 2086 929 2126 esse.
962 2070 1053 2125 Sic
1082 2083 1271 2124 vocem
1304 2065 1569 2139 jucundus
1597 2064 1732 2121 scri-

172 2163 280 2218 bunt
308 2173 572 2234 perpetuo
610 2164 896 2235 jocundus,
924 2163 1073 2233 quasi
1115 2170 1256 2217 esset
1302 2176 1330 2213 a
1363 2163 1517 2230 joco,
1564 2174 1669 2213 non
1701 2171 1733 2212 a

174 2259 303 2326 iure;
338 2255 433 2311 sed
477 2273 506 2309 o
547 2264 601 2310 et
629 2272 663 2309 u
710 2254 1021 2324 frequenter
1064 2252 1428 2307 miscebantur
1471 2264 1501 2304 a
1531 2249 1733 2304 veteri-

174 2348 255 2403 bus
284 2348 508 2404 Latinis.
541 2348 674 2404 Vide
708 2348 1093 2415 Quintilianum
1137 2346 1369 2401 lnstitut.
1403 2353 1606 2399 orator.
1638 2342 1733 2398 lib.

176 2456 214 2507 ι,
236 2456 345 2510 cap.
374 2440 407 2494 4
428 2482 443 2506 ,
473 2449 529 2496 et
554 2439 803 2496 Vossium
835 2440 888 2495 in
929 2437 1316 2510 EtymOIOgico,
1348 2438 1414 2491 ad
1462 2436 1600 2491 hanc
1642 2450 1737 2490 vo-

177 2546 273 2585 cem
281 2572 293 2583 .

234 2622 357 2693 Cap.
389 2624 443 2677 4.
471 2621 599 2677 Cum
631 2622 828 2677 Paulus
878 2624 1149 2693 proconsul
1179 2638 1268 2693 per
1305 2623 1415 2693 ejus
1466 2622 1735 2690 militiam,

178 2712 292 2786 etc.]
324 2714 592 2784 lnquirant
637 2715 758 2783 alii,
792 2730 859 2770 an
904 2716 1121 2771 deceret
1163 2731 1383 2770 narrare
1432 2715 1540 2769 Deo
1572 2715 1741 2769 histe-

179 2808 345 2871 riolas,
369 2818 419 2863 et
445 2809 663 2877 quidem
702 2809 770 2865 de
815 2825 1037 2879 quarum
1079 2810 1307 2865 veritate
1346 2809 1564 2863 minime
1603 2823 1737 2863 con-

181 2901 374 2965 stabat;
414 2901 584 2970 qualis
626 2901 741 2955 haec
780 2910 896 2956 erat
934 2902 1000 2957 de
1037 2902 1244 2956 ratione
1281 2917 1377 2955 cur
1418 2900 1614 2955 Paulus
1655 2899 1739 2955 diu

174 3002 276 3046 ctus
308 2990 493 3055 fuerit,
520 2991 612 3061 qui
644 2992 811 3060 patria
845 2992 1019 3062 lingua
1049 2992 1238 3047 Saulus
1267 2999 1385 3047 erat
1412 2991 1737 3061 appellatus;

169 3098 321 3152 quam
356 3084 505 3137 multi
533 3083 827 3138 doctissimi
859 3083 956 3137 viri
1003 3083 1188 3138 falsam
1230 3097 1349 3138 esse
1394 3090 1602 3152 putant.
1632 3080 1741 3134 Me-

164 3190 276 3228 ram
308 3188 425 3230 esse
461 3174 827 3244 conjecturam
849 3214 863 3240 ,
893 3191 1046 3244 quam
1077 3173 1222 3228 nulla
1256 3174 1512 3243 scriptura
1550 3188 1742 3227 memo-

160 3276 266 3329 rat,
326 3240 794 3333 ingenuc'faletur
839 3240 1197 3337 Hieronymus
1228 3266 1295 3321 ad
1340 3240 1632 3337 Epistulam
1679 3264 1746 3319 ad
1776 3240 1823 3304 (ἶ

159 3357 558 3414 Philemonem.

228 3448 377 3505 ibid.
425 3450 630 3517 Quanto
682 3450 841 3520 igitur
886 3451 1083 3522 gratius
1133 3451 1447 3522 cogitabatur
1499 3448 1755 3504 Victorini

158 3541 386 3614 pectus.]
429 3542 605 3597 Nolim
635 3557 822 3598 vocem
850 3544 1049 3614 gratius
1080 3552 1267 3598 notare
1308 3553 1564 3607 accentu,
1601 3543 1754 3613 quasi

156 3632 231 3689 sit
276 3635 630 3705 adverbium,
673 3646 729 3691 ut
772 3635 898 3693 fecit
926 3636 1102 3692 editor
1143 3636 1439 3691 Parisinus.
1474 3636 1566 3690 Est
1605 3635 1750 3691 enim

158 3743 371 3786 nomen
400 3730 742 3801 adjectivum,
776 3732 875 3788 hac
904 3733 1171 3788 sententia
1199 3750 1211 3784 :
1242 3734 1451 3800 Quanto
1496 3732 1760 3787 Victorini

158 3823 447 3894 ingenium
489 3825 693 3896 gratius
723 3835 884 3895 atque
912 3826 1186 3895 acceptius
1224 3826 1457 3880 futurum
1501 3824 1758 3880 Ecclesia:

159 3916 542 3983 cogitabatur:
573 3925 723 3971 tanto
750 3916 1108 3972 abundantius
1136 3917 1411 3972 exsultare
1437 3918 1681 3986 oportuit:
1697 3915 1761 3969 ti—

162 4006 273 4063 lios
307 4018 447 4065 tuos.

239 4105 381 4175 Cap.
403 4107 454 4174 5,
481 4105 511 4177 §
540 4105 630 4161 10.
657 4105 742 4161 Ex
770 4122 1004 4178 perversa
1033 4107 1292 4160 voluntate
1316 4109 1454 4176 facta
1479 4112 1552 4159 est
1582 4103 1761 4169 libido;

169 4205 215 4248 et
248 4198 379 4250 dum
412 4200 627 4252 servitur
659 4199 888 4266 libidini,
921 4203 1059 4270 facta
1084 4208 1158 4253 est
1200 4196 1541 4263 consuetudo;
1564 4206 1610 4250 et
1641 4196 1764 4250 dum

173 4296 531 4348 consuetudini
574 4311 675 4348 non
716 4296 987 4363 resistitur,
1032 4295 1169 4365 facta
1199 4303 1271 4348 est
1313 4290 1626 4363 necessitas.]
1657 4292 1765 4363 0p-

180 4385 314 4441 time
357 4387 605 4442 describit
633 4387 821 4456 quibus
852 4386 1335 4457 gradibusvitium
1385 4385 1637 4454 obrepat,
1678 4392 1766 4439 at-

184 4490 288 4544 que
320 4490 589 4549 augeatur.
618 4479 723 4536 Sed
766 4479 952 4535 iisdem
986 4480 1242 4550 paulatim
1286 4470 1525 4534 imminui
1560 4487 1766 4548 potest,

189 4572 523 4624 neressarium
555 4569 696 4624 enim
733 4570 819 4625 hic
848 4570 1043 4625 dicitur
1071 4570 1287 4626 diflicile
1312 4571 1451 4625 victu
1474 4612 1488 4636 ,
1520 4585 1619 4625 nec
1661 4570 1768 4625 ulla

191 4668 271 4711 est
318 4671 437 4716 ante
484 4662 739 4731 peccandi
782 4664 1224 4718 consuetudinem
1271 4666 1560 4717 necessitas
1590 4661 1766 4718 delino

196 4755 405 4819 quendi.
432 4755 562 4811 Vide
590 4764 644 4810 et
673 4755 832 4810 ﬁnem
864 4754 890 4826 §
924 4754 1009 4811 12.

266 4846 418 4914 lbid.,
452 4848 479 4920 §
525 4850 612 4904 11.
646 4849 978 4922 Pugnatior.]
1010 4850 1312 4920 Legendum
1364 4850 1666 4921 pugnacior,
1709 4858 1773 4904 ut.

201 4936 251 4989 in
298 4938 610 5007 Basileensi,
662 4957 783 4995 nam
815 4943 965 5009 estja
994 4958 1257 5013 pugnare;
1298 4952 1389 4996 aut
1430 4943 1766 5013 pugnantior,

206 5027 245 5079 si
272 5029 399 5087 forte
419 5035 487 5085 ita
514 5032 710 5087 habent
736 5048 865 5087 mss.
893 5033 1127 5088 codices.

270 5119 394 5191 Cap.
419 5124 471 5191 6,
506 5124 533 5195 §
563 5124 647 5179 15.
680 5128 895 5196 Agentes
924 5124 1206 5197 in,rebus.']
1240 5125 1302 5180 lli
1328 5135 1482 5181 erant
1513 5126 1778 5196 principis-

216 5214 369 5267 nuntii
410 5231 500 5284 per
527 5216 853 5286 provincias,
885 5217 1216 5286 negotiorum
1258 5232 1446 5281 causa,
1480 5216 1546 5270 de
1577 5218 1778 5286 quibus

219 5305 324 5360 vide
352 5307 639 5364 Guidonem
675 5308 1033 5365 Pancirollum
1072 5308 1142 5364 ad
1169 5309 1420 5364 Notitiam
1452 5309 1778 5379 dignitatum

220 5396 447 5468 Orientis,
479 5418 597 5473 cap.
623 5402 711 5459 65.

283 5492 401 5562 Cap.
425 5509 521 5563 vn,
554 5495 581 5566 §
612 5496 697 5549 18.
734 5493 1073 5565 Hunterisque
1112 5493 1429 5548 liberioribus
1472 5508 1664 5564 pennas
1693 5506 1786 5546 rev

228 5583 440 5657 cipiunt.l
476 5589 599 5642 llaec
636 5588 965 5659 Augustinus
1005 5604 1071 5642 ex
1108 5587 1436 5642 Platonismo
1478 5600 1596 5641 suo.
1627 5583 1787 5653 Plato-

230 5678 350 5780 enim
381 5680 428 5733 in
475 5680 700 5741 Phaedro
738 5681 895 5736 docet
933 5680 1010 5737 ὅτι
1038 5682 1192 5753 ψυχὴ
1220 5682 1365 5736 τελέα
1393 5683 1482 5752 μέν
1513 5674 1649 5733 οὖσα
1700 5681 1790 5733 καὶ

233 5774 517 5845 επτερωμένη
563 5770 936 5848 μετεωροπολεῐ
996 5796 1050 5827 τε
1079 5778 1159 5826 καὶ
1210 5773 1411 5826 ἅπαντα
1458 5772 1539 5825 τὸν
1590 5771 1789 5840 κόσμων

237 5858 400 5932 διθιλιῖ,
426 5864 509 5924 ἠδὲ
537 5871 967 5938 πτερορῥνήσαςα
996 5872 1196 5940 φέρεται
1217 5868 1309 5927 ἕως
1337 5859 1393 5919 ἂι
1413 5869 1625 5925 στερεοῦ
1652 5881 1791 5922 mo;

1809 565 1951 620 blimi
1979 563 2171 629 volare,
2196 571 2244 617 et
2276 562 2566 616 universum
2594 557 2845 613 mundum
2874 552 3267 615 administrare;
3309 550 3394 602 cui

1810 674 1927 712 vero
1955 657 2053 711 ala:
2091 655 2432 724 deﬂuxerint,
2477 669 2589 707 eam
2632 652 2755 722 ferri
2783 649 2945 702 donec
2976 644 3200 701 solidum
3248 642 3398 712 quid-

1814 752 1950 823 piam
1996 750 2288 819 arripuerit.
2326 747 2441 801 Non
2492 744 2659 799 multo
2707 751 2827 813 post
2856 755 2978 811 pag.
3004 738 3110 792 545
3141 737 3227 791 ed.
3261 734 3399 790 Gen.

1813 842 2021 900 Ficini:
2050 844 2110 895 Ei
2146 842 2204 897 τὸ
2250 842 2350 915 γὰρ
2391 838 2546 905 αὐτὸ,
2582 835 2691 892 ὅθεν
2738 836 2847 891 ἥκει
2892 831 3045 903 ψυχή
3092 830 3312 891 ἑκάστη,
3346 828 3403 880 οὐ

1816 938 2119 992 καθικνεῖται
2147 935 2272 989 ἐτῶν
2302 934 2496 1009 μυρίων
2539 928 2621 998 (οὐ
2660 928 2757 1002 γὰρ
2784 931 3065 997 πτεροῦται
3098 923 3197 997 πρὸ
3226 920 3407 975 τοσού-

1818 1052 1907 1087 του
1944 1026 2157 1106 χρὸνου)
2190 1027 2315 1085 πλὴν
2348 1028 2375 1084 ὁ
2405 1030 2495 1078 τοῦ
2524 1022 2942 1097 φιλοσοφήσαντος
2984 1014 3192 1076 ἀδόλως,
3226 1011 3257 1071 ἦ
3285 1032 3408 1066 παι-

1820 1123 2228 1199 δεραστήσαντος
2255 1120 2384 1192 μετά
2413 1118 2703 1192 φιλοσοφίας
2723 1155 2735 1177 ,
2766 1116 2847 1168 καὶ
2889 1112 2955 1167 τὰ
2992 1111 3139 1173 ἐξῆςε
3174 1104 3241 1159 In
3271 1104 3408 1157 idem

1823 1216 1984 1282 enim,
2017 1215 2150 1268 unde
2180 1216 2405 1283 profecta
2432 1219 2540 1275 est,
2573 1219 2888 1277 unaquaque
2918 1201 3094 1253 animo
3122 1214 3223 1251 non
3250 1194 3405 1261 redit,

1823 1309 1994 1362 decem
2010 1305 2233 1360 millibus
2254 1318 2501 1357 annorum
2525 1302 2707 1369 (neque
2732 1296 2863 1351 enim
2883 1297 3146 1362 recuperat
3164 1290 3274 1343 alas
3296 1293 3414 1365 ante

1828 1410 2020 1454 tantum
2051 1397 2291 1469 tempus),
2313 1405 2522 1465 excepta
2544 1392 2654 1463 ejus
2684 1389 2770 1456 qui
2801 1384 3190 1459 philosOphatus
3211 1389 3283 1433 est
3304 1378 3415 1431 sine

1829 1498 1966 1564 fuco,
2022 1499 2111 1543 aut
2152 1506 2264 1541 cum
2303 1486 2566 1556 sapientia:
2615 1483 2784 1536 studio
2830 1493 3013 1546 pueros
3062 1473 3271 1526 amavit.
3323 1468 3413 1523 Sic

1830 1559 2013 1654 postea
2037 1582 2153 1651 ejus
2179 1578 2425 1649 discipuli
2448 1576 2607 1643 vulgo
2640 1573 2800 1627 locuti
2827 1577 2974 1633 sunt,
2992 1579 3193 1633 eosque
3221 1559 3417 1617 imitati

1830 1675 2117 1731 Christiani
2162 1669 2586 1740 resipiscentiam
2614 1670 2876 1720 vocarunt
2917 1657 3295 1734 ἀναπτέρωσιν,
3327 1662 3425 1704 seu

1831 1783 2083 1823 novarum
2108 1766 2307 1819 alarum
2350 1769 2619 1823 exortum,
2652 1765 2712 1810 ut
2759 1754 2844 1807 hic
2892 1748 3244 1819 Augustinus.
3292 1741 3427 1797 llinc

1834 1871 1889 1919 et
1911 1861 2327 1931 Chrysostomus
2362 1851 2641 1921 usurpavit
2679 1848 3027 1921 ἀναπτεροῦν,
3062 1854 3159 1909 pro
3187 1836 3425 1900 incitare,

1835 1923 2111 2027 impellere.
2144 1949 2279 2004 Vide
2304 1945 2643 2003 Thcsaurum
2676 1935 2989 1994 Ecclesiast.
3017 1930 3171 1988 Joan.
3203 1923 3430 1997 Caspari

1837 2044 2067 2102 Suiceri.

1906 2135 2037 2205 Cap.
2070 2132 2124 2199 8,
2153 2130 2181 2203 §
2216 2129 2304 2185 19.
2332 2126 2471 2183 Pede
2500 2134 2613 2195 post
2638 2117 2859 2194 pedem.'|
2893 2114 3123 2183 Vestigia
3152 2121 3431 2205 inea-pro-

1836 2227 1979 2282 xime
2001 2231 2238 2290 secutus,
2271 2219 2455 2274 Graece
2474 2219 2605 2272 κατὰ
2631 2212 2789 2275 πόδα,
2817 2208 2969 2278 quasi
2995 2200 3217 2271 dixeris,
3247 2200 3432 2269 singu-

1838 2317 1906 2373 lis
1934 2315 2159 2386 pedibus
2182 2314 2237 2367 in
2259 2307 2624 2365 antecedentis
2651 2301 2893 2373 vestigiis
2924 2298 3134 2369 positis.

1910 2385 2041 2477 Cap.
2070 2404 2165 2471 12,
2196 2402 2223 2474 §
2251 2403 2341 2458 9.8.
2377 2400 2503 2455 Cras
2530 2408 2576 2452 et
2618 2394 2777 2466 cras.]
2824 2392 2880 2446 In
2930 2390 3109 2445 animo
3137 2385 3435 2457 Augustino

1842 2474 2234 2553 observabatur
2266 2493 2413 2549 locus
2443 2487 2616 2544 Persii
2645 2496 2750 2542 sat.
2780 2482 2835 2551 5,
2869 2481 2961 2547 66,
3001 2480 3088 2535 ubi
3133 2478 3211 2533 sic
3233 2474 3436 2531 descri-

1841 2590 1985 2645 bitur
2012 2595 2311 2652 cunctator,
2345 2583 2436 2654 qui
2482 2580 2711 2636 reditum
2758 2576 2827 2632 ab
2867 2575 3064 2629 bonam
3104 2579 3343 2626 mentem
3374 2566 3431 2622 in

1844 2684 1961 2739 dies
1990 2681 2188 2736 diﬂ'ert.

1909 2776 2027 2826 Cras
2048 2774 2142 2822 hoc
2161 2772 2272 2831 ﬁet;
2292 2771 2422 2820 idem
2445 2781 2553 2831 cras
2576 2767 2686 2831 liet;
2709 2763 2827 2831 quid
2851 2762 2988 2831 quasi
3012 2771 3259 2831 magnum,

1907 2824 2115 2898 Nempe,
2138 2824 2269 2898 diem
2285 2829 2469 2881 donas?
2494 2830 2595 2879 Sed
2617 2824 2834 2898 cu’mllux
2858 2824 3011 2898 altera
3040 2824 3169 2898 venit

1909 2883 2148 2948 Ilam'cras
2167 2897 2455 2944 hesternum
2479 2890 2892 2951 consumpsimus;
2922 2897 3039 2951 ecce
3059 2883 3186 2951 aliud
3210 2892 3315 2932 cras

1908 2944 2084 3023 Egerit
2101 2944 2196 3009 hos
2220 2968 2389 3013 annos,
2416 2960 2469 3003 et
2494 2944 2695 3014 semper
2717 2944 2912 3012 paulum
2937 2948 3033 2995 erit
3051 2944 3195 2994 ultra.

1923 3087 2078 3157 lbid.,
2099 3084 2231 3157 §29.
2255 3084 2422 3137 Audio
2449 3095 2641 3145 vocem,
2665 3073 2795 3146 etc.]
2818 3073 3044 3130 Redolet
3062 3073 3163 3127 hoc
3183 3069 3440 3141 supersti-

1852 3182 2055 3238 tionem
2082 3178 2384 3241 ethnicam,
2416 3189 2486 3229 ex
2518 3170 2751 3227 fortuitis
2775 3167 2996 3223 vocibus
3017 3166 3193 3222 omina
3224 3164 3441 3234 captari;

1856 3285 1997 3340 tem;
2038 3271 2181 3343 quod
2220 3284 2381 3326 nemo
2426 3264 2585 3337 paulo
2629 3260 2916 3317 humanior
2956 3261 3185 3329 ignorat.
3217 3255 3277 3313 Si
3322 3256 3443 3326 quis

1860 3366 2118 3436 singulari
2151 3360 2485 3434 providentia
2516 3357 2692 3413 divina
2721 3356 2918 3411 factum
2947 3354 3050 3408 hoc
3079 3359 3262 3423 putet,
3285 3350 3355 3405 ita
3388 3356 3446 3404 ut

1862 3458 2108 3516 aestuanti
2161 3455 2459 3525 Augustino
2508 3454 2715 3508 editum
2765 3446 2975 3504 caelitus
3022 3446 3093 3501 sit
3147 3443 3444 3505 monitum;

1862 3551 2132 3622 oportebit
2160 3559 2218 3604 ut
2243 3546 2491 3602 osten’dat
2510 3560 2645 3615 opus
2668 3542 2835 3597 fuisse
2863 3536 3129 3610 ejusmodi
3160 3531 3444 3598 miraculo,

1863 3662 1970 3718 quo
1992 3644 2319 3715 Augustinus
2348 3641 2644 3710 intelligere
2671 3646 2853 3707 posset
2873 3635 2974 3689 sibi
3002 3630 3279 3703 legendam
3306 3616 3450 3683 Scri-

1865 3748 2075 3809 pturam
2101 3750 2340 3803 sacram,
2371 3743 2431 3789 ut
2459 3747 2525 3787 ex
2556 3745 2617 3786 ea
2644 3729 2869 3785 resciret
2897 3725 3023 3797 quid
3054 3723 3154 3778 sibi
3183 3721 3450 3791 agen’dum

1868 3838 2031 3885 esset.
2062 3826 2215 3895 Quod
2246 3841 2368 3881 cum
2399 3820 2637 3893 quotidie
2673 3819 2886 3873 audiret
2925 3832 2953 3870 a
2984 3812 3291 3877 catholicis,
3329 3824 3453 3865 cum

1870 3925 1923 3977 in
1957 3921 2229 3981 Ecclesia,
2260 3929 2368 3972 tum
2401 3916 2561 3981 alibi,
2593 3927 2698 3969 non
2726 3912 2886 3966 video
2916 3925 3012 3965 cur
3037 3904 3455 3975 confugiendum

1870 4016 1942 4069 sit
1962 4013 2029 4068 ad
2054 4012 2393 4067 miraculum.
2423 4006 2529 4062 Sed
2562 4006 2746 4060 rhetor
2771 4012 2975 4065 noster,
3004 3998 3147 4069 quod
3178 4012 3299 4050 cum
3325 4009 3458 4064 pace

1873 4107 1990 4177 ejus
2011 4105 2211 4159 dictum
2234 4104 2337 4167 sit,
2369 4100 2546 4154 omnia
2570 4104 2890 4167 exaggerat,
2915 4093 3108 4163 quibus
3130 4089 3462 4161 persuadere

1874 4206 2084 4270 poterat
2109 4212 2215 4251 non
2242 4195 2325 4265 agi
2356 4193 2441 4248 hic
2476 4192 2543 4246 de
2573 4190 2789 4245 homine
2821 4187 3051 4256 vulgari,
3082 4184 3173 4239 sed
3204 4179 3462 4253 singulari

1879 4289 2164 4345 vocatione
2191 4286 2447 4342 divinitus
2464 4283 2536 4337 ad
2564 4281 2861 4336 Ecclesiam
2885 4278 3109 4342 allecto;
3135 4290 3256 4346 qua:
3285 4284 3464 4328 tamen

1880 4398 1947 4438 ex
1970 4383 2106 4436 alius
2130 4379 2340 4435 calamo
2366 4376 2567 4432 rectius
2593 4374 2894 4427 duxissent.
3474 4390 3480 4423 ι

1953 4475 2086 4531 lbid.
2116 4473 2421 4529 Utrumnam
2442 4470 2660 4523 solerent
2690 4465 2866 4534 pueri,
2893 4461 3023 4533 etc.]
3050 4459 3211 4528 Quasi
3232 4473 3360 4513 vero
3381 4471 3468 4512 nec

1864 4582 2033 4627 ,cesse
2081 4566 2267 4621 luisset
2310 4564 2452 4618 solas
2499 4558 2793 4614 ludentium
2858 4570 3147 4626 puerorum
3197 4552 3467 4607 solemnes

1885 4660 2179 4717 cantilenas
2202 4656 2401 4712 audiri!
2424 4654 2618 4707 Annon
2644 4648 2816 4719 potuit
2838 4648 3027 4702 ludens
3049 4644 3236 4714 aliquis
3259 4645 3325 4697 de
3350 4656 3470 4711 pro-

1884 4754 2026 4823 jecta
2055 4750 2240 4804 charta
2277 4746 2468 4800 crebro
2496 4744 2596 4796 hoc
2636 4739 2922 4810 repetere?
2953 4736 3286 4806 Oportuisset
3330 4732 3489 4803 apud,

1888 4844 2095 4899 vicinos
2118 4853 2361 4910 qumrcre
2386 4837 2505 4906 quis
2534 4850 2653 4889 eam
2686 4847 2870 4887 vocem
2903 4831 3152 4896 misisset,
3185 4839 3471 4897 antequam

1891 4952 1998 4991 non
2028 4935 2144 4987 sine
2169 4932 2279 4985 Deo
2308 4928 2528 4983 missam
2552 4925 2839 4995 judicaret.

1963 5025 2099 5079 ibid.
2132 5022 2436 5075 Audiveram
2480 5018 2612 5071 enim
2656 5016 2719 5069 de
2757 5010 3019 5083 Antonio.]
3065 5011 3373 5065 Athanasius
3421 5009 3495 5064 in-

1898 5119 2016 5173 Vita
2043 5114 2290 5189 Antonii,
2326 5112 2352 5183 §
2382 5110 2447 5177 2,
2478 5109 2630 5178 cujus
2660 5110 2818 5161 verba
2850 5105 3123 5159 brevitatis
3150 5117 3308 5158 causa
3341 5102 3481 5155 dun-

1896 5221 2043 5267 taxat
2080 5224 2147 5263 ex
2184 5205 2397 5274 Evagrii
2428 5203 2671 5257 versione
2713 5198 2976 5269 proferam
3006 5215 3017 5248 :
3051 5199 3131 5248 Ad
3163 5195 3476 5259 Ecclesiam,

1898 5316 1953 5359 ut
1974 5301 2200 5365 solebat,
2225 5312 2491 5351 occurrens
2512 5292 2867 5347 recordabatur
2887 5289 3141 5360 quomodo
3162 5300 3207 5343 et
3231 5288 3448 5358 apostoli
3462 5326 3480 5351 ,

1902 5395 2133 5451 omnibus
2171 5391 2371 5463 spretis,
2400 5387 2557 5440 secuti
2597 5385 2807 5454 fuissent
2841 5382 3191 5447 Salvatorem;
3222 5391 3265 5435 et
3300 5381 3482 5447 multi,

1902 5490 1956 5542 in
1984 5487 2189 5541 Actibus
2219 5479 2598 5553 apostolorum,
2629 5475 2957 5546 facultatibus
2980 5474 3085 5534 suis
3114 5473 3352 5537 venditis,
3378 5486 3485 5541 pre-

1907 5582 1979 5635 tia
2008 5580 2093 5649 :ad
2139 5578 2288 5646 pedes
2331 5587 2502 5627 eorum
2551 5569 2847 5624 detulissent
2890 5568 3148 5639 egentibus
3188 5564 3483 5636 partienda,

1907 5689 2078 5741 quaeve
2106 5681 2193 5723 aut
2221 5676 2409 5739 quanta
2438 5681 2552 5735 spes
2581 5665 2644 5718 iis
2671 5664 2892 5732 reposita
2921 5673 3046 5717 esset
3071 5664 3124 5716 in
3154 5662 3310 5716 etelis.
3338 5659 3487 5714 Talia

1910 5783 2079 5819 secum
2106 5766 2305 5816 volvens
2349 5762 2552 5813 intravit
2595 5762 2646 5811 in
2678 5756 2939 5812 ecclesiam
2969 5767 3014 5811 et
3055 5756 3235 5811 accidit
3279 5763 3331 5808 at
3373 5762 3490 5806 tunc

1915 5855 2245 5927 Evangelium
2265 5852 2529 5923 legeretur,
2553 5852 2603 5906 in
2625 5866 2726 5920 quo
2748 5849 2997 5906 Dominus
3018 5849 3140 5904 dicit
3160 5848 3227 5904 ad
3251 5847 3486 5901 divitem:
