3954 6364
587 249 686 311 211

1475 270 2031 336 SUPPLEMENTUM
2071 282 2163 337 AD
2203 282 2433 341 OPERA
2474 287 2532 346 S.
2576 291 2965 395 AUGUSTIN}.
3695 336 3769 395 2η

3697 365 3769 395 ιη

587 365 643 419 Si
670 367 746 419 vis
778 370 1045 436 perlectus
1076 389 1215 441 esse,
1248 380 1381 435 vade
1409 392 1463 437 et
1490 388 1660 442 vende
1679 392 1856 445 omnia
1888 403 1997 460 tua,
2023 409 2169 464 quae-
2192 398 2248 459 Α
2280 398 2440 453 class.
2478 403 2501 455 1
2534 443 2548 467 ,
2580 404 2670 460 ubi
2706 406 2841 463 hanc
2872 410 3231 468 inventionem
3276 432 3465 478 narrat.
3494 430 3693 495 Alterum
3713 460 3769 505 εει

587 470 793 505 numine
820 459 984 505 halm
1011 475 1060 505 ιη
1093 466 1155 505 ἀει
1190 473 1505 505 nmmum“...
1538 489 1583 505 η.
1632 482 1753 505 ..ηε
1825 499 2043 505 ,μνη
2084 503 2123 505 κ,
2276 489 2308 505 ..
2393 494 2407 505 .
2485 494 2497 505 .
2616 497 2625 505 .
2916 501 2929 505 -
3060 502 3090 505 η

584 470 793 527 cunque
820 459 984 518 habes
1011 475 1063 519 et
1093 466 1156 519 da
1187 473 1506 537 pauperibus
1536 489 1589 532 et
1632 482 1788 549 veni,
1820 499 2049 555 sequere
2081 503 2165 544 me

582 556 635 602 et
657 550 878 606 habebis
911 555 1213 611 thesaurmn
1240 560 1291 613 in
1324 566 1497 619 ctelis.

654 639 766 704 Quo
791 647 990 709 audito,
1019 650 1166 715 quasi
1196 652 1439 708 divinitus
1478 660 1774 725 huiusmodi
1813 676 1929 721 ante
1970 685 2163 725 memo-

577 731 709 784 riam
747 740 1088 807 concepisset,
1132 752 1178 794 et
1218 745 1373 799 veluti
1398 761 1606 819 propter
1634 770 1687 807 se
1712 756 1820 810 lucc
1860 772 1986 815 esset
2018 763 2161 817 Scri-

578 833 733 888 ptura
781 831 1023 894 recitata,
1076 835 1141 885 ad
1187 852 1240 888 se
1287 838 1598 897 dominicum
1649 849 1806 901 trarit
1854 852 2153 927 imperium,

572 916 841 985 statimque
877 937 1104 990 egressus
1152 932 1521 998 possessiones,
1563 953 1691 1006 quas
1745 940 1991 1014 habebat,
2033 964 2154 1000 ven-

571 1002 728 1060 didit.
1574 1002 1584 1006 ⁷
1873 1034 1875 1037 ·

640 1096 775 1152 Ibid.
802 1102 1026 1171 Arripui,
1054 1111 1254 1174 aperui,
1278 1114 1408 1188 etc.]
1439 1117 1547 1173 Hoc
1579 1137 1684 1175 non
1709 1127 1934 1182 multum
1967 1132 2151 1190 aberat

568 1199 600 1240 a
632 1190 866 1246 sortibus
898 1195 1221 1266 Virgilianis,
1250 1209 1434 1275 autab
1465 1210 1530 1264 iis
1560 1212 1752 1279 quibus
1780 1235 1845 1273 ex
1873 1220 2149 1290 Scriptura

570 1287 770 1337 temere
821 1298 1002 1353 aperta
1059 1291 1235 1349 futura
1284 1286 1682 1377 quaerebantur,
1729 1314 1870 1379 quod
1929 1316 2147 1373 damnat

564 1372 679 1439 ipse
720 1376 1049 1447 Augustinus
1087 1387 1245 1454 epist.
1290 1389 1360 1445 55
1408 1395 1473 1446 ad
1515 1372 1846 1457 Janudriitm.
1890 1407 1969 1460 An
2009 1423 2143 1477 OptlS

564 1473 820 1527 praeterea
852 1479 968 1523 erat
998 1480 1198 1531 temere
1237 1484 1447 1549 aperire
1489 1488 1819 1557 Scripturam
1840 1538 1853 1561 ,
1890 1506 1945 1550 ut
1975 1499 2141 1555 scire-

561 1563 648 1607 tur
676 1558 818 1624 quod
850 1576 917 1615 ne
940 1565 1139 1621 ethnici
1168 1572 1382 1638 quidem
1414 1576 1746 1637 honestiores
1786 1586 2139 1675 ignorabant?

561 1642 692 1675 Vidn
727 1649 821 1675 tu...
852 1652 912 1675 Α-
956 1670 1009 1675 ,η
1056 1659 1073 1675 Α
1132 1669 1144 1675 -
1342 1666 1375 1675 η
1423 1668 1432 1675 .
1570 1672 1577 1675 .

560 1642 693 1701 Vide
725 1649 821 1703 hac
849 1652 915 1705 de
956 1670 1014 1709 re
1043 1659 1168 1711 Ant.
1208 1677 1306 1717 van
1340 1666 1488 1734 Dale,
1532 1672 1701 1727 virum
1739 1642 2024 1748 eruditum,
2059 1642 2137 1738 |de

557 1733 981 1800 Divinationibus
1012 1747 1356 1809 idololatricis
1384 1733 1483 1814 sub
1510 1761 1571 1815 v.
1601 1763 1663 1818 Τ.
1692 1766 1822 1837 Cap.
1852 1768 1905 1823 t.

622 1825 785 1886 LIBRO
814 1849 887 1888 tx.
920 1835 1049 1907 Cap.
1077 1843 1140 1909 2,
1175 1844 1202 1914 §
1227 1847 1278 1899 5.
1312 1846 1396 1902 Νε
1416 1852 1469 1904 in
1498 1854 1601 1908 ima
1626 1825 1971 1933 rei-geremus,
2004 1866 2134 1941 etc.]

552 1921 716 1979 [tecte
746 1928 843 1983 viri
874 1931 1015 1988 docti
1064 1936 1200 1993 hanc
1236 1941 1517 2000 lectionem
1565 1921 1913 2017 praettilerunt
1937 1959 2088 2014 alteri
2110 2001 2127 2028 ,

547 2032 927 2089 mergeremur;
955 2028 1094 2082 solet
1130 2034 1270 2085 enim
1299 2038 1522 2091 verbum
1553 2057 1754 2111 vergere
1785 2055 1842 2103 ut
1871 2058 1924 2103 et
1953 2050 2127 2105 dever-

545 2123 662 2179 gere
690 2108 795 2166 dici
816 2114 882 2168 de
914 2116 978 2171 iis
1005 2135 1120 2187 quae
1151 2124 1390 2191 pondere
1431 2145 1529 2183 suo
1557 2108 1948 2203 deprimuntur.
1982 2146 2128 2211 Apu-

542 2198 677 2254 leius
715 2205 782 2257 de
826 2205 937 2262 Deo
964 2210 1201 2268 Socratis
1238 2234 1251 2268 :
1288 2218 1439 2284 Quod
1468 2223 1513 2274 si
1556 2198 1884 2294 manifestum
1921 2198 2126 2304 ﬂagitat

539 2293 672 2359 ratio
702 2294 883 2350 debere
922 2305 1133 2373 propria
1161 2308 1407 2362 animalia
1447 2313 1599 2366 etiam
1629 2317 1682 2369 in
1722 2335 1842 2373 aere
1879 2323 2118 2395 intelligi,

536 2396 763 2450 superest
796 2400 848 2440 ut
878 2408 993 2458 qua:
1018 2399 1221 2451 tandem
1246 2411 1293 2452 et
1318 2404 1606 2472 cujusmodi
1646 2426 1703 2461 ea
1730 2412 1831 2465 sint
1858 2454 1873 2478 ,
1896 2416 2119 2471 dissera-

534 2489 666 2528 mus.
705 2476 875 2546 Igitur
899 2493 1096 2539 terrena
1126 2505 1477 2562 nequaquam;
1528 2497 1802 2569 devergunt
1831 2508 1966 2559 enim
1992 2526 2121 2577 pou.-

532 2568 672 2622 dere.
714 2569 865 2641 Vide,
897 2576 941 2629 si
983 2592 1117 2647 opus
1148 2594 1260 2651 est,
1284 2586 1388 2639 alia
1412 2590 1654 2657 exempla
1680 2568 1815 2663 apud
1839 2568 2116 2667 Nicolaum

529 2657 829 2729 Heinsiutn,
864 2667 914 2722 in
949 2672 1088 2727 notis
1115 2675 1180 2729 ad
1206 2676 1476 2745 Valerium
1506 2685 1754 2745 Flaccum
1780 2691 1873 2753 lib.
1906 2709 1943 2761 ι,
1971 2711 2110 2753 vers.

528 2750 653 2809 289.

593 2848 726 2919 Cap.
758 2853 812 2918 5,
857 2854 884 2925 §
918 2856 970 2911 6.
1018 2860 1280 2934 Quidquid
1305 2868 1437 2922 illud
1463 2881 1535 2925 est
1564 2876 1701 2942 quod
1727 2877 1820 2932 illo
1848 2881 2112 2951 signiﬁca--

524 2945 609 2989 tur
636 2941 798 3013 sinu.]
837 2944 1125 3019 Desumpta
1153 2964 1239 3007 est
1262 2955 1458 3013 locutio
1486 2978 1551 3016 ex
1576 2941 1713 3021 Luc.
1745 2985 1831 3023 xvr
1853 3011 1867 3034 ,
1894 2941 1991 3035 v22,
2018 2976 2107 3030 ubi
2169 3003 2176 3011 -

524 3038 701 3086 tamen
747 3035 892 3091 sinus
938 3040 1218 3099 Abrahami
1264 3064 1369 3103 non
1415 3061 1520 3107 tam
1552 3057 1705 3114 sedes
1729 3062 1911 3117 beatas
1944 3082 2102 3135 quam

521 3121 695 3178 locum
721 3126 773 3180 in
804 3129 906 3184 illis
948 3134 1209 3205 insignem
1251 3142 1557 3215 signiﬁcat,
1599 3161 1658 3204 ut
1687 3164 1830 3209 recte
1860 3160 2104 3215 animad-

520 3216 679 3269 vertit
708 3217 857 3287 Hugo
890 3222 1107 3282 Grotius
1130 3230 1197 3284 ad
1224 3231 1442 3289 Lucam.
1477 3242 1805 3310 Augustinus
1838 3250 2102 3309 intellexit

517 3305 674 3359 sedes
704 3311 915 3376 quietas
944 3355 958 3377 ,
989 3320 1390 3395 qualescunque
1438 3329 1546 3384 sint
1570 3376 1584 3398 ,
1617 3334 1667 3386 iu
1715 3338 1906 3405 quibus
1934 3344 2098 3400 animi

514 3397 725 3463 piorum
777 3410 1225 3468 resurrectionem
1275 3431 1559 3485 corporum
1601 3440 1933 3495 exspectant.
1978 3435 2095 3490 Lib.

512 3506 587 3546 xu
615 3495 682 3549 de
724 3496 919 3556 Genesi
949 3504 1015 3559 ad
1047 3507 1277 3565 litteram
1303 3554 1316 3575 ,
1345 3513 1372 3584 ᾗ
1416 3516 1523 3571 65:
1561 3518 1739 3590 Neque
1764 3527 1900 3578 enim
1929 3529 2095 3582 Abra-

511 3584 650 3650 ham,
698 3588 779 3643 vel
801 3594 888 3646 ille
907 3611 1132 3666 pauper,
1162 3603 1214 3655 in
1258 3606 1373 3658 sinu
1394 3611 1527 3680 ejus,
1572 3612 1671 3667 hoc
1708 3628 1779 3669 est
1824 3620 1875 3671 in
1905 3634 2095 3677 secreto

508 3678 689 3745 quietis
718 3684 828 3748 eius
850 3725 865 3751 ,
908 3687 962 3740 in
1005 3691 1264 3749 doloribus
1290 3678 1422 3753 erat.
1444 3678 1706 3761 sermone
1734 3710 1799 3763 14
1829 3711 1894 3763 ad
1923 3727 2092 3781 popu-

505 3764 615 3821 lum
646 3770 700 3823 in
732 3788 873 3829 vers.
911 3777 977 3830 14
1007 3784 1139 3848 psal.
1168 3801 1222 3839 ιι
1256 3805 1267 3839 :
1306 3787 1563 3862 Contigit,
1587 3796 1780 3866 inquit.
1814 3804 1944 3854 mori
1971 3804 2086 3857 ino-

503 3870 613 3924 pem
645 3858 792 3915 illum
812 3871 860 3914 et
886 3867 1084 3931 auferri
1106 3870 1167 3923 ab
1194 3877 1407 3945 angelis.
1444 3858 1601 3942 Quo?
1626 3858 1682 3937 In
1713 3886 1886 3940 sinum
1912 3889 2084 3942 Abra-

500 3941 606 4011 hae,
640 3950 694 4001 id
714 3961 783 4004 est
808 3953 860 4006 in
888 3969 1136 4013 secretum
1162 3965 1246 4017 ubi
1265 3941 1381 4022 erat
1400 3941 1679 4028 Abraham.
1709 3976 1857 4041 Vide,
1890 3980 1989 4033 hac
2017 3982 2086 4037 de

499 4049 582 4100 re,
610 4041 874 4103 eruditam
899 4047 1331 4113 dissertationem
1355 4060 1608 4119 Ludovici
1632 4067 1865 4138 Cappelli
1883 4112 1897 4136 ,
1922 4089 2080 4141 quam

497 4126 769 4200 inscripsit
795 4146 993 4213 Νσκρῶν
1016 4146 1119 4198 Βίου
1143 4186 1157 4210 ,
1192 4148 1329 4204 inter
1356 4166 1516 4221 opera
1547 4156 1663 4225 ejus
1694 4126 2080 4220 Ainsteloilami

570 4309 699 4381 Cap.
726 4316 756 4368 7
776 4361 789 4386 ,
823 4318 849 4390 §
878 4320 963 4375 16.
995 4325 1223 4383 Antistiti
1252 4343 1339 4385 tuo
1369 4352 1459 4402 per
1477 4339 1639 4391 visum
1668 4345 1947 4412 aperuisti,
1976 4366 2077 4417 quo

491 4403 604 4458 loco
631 4406 842 4464 laterent
881 4427 1165 4486 martyrum
1212 4440 1429 4494 corpora
1458 4429 1683 4485 Protasii
1733 4448 1779 4489 et
1810 4436 2069 4507 Gervasii,

643 4502 698 4555 Si
724 4502 837 4560 huic
857 4508 1081 4580 aliasque
1102 4515 1364 4583 ejusmodi
1391 4521 1727 4581 inventiones
1758 4543 2065 4590 sanctorum
2091 4524 2149 4589 Β

486 4591 824 4663 cadaverum,
850 4616 953 4656 non
975 4604 1202 4663 fuissent
1229 4614 1528 4680 conjunctae
1560 4633 1679 4674 cum
1705 4623 2067 4692 ingentilucro

483 4697 547 4737 ac
571 4687 934 4747 emolumento
960 4711 1146 4751 eorum
1188 4702 1277 4767 qui
1305 4719 1365 4756 ea
1395 4707 1693 4765 effoderunt
1712 4754 1725 4776 ,
1751 4720 1901 4771 multi
1925 4760 1939 4783 ,
1973 4725 2062 4792 qui

480 4775 789 4835 callidorum
820 4782 1094 4842 hominum
1128 4792 1375 4860 ligmenta
1399 4796 1511 4851 haec
1535 4802 1757 4859 credunt
1787 4809 1852 4861 ad
1881 4775 2063 4879 plebe:

478 4867 651 4924 cuiam
698 4872 748 4925 in
782 4876 961 4933 ofﬁcio
990 4882 1404 4955 continendam,
1445 4891 1603 4947 [idem
1634 4898 1711 4952 eis
1751 4916 1857 4956 non
1902 4905 2060 4964 facile

475 4958 838 5022 detraherent.
864 4970 989 5025 Haec
1006 4973 1263 5043 inventio,
1287 4984 1518 5052 exempli
1534 5000 1715 5055 causa,
1734 5008 1841 5049 non
1869 5013 2055 5064 parum

471 5052 621 5107 auxit
687 5059 1135 5120 existimationem
1207 5074 1686 5148 auctoritatemque
1751 5087 2048 5160 Ambrosii;

471 5146 897 5217 quandoquidem
926 5170 988 5209 ea
1016 5156 1238 5216 Justinae
1288 5168 1540 5239 principis
1572 5177 1782 5234 Arianae.
1808 5184 2047 5255 animus,

465 5244 525 5290 ut
557 5240 716 5295 habet
746 5254 957 5313 noster,
989 5252 1084 5303 etsi
1124 5255 1192 5308 ad
1226 5259 1466 5315 credendi
1508 5270 1779 5324 sanitatem
1810 5292 1910 5329 non
1935 5296 2051 5332 am-

462 5326 653 5395 pliatus
676 5370 691 5395 ,
741 5348 774 5385 a
820 5344 1157 5408 persequendi
1193 5356 1360 5403 tamen
1391 5354 1568 5422 furore
1601 5376 1917 5433 compressus
1945 5378 2038 5425 est.

460 5416 578 5473 Duo
606 5430 861 5488 pmterea
898 5427 985 5483 hic
1010 5432 1184 5490 obiter
1212 5416 1485 5501 observari
1518 5416 1757 5518 possum.
1793 5458 2038 5515 Alterum

459 5520 563 5576 est,
595 5512 948 5582 Augustinum
975 5524 1061 5579 hic
1077 5536 1132 5582 et
1157 5532 1225 5586 de
1249 5534 1410 5591 Civit.
1437 5512 1533 5595 Dei
1554 5542 1647 5599 lib.
1679 5563 1815 5616 xxn,
1840 5512 2043 5623 ca'pi8i,

1800 5602 1814 5616 ν
1848 5602 1864 5605 '
1906 5602 1955 5620 r'
1983 5602 2027 5623 ν1

453 5602 635 5659 dicere
662 5624 752 5675 per
774 5612 933 5667 visum
956 5619 1189 5675 revelata
1210 5639 1328 5681 esse
1346 5628 1457 5686 haec
1478 5649 1701 5704 corpora
1724 5642 2027 5715 Ambrosio,

463 5694 488 5715 Δ
506 5709 549 5715 ...ι
562 5695 586 5715 Ι-
597 5711 619 5715 .-
634 5712 646 5715 Α
664 5712 677 5715 -
691 5700 701 5709 ·
1005 5711 1017 5715 ⁸

451 5694 796 5757 Ambrosium
843 5721 971 5767 vero
1001 5711 1174 5783 ipsum
1206 5717 1274 5775 de
1302 5721 1403 5778 hoc
1449 5694 1605 5794 plane
1639 5694 2031 5810 tacerevept22’

1450 5872 1493 5935 ῖς

2273 489 2348 543 ita
2385 494 2721 551 Ambrosium
2755 514 2867 554 rem
2898 501 3223 571 describere,
3254 519 3309 562 ut
3338 521 3665 581 narrationem
3687 548 3769 589 sus.

2268 595 2474 651 pectam
2507 590 2693 644 reddat
2718 609 2730 644 :
2764 591 3055 651 Invenimus
3084 640 3099 663 ,
3130 599 3333 669 inquit,
3364 609 3499 664 mirae
3518 624 3768 689 magniludi.

2266 677 2490 733 nisviros
2520 681 2646 735 duos
2666 725 2681 749 ,
2710 695 2762 736 ut
2787 688 2955 754 prisca
2985 699 3109 743 aetas
3138 694 3341 759 ferebat.
3379 700 3499 766 Quae
3519 724 3630 763 vero
3650 723 3768 774 tetas?

2265 766 2592 836 lleroieane,
2651 786 2933 847 postquam
2984 780 3228 837 homines
3279 788 3573 853 decrescere
3629 819 3765 874 ccepe-

2263 862 2426 913 runt?
2460 861 2593 915 Nam
2624 884 2783 936 genus
2828 873 2921 925 hoc
2951 874 3057 927 vivo
3088 879 3205 947 jam
3235 880 3533 940 decrescebat
3570 891 3767 955 Homero.

2258 952 2339 1003 An
2360 953 2518 1008 etiam
2544 959 2712 1014 tribus
2743 965 2951 1019 saeculis
2977 1008 2992 1033 ,
3022 983 3141 1036 quae
3168 984 3196 1022 a
3220 971 3426 1029 Christo
3449 987 3634 1037 natoad
3659 986 3767 1045 Con.

2256 1048 2474 1101 stantini
2522 1059 2760 1120 tempora
2794 1056 3083 1125 ﬂuxerunt,
3109 1063 3407 1131 grandioris
3435 1084 3577 1130 erant
3599 1088 3766 1142 statum

2255 1135 2500 1195 homines
2548 1158 2705 1211 quam
2747 1160 2938 1216 quarto
2979 1162 3069 1205 aut
3115 1156 3300 1223 quinto
3348 1165 3579 1221 saeculo?
3607 1172 3671 1225 An
3699 1192 3765 1231 au.

2251 1230 2456 1296 gustior
2484 1247 2600 1290 erat
2629 1246 2829 1295 statura
2862 1254 3156 1315 martyrum
3188 1266 3343 1318 quam
3374 1255 3606 1327 aliorum,
3630 1268 3695 1319 Vel
3720 1286 3764 1324 an

2252 1322 2421 1390 major
2450 1325 2610 1381 ﬁebat
2634 1340 2753 1399 post
2779 1340 3042 1390 mortem?
3064 1339 3229 1395 Nemo
3253 1384 3267 1407 ,
3299 1356 3357 1400 ut
3382 1351 3581 1418 opinor,
3609 1362 3764 1420 credet.

2250 1412 2353 1470 Sed
2387 1416 2499 1487 lege
2526 1431 2741 1487 caetera,
2773 1426 2861 1480 ubi
2891 1433 3018 1484 torti
3041 1432 3262 1501 diaboli,
3286 1452 3384 1511 ope.
3417 1412 3594 1500 horum
3616 1412 3764 1525 mari):

2246 1521 2386 1571 rum,
2419 1512 2648 1568 Arianos
2678 1521 3131 1585 opportunissime
3158 1526 3437 1596 damnant;
3471 1550 3564 1589 nec
3588 1544 3763 1609 amplius

2244 1598 2526 1655 miraberis
2573 1619 2691 1659 esse
2750 1610 2839 1676 qui
2892 1622 3209 1684 stratagema
3262 1618 3363 1674 hoc
3414 1624 3759 1689 Ambrosianum

2241 1690 2404 1747 fuisse
2442 1708 2728 1765 censeant,
2770 1717 2877 1771 quo
2909 1706 3116 1773 plebem
3149 1710 3250 1767 sibi
3290 1711 3581 1775 devinciret
3605 1763 3617 1786 ,
3645 1722 3758 1779 iuni.

2160 1775 2210 1841 Β
2243 1798 2469 1853 namque
2499 1800 2550 1841 et
2582 1792 2808 1848 Arianos
2840 1800 3303 1869 perterrefaceret,
3338 1811 3685 1876 excogitatum.

2307 1876 2437 1945 Cap.
2472 1881 2531 1942 8.
2571 1882 2597 1951 §
2629 1885 2714 1939 17.
2748 1885 2914 1959 Agens
2945 1890 2998 1943 in
3028 1893 3174 1947 rebus
3205 1897 3485 1973 militaret.]
3510 1902 3630 1958 Vide
3654 1906 3755 1961 dicta

2236 1968 2301 2023 ad
2334 1970 2429 2024 lib.
2455 1988 2570 2039 vni,
2604 1992 2723 2043 cap.
2750 1978 2801 2041 6,
2838 1982 2863 2051 §
2897 1982 2983 2036 15.

2293 2056 2463 2123 -lbid.,
2498 2061 2524 2131 §
2553 2064 2638 2118 l8.
2670 2063 2773 2120 Per
2798 2068 3029 2125 homines
3049 2078 3395 2152 prwpositos.]
3422 2081 3528 2137 Hoc
3547 2095 3640 2150 est,
3664 2102 3760 2155 quos

2234 2150 2325 2204 tibi
2355 2158 2610 2245 prceponis
2630 2199 2644 2222 ,
2675 2168 2731 2213 ut
2784 2173 2903 2229 post
2943 2180 3035 2221 eos
3060 2168 3225 2224 veluti
3260 2150 3423 2227 lateas
3448 2215 3465 2241 ,
3497 2191 3554 2231 ac
3592 2192 3673 2246 per
3695 2195 3759 2234 eos

2231 2246 2439 2300 occulte
2491 2233 2636 2319 agas.
2672 2252 2817 2307 Nihil
2872 2272 3000 2326 ergo
3047 2263 3383 2320 mutandum.
3429 2264 3666 2327 Caeterum
3699 2270 3758 2325 hic

2229 2337 2582 2412 Augustinus,
2620 2361 2753 2401 vere
2772 2390 2784 2413 ,
2806 2351 2950 2419 quod
2979 2353 3149 2423 aiunt,
3174 2356 3366 2413 ﬂuctus
3390 2358 3443 2417 in
3469 2362 3673 2432 simpulo
3692 2380 3758 2419 ex-

2226 2429 2373 2483 citat.

2296 2518 2427 2590 Cap.
2462 2524 2547 2591 10,
2582 2526 2608 2597 §
2642 2529 2729 2583 25.
2766 2530 3062 2589 Phantasiw
3086 2544 3253 2603 terrae,
3288 2540 3419 2615 etc.]
3450 2542 3553 2597 Hoc
3576 2553 3644 2599 est
3667 2559 3756 2613 spe-

2222 2609 2334 2665 cies
2360 2616 3157 2692 omnium’rerumterrestrium,
3189 2646 3311 2698 quae
3336 2647 3455 2687 sese
3481 2634 3640 2689 animo
3656 2651 3753 2690 nos-

2222 2708 2304 2756 tro
2322 2704 2628 2762 otl'ert.Lib.
2654 2726 2730 2778 Ill,
2757 2727 2873 2782 cap.
2900 2716 2950 2780 6,
2976 2717 3000 2787 §
3026 2720 3111 2773 10.
3139 2721 3212 2775 De
3237 2723 3305 2777 iis
3323 2724 3588 2780 Lucretius
3604 2727 3676 2782 lib.
3694 2743 3750 2782 tv.

2290 2793 2425 2851 Ibid.
2459 2797 2699 2854 Sonitum
2724 2805 2916 2877 nubis]
2949 2809 3060 2866 Hoc
3081 2822 3164 2866 est
3196 2828 3383 2870 vocem
3415 2832 3445 2871 e
3473 2818 3602 2873 nube
3619 2820 3749 2873 emis-

2215 2897 2359 2949 sam,
2390 2892 2599 2956 qualem
2628 2894 2830 2948 audivit
2862 2899 3055 2954 Moses.

2284 2974 2440 3041 lbid.,
2478 2979 2503 3049 §
2530 2981 2618 3036 26.
2651 2984 2862 3040 Servum
2892 2993 3003 3061 ejus
3032 2995 3281 3068 videam.|
3313 2991 3425 3054 Hoc
3454 3009 3532 3055 est
3552 3002 3747 3056 caelibem

2214 3065 2376 3119 vitam
2418 3083 2577 3137 agere
2606 3088 2935 3143 aggressum.
2969 3082 3055 3137 Sic
3096 3089 3297 3152 passim
3330 3091 3636 3162 Augustinus
3659 3094 3750 3148 κατ’

2128 3150 2185 3225 ϐ
2210 3156 2396 3228 ἐξοχὴν
2427 3159 2678 3217 Ecclesiae
2718 3170 2995 3226 ministros
3023 3192 3189 3245 servos
3222 3180 3321 3235 Dei
3351 3193 3521 3248 vocat,
3549 3195 3600 3239 ut
3625 3198 3750 3253 supra

2211 3258 2432 3302 vocatur
2460 3251 2698 3307 Monnica
2733 3275 2874 3311 serva
2900 3278 3158 3319 servorum
3186 3270 3301 3336 Dei,
3337 3272 3363 3342 §
3398 3274 3486 3327 22.

2278 3337 2405 3403 Cap.
2425 3341 2512 3404 1'2,
2537 3342 2856 3411 §5'2.Visum
2879 3352 3031 3406 etiam
3060 3358 3185 3411 mihi
3210 3371 3292 3413 est
3317 3337 3373 3415 ut
3398 3364 3519 3417 irem
3541 3365 3747 3425 lavatum,

2204 3428 2339 3493 quod
2364 3432 2626 3486 audierant
2656 3437 2772 3490 inde
2800 3440 2989 3497 balneis
3006 3463 3181 3501 nomen
3202 3451 3423 3505 inditum
3440 3497 3455 3521 ,
3478 3456 3589 3525 quia
3616 3452 3751 3508 Cruci

2201 3519 2463 3587 βαλακεῖον
2494 3524 2750 3592 dixerint,
2785 3535 2918 3596 quod
2951 3539 3258 3593 anxietatem
3310 3543 3467 3612 pellat
3500 3560 3559 3597 ea:
3589 3545 3746 3596 animo.

2199 3607 2290 3663 Sic
2313 3627 2490 3666 revera
2523 3613 2714 3686 Graeci,
2744 3636 3043 3693 quanquam
3066 3631 3299 3687 absurda
3334 3635 3446 3691 haec
3473 3645 3553 3690 est
3574 3645 3747 3705 etymo-

2198 3698 2355 3768 logia.
2420 3706 2660 3774 Scriptor
2724 3712 3072 3786 Etymologici
3122 3728 3299 3791 magni
3359 3744 3373 3779 :
3420 3728 3661 3782 Βαλανεῑον
3702 3728 3746 3781 τὸ

2194 3790 2403 3866 λουτρόν
2419 3809 2434 3825 ⁹
2462 3802 2590 3859 τινὲς
2607 3799 2660 3855 δέ
2686 3803 2887 3874 λέγουσι
2913 3814 3058 3885 παρὰ
3088 3813 3143 3867 τὸ
3168 3816 3470 3874 ἀποϐάλλειν
3494 3822 3581 3880 τὰς
3600 3820 3744 3876 ἁνίκ’

2195 3889 2278 3938 καὶ
2299 3884 2524 3964 Ὅμηρος
2553 3900 2964 3973 παρετυμολογεῖ
2988 3884 3141 3976 λέγων
3160 3925 3171 3936 ·

2692 4040 2693 4043 ‘
2750 4022 2844 4106 ’ἀρ’
2868 4027 2920 4078 ἐκ
2947 4029 3187 4106 τρεῖςοᾷος
3216 4037 3479 4106 μεγά).οιθ“²

2328 4079 2493 4157 Ὀφρα
2522 4109 2605 4157 μοι
2626 4090 2677 4143 ἐκ
2706 4079 2927 4157 κάμίαι-ον
2952 4079 3254 4180 θδμόφθοροᾟ
3285 4079 3440 4162 ἔθετο
3467 4113 3631 4182 γυίων.

2260 4202 2330 4251 Οὐ
2361 4203 2568 4273 λέγουσι
2593 4206 2645 4261 δὲ
2672 4212 2852 4275 καλῶς,
2886 4218 2929 4269 εἰ
2954 4220 3049 4290 γὰρ
3072 4218 3127 4279 ἧι
3155 4225 3207 4276 ἐκ
3226 4231 3435 4291 τούτου,
3461 4230 3621 4303 ὤφειλε
3639 4232 3742 4305 γρά-

2186 4292 2363 4360 φεσθαι
2402 4291 2483 4347 διὰ
2516 4306 2586 4366 τῷ
2623 4298 2658 4350 Ι.
2691 4302 2797 4355 ἀλλ’
2824 4304 2962 4361 ἔστιν
2998 4314 3151 4366 εἰπεῖν
3183 4314 3260 4370 ὅτι
3292 4322 3394 4373 ἀπὸ
3428 4330 3521 4375 τῶν
3544 4322 3743 4393 βαλάνων

2213 4372 2235 4393 ,,
2476 4387 2488 4393 ,
2574 4390 2581 4393 .

2184 4372 2402 4453 εἴρηται.
2442 4387 2488 4439 οἱ
2526 4390 2621 4461 γὰρ
2652 4393 2867 4466 ἀρχαῖοι
2897 4400 3141 4467 ⁸ξαλοὶνοικ-
3171 4402 3317 4477 εἶχον
3350 4409 3463 4472 ἔθος
3496 4413 3738 4467 ὑποκαίειν.

2180 4476 2325 4548 παρὰ
2368 4480 2425 4529 τὸ
2460 4481 2552 4538 τὰς
2590 4482 2840 4549 βαλάνους
2876 4489 3034 4553 αὔειν,
3068 4500 3310 4555 τουτέστι
3339 4503 3430 4562 τὰς
3456 4501 3593 4578 δρῦς.
3630 4505 3741 4556 οὕτω

2171 4567 2270 4643 γὰρ
2302 4570 2567 4627 καλοῦνται
2600 4578 2651 4628 αἱ
2688 4577 2841 4649 δρῦς,
2876 4588 2961 4637 καὶ
2988 4584 3104 4641 ἄλλο
3134 4612 3183 4645 τι
3210 4594 3383 4662 φυτόν.
3414 4595 3740 4669 Ἐπαφρόδιτθς

2170 4658 2227 4714 δέ
2257 4665 2398 4737 παρὰ
2424 4666 2479 4717 τὸ
2509 4666 2617 4720 adeo
2646 4673 2703 4725 τὸ
2733 4684 2976 4744 σημαῖνον
3002 4682 3057 4736 τὸ
3077 4687 3200 4743 statim
3225 4715 3293 4729 -—
3316 4690 3399 4743 ἵνα
3430 4694 3639 4760 μήποθεν
3662 4687 3737 4742 ἅλ’

2172 4749 2309 4803 λοθεν
2351 4752 2484 4808 αὔοι.
2534 4759 2600 4810 At
2648 4762 2761 4814 haec
2813 4770 2988 4821 omnia
3024 4786 3184 4826 merae
3224 4788 3348 4831 sunt
3394 4780 3735 4835 Cratculorum

2171 4857 2346 4909 nugae,
2398 4848 2587 4914 quibus
2632 4852 2960 4922 Augustinus
3005 4877 3255 4921 assensus
3312 4886 3418 4925 non
3462 4872 3662 4934 fuisset.
3697 4867 3734 4919 si

2167 4936 2575 5004 etymologicam
2624 4954 2791 4997 artem
2844 4951 3135 5032 calluisset.
3180 4961 3439 5018 Βαλανεῐον
3494 4962 3731 5032 originem

2170 5024 2319 5078 ducit
2350 5042 2376 5079 a
2412 5044 2541 5083 voce
2573 5023 2954 5099 llebraicabb:
2983 5043 3140 5098 ballal
3162 5090 3175 5111 ,
3202 5065 3317 5119 quae
3352 5023 3609 5121 significat
3635 5068 3732 5119 per-

2168 5117 2320 5183 fundi
2351 5122 2486 5185 psal.
2524 5138 2650 5187 xcu,
2688 5129 2775 5195 11,
2804 5141 2856 5209 et
2881 5134 3020 5188 unde
3047 5122 3193 5199 nnb:
3219 5117 3490 5209 bulla/tali,
3535 5117 3726 5198 nebula.

2168 5206 2259 5261 Sic.
2286 5222 2340 5263 et
2366 5212 2503 5278 apud
2536 5218 2735 5272 Arabas
2776 5205 2884 5281 Γιθὲ
2914 5227 3177 5295 significat
3200 5232 3431 5304 irrigari,
3463 5205 3723 5301 made/ieri-

2238 5300 2369 5369 Cap.
2396 5305 2462 5357 13
2486 5346 2502 5369 ,
2539 5307 2565 5376 §
2593 5309 2682 5363 55.
2715 5311 2872 5367 Nunc
2897 5334 2988 5386 pro
3031 5325 3248 5387 peccatis
3277 5300 3455 5381 matris
3501 5343 3618 5382 mea?
3645 5329 3726 5380 ἄρα

2160 5409 2343 5463 precor
2369 5406 2433 5461 te,
2461 5399 2590 5472 etc.]
2615 5402 2833 5471 Species
2864 5408 2999 5465 forte
3032 5414 3241 5480 pietatis
3269 5421 3446 5491 aliqua
3470 5421 3551 5475 hic
3578 5421 3720 5485 inest.

2162 5491 2218 5535 at
2266 5500 2326 5538 ea
2371 5482 2704 5546 consuetudo
2755 5512 2851 5552 nec
2884 5501 3088 5557 ratione
3114 5507 3216 5560 ulla
3245 5550 3260 5573 ,
3295 5526 3393 5566 nec
3418 5514 3720 5573 revelatione

2158 5573 2361 5629 nititur.
2397 5578 2531 5635 Vide
2581 5583 2771 5641 librum
2816 5589 2881 5644 de
2925 5607 3051 5648 cura
3099 5602 3329 5669 gerenda
3375 5619 3474 5674 pro
3515 5603 3717 5660 mortuis

2151 5671 2299 5719 torno
2324 5666 2409 5720 Vl.

2223 5757 2383 5815 Ltauo
2416 5777 2468 5818 χ.
2502 5764 2630 5837 Cap.
2663 5768 2721 5830 3.
2767 5770 2904 5841 Quid
2945 5777 3074 5834 nti/ti
3106 5793 3179 5838 est
3216 5802 3334 5859 ergo
3364 5804 3479 5862 cum
3506 5785 3711 5852 homini-
