3954 6364
214 435 308 491 illi

877 438 1232 498 VARIORUM
1272 439 1864 497 EXERCITATIONES
1903 440 1968 495 ΙΝ
2009 443 2065 499 S.
2108 445 2475 502 AUGUSTINI
2517 448 2765 504 OPEHA.

3362 450 3468 502 214

215 545 316 608 bus,
355 554 411 598 ut
450 545 662 599 audiant
690 548 1030 618 confessiones
1054 568 1190 605 meas
1217 593 1232 618 ,
1262 550 1393 623 ctc.]
1420 552 1640 607 Videtur
1670 554 1783 608 hinc
1812 555 1864 615 Α
1892 566 2048 609 acuto
2075 555 2276 612 homini
2304 559 2358 613 in
2392 571 2618 616 mentem
2664 578 2767 617 non
2800 564 3032 628 venisse,
3066 564 3179 619 fore
3205 575 3259 619 ut
3293 567 3467 621 Dona-

212 635 485 703 scripsisse
508 640 855 707 Augustinus,
886 656 991 694 non
1023 651 1226 696 tantum
1260 653 1379 713 post
1405 643 1655 714 scriptos,
1686 644 1783 699 sed

211 729 362 784 etiam
393 740 513 798 post
540 731 713 787 editos
743 733 950 801 priores
978 735 1142 790 libros
1174 735 1615 801 Confessionum;
1649 751 1786 805 quos

210 818 354 873 avide
375 820 627 875 videntur
655 824 922 880 lectitasse
949 827 982 880 ii
1007 828 1197 896 quibus
1220 838 1377 883 notus
1401 839 1512 883 erat
1530 870 1544 894 ,
1577 837 1630 885 et
1652 844 1785 898 quo-

208 925 316 963 rum
373 910 651 967 hominum
706 917 943 971 nonnulli
1001 920 1351 987 Augustinum
1390 928 1562 974 semet
1608 921 1784 990 ipsum

207 1004 507 1060 accuratius
545 1006 849 1063 describere
863 1011 1140 1079 optabant.
1164 1012 1405 1081 Suntqui
1422 1014 1776 1081 suspicentur,

205 1108 318 1149 cum
348 1098 518 1152 multa
546 1100 872 1169 Augustino,
904 1101 975 1156 ob
1017 1105 1246 1172 priorem
1280 1106 1461 1170 vitam,
1496 1106 1562 1159 ab
1589 1107 1782 1160 adverc

200 1187 389 1253 seriis,
436 1204 571 1257 quos
621 1207 725 1245 non
757 1207 954 1261 paucos
986 1194 1209 1260 habuit,
1236 1196 1625 1264 objicerentur,
1661 1211 1784 1254 eum

198 1279 580 1336 Confessiones
597 1282 757 1337 hasce
772 1286 1086 1355 scripsisse;
1105 1279 1257 1355 quasi
1282 1289 1576 1356 apologiam
1599 1304 1781 1357 quam-

198 1369 319 1423 dam
375 1371 734 1441 obliquiorem
768 1414 784 1439 ,
832 1376 887 1429 in
948 1392 1051 1445 qua
1102 1378 1376 1445 fateretur,
1426 1380 1591 1434 veluti
1642 1380 1782 1449 apud

199 1461 370 1517 Deum
395 1503 411 1528 ,
434 1464 579 1533 quod
620 1480 817 1535 negare
846 1483 951 1521 non
983 1478 1219 1539 poterat;
1254 1479 1449 1525 caetera
1481 1487 1608 1525 vero
1638 1488 1784 1543 prae-

208 1556 526 1608 termitteret
550 1565 644 1609 aut
670 1558 958 1623 emolliret,
990 1569 1045 1613 et
1065 1575 1396 1630 quacunque
1423 1562 1487 1616 ad
1522 1563 1783 1618 honorem

213 1660 371 1700 suum
416 1647 644 1703 facerent
675 1651 829 1718 quasi
866 1651 1011 1705 aliud
1041 1667 1205 1723 agens
1255 1664 1620 1724 exaggeraret.
1654 1657 1784 1721 Qua:

208 1739 558 1805 suspiciones,
590 1742 831 1809 quamvis
861 1742 996 1797 forte
1030 1746 1324 1813 iniquiores
1350 1757 1493 1809 sunt,
1524 1764 1589 1801 ex
1618 1748 1786 1802 inusi-

200 1836 307 1881 tata
338 1840 517 1884 tamen
566 1844 857 1889 nascuntur
900 1836 1109 1891 ratione
1144 1853 1247 1907 qua
1294 1840 1616 1907 Augustinus
1659 1855 1784 1895 cum

1891 647 2048 714 tistm,
2076 649 2369 717 Manicbtci,
2401 653 2591 723 aliique
2618 656 2732 724 ejus
2754 656 3047 711 adversarii
3076 650 3317 713 dicerent
3344 672 3468 712 eum

1886 754 1993 794 non
2018 740 2300 809 diSplicere
2329 744 2427 797 sibi
2457 784 2472 810 ,
2502 747 2591 814 qui
2641 748 2820 800 tandiu
2854 764 2956 802 non
2983 759 3088 803 tam
3121 750 3259 817 apud
3295 750 3464 803 Deum

1888 838 2043 901 quam
2072 837 2211 905 apud
2244 837 2486 890 homines
2511 879 2523 899 ,
2558 838 2623 892 de
2657 853 2713 893 se
2743 848 2795 893 et
2822 840 2930 893 suis
2955 841 3228 910 loquatur,
3255 849 3308 895 et
3338 840 3466 894 dum

1889 926 2067 994 gravia
2098 940 2312 996 peccata
2331 970 2347 995 ,
2377 944 2495 998 qua:
2524 930 2706 997 negari
2732 946 2835 984 non
2863 942 3145 999 poterant,
3170 940 3260 987 aut
3289 932 3469 986 minu-

1891 1017 2027 1070 tiora
2053 1019 2335 1074 ambitiose
2367 1022 2705 1091 proloquitnr
2730 1061 2744 1085 ,
2775 1023 2957 1077 laudes
2986 1039 3109 1078 suas
3137 1025 3340 1079 interea
3369 1025 3470 1077 mi-

1888 1110 2032 1164 nime
2059 1112 2275 1165 omittit.
2306 1111 2468 1166 Miror
2491 1113 2647 1166 etiam
2671 1129 2792 1169 eum
2824 1114 3047 1168 veritum
3074 1132 3178 1169 non
3212 1131 3353 1178 esse,
3397 1130 3469 1171 ne

1890 1201 2048 1256 iidem
2071 1202 2362 1257 adversarii
2388 1205 2474 1259 hic
2502 1206 2869 1260 desiderarent
2896 1206 3257 1262 confessiones
3283 1223 3469 1263 eorum

1889 1310 2008 1362 quae
2039 1296 2360 1363 baptismum
2390 1298 2507 1365 ejus
2526 1311 2708 1352 secuta
2738 1308 2891 1365 sunt,
2921 1309 3113 1369 etquae
3142 1301 3193 1354 in
3219 1303 3333 1369 ejus
3364 1301 3471 1356 vita

1890 1385 2175 1440 habentur.
2203 1387 2408 1456 Maligni
2436 1388 2680 1445 homines
2698 1389 2852 1445 facile
2876 1393 3055 1446 dicere
3074 1402 3339 1461 poterant,
3363 1410 3472 1449 non

1888 1492 2009 1532 esse
2035 1494 2202 1549 usque
2232 1481 2366 1535 adeo
2394 1483 2585 1535 mirum
2628 1499 2747 1537 eum
2787 1484 3104 1539 valedixisse
3133 1487 3253 1542 .arti
3290 1487 3471 1541 rheto-

1888 1571 2045 1637 ricae,
2076 1573 2215 1626 inter
2238 1588 2430 1639 pueros
2454 1574 2730 1642 docendae,
2754 1577 2967 1643 exiguis
2993 1593 3113 1631 cum
3141 1579 3472 1632 emolumen-

1891 1663 1958 1715 tis
1983 1672 2036 1716 et
2064 1663 2206 1716 tenui
2231 1663 2468 1729 honore;
2505 1675 2562 1719 ut
2585 1681 2724 1734 eam,
2758 1667 2810 1720 in
2836 1667 3005 1721 multo
3034 1668 3295 1736 ampliore
3321 1670 3471 1723 thea-

1888 1762 1975 1808 tro
1998 1744 2096 1820 ,et
2128 1757 2293 1811 multo
2327 1756 2652 1812 fructuosius
2687 1767 2996 1823 exerceret;
3032 1760 3083 1813 in
3130 1760 3362 1814 Ecclesia
3390 1760 3472 1814 ni-

1891 1847 2106 1911 mirum,
2136 1860 2473 1904 sacrosancta
2494 1850 2813 1905 auctoritate
2831 1850 3139 1915 instructus,
3165 1861 3217 1906 et
3236 1852 3288 1904 in
3318 1855 3471 1921 cujus

189 1917 303 1971 Deo
346 1923 521 1989 garrit
567 1932 729 1993 atque
766 1935 1043 1994 argutatur
1070 1966 1083 1991 ,
1120 1929 1497 1997 rhetoricoque
1528 1931 1647 1983 fuco
1674 1946 1780 1999 quo
1810 1931 1860 1992 Β
1888 1937 2351 1996 administratione
2373 1942 2676 2011 eloquentia
2695 1957 2789 1996 sua
2817 1957 3034 2008 magnas
3063 1943 3244 1996 laudes
3263 1917 3468 2012 p0puli,

191 2019 350 2087 pictae
378 2033 506 2075 sunt
545 2022 628 2075 ha:
657 2023 1053 2080 Confessiones.
1089 2025 1223 2079 Dum
1255 2026 1437 2081 tandiu
1463 2028 1530 2082 de
1557 2044 1614 2081 se
1641 2029 1781 2098 apud

190 2108 387 2175 Deum,
419 2110 531 2165 imo
549 2113 689 2181 apud
713 2113 979 2181 homines,
996 2116 1248 2186 loquitur,
1265 2127 1317 2172 et
1339 2126 1443 2171 tam
1469 2120 1631 2172 multa
1661 2135 1782 2188 per-

193 2203 378 2271 exigui
404 2207 699 2270 momenti,
731 2208 963 2265 ad.alios
987 2210 1199 2279 quidem
1230 2213 1370 2281 quod
1412 2214 1621 2280 attinet,
1654 2230 1781 2269 nar-

200 2304 317 2357 rat,
350 2310 511 2349 nemo
539 2308 624 2351 est
669 2300 756 2367 qui
790 2315 892 2353 non
922 2310 1125 2369 quierat
1150 2343 1165 2368 ,
1198 2300 1331 2370 Cui,
1364 2305 1537 2357 bono?
1579 2316 1631 2359 et
1656 2316 1782 2361 sunt

203 2389 349 2442 multi
380 2390 663 2457 proniores
693 2392 757 2445 ad
804 2396 941 2448 male
966 2395 1313 2465 judicandum
1339 2440 1354 2464 ,
1399 2399 1487 2466 qui
1518 2400 1783 2472 φιλαυτίαν

205 2483 497 2547 ingentem,
525 2484 794 2553 religionis
825 2488 1001 2555 specie
1035 2498 1248 2553 tectam,
1275 2491 1360 2546 hic
1391 2494 1574 2549 videre
1600 2509 1656 2549 se
1685 2510 1782 2562 pu-

206 2583 334 2626 tant.
367 2574 469 2629 Sed
498 2586 716 2644 praestat
740 2579 899 2632 nimis
930 2581 1266 2651 indulgentes
1298 2599 1394 2638 nos
1424 2600 1543 2641 esse
1570 2627 1583 2652 ,
1617 2602 1777 2655 quam

206 2666 361 2718 nimis
386 2680 630 2731 severos;
670 2668 718 2721 si
747 2668 907 2722 modo
936 2673 1341 2729 meminerimus
1371 2676 1423 2729 in
1450 2677 1739 2745 Evangelio
1760 2720 1777 2745 ,

205 2755 419 2823 ejusque
445 2765 664 2812 auctore
697 2756 952 2825 Christo,
1003 2765 1344 2831 querendam
1395 2780 1517 2821 esse
1566 2768 1781 2823 vivendi

206 2862 474 2914 normam,
501 2865 610 2903 non
634 2850 689 2904 in
720 2851 1054 2920 hominibus;
1077 2857 1167 2925 qui
1198 2866 1251 2911 et
1277 2856 1377 2927 ipsi
1409 2860 1476 2913 ad
1505 2875 1623 2914 eam
1654 2870 1780 2916 sunt

206 2940 468 3007 exigendi,
490 2955 597 2995 nec
623 2942 918 2997 imitatione
932 2960 1166 3014 unquam
1186 2947 1495 3018 efﬁngendi,
1522 2951 1623 3006 nisi
1649 2967 1782 3022 qua-

206 3040 359 3084 tenus
372 3041 431 3086 et
458 3033 558 3101 ipsi
588 3044 710 3091 sunt
733 3034 929 3090 Christi
962 3039 1285 3096 imitatores.

270 3120 399 3188 Cap.
433 3121 579 3192 11ηοὲ
606 3122 693 3179 18.
719 3123 958 3197 Cogenda
979 3145 1158 3183 rursus
1182 3133 1374 3185 adsciri
1396 3136 1607 3201 possint,
1629 3136 1683 3189 id
1707 3146 1782 3191 est

203 3214 339 3265 velut
365 3230 424 3267 ea:
460 3218 683 3281 quadam
714 3220 1028 3288 dispersione
1068 3222 1353 3293 colligenda
1378 3267 1392 3292 ,
1422 3227 1557 3281 unde
1584 3230 1779 3283 dictum

1890 2043 2080 2098 magna
2103 2045 2130 2083 a
2161 2030 2412 2087 divitibus
2440 2048 2663 2088 munera
2685 2032 2887 2087 referre
2908 2032 3063 2088 facile
3083 2043 3309 2102 poterat,
3339 2034 3470 2089 dum

1892 2131 2257 2189 paupertatem
2287 2140 2397 2193 prae
2426 2139 2486 2181 se
2515 2125 2696 2180 ferret.
2722 2126 3227 2181 Commodissimum
3260 2126 3425 2181 fuisse
3449 2166 3465 2191 ,

1888 2212 2004 2267 sine
2051 2229 2243 2284 magno
2267 2217 2448 2272 labore
2476 2218 2676 2273 homini
2702 2219 3004 2288 eloquenti,
3036 2230 3192 2288 prout
3226 2229 3468 2290 tempora

1889 2302 2152 2370 ferebant,
2187 2307 2287 2374 piis
2331 2308 2735 2363 liberalitatibus
2763 2309 2986 2363 aliorum
3010 2312 3318 2365 sustentari.
3350 2310 3468 2365 Non

1888 2396 2134 2464 exiguam
2180 2398 2345 2455 fuisse
2376 2402 2705 2471 voluptatem
2736 2417 2838 2456 non
2870 2407 3013 2456 omni
3044 2404 3337 2473 imperandi
3368 2420 3467 2458 cu-

1887 2488 2107 2557 piditate
2138 2501 2330 2557 exuto,
2356 2493 2562 2561 plebem
2586 2494 2746 2548 veluti
2776 2495 2993 2549 nomine
3014 2494 3107 2548 Dei
3139 2511 3344 2565 regere,
3376 2498 3470 2551 ad—

1888 2592 2164 2657 versantes
2195 2582 2574 2639 Ecclesiastica
2605 2587 2865 2640 societate
2910 2586 3136 2654 ejicere,
3175 2587 3431 2641 damnare
3452 2629 3468 2654 ,

1888 2674 2241 2738 proscribere.
2279 2675 2477 2729 Ducem
2515 2677 2740 2745 partium
2784 2684 2943 2747 agcre
2992 2687 3213 2748 propter
3256 2680 3470 2736 dicendi

1887 2762 2189 2819 facultatem
2207 2806 2220 2828 ,
2254 2777 2308 2821 et
2337 2766 2494 2837 longe
2530 2770 2670 2822 inter
2700 2783 2853 2837 pares
2877 2769 3134 2823 eminere.
3162 2770 3351 2825 Fuisse
3373 2786 3470 2825 cur

1886 2866 1915 2907 a
1946 2854 2059 2909 Deo
2086 2856 2297 2910 veniam
2334 2868 2576 2926 peteret,
2609 2859 2751 2928 quod
2813 2859 3065 2928 loquendi
3106 2860 3366 2915 duntaxat
3394 2862 3469 2915 fa-

1885 2947 2086 3004 cilitate
2116 2950 2403 3005 instructus
2422 2992 2437 3017 ,
2468 2952 2808 3006 tumultuaria
2840 2952 3069 3007 lectione
3096 2953 3383 3024 Scripturre
3413 2955 3467 3009 in

1886 3041 2118 3111 linguam
2148 3044 2386 3097 Latinam
2417 3060 2693 3100 conversa:
2718 3087 2734 3113 ,
2783 3047 2898 3100 sine
2932 3047 3037 3101 ulla
3074 3048 3346 3102 Hebraicaa
3376 3059 3469 3104 aut

1885 3132 2086 3188 Graecae
2137 3135 2332 3204 linguae
2384 3137 2708 3205 cognitione,
2762 3137 3042 3206 presbyter
3081 3148 3135 3192 et
3183 3141 3468 3208 episcopus

1884 3233 2068 3279 contra
2085 3239 2316 3280 canones
2338 3227 2579 3282 Nicsenos
2600 3226 2791 3293 factus,
2823 3230 3160 3297 interpretari
3184 3244 3467 3299 aggressus

201 3312 272 3355 est
316 3306 582 3378 cogitate]
606 3308 749 3381 .Cogo
770 3322 854 3364 est
876 3315 1035 3381 quasi
1077 3329 1234 3384 coago
1259 3357 1274 3382 ,
1300 3327 1361 3370 ut
1387 3320 1623 3373 ostendit
1648 3321 1776 3376 Ger.
1806 3307 1854 3373 C
1885 3326 1967 3369 est
1993 3317 2134 3385 quod
2161 3332 2267 3371 non
2294 3319 2626 3388 intelligebat
2649 3360 2665 3385 ,
2696 3329 2747 3375 et
2778 3328 2855 3373 tot
2885 3320 3156 3374 volumina
3186 3322 3251 3376 de
3285 3322 3468 3391 Scrip-

201 3393 431 3453 Joannes
447 3399 667 3457 Vossius
694 3403 750 3457 in
771 3404 1157 3476 Ebymologico,
1178 3418 1234 3463 et
1254 3413 1492 3482 cogitatio
1520 3424 1603 3468 est
1628 3415 1779 3484 quasi

201 3490 488 3558 coagitatio.
518 3493 746 3550 Fessus:
781 3498 1035 3568 Cogitatio
1060 3503 1195 3556 dicta
1239 3504 1371 3558 relut
1396 3508 1697 3577 coagitatio,
1723 3510 1780 3563 id

199 3590 274 3632 est
294 3624 309 3647 ,
347 3582 743 3654 longasiusdem
779 3593 854 3643 rei
883 3594 1091 3660 agitatio
1116 3594 1170 3648 in
1198 3598 1374 3650 eadem
1413 3616 1557 3652 mora
1580 3602 1780 3655 consilii

198 3672 506 3735 explicandi.
548 3675 683 3733 Vide
711 3690 764 3734 et
807 3680 1100 3737 Varronem
1130 3686 1197 3740 de
1228 3687 1287 3741 L.
1323 3689 1384 3742 L.
1423 3689 1514 3745 lib.
1543 3707 1593 3744 v.
1644 3690 1776 3746 Cum

198 3762 494 3831 Augustino
538 3768 845 3825 addendum
870 3789 981 3828 non
1008 3786 1209 3830 tantum
1250 3795 1372 3834 esse
1407 3783 1772 3851 agitationem,

199 3852 293 3904 sed
348 3856 501 3915 simul
532 3858 764 3926 plurium
788 3878 969 3921 rerum
1012 3867 1349 3924 collationem
1372 3910 1386 3935 ,
1425 3889 1542 3941 quae
1572 3883 1657 3929 est
1696 3875 1778 3930 vis

202 3949 585 4013 praepositionis
614 3968 749 4015 cum,
780 3971 843 4009 ex
869 3971 975 4025 quo
1001 3960 1386 4027 inseparabiles
1415 3978 1511 4017 con
1535 3974 1589 4020 et
1617 3982 1699 4021 co.

273 4034 401 4106 Cap.
429 4041 517 4106 51,
549 4040 576 4110 §
602 4044 692 4099 47.
725 4043 961 4101 Ebrietas
978 4048 1134 4119 longe
1159 4061 1233 4104 est
1258 4068 1291 4105 a
1310 4069 1408 4119 me,
1440 4057 1654 4125 crapula
1681 4074 1778 4112 au-

209 4133 303 4215 tem
334 4144 685 4198 nonnunquam
712 4136 940 4205 subuenit
966 4155 1110 4194 servo
1131 4140 1264 4211 tum]
1286 4144 1401 4198 Non
1429 4148 1775 4215 eratquidem

215 4213 466 4285 ebriosus,
499 4221 569 4277 ita
596 4235 655 4279 ut
686 4225 809 4279 vino
829 4238 977 4287 esset
996 4229 1231 4297 deditus,
1256 4236 1355 4288 sed
1381 4213 1666 4304 aliquando
1697 4248 1779 4294 ta-

214 4319 328 4361 men
356 4313 478 4369 satis
520 4315 629 4368 vini
659 4316 914 4383 bibebat,
950 4332 1004 4375 ut
1024 4332 1240 4391 crapula
1272 4327 1321 4379 ei
1351 4338 1497 4383 esset
1526 4330 1773 4384 molesta.

217 4394 334 4463 Nam
362 4404 566 4470 crapula
596 4407 738 4461 idem
775 4417 858 4465 est
882 4410 1072 4467 Latine
1100 4416 1241 4484 quod
1272 4416 1457 4473 Grtece
1486 4422 1771 4495 κραιπάλης,

221 4491 306 4544 hoc
341 4505 413 4549 est
450 4496 607 4551 dolor
647 4500 836 4568 Capitis
865 4504 955 4571 qui
992 4519 1059 4558 ex
1102 4508 1347 4564 hesterna
1373 4491 1770 4581 compotatione

223 4595 456 4649 superest.
486 4589 720 4647 Thomas
750 4593 999 4663 Magister
1024 4614 1037 4651 :
1068 4602 1322 4674 κραιπάλη
1350 4606 1381 4661 ἡ
1424 4606 1477 4658 ἐκ
1517 4615 1609 4666 τῆς
1639 4609 1771 4678 χθές

1886 3420 2003 3463 tura
2032 3411 2266 3466 scribere
2288 3453 2302 3477 ,
2334 3422 2621 3482 antequam
2646 3414 2947 3468 necessaria
2979 3415 3223 3483 praesidia
3250 3415 3316 3469 ad
3348 3431 3466 3470 eam

1885 3502 2287 3572 intelligendam
2318 3504 2419 3558 sibi
2462 3514 2846 3573 comparasset.
2879 3504 3011 3559 Nam
3044 3522 3165 3576 qua:
3193 3507 3299 3562 dici
3341 3522 3467 3577 pos-

1886 3601 2041 3659 sunt,
2073 3609 2194 3649 cum
2224 3595 2447 3649 invitum
2492 3596 2687 3651 factum
2715 3611 2835 3651 esse
2865 3598 3231 3668 presbyterum
3262 3607 3315 3653 et
3354 3599 3468 3667 epi-

1884 3701 2128 3755 scopum,
2150 3703 2410 3743 canonem
2440 3689 2715 3743 Nicaenum
2742 3704 2847 3759 quo
2876 3690 3154 3745 vetabatur
3178 3690 3467 3760 episcopus

1883 3780 1986 3834 sibi
2018 3780 2141 3835 vivo
2166 3796 2531 3836 successorem
2558 3781 2825 3849 sufficere,
2857 3785 3090 3853 ignotum
3119 3784 3305 3846 fuisse,
3338 3798 3465 3851 pau«

1886 3886 2065 3941 perem
2088 3873 2248 3927 vitam
2275 3874 2481 3944 egisse,
2506 3885 2641 3941 etc.,
2674 3891 2735 3930 ea
2778 3875 2990 3945 maligni
3016 3875 3260 3930 homines
3289 3876 3459 3929 dixis-

1882 3973 2002 4017 sent
2028 3965 2218 4032 partim
2246 3964 2636 4020 simulationem
2666 3981 2820 4033 esse,
2855 3966 3043 4035 partim
3078 3967 3205 4020 satis
3235 3980 3353 4020 esse
3383 3966 3459 4020 di-

1884 4056 2065 4121 vitem,
2096 4057 2186 4124 qui
2217 4056 2437 4112 haberet
2460 4057 2603 4128 quod
2629 4058 2746 4112 aliis
2777 4058 3168 4129 largiretur,et
3195 4060 3320 4114 inde
3344 4070 3459 4113 tan-

1886 4158 1998 4203 tum
2022 4148 2125 4204 sibi
2150 4161 2405 4215 sumeret,
2428 4160 2685 4220 quantum
2716 4151 2910 4217 vellet;
2956 4167 3019 4207 ac
3044 4153 3273 4223 denique
3305 4162 3461 4211 notas

1882 4242 2082 4299 dudum
2106 4259 2196 4299 eas
2224 4258 2345 4299 esse
2365 4253 2528 4311 artes,
2546 4260 2662 4315 quae
2684 4244 2752 4299 ad
2778 4261 2935 4315 quam
2960 4247 3247 4315 potentiam
3271 4262 3461 4302 evexe-

1884 4333 1993 4387 rint
2023 4335 2263 4390 hoinines
2287 4335 2512 4390 humiles
2536 4336 2741 4391 scilicet
2767 4346 2822 4391 et
2851 4336 3033 4392 mundi
3063 4347 3460 4410 contemptores

1878 4427 1988 4494 jam
2019 4428 2282 4482 videmus.
2314 4427 2395 4483 Ad
2429 4444 2515 4483 me
2555 4430 2767 4499 quidem
2802 4418 2944 4499 quod
2971 4433 3199 4498 attinet,
3248 4443 3305 4487 ut
3351 4450 3460 4489 non

1882 4532 1998 4573 sum
2030 4520 2282 4575 credulus
2312 4521 2573 4588 ejusmodi
2596 4523 3055 4601 criminationibus
3087 4526 3205 4579 :sic
3229 4539 3333 4578 non
3357 4525 3459 4579 dif-

1886 4612 2038 4668 fiteor
2080 4629 2165 4669 me
2193 4615 2531 4670 defensiones
2556 4616 2867 4686 Augustini,
2901 4616 3047 4672 hisce
3074 4620 3142 4673 de
3172 4618 3358 4681 rebus,
3390 4618 3457 4671 li-

225 4678 452 4745 γενομένης
483 4684 772 4744 οἰνοποσίας
799 4687 1043 4761 stipante,
1075 4692 1199 4761 μέθη
1230 4691 1282 4746 δὲ
1323 4702 1351 4755 ἡ
1383 4695 1466 4749 ἐπὶ
1491 4706 1583 4758 τ’ὄς
1604 4702 1767 4762 αὐτῆς

1885 4708 2070 4761 benter
2095 4707 2356 4760 lecturum
2390 4706 2575 4761 fuisse.

227 4764 407 4838 ἡμέρας.
436 4770 597 4827 Dolor
620 4776 803 4846 capitis
823 4794 887 4833 ea:
913 4786 1287 4851 compotatione
1314 4787 1422 4840 lteri
1459 4792 1613 4858 facta,
1641 4796 1768 4863 μέθη

228 4859 315 4925 {ius
346 4863 494 4929 ipsius
524 4868 648 4921 diei.

281 4952 393 5045 Cap.
416 4959 482 5014 35
504 4999 521 5025 ,
554 4958 582 5032 §
627 4957 713 5036 57..
747 4960 1028 5023 Curiosius
1053 4970 1281 5038 quotidie
1306 4982 1483 5029 nostra
1514 4984 1768 5045 tentatur,

233 5044 329 5115 etc]
355 5048 513 5107 Nemo
539 5064 621 5107 εει
650 5054 740 5123 qui
770 5056 885 5111 haec
900 5070 1119 5126 peccata
1143 5060 1334 5117 habeat
1356 5106 1371 5130 ,
1404 5066 1450 5119 si
1479 5070 1639 5123 modo
1660 5044 1768 5126 ctu?

236 5138 331 5190 leris
357 5143 539 5199 officiis
583 5146 698 5203 suis
727 5163 831 5203 non
862 5149 1020 5205 desit.
1053 5152 1255 5221 Corpus
1289 5159 1432 5211 enim
1469 5170 1523 5214 et
1556 5164 1767 5222 animus

236 5230 513 5292 relaxatione
559 5241 784 5308 quadam
834 5243 1105 5313 indigent;
1155 5263 1329 5318 neque
1370 5266 1585 5322 semper
1624 5258 1767 5314 seria

237 5324 390 5386 agitare
412 5342 472 5381 ac
498 5329 746 5384 meditari
772 5334 983 5389 animus
1017 5346 1191 5403 potest
1214 5378 1230 5403 ,
1253 5352 1347 5395 aut
1372 5357 1571 5411 corpus
1595 5344 1766 5400 labori

239 5410 509 5475 incumbere.
543 5421 604 5477 Si
629 5423 749 5492 quis
788 5424 944 5482 hodie
977 5429 1101 5482 talia
1128 5430 1273 5486 inter
1290 5410 1485 5488 delicta
1511 5451 1766 5491 numera-

240 5517 307 5571 ret,
328 5513 625 5569 crederetur
646 5556 663 5583 ,
704 5516 829 5572 dum
859 5521 1216 5577 humilitatem
1263 5540 1374 5594 prae
1402 5541 1461 5581 se
1491 5527 1595 5582 fert
1622 5569 1637 5595 ,
1669 5545 1763 5583 su-

240 5601 355 5662 Perbe
394 5619 451 5661 se
492 5621 682 5675 gerere
723 5624 786 5664 ac
829 5611 1168 5677 dissimulare
1211 5617 1430 5686 majora.
1481 5619 1762 5679 Diceretur

240 5703 396 5751 muscas
429 5700 700 5767 percolare
734 5711 788 5757 et
832 5704 1095 5773 deglutire
1124 5712 1374 5765 camelos.
1402 5713 1554 5779 Quod
1581 5724 1759 5772 tamen

241 5780 282 5838 de
302 5789 572 5859 Augustino
597 5797 857 5866 suspicari
888 5798 1038 5853 nefas
1065 5788 1311 5857 habetur.

283 5878 385 5954 Cap.
415 5887 481 5947 38
505 5930 523 5961 ,
546 5889 576 5963 ᾗ
611 5890 700 5955 64.
726 5890 827 5961 Qui
860 5894 1062 5964 placent
1089 5897 1184 5965 sibi
1213 5898 1277 5954 de
1305 5914 1359 5954 se
1380 5940 1395 5970 ,
1430 5897 1560 5972 etc.]
1588 5901 1752 5962 Miror

1949 4796 2081 4866 Cap.
2109 4796 2180 4851 42
2204 4840 2219 4863 ,
2264 4797 2291 4867 5
2320 4796 2409 4851 67.
2440 4797 2777 4852 Ambiendum
2806 4799 2932 4853 mihi
2969 4800 3065 4869 [uit
3094 4801 3161 4853 ad
3199 4800 3457 4870 angelos?

1882 4892 1997 4957 Qua
2017 4891 2205 4965 prece?
2231 4890 2425 4957 Quibus
2450 4893 2815 4946 sacramentis?
2850 4894 2997 4945 multi
3025 4905 3261 4948 conantes
3297 4894 3365 4946 ad
3407 4904 3455 4949 te

1876 4986 2063 5047 redire,
2090 4999 2248 5054 neque
2288 4998 2376 5053 per
2398 4999 2450 5036 se
2477 4984 2613 5053 ipsos
2642 4985 2862 5038 valentes
2881 5024 2896 5050 ,
2927 4986 3057 5038 sicut
3087 4986 3260 5052 audio,
3296 4996 3459 5040 tenta-

1876 5084 2056 5126 verunt
2082 5074 2213 5135 hinc,
2237 5071 2371 5144 etc.]
2398 5073 2619 5129 Videtur
2640 5076 2856 5129 omnino
2886 5076 3154 5144 respicere
3176 5076 3240 5129 ad
3271 5076 3457 5132 theur-

1876 5169 1992 5239 gica
2032 5167 2423 5222 Platonicorum
2474 5184 2625 5222 sacra
2652 5209 2667 5234 ,
2708 5169 2897 5237 quibus
2938 5184 2997 5223 se
3041 5170 3257 5239 angelos
3283 5180 3337 5224 et
3363 5185 3454 5224 ar-

1877 5258 2168 5329 changelos
2194 5258 2391 5314 elicere
2418 5300 2431 5324 ,
2479 5260 2691 5329 Deoque
2713 5259 3031 5329 singularem
3064 5262 3117 5314 in
3151 5262 3367 5315 modum
3398 5278 3458 5317 se

1876 5350 2132 5420 conjungi
2165 5351 2437 5419 putabant.
2470 5351 2583 5418 Qua
2609 5351 2675 5404 de
2709 5367 2767 5405 re
2799 5353 2977 5408 multis
2999 5353 3212 5424 scripsit
3238 5354 3456 5409 Jambli-

1876 5445 2010 5497 chus
2048 5442 2100 5497 in
2146 5443 2282 5497 libro
2326 5443 2393 5497 dc
2432 5443 2697 5513 Mysteriis
2724 5442 3124 5515 Aigyptiorum,
3158 5447 3453 5515 praesertim

1876 5536 2114 5589 sectione
2135 5550 2166 5586 v
2188 5545 2238 5587 et
2264 5550 2318 5586 χ.
2344 5533 2471 5601 Ejus
2493 5534 2589 5587 aevi
2616 5533 2895 5602 Platonici,
2911 5537 3103 5590 mirum
3130 5538 3178 5590 in
3213 5537 3453 5612 modum,

1870 5627 2257 5696 superstitiosis
2276 5626 2328 5681 id
2347 5641 2515 5696 genus
2530 5628 2696 5682 sacris
2720 5638 2874 5683 erant
2897 5629 3078 5684 dediti.
3119 5628 3251 5684 Vide
3284 5629 3455 5683 Vitam

1869 5717 2082 5783 Procli,
2114 5734 2143 5773 a
2178 5720 2383 5774 Marino
2403 5720 2674 5789 scriptam,
2700 5737 2857 5791 quam
2886 5722 3036 5777 Joan.
3062 5721 3325 5798 ‘Albertus
3360 5723 3457 5775 Fa-

1868 5813 2070 5868 bricius
2092 5854 2106 5880 ,
2132 5813 2220 5870 vir
2243 5812 2504 5881 eruditus,
2535 5813 2791 5885 integram
2813 5815 2977 5871 edidit
3005 5814 3293 5885 Hamburgi
3318 5829 3459 5868 anno

1872 5903 2033 5962 1700.
