3954 6364
232 372 339 429 ΞΠ
882 369 1238 439 VARIORUM
1276 368 1873 429 EXERCITATIONES
1911 372 1977 429 IN
2018 373 2074 430 S.
2116 375 2485 436 AUGUSTI-NI
2527 379 2774 439 OPERA.

3368 383 3473 442 218

231 488 349 541 Rara
370 490 540 541 anima
555 503 687 558 qute,
705 502 819 541 cum
841 488 904 541 de
922 487 1014 541 illa
1032 488 1274 558 loquitur,
1292 486 1385 540 scit
1403 485 1523 555 quid
1539 485 1785 555 loquitur.
1812 488 1866 548 Α
1893 498 2043 559 atque
2078 491 2172 559 ita,
2218 495 2264 549 si
2309 496 2470 550 modo
2507 496 2705 553 nullum
2750 496 2836 552 hic
2866 494 2935 551 sit
2973 495 3244 562 mendum,
3277 497 3473 557 debent

231 579 283 635 Et
298 574 599 635 contendunt
615 591 661 635 et
685 579 951 646 dimicant,
977 589 1025 634 et
1045 595 1190 634 nemo
1211 580 1321 633 sine
1341 594 1462 647 pace
1482 578 1614 632 videt
1633 579 1782 632 istam

227 672 490 747 risionem.]
522 674 665 729 Nihil
692 673 875 730 verius
896 673 1001 729 dici
1029 672 1218 744 potuit.
1248 672 1432 743 Itaque
1461 672 1629 726 multo
1651 686 1785 741 prmo

227 776 369 823 staret
413 781 572 838 parce
618 767 761 838 loqui
809 766 876 822 de
916 766 983 824 iis
1022 781 1142 836 quae
1182 765 1486 831 nescimus,
1519 779 1619 820 nec
1646 763 1786 820 scire

228 862 478 929 debemus,
521 876 644 916 cum
686 876 792 916 non
843 861 953 916 sint
995 860 1275 932 perspicue
1303 875 1333 915 a
1363 859 1470 914 Deo
1516 856 1783 925 revelata;

225 960 425 1015 multum
455 973 583 1014 vero
612 958 679 1014 de
705 958 953 1013 omnibus
981 959 1102 1013 vita:
1131 955 1344 1021 ofﬁciis,
1378 969 1609 1026 quorum
1641 969 1780 1023 prae-

221 1053 482 1107 stationem
509 1066 540 1106 a
572 1051 725 1107 nobis
755 1050 931 1120 exigit
956 1050 1117 1105 Deus.
1160 1049 1217 1105 Si
1247 1048 1313 1105 de
1351 1046 1416 1101 iis
1446 1046 1788 1117 loqueremur

220 1142 476 1211 duntaxat,
510 1151 771 1214 quatenus
799 1141 957 1196 nobis
986 1149 1111 1196 sunt
1141 1140 1397 1205 revelata,
1425 1146 1605 1206 atque,
1636 1134 1786 1189 locu-

222 1236 436 1290 tionibus
465 1234 761 1305 Scriptura:
799 1234 1061 1299 contenti,
1094 1233 1273 1302 ignota
1304 1231 1414 1284 Deo
1459 1227 1788 1298 relinquere-

214 1348 341 1398 mus,
381 1347 488 1387 non
524 1340 601 1386 tot
629 1339 814 1386 essent
842 1330 1243 1391 contentiones;
1271 1326 1467 1396 quibus
1506 1333 1564 1378 ut
1603 1323 1786 1376 nescio

214 1440 267 1479 an
285 1425 584 1479 illustretur
605 1425 824 1494 veritas,
842 1424 919 1478 sic
942 1420 1095 1477 video
1114 1421 1466 1476 vehementer
1489 1416 1610 1472 laedi
1632 1414 1787 1470 Chri-

214 1520 423 1573 stianam
451 1518 757 1573 caritatem.
990 1573 995 1579 ,

279 1613 397 1681 Cap.
423 1611 513 1674 18,
541 1610 633 1665 25.
670 1609 734 1664 1η
769 1609 1022 1681 principio
1046 1607 1193 1679 diei.j
1225 1604 1534 1676 Legendum
1562 1603 1615 1657 in
1641 1603 1787 1671 prin-

224 1708 351 1774 cipia,
373 1716 426 1761 ut
444 1705 605 1776 paulo
622 1712 743 1776 post
764 1704 956 1774 legitur
978 1704 1032 1757 in
1053 1715 1182 1756 mss.
1200 1699 1361 1755 codd.
1385 1697 1623 1768 Respicit
1643 1696 1785 1751 enim

221 1799 547 1868 Augustinus,
571 1798 638 1853 ad
667 1798 805 1855 Gen.
838 1814 883 1864 t,
920 1796 1007 1864 16,
1061 1796 1148 1851 ubi
1189 1793 1327 1849 LXX
1371 1792 1575 1848 habent
1614 1792 1785 1846 Deum

213 1891 382 1947 fecisse
432 1891 698 1947 luminare
742 1905 990 1961 magnum
1026 1892 1096 1950 εἰς
1130 1891 1307 1962 ἀρχὰς
1346 1894 1436 1948 τῆς
1477 1888 1688 1960 ἡμέρας,
1730 1885 1784 1937 in

210 1985 449 2054 principia
471 1985 593 2050 diei,
620 1993 678 2038 ut
705 1983 936 2039 habebat
961 1981 1140 2037 versio
1162 1980 1370 2045 Latina,
1398 1993 1517 2047 qua:
1544 1988 1785 2044 tempore

208 2076 476 2145 Augustini
510 2077 806 2145 legebatur.
841 2074 975 2130 Vide
1006 2084 1182 2128 tamen
1208 2072 1274 2127 ad
1303 2070 1576 2127 Geneseos
1606 2070 1783 2124 locum

209 2169 516 2225 Flaminium
540 2169 829 2225 Nobilium.

267 2263 396 2335 Cap.
422 2264 519 2331 9-1,
558 2264 585 2334 §
625 2263 715 2319 29.
770 2262 975 2317 Piscem
1013 2260 1285 2314 manducet
1321 2260 1539 2313 levatum
1573 2256 1634 2310 de
1663 2270 1786 2325 pro-

216 2356 405 2428 fundo.]
451 2356 690 2426 Respicit
734 2354 800 2410 ad
843 2368 1032 2410 vocem
1072 2354 1252 2424 ἰχθὺς,
1285 2366 1402 2421 quae
1442 2363 1562 2403 cum
1602 2348 1788 2418 piscem

219 2452 482 2522 signiticet,
507 2449 887 2517 complectitur
910 2446 1142 2502 initiales
1166 2446 1368 2500 litteras
1389 2457 1580 2497 vocum
1599 2446 1790 2501 Ἰησοῦς

222 2547 412 2622 Χριστὸς
429 2552 555 2600 Θεοῦ
577 2545 690 2605 Υἱός
716 2548 912 2619 Σωτὴρ,
928 2540 1081 2595 Jesus
1103 2538 1336 2595 Christus
1358 2535 1455 2592 Dei
1478 2534 1642 2589 Filius
1668 2534 1794 2590 Ser-

224 2649 360 2693 eator.
392 2638 518 2693 Ideo
545 2637 905 2692 Tertulliauus
933 2636 1001 2689 de
1027 2633 1301 2702 Baptismo
1326 2646 1444 2701 cap.
1474 2632 1497 2684 1
1522 2649 1535 2684 :
1567 2628 1670 2684 Sed
1700 2643 1793 2681 nos

206 2730 429 2801 pisciculi
446 2770 461 2794 ,
489 2729 767 2783 secundum
797 2730 948 2815 ἰχθρν
980 2736 1208 2779 nostrum
1227 2720 1406 2777 Iesum
1431 2720 1708 2787 Christum,
1734 2719 1791 2773 in

224 2840 343 2892 aqua
364 2822 640 2877 nascimur.

289 2912 410 2984 Cap.
440 2914 530 2967 24.
572 2914 601 2984 §
640 2913 731 2968 '56.
780 2911 891 2966 Tibi
918 2912 1168 2981 conﬁteor
1201 2909 1402 2964 credere
1430 2923 1530 2975 me,
1555 2904 1793 2968 Domine,

223 3022 312 3058 non
328 3006 390 3058 .in
412 3021 609 3059 cassum
640 3013 686 3057 te
716 3004 788 3057 ita
817 3003 1050 3057 locutum
1080 2999 1231 3073 esse.]
1260 3000 1376 3055 Non
1408 2999 1460 3054 in
1488 3012 1689 3053 cassum
1718 2998 1798 3052 in-

225 3099 446 3153 duxisset
468 3097 540 3151 ita
570 3099 877 3168 loquentem
902 3097 1066 3152 Deum
1091 3095 1336 3164 Scriptor
1359 3107 1533 3160 sacer,
1556 3090 1799 3162 quamvis

222 3204 318 3244 non
352 3190 522 3245 minus
552 3190 724 3259 possit
753 3189 855 3243 dici
880 3188 1019 3243 Deus
1048 3185 1401 3242 benedixisse
1433 3180 1795 3255 quadrupedi-

221 3284 312 3338 bus
338 3299 488 3354 quam
518 3282 757 3354 piscibus
787 3293 877 3336 aut
914 3280 1072 3337 avibu

224 3376 499 3443 Scriptura:
522 3376 686 3447 stylo,
711 3375 873 3429 multa
904 3374 1177 3429 adduntur
1203 3380 1298 3426 aut
1324 3372 1660 3437 omittuntur,
1688 3384 1797 3423 non

222 3476 277 3522 ut
298 3484 545 3523 arcanum
568 3469 752 3524 nescio
772 3466 899 3538 quid
926 3468 1207 3532 innuatur;
1237 3464 1331 3520 sed
1356 3464 1478 3534 quia
1508 3478 1569 3518 ea
1593 3460 1800 3516 indoles

221 3570 297 3614 est
319 3561 431 3629 ejus
477 3561 634 3631 styli,
682 3574 802 3630 qua:
850 3560 1051 3629 patitur
1093 3556 1455 3611 additamenta
1504 3563 1598 3609 aut
1638 3555 1799 3607 etiam

221 3652 547 3714 omissiones,
581 3650 699 3706 sine
726 3650 833 3704 ulla
864 3648 1144 3704 sententia:
1175 3648 1492 3701 mutatione.
1544 3643 1635 3699 Sic
1659 3641 1795 3698 Gen.

220 3756 270 3803 ι,
300 3741 351 3807 8,
382 3742 431 3795 in
453 3740 728 3795 Hebraicis
753 3738 1028 3794 codicibus
1054 3736 1230 3792 addita
1258 3752 1362 3791 non
1391 3743 1515 3791 sunt
1540 3732 1798 3789 solemnia

220 3831 415 3886 dierum
436 3831 663 3886 aliorum
692 3822 854 3886 verba
883 3848 895 3883 :
920 3841 966 3884 et
996 3829 1121 3883 uidit
1146 3828 1285 3883 Deus
1308 3844 1415 3882 esse
1443 3827 1661 3892 bonum;
1682 3840 1802 3896 quae

221 3931 392 3977 tainen
434 3938 539 3977 non
590 3924 767 3977 minus
815 3922 1145 3978 conveniunt
1193 3921 1431 3977 secundo
1478 3920 1567 3975 die
1608 3917 1802 3974 creatis

220 4030 376 4083 quam
401 4016 608 4071 caeteris
637 4015 908 4070 omnibus.
960 4014 1016 4068 In
1055 4015 1331 4069 creatione
1360 4027 1489 4067 vero
1520 4011 1665 4065 tertii
1696 4009 1802 4065 diei

222 4124 251 4162 a
279 4126 416 4165 vers.
440 4112 471 4166 9
501 4111 567 4164 ad
603 4110 671 4165 15
697 4110 780 4165 bis
808 4109 912 4165 hoc
939 4109 1155 4179 legitur,
1185 4108 1327 4179 quod
1364 4109 1409 4162 si
1441 4107 1630 4173 semel,
1660 4114 1718 4160 ut
1747 4105 1802 4160 in

225 4201 338 4257 aliis
364 4203 581 4269 diebus,
613 4202 849 4258 additum
879 4212 1051 4272 esset,
1087 4202 1219 4256 nihil
1247 4202 1435 4257 deesse
1463 4199 1802 4255 animadver-

228 4304 465 4350 teremus.
493 4296 593 4364 Qui
621 4296 673 4349 in
703 4295 894 4350 talibus
924 4295 1332 4365 argutabautur,
1367 4294 1656 4362 Scriptura:
1678 4291 1803 4364 styli

228 4388 447 4442 nondum
471 4388 687 4443 fuerunt
706 4389 835 4443 satis
857 4389 1037 4458 periti.
1068 4388 1201 4443 Nam
1234 4387 1521 4457 allegorica
1553 4386 1801 4455 ligmenta

230 4484 310 4551 qui
350 4485 562 4553 probet,
604 4485 868 4540 neminem
916 4485 1181 4540 eruditum
1226 4499 1369 4539 nunc
1411 4485 1688 4537 inventum
1737 4482 1802 4536 iri

232 4584 370 4640 puto.

232 4760 407 4834 tante]
438 4763 547 4818 Hoc
576 4773 660 4819 est
690 4764 1082 4818 consectarium
1114 4740 1303 4818 ὣιίιηι
1330 4778 1448 4832 quae
1478 4762 1708 4817 diximus
1736 4762 1805 4818 ad

236 4855 320 4907 lib.
354 4872 440 4925 ιιι,
471 4872 588 4927 cap.
624 4858 674 4911 1.
707 4857 1021 4913 Commenta
1064 4857 1379 4927 allegorica,
1414 4872 1532 4925 quae
1562 4856 1805 4926 quamvis

234 4957 400 5001 veram
429 4948 724 5004 doctrinam
756 4951 1197 5021 complectantur,
1232 4966 1336 5005 non
1371 4960 1594 5020 possunt
1623 4959 1803 5006 tamen

238 5051 297 5089 ex
322 5038 432 5095 loco
460 5042 621 5097 lllosis
663 5043 883 5110 deduci,
934 5044 1087 5114 quasi
1138 5043 1518 5100 revelationem
1568 5043 1802 5109 divinam

241 5128 379 5184 nobis
406 5133 639 5187 obtrudit
668 5133 755 5188 hic
785 5136 1133 5205 Augustinus.
1169 5135 1319 5190 .Rem
1352 5135 1542 5204 ipsam,
1571 5134 1674 5190 hoc
1702 5144 1805 5201 est,

184 5230 187 5231 '
241 5225 521 5286 pastoribus
582 5228 886 5282 necessaria
944 5242 1065 5283 esse
1116 5244 1147 5282 a
1193 5228 1443 5299 gregibus
1494 5227 1804 5297 praebenda,

240 5311 468 5373 decuerat
503 5336 625 5374 eum
657 5321 880 5385 Paulus,
924 5332 980 5376 et
1009 5323 1124 5391 ipsa
1154 5323 1234 5377 rei
1264 5323 1519 5393 arquitas,
1555 5323 1673 5376 sine
1702 5321 1805 5375 ulla

244 5411 571 5479 revelatione;
614 5415 710 5468 sed
748 5414 883 5468 hanc
925 5414 1225 5469 doctrinam
1270 5416 1356 5470 hic
1394 5416 1659 5470 contineri
1701 5431 1805 5470 non

241 5503 393 5572 magis
416 5507 462 5560 ei
487 5514 568 5560 est
589 5506 905 5573 revelatum,
928 5522 1087 5577 quam
1112 5506 1321 5561 Philoni
1346 5517 1399 5563 et
1419 5508 1634 5578 Origeni
1663 5509 1804 5578 quod

239 5594 593 5665 allegoriarum
623 5598 853 5654 ﬁdiculis
880 5616 947 5656 ex
977 5598 1272 5669 Scriptura,
1305 5604 1356 5655 in
1382 5601 1585 5657 alienos
1616 5616 1806 5658 sensus

240 5700 483 5759 contorta,
513 5694 870 5749 deduxerunt.

305 5785 426 5856 Cap.
456 5790 542 5855 19,
577 5788 605 5859 ς
636 5788 729 5842 44,
772 5789 930 5859 Atque
971 5789 1045 5841 ita
1085 5803 1200 5841 cum
1230 5804 1316 5840 vos
1356 5787 1704 5859 temporaliter
1743 5805 1803 5843 ea

239 5877 453 5938 uidearis.
501 5900 601 5936 non
646 5878 1325 5953 egotemporalitervideo.1
1381 5878 1800 5952 Conjunctionos

1889 584 2201 654 signiﬁcare
2228 588 2338 657 sed,
2374 587 2474 644 hoc
2506 597 2589 647 est
2619 589 2862 647 obtincre
2890 591 2998 645 vim
3027 590 3435 647 adversativam.

1957 678 2090 748 Cap.
2124 680 2213 747 55,
2251 681 2277 751 §
2311 681 2399 738 18.
2430 681 2665 755 Speciem
2706 694 2755 739 et
2779 683 3159 757 privationem]
3206 683 3354 747 Εἶδος
3394 692 3474 743 καὶ

1888 772 2148 848 στέρησιν,
2167 773 2306 843 quod
2330 773 2769 831 scholasticorum
2791 791 3040 834 sermone
3062 791 3204 833 nunc
3222 777 3472 848 dicimus,

1888 866 2110 936 formam
2140 876 2186 919 et
2210 866 2564 935 privationem,
2594 884 2712 939 qua:
2740 879 2865 925 sunt
2893 870 3160 941 opposita.

1959 957 2091 1027 Cap.
2124 958 2214 1024 36,
2247 959 2274 1030 ς
2298 960 2386 1014 51.
2414 959 2538 1015 Dies
2561 970 2733 1015 autem
2762 965 2991 1033 septima,
3016 965 3123 1018 sine
3149 979 3351 1033 uespera
3374 971 3468 1029 est,

1889 1066 1978 1103 nec
2007 1049 2154 1104 habet
2183 1050 2463 1124 occasum.]
2512 1054 2567 1109 Si
2596 1054 2823 1109 velimus
2850 1055 3105 1125 argutari,
3136 1055 3239 1111 diei
3263 1055 3475 1127 septimi

1888 1161 2038 1198 mane
2056 1159 2161 1199 non
2186 1147 2351 1216 magis
2377 1156 2705 1202 memoratur
2721 1163 2877 1218 quam
2896 1162 3139 1216 vespera;
3161 1163 3279 1202 nam
3302 1162 3473 1215 mane,

1889 1240 2040 1308 cujus
2070 1241 2270 1295 mentio
2298 1241 2355 1295 li‘t
2386 1257 2530 1297 vers.
2555 1244 2650 1309 51,
2678 1252 2761 1299 est
2780 1244 2884 1298 diei
2911 1244 3070 1309 sexti,
3093 1258 3213 1298 cum
3236 1243 3473 1310 Hebraei,

1889 1333 2034 1389 Mose
2060 1344 2348 1403 praeeunte,
2372 1340 2691 1412 νυχθήμερον
2714 1337 2968 1407 incipiant
2992 1353 3019 1391 a
3048 1352 3291 1406 vespera,
3310 1351 3470 1405 quam

1888 1425 2086 1482 deinde
2116 1428 2357 1497 sequitur
2380 1429 2511 1484 dies.
2548 1429 2654 1485 Sed
2686 1431 2896 1500 septimi
2929 1429 3034 1485 diei
3067 1437 3244 1499 partes
3274 1444 3303 1483 a
3327 1429 3473 1484 Mose

1890 1534 1995 1575 non
2026 1521 2378 1591 attinguntur,
2403 1522 2529 1593 quia
2552 1538 2617 1578 eo
2643 1522 2730 1577 die
2758 1524 2889 1578 nihil
2920 1524 3045 1580 fecit
3067 1523 3229 1579 Deus.

2361 1645 2919 1702 ANIMADVEHSION
2927 1644 3010 1703 ES

2229 1754 2279 1792 IN
2319 1753 2503 1793 LlBROS
2541 1754 2746 1793 CONTRA
2786 1753 3133 1794 ACADEIICOS.

1811 1872 1860 1933 Β
1959 1851 2121 1903 LIBRO
2149 1864 2187 1903 ι.
2217 1849 2351 1918 Cap.
2378 1850 2427 1915 1,
2453 1848 2553 1920 52.
2588 1849 2648 1905 Si
2668 1851 2895 1905 edentem
2918 1861 2964 1904 te
2984 1866 3192 1904 munera
3214 1864 3477 1916 ursorum,

1887 1954 1933 1998 et
1974 1961 2238 2013 nunquam
2275 1943 2346 1998 ibi
2384 1954 2535 1998 antea
2571 1944 2678 1999 visa
2720 1944 3010 2015 spectacula
3050 1944 3239 1997 ciuibus
3272 1943 3477 2007 nostris,

1889 2036 2165 2090 tlteatricus
2186 2037 2397 2107 plausus
2424 2053 2620 2108 semper
2640 2038 3012 2108 prosperrimus
3031 2037 3327 2102 accepisset,
3348 2030 3480 2104 etc.]

1890 2129 2055 2184 [tecte
2076 2145 2312 2182 ursorum
2335 2127 2558 2193 editum,
2585 2143 2705 2182 nam
2730 2127 3177 2198 agitAugustinus
3199 2126 3265 2181 de
3288 2125 3481 2194 ignotis

1892 2223 1944 2276 in
1964 2222 2139 2277 Africa
2164 2222 2505 2291 spectaculis,
2524 2222 2697 2293 qualia
2724 2221 2945 2277 fuissent
2967 2235 3185 2275 munera
3210 2234 3479 2281 ursorum,

1893 2330 2037 2379 nam,
2066 2323 2123 2367 ut
2143 2314 2301 2369 habet
2318 2313 2521 2368 Plinius
2544 2313 2755 2377 lib.vm,
2778 2328 2897 2381 cap.
2914 2312 3003 2377 ⁵56,
3031 2313 3085 2365 in
3106 2312 3282 2381 Africa
3304 2322 3482 2363 ursum

1894 2422 1995 2459 non
2024 2406 2163 2476 gigni
2191 2414 2405 2459 constat.
2433 2405 2576 2459 Idem
2607 2403 2838 2459 afﬁrmat
2862 2418 2981 2473 cap.
3008 2404 3100 2458 58.

1967 2497 2100 2553 Ibid.
2134 2496 2617 2563 Fortunatissimus,
2644 2509 2695 2551 ut
2732 2499 2893 2568 fuisti,
2911 2494 3238 2569 jactareris.]
3270 2495 3481 2551 Falsum

1896 2601 1977 2647 est
1993 2591 2382 2651 Romanianum
2411 2597 2730 2663 fortunatum
2758 2591 2993 2661 potuisse
3015 2591 3143 2661 dici,
3168 2598 3227 2643 ut
3253 2588 3485 2644 ostendit

1897 2683 2226 2753 Augustinus
2270 2685 2319 2738 in
2352 2684 2721 2752 sequentibus.
2777 2682 2939 2753 Igitur
2968 2697 3073 2736 non
3105 2680 3279 2751 potuit
3307 2681 3487 2735 dicere

1897 2785 1953 2829 ut
1982 2777 2149 2846 fuisti,
2180 2792 2278 2831 nec
2310 2777 2476 2844 magis
2505 2785 2559 2829 ut
2589 2778 2774 2842 suesti,
2806 2774 3255 2845 quemadmodum
3289 2773 3487 2827 habent

1899 2868 1987 2923 alii
2016 2868 2173 2923 codd.
2205 2884 2337 2923 mss.
2389 2869 2563 2922 Malim
2595 2884 2693 2938 ego
2720 2878 2776 2921 ut
2806 2883 3009 2922 sueuere
3034 2868 3150 2931 isti,
3183 2866 3284 2919 hoc
3310 2875 3394 2919 est
3419 2879 3487 2918 eo

1898 2976 2060 3018 sensu
2091 2975 2197 3030 quo
2224 2960 2478 3025 clientes,
2511 2961 2685 3025 cives,
2715 2960 2894 3029 populi
2924 2958 3136 3013 beatum
3171 2956 3481 3027 praedicant.

1971 3055 2136 3109 Ltnno
2178 3069 2234 3107 ll.
2277 3052 2404 3121 Cap.
2448 3053 2504 3119 2,
2538 3053 2564 3122 ᾗ
2597 3053 2651 3109 5.
2704 3050 2829 3105 Cum
2861 3068 2974 3106 ecce
3005 3052 3092 3104 tibi
3128 3050 3243 3104 libri
3281 3048 3489 3117 quidam

1903 3150 2060 3218 pleni,
2079 3158 2134 3200 ut
2158 3148 2228 3200 ait
2253 3147 2500 3208 Celsinus,
2525 3146 2681 3199 bonas
2703 3162 2781 3199 res
2803 3145 3047 3198 Arabieas
3070 3144 3157 3196 ubi
3186 3141 3490 3196 exhalarunt

1822 3258 1869 3320 ρ
1901 3241 1954 3344 in
1987 3236 2263 3348 nos,letc.]
2288 3237 2402 3292 Non
2436 3238 2675 3348 intelligo
2700 3238 2801 3341 qui
2822 3236 3105 3348 libri'pleni
3129 3235 3234 3348 dici
3262 3234 3487 3348 queant:

1905 3334 2006 3388 nisi
2051 3332 2280 3388 addatur
2320 3346 2420 3401 qua
2468 3345 2525 3385 re
2570 3330 2714 3397 pleni
2760 3329 2889 3384 sint.
2948 3328 3110 3398 Igitur
3161 3329 3246 3381 hic
3291 3324 3490 3396 aliquid

1903 3427 2091 3481 deesse
2120 3424 2381 3494 suspicer,
2415 3433 2473 3478 ut
2501 3424 2774 3493 sapientia,
2802 3429 2894 3476 aut
2921 3421 3097 3476 simile
3123 3420 3418 3492 quidpiam.

1973 3517 2131 3586 lbid.,
2174 3519 2201 3587 ς
2241 3515 2297 3571 6.
2342 3515 2645 3568 Adversario
2674 3510 2809 3583 tuo.]
2855 3512 2987 3568 Cum
3018 3526 3146 3582 quo,
3174 3520 3231 3566 ut
3258 3511 3488 3577 videtur,

1904 3611 2053 3666 litem
2088 3609 2316 3665 habebat
2340 3609 2723 3663 Itomanianus.

1976 3703 2112 3759 Ibid.
2154 3701 2239 3757 Ne
2267 3702 2357 3757 ille
2394 3712 2440 3755 et
2470 3701 2610 3755 baias
2643 3710 2687 3755 et
2712 3699 2912 3754 amoena
2944 3698 3218 3772 pomeria.]
3266 3699 3362 3755 Hic
3389 3698 3491 3754 tria

1905 3808 2031 3854 sunt
2059 3797 2274 3863 menda,
2301 3812 2525 3867 quorum
2554 3795 2781 3865 primum
2810 3805 2865 3850 et
2894 3804 3222 3864 postremum
3251 3808 3316 3848 ex
3341 3794 3489 3863 prio-

1905 3893 2056 3948 ribus
2083 3889 2408 3945 editionibus
2445 3888 2726 3957 desumpta
2764 3896 2907 3953 sunt,
2949 3887 3182 3942 medium
3222 3886 3344 3941 huic
3371 3901 3493 3956 pro-

1906 3985 2080 4053 prium
2101 3990 2200 4037 est.
2229 3979 2410 4035 Primo
2433 3994 2528 4049 pro
2550 3996 2612 4032 ne
2631 3978 2911 4049 legendum
2936 3987 3018 4033 est
3038 3994 3136 4041 me,
3161 3981 3262 4044 ναὶ,
3288 3977 3387 4032 hoc
3410 3986 3493 4034 est

1906 4075 2175 4145 proiecto;
2221 4074 2321 4128 hoc
2367 4072 2508 4127 enim
2551 4072 2663 4125 vult
2692 4070 3048 4139 Augustinus,
3091 4071 3135 4125 si
3186 4071 3494 4126 a‘dversario

1906 4168 2223 4224 Romaniani
2253 4165 2601 4237 Spectandam
2631 4179 2934 4235 proponere
2962 4163 3227 4234 potuisSet
3255 4164 3490 4234 speciem

1907 4261 2291 4333 philosophiae,
2336 4260 2483 4314 illum
2511 4256 2784 4339 profecto,
2828 4258 2989 4312 rebus
3029 4256 3247 4324 relictis,
3281 4256 3343 4311 ad
3375 4272 3494 4312 eam

1906 4356 2300 4412 advolaturum.
2344 4354 2500 4425 Saepe
2536 4352 2638 4408 hoc
2666 4351 2918 4407 mendum
2950 4352 3004 4406 in
3046 4366 3175 4406 mss.
3215 4351 3373 4409 codd.
3405 4366 3495 4407 oc-

1908 4450 2095 4513 currit,
2124 4449 2263 4519 quod
2297 4457 2521 4517 utraque
2550 4448 2736 4501 vocula
2767 4444 2955 4501 eodem
2986 4444 3146 4500 modo
3177 4444 3496 4513 pronuntia-

1910 4552 2078 4597 retur.
2109 4540 2377 4607 Secundo,
2397 4538 2553 4593 Baias
2584 4538 2773 4593 debuit
2801 4538 2985 4617 scribi,
3018 4537 3313 4607 majuscnlo
3341 4535 3407 4603 Β,
3440 4547 3497 4591 ut

293 4620 417 4738 Cva-p.
444 4671 535 4737 9.5,
566 4670 594 4741 §
624 4671 711 4726 '58.
764 4670 955 4725 Verum
995 4670 1145 4741 enim,
1168 4669 1355 4736 dicant,
1397 4677 1444 4722 te
1483 4666 1613 4721 mihi
1643 4667 1806 4735 inspi-
1832 4646 1886 4707 Ῑ)
1911 4628 3495 4741 f’s‘,i“_?f“?i_°_'f?[fiﬁ‘fSijﬂa'l'ﬂ‘f’Amff'Af‘j‘f‘l‘fi'ffffifi

1912 4726 2015 4781 loci
2046 4725 2111 4780 ad
2139 4724 2489 4780 Puteolanum
2519 4723 2719 4787 sinum,
2748 4721 2890 4775 circa
2918 4736 3075 4790 quem
3110 4730 3263 4774 erant
3294 4720 3499 4788 elegan-

1915 4821 2129 4875 tissima:
2158 4819 2521 4872 Romanorum
2549 4815 2715 4883 villae,
2745 4824 2799 4868 et
2827 4814 2895 4868 de
2923 4829 3030 4883 quo
3060 4814 3311 4869 Horatius
3354 4828 3500 4884 saepe

1910 4916 2035 4971 alibi
2064 4924 2118 4970 et
2144 4916 2165 4968 1
2202 4913 2361 4983 epist.
2390 4910 2510 4966 libri
2539 4924 2576 4963 ι.

2032 5025 2205 5076 Nullus
2238 5026 2285 5074 in
2308 5024 2429 5074 orbe
2451 5023 2585 5075 locus
2602 5017 2733 5075 Baiis
2755 5020 2993 5085 praelucet
3015 5020 3233 5070 ammnis.

1985 5137 2223 5206 Denique
2242 5151 2347 5192 non
2368 5140 2617 5205 pomeria,
2637 5135 2731 5193 sed
2755 5133 2983 5189 pomaria
3003 5128 3286 5201 legendum
3311 5127 3499 5197 liquet,
3534 5196 3541 5199 ν

1912 5247 1977 5285 ex
2007 5230 2244 5300 epitheto
2272 5246 2468 5284 amoena
2682 5231 2695 5243 ‘

1982 5324 2113 5394 Cap.
2143 5328 2196 5389 5,
2224 5325 2249 5394 §
2281 5325 2332 5377 7.
2368 5323 2653 5377 Phuoealia
2677 5332 2774 5376 ista
2797 5322 2949 5393 vulgo
2968 5319 3179 5383 aicitur,
3205 5314 3334 5386 elc.]
3368 5310 3500 5370 Vide

1913 5426 2093 5472 notata
2123 5417 2186 5469 ad
2218 5419 2311 5471 lib.
2344 5464 2349 5470 .
2389 5416 2863 5482 Retractationum,
2899 5416 3019 5483 σαι).
3044 5413 3098 5477 1,
3124 5426 3269 5466 num.
3301 5411 3353 5464 5.

1986 5509 2120 5564 Ibid.
2153 5508 2277 5563 Sine
2300 5505 2523 5579 pcnnis.]
2552 5507 2645 5562 Ctti
2672 5522 2860 5577 pennae
2885 5504 3243 5561 deﬂuxerunt.
3278 5502 3355 5555 Ex
3383 5499 3473 5554 Pla
3498 5526 3500 5528 τ

1916 5602 2213 5657 tonicorum
2257 5599 2533 5667 disciplina
2556 5640 2569 5664 ,
2609 5607 2666 5652 ut
2694 5598 2995 5653 notavimus
3033 5594 3097 5649 ad
3128 5589 3368 5649 Confess.
3403 5590 3476 5645 lib

1914 5709 2025 5756 νισι,
2061 5707 2177 5761 cap.
2210 5691 2261 5744 7.
2304 5690 2313 5725 τ
2512 5721 2549 5741 χ
3120 5744 3127 5749 ,

1983 5786 2110 5854 Cap.
2145 5784 2199 5849 4,
2236 5782 2262 5853 §
2294 5782 2376 5837 10.
2414 5782 2541 5836 Sine
2569 5781 2773 5853 metra]
2828 5782 2937 5835 lloc
2981 5780 3251 5846 est,.a£~uu
3280 5778 3495 5849 μέτρον,

1912 5882 2015 5936 sine
2033 5872 2201 5935 modo.
2230 5879 2280 5933 lu
2308 5878 2654 5949 ambiguitate
2679 5876 2808 5932 ludit
2832 5874 3186 5945 Augustinus,
3215 5886 3313 5927 nec
3357 5884 3500 5926 mer-
