3954 6364
508 334 615 394 219

1385 327 1933 391 SUPPLEMENTUM
1972 327 2067 384 AD
2100 324 2335 384 OPERA
2374 327 2434 384 S.
2476 326 2871 386 AUGUSTINL
3642 346 3727 407 εεθ

510 460 578 501 ea
606 444 963 516 praetermittit
990 444 1326 503 occasionem
1356 457 1523 514 pauca
1552 442 1713 499 verba
1740 442 1945 508 Graeca,
1976 454 2096 512 quae
2120 442 2177 503 Δ
2272 442 2303 512 §
2336 443 2425 499 55.
2454 442 2483 496 l
2491 444 2561 497 lla
2584 454 2655 497 est
2679 445 2838 515 igitur
2858 442 3012 514 plena
3030 444 3233 500 satietas
3252 448 3540 519 animorum,
3561 457 3728 519 huicut

510 550 683 605 norat,
713 540 1036 610 proferendi.

578 633 706 701 Cap.
736 634 797 699 6,
831 633 966 703 θη.
994 630 1330 703 Archesilas.]
1368 631 1546 701 Turpe
1585 631 1868 695 mendum,
1899 644 2089 686 omnes

508 726 648 780 enim
678 726 853 781 sciunt
883 734 1123 780 vocatum
1154 724 1297 780 hunc
1322 725 1697 793 philosOpbum
1730 725 1895 780 fuisse
1921 722 2087 802 Ἀρκε-

506 822 697 884 etiam,
727 835 830 873 non
870 820 1223 893 Ἀρκεσίλαον.
1260 820 1439 887 Itaque
1468 818 1570 875 boc
1595 834 1806 889 quoque
1838 819 2089 875 mendum

505 912 865 979 antiquiorum
892 912 1186 965 editionum
1234 910 1521 966 tollendum
1551 921 1698 977 erat,
1729 922 1784 967 et
1813 912 1900 966 hic
1934 919 1988 967 et
2035 913 2087 967 in

503 1002 872 1069 sequentibus,
924 1002 1015 1059 ubi
1065 1003 1258 1057 iterum
1306 1002 1607 1070 iterumque
1656 1002 1907 1057 occurrit.
1954 1002 2088 1058 Nam

503 1092 746 1159 quamvis
775 1094 962 1148 Graece
994 1093 1223 1149 nesciret
1253 1094 1606 1163 Augustinus,
1641 1094 1869 1149 habebat
1909 1104 2086 1151 tamen

501 1194 711 1239 veteres
737 1186 1010 1241 Ciceronis
1042 1185 1275 1251 codices,
1309 1187 1361 1241 in
1391 1186 1581 1255 quibus
1612 1185 1713 1241 hoc
1740 1188 1991 1242 mendum
2019 1189 2088 1245 ab

506 1276 882 1334 cruditioribus
909 1279 1273 1346 grammaticis
1302 1278 1550 1333 relicmm
1578 1293 1683 1332 non
1716 1288 1863 1348 puto.

571 1368 699 1440 Cap.
732 1371 821 1435 15,
847 1369 875 1439 §
904 1370 993 1425 54.
1038 1369 1142 1423 Ille
1186 1380 1354 1423 autem
1396 1386 1519 1425 casu
1548 1369 1732 1437 planus
1759 1380 1887 1436 erat,
1921 1371 1983 1425 de
2024 1372 2087 1427 iis

499 1478 626 1531 quos
650 1462 997 1517 Samardaaos
1024 1467 1125 1526 iam
1155 1465 1335 1534 vulgus
1364 1461 1555 1534 vocat.]
1585 1465 1914 1519 Crediderim
1946 1466 2087 1520 Afri-

501 1567 714 1622 canam,
747 1566 837 1609 aut
867 1556 1042 1624 potius
1074 1556 1327 1610 Punicam
1360 1572 1479 1609 esse
1508 1572 1723 1621 vocem,
1757 1573 1784 1609 a
1817 1559 2085 1615 radicibus

498 1654 640 1703 1n:
680 1644 935 1713 schamar,
988 1646 1302 1713 observare,
1336 1657 1389 1700 et
1417 1654 1513 1733 pri
1557 1647 1748 1712 douck,
1797 1649 2082 1717 inspicere,

498 1735 817 1803 deductam,
850 1753 1019 1807 eaque
1067 1737 1397 1807 significatus
1446 1738 1658 1792 fallaces
1702 1739 1963 1802 homines,
1994 1742 2082 1811 qui

2198 543 2343 597 beata
2361 544 2484 607 vita,
2507 546 2587 613 pie
2610 544 2926 614 perfecteque
2948 558 3248 613 cognoscere
3274 561 3304 597 a
3321 563 3415 614 quo
3437 550 3669 609 induceris
3686 561 3730 613 in

2195 635 2476 699 veritatem,
2499 652 2600 705 qua
2623 638 2831 690 veritate
2851 637 3155 706 perfruaris,
3190 654 3275 707 per
3296 656 3435 702 quem
3460 653 3729 706 contrectari;

2194 744 2391 782 summa
2426 726 2626 801 atatim]
2674 728 2785 783 Etsi
2828 745 2933 783 non
2973 730 3193 784 difficile
3228 741 3307 785 est
3343 732 3589 791 intellectu
3628 742 3732 808 quid

2194 825 2321 877 velit
2350 824 2708 893 Augustinus,
2741 833 2976 878 attamen
3013 834 3094 877 est
3123 840 3219 877 cur
3245 840 3520 893 queramur
3553 846 3659 885 eum
3686 835 3728 891 in

2193 914 2295 969 hac
2336 923 2444 970 tota
2488 916 2851 985 disputatione
2880 915 3262 984 metaphoricis
3290 918 3500 973 vocibus
3526 936 3584 975 ac
3608 923 3735 978 locu.

2192 1006 2447 1072 tionibus,
2476 1023 2613 1077 quas
2640 1009 2760 1063 aliis
2789 1024 2939 1076 usque
2967 1008 3232 1063 tralatitiis
3262 1009 3463 1074 definit,
3508 1024 3737 1080 perpetuo

2190 1097 2359 1153 ferme
2382 1098 2629 1157 abusum.
2650 1099 2766 1166 Quo
2782 1098 2979 1154 factum
3003 1109 3163 1154 estut
3188 1099 3313 1153 nihil
3336 1112 3518 1168 praeter
3537 1108 3739 1173 argutias

2190 1206 2255 1246 ex
2297 1193 2639 1261 ambiguitate
2669 1201 2909 1262 captatas
2928 1236 2943 1259 ,
2971 1202 3024 1246 et
3056 1208 3173 1261 quae
3205 1192 3526 1247 dialecticam
3551 1196 3741 1253 nimium

2190 1283 2453 1349 redolent,
2490 1284 2575 1338 hic
2608 1284 2922 1341 habeamus.
2953 1282 3087 1339 Cum
3124 1285 3302 1353 pueris
3333 1285 3513 1351 fateor,
3551 1299 3601 1342 et
3638 1307 3736 1343 mu-

2189 1374 2410 1429 licrenla
2440 1376 2786 1446 loquebatur;
2828 1378 2922 1431 se‘d
2950 1392 3071 1430 cum
3107 1378 3221 1431 hac
3240 1378 3446 1441 ederet,
3488 1373 3742 1441 tot'verbis

2190 1464 2321 1518 nihil
2353 1465 2534 1520 dicere
2563 1466 2744 1520 nescio
2774 1467 3047 1536 quomodo
3078 1467 3406 1521 sustinuerit.
3433 1467 3591 1535 Quam
3618 1472 3744 1527 facile

2193 1558 2479 1613 ostendere
2503 1560 2765 1626 potuisset
2790 1558 3178 1619 beatitudinem
3201 1561 3413 1628 proprie
3439 1561 3622 1615 dictam
3647 1577 3745 1618 esse

2190 1664 2306 1703 eam
2352 1648 2515 1705 animi
2562 1649 2899 1705 affectionem
2934 1666 3036 1720 qua
3078 1651 3128 1705 in
3170 1660 3317 1705 sorte
3353 1661 3528 1706 nostra
3566 1655 3746 1722 acquie-

2193 1752 2424 1807 scentes,
2452 1759 2549 1799 nec
2564 1743 2861 1812 quidquam
2889 1744 3154 1811 cupimus,
3180 1759 3285 1799 nec
3311 1744 3587 1801 timemus?
3604 1746 3749 1815 Quam

498 1843 561 1882 ex
584 1829 953 1884 observatione
974 1830 1232 1896 siderum,
1256 1829 1518 1898 ominum,
1546 1831 1932 1899 prodigiorum,
1954 1842 2086 1901 etc.,
2119 1825 2173 1886 Β
2192 1836 2430 1902 proclive
2458 1835 2557 1890 fuit
2587 1837 2960 1891 demonstrare
2986 1838 3129 1891 hanc
3167 1837 3332 1893 animi
3361 1836 3676 1893 affectionem
3706 1840 3750 1897 in

500 1918 936 1990 inspectioneque
992 1920 1330 1975 victimarum
1392 1921 1573 1974 futura
1622 1926 1982 1990 praenuntiam
2029 1942 2087 1980 se

498 2025 661 2079 posse
691 2013 999 2079 sperabant,
1026 2020 1120 2065 aut
1150 2012 1437 2081 fingebant.
1472 2013 1562 2066 hic
1588 2015 1732 2067 enim
1762 2031 1856 2069 eos
1886 2016 2089 2071 descri-

497 2105 573 2157 hit
592 2105 918 2159 Scholiastes
943 2114 1092 2159 vetus
1118 2105 1318 2159 Horatii
1348 2106 1412 2157 ad
1440 2122 1579 2160 vers.
1612 2108 1717 2162 115
1745 2118 1846 2161 sat.
1870 2108 1903 2163 6
1926 2109 2017 2163 lib.
2044 2125 2083 2162 ι.

497 2196 765 2252 Fallacem
808 2199 1010 2253 circum
1058 2199 1189 2252 dixit
1232 2210 1437 2267 propter
1479 2200 1823 2257 Sarmadacos
1873 2203 2085 2272 (Scribe

498 2287 866 2355 Samardacos)
897 2299 946 2343 et
970 2289 1239 2357 sortilegos
1274 2291 1683 2358 mathematicos,
1714 2296 1799 2361 qui
1828 2296 1897 2347 ad
1925 2307 2084 2351 metas

497 2389 809 2447 spectatores
832 2381 1225 2435 circumstabant
1250 2392 1294 2435 et
1326 2383 1591 2449 imperitos
1621 2386 1840 2439 sortibus
1860 2394 1907 2439 et
1937 2389 2085 2456 nugis

497 2469 763 2540 fallebant.
820 2471 986 2524 Paulo
1020 2482 1136 2540 post
1164 2473 1325 2527 etiam
1359 2466 1705 2527 Samardacos
1734 2484 1782 2527 et
1815 2477 2083 2546 sortilegos

498 2563 806 2633 conjungit,
858 2575 910 2618 et
943 2564 1154 2619 divinos
1202 2580 1322 2620 esse
1350 2566 1527 2620 docet.
1560 2568 1626 2620 At
1675 2567 1904 2624 Jacobus
1948 2570 2084 2624 Cru-

493 2657 683 2726 quius.
729 2658 819 2727 qui
868 2674 990 2713 eum
1034 2659 1370 2716 Scholiasten
1424 2662 1843 2718 emendatiorem
1884 2665 2080 2731 edidit,

492 2748 796 2818 suspicatur
826 2765 1009 2805 vocem
1060 2765 1180 2806 esse
1232 2754 1584 2822 compositam
1632 2769 1696 2809 ex
1741 2756 1986 2810 Sarmata
2028 2767 2081 2814 et

491 2840 690 2908 Dacus,
719 2844 808 2913 qui
841 2845 1020 2914 populi
1046 2846 1173 2899 olim
1197 2862 1301 2900 non
1327 2861 1510 2915 parum
1547 2847 1914 2915 hujuscemodi
1938 2850 2077 2904 ludi-

460 2936 621 2991 .briis
669 2938 894 2994 infames
945 2940 1160 2995 fuerint.
1196 2941 1345 3011 Elige
1375 2954 1550 2995 utrum
1581 2944 1847 3013 volueris,
1893 2956 1943 2999 et
1994 2946 2081 3001 adi

492 3029 649 3084 etiam
677 3029 938 3087 Joannem
970 3031 1278 3097 Meursium,
1314 3033 1366 3087 in
1398 3034 1595 3089 Lexieo
1611 3035 2076 3093 Graeco-barbaro.

968 3163 1608 3221 ANIMADVERSIONES

905 3290 956 3331 Hi
996 3290 1189 3331 LIBRUM
1227 3292 1294 3331 DE
1333 3292 1457 3333 VITA
1494 3296 1687 3336 ΒΕΑΤΔ.
1776 3300 1793 3323 δ

563 3397 590 3467 §
637 3398 692 3452 5.
743 3398 892 3465 Quod
941 3400 1015 3452 ita
1054 3399 1181 3452 nihil
1220 3401 1355 3453 intus
1393 3402 1603 3471 plenum
1654 3410 1806 3474 atque
1861 3407 2083 3460 solidum

494 3491 661 3568 habet,
702 3498 755 3543 ut
788 3490 997 3560 inﬂatos
1035 3492 1128 3545 sibi
1168 3508 1322 3561 super
1370 3493 1718 3560 ambulantes,
1752 3508 2083 3568 succrepante

493 3558 665 3652 fragili
697 3582 823 3646 solo,
843 3558 1100 3654 demerget
1125 3600 1187 3636 ac
1213 3558 1456 3656 sorbeat.]
1487 3558 1730 3654 Legerim
1752 3558 1940 3659 inﬂato.
1961 3590 2079 3659 sibi,

491 3690 613 3728 nam
644 3675 729 3729 hic
776 3686 1007 3731 montem
1040 3678 1194 3733 nobis
1221 3679 1478 3735 describit
1505 3690 1667 3735 vento
1698 3690 2012 3738 tumentem.
2040 3683 2079 3739 S

492 3765 647 3820 facile
676 3768 846 3837 potuit
874 3783 939 3823 ex
971 3781 1228 3839 sequente
1257 3784 1392 3826 voce
1414 3773 1751 3828 antecedenti
1781 3774 2079 3832 adhaerere.

565 3857 592 3929 §
622 3860 675 3915 4.
722 3858 889 3913 Lectis
917 3870 1086 3915 autem
1115 3861 1352 3918 Platonis
1379 3866 1697 3935 paucissimis
1725 3867 1913 3940 libris.|
1952 3868 2084 3925 Cre-

492 3948 677 4004 derem
723 3950 1006 4021 legendum
1038 3951 1321 4008 Platonicis
1341 3996 1354 4019 ,
1382 3972 1502 4009 nam
1534 3959 1862 4027 Augustinus
1908 3959 2075 4015 habet

494 4041 899 4098 Confessionum
928 4046 1065 4101 libro
1092 4063 1185 4114 vn,
1217 4064 1338 4119 cap.
1361 4050 1414 4118 9,
1448 4050 1475 4121 §
1503 4052 1593 4117 15,
1624 4063 1868 4121 quosdam
1894 4051 2081 4108 Plato-

491 4136 721 4189 nicorum
748 4137 935 4203 libros;
964 4140 1064 4194 nisi
1100 4143 1337 4211 quinque
1379 4159 1510 4200 mss.
1546 4145 1634 4200 hic
1666 4147 1923 4201 haberent
1956 4146 2082 4203 Plo-

491 4227 616 4291 tini,
648 4243 806 4296 quam
850 4245 1030 4284 veram
1080 4231 1364 4288 lectionem
1415 4250 1537 4290 esse
1585 4245 1731 4304 puto.
1781 4242 2079 4307 Antequam

493 4318 634 4373 hunc
667 4318 843 4374 locum
874 4320 1129 4377 attentius
1159 4323 1431 4394 legissem,
1460 4325 1570 4394 jam
1600 4327 1905 4396 suspicatus
1930 4343 2078 4382 eram

492 4408 794 4466 Platonicos
835 4411 953 4467 illos
992 4412 1188 4478 libros,
1222 4416 1274 4468 in
1307 4415 1497 4484 quibus
1524 4416 1855 4486 Augustinus
1885 4417 2078 4471 similia

491 4501 808 4560 Christianas
834 4504 1119 4576 theologia:
1150 4508 1420 4563 invenisse
1449 4524 1506 4564 se
1528 4510 1782 4575 credidit,
1815 4510 1980 4565 fuisse
2009 4510 2076 4565 li-

491 4597 619 4650 bros
648 4593 875 4662 Plotini;
909 4597 963 4651 in
996 4614 1098 4667 qua
1128 4600 1433 4668 conjectura
1464 4602 1815 4658 vehementer
1845 4603 2075 4660 lectione

492 4687 592 4743 hac
620 4703 750 4744 mss.
778 4689 1021 4745 codicum
1047 4693 1356 4771 confirmor.

564 4781 592 4853 ᾗ
624 4780 680 4836 5.
714 4783 1017 4853 Eloquentia
1051 4795 1137 4839 tua
1178 4787 1381 4839 territus
1408 4803 1511 4840 non
1540 4786 1699 4860 sum]
1743 4789 1931 4844 Exstat
1967 4791 2077 4847 ele-

492 4894 622 4949 gans
636 4879 942 4935 dissertatio
960 4881 1027 4935 de
1041 4880 1159 4935 Vita
1179 4881 1259 4935 ιη.
1278 4882 1434 4936 Mallii
1457 4882 1743 4948 Theodori,
1766 4885 1835 4941 ab
1859 4886 2078 4943 Albem

493 4974 736 5029 Rubenio
775 4975 1073 5044 conscripta
1096 5017 1113 5042 ,
1164 4992 1285 5045 quae
1321 4976 1465 5031 edita
1503 4987 1586 5031 est
1622 4977 1897 5048 Ultrajecti
1937 4995 2078 5036 anno

492 5067 652 5135 1695,
685 5083 751 5122 ex
776 5082 880 5137 qua
907 5084 1025 5136 qua:
1052 5068 1213 5123 fuerit
1241 5068 1756 5141 eruditioﬂbeodori
1784 5080 1837 5126 et
1866 5072 1930 5125 ad
1958 5089 2077 5142 qum

494 5174 715 5214 munera
746 5161 1050 5227 pervenerit
1095 5160 1390 5231 intelligere
1420 5162 1619 5217 licebit.
1651 5161 1835 5233 itaque
1866 5163 1933 5221 ad
1958 5180 2078 5221 eam

514 5263 750 5307 ectorem
780 5252 1154 5309 amandamus.

566 5344 594 5415 ς
628 5344 677 5398 7.
714 5344 840 5397 Cum
860 5344 1117 5414 fateamur
1144 5345 1333 5413 cuncti,
1358 5362 1515 5413 neque
1534 5346 1640 5400 sine
1668 5363 1897 5417 corpore,
1923 5364 2080 5416 neque

492 5437 602 5491 sine
639 5436 844 5503 anima,
887 5453 993 5491 esse
1031 5453 1176 5504 posse
1213 5437 1499 5504 hominem,
1539 5439 1672 5492 cibos
1720 5449 1923 5510 propter
1960 5442 2081 5510 quid

493 5530 676 5585 horum
699 5527 1046 5600 appetamus.]
1078 5529 1187 5583 lmo
1210 5530 1534 5600 appetimus?
1564 5531 1655 5585 Est
1681 5533 1822 5586 enim
1853 5533 2083 5587 interro-

492 5624 635 5694 gatio
662 5622 977 5691 Augustini,
1011 5622 1074 5675 ad
1104 5637 1284 5690 quam,
1321 5633 1525 5691 propter
1555 5640 1761 5691 corpus,
1795 5623 2083 5690 respondet

497 5716 785 5772 Licentius.
833 5715 1083 5785 Mendum
1115 5714 1218 5772 hoc
1247 5716 1346 5771 fuit
1376 5716 1695 5771 Basileensis
1724 5715 1994 5786 editionis,
2026 5716 2079 5772 in

495 5807 633 5865 hanc
661 5806 1009 5866 transfusum.

2103 4564 2159 4625 D

2190 1928 2289 1982 hac
2316 1928 2420 1981 vita
2456 1943 2561 1983 non
2605 1942 2765 1996 posse
2790 1930 3130 1996 comparari,
3162 1930 3213 1983 in
3242 1944 3346 1997 qua
3377 1944 3590 1998 semper
3614 1932 3753 1985 multa

2187 2028 2313 2075 sunt
2349 2035 2467 2089 quae
2510 2020 2831 2083 timeamus,
2874 2029 2965 2076 aut
2994 2021 3321 2091 cupiamus?
3365 2021 3563 2089 Quibus
3599 2022 3752 2086 dictis,

2187 2112 2489 2179 collegisset
2527 2111 2734 2164 beatam
2764 2113 2925 2165 vitam
2966 2112 3163 2165 nullam
3208 2126 3370 2181 posse
3402 2127 3523 2167 esse
3550 2113 3601 2165 in
3631 2112 3757 2167 hisce

2189 2204 2375 2269 terris;
2403 2219 2590 2261 omnes
2613 2203 2859 2261 homines
2887 2218 3007 2259 esse
3034 2202 3294 2269 miseros;
3328 2203 3421 2258 sed
3446 2217 3543 2258 eos
3565 2203 3753 2261 demum

2188 2294 2367 2351 minus
2414 2311 2535 2352 esse
2584 2296 2831 2362 miseros,
2870 2312 3039 2365 quam
3082 2296 3242 2363 alios,
3296 2296 3389 2365 qui
3434 2307 3667 2364 possent,
3702 2311 3756 2351 ex

2192 2385 2465 2455 Evangelii
2496 2387 2723 2455 legibus,
2756 2387 2858 2442 sibi
2890 2386 3277 2443 beatitudinem
3312 2395 3434 2455 post
3459 2387 3591 2442 hanc
3615 2387 3753 2441 vitam

2187 2479 2469 2534 mortalem
2505 2478 2768 2547 polliceri.
2802 2478 3222 2535 Verum~vocutit
3256 2478 3596 2535 definitiones
3623 2493 3754 2533 accu-

2189 2582 2340 2637 ratae,
2371 2586 2550 2627 sermo
2592 2573 2931 2640 simplex,.et
2970 2572 3103 2627 ordo
3143 2572 3465 2627 commodus
3507 2587 3592 2626 res
3627 2578 3757 2627 erant

2185 2663 2495 2725 rhetoribus
2525 2664 2667 2719 illius
2694 2664 2792 2718 aevi
2820 2664 3213 2735 propemodum
3250 2665 3469 2732 ignotae.

2575 2797 3390 2856 ANIMADVERSIONES

2669 2931 2720 2969 ΙΝ
2758 2928 2939 2969 LIBROS
2970 2929 3036 2967 DE
3066 2927 3282 2969 0RDINE.

2254 3040 2420 3097 Lisso
2447 3055 2486 3095 ι.
2520 3039 2648 3108 Cap.
2684 3039 2733 3101 1,
2769 3036 2797 3109 §
2827 3036 2881 3095 2.
2916 3037 3041 3101 Quis
3075 3045 3179 3093 tam
3208 3052 3379 3091 cacus
3410 3045 3484 3090 est
3512 3044 3691 3099 mente,
3715 3040 3757 3087 ut

2186 3133 2462 3204 quidquam
2487 3133 2542 3185 ia
2570 3131 2825 3185 movendis
2852 3129 3154 3198 corporibus
3182 3130 3429 3195 rationis,
3453 3129 3589 3199 quod
3608 3138 3762 3199 prater

2104 3192 2155 3256 ε
2188 3192 2469 3279 immissum
2508 3223 2893 3291 dispositionem
2936 3238 2997 3275 ac
3036 3223 3357 3279 uoluntatem
3382 3234 3460 3279 est
3490 3224 3663 3277 divinat
3690 3237 3766 3290 po.

2189 3318 2381 3381 lentim,
2413 3314 2849 3384 moderationique
2879 3313 3003 3367 dare
3028 3313 3221 3367 dubitet
3243 3312 3290 3387 .9]
3319 3296 3665 3383 Transposita
3694 3311 3769 3367 hic

2187 3416 2271 3465 est
2299 3420 2399 3461 vox
2426 3404 2661 3464 rationis.
2690 3418 2807 3472 qua:
2832 3402 2995 3458 debet
3020 3404 3258 3472 prteponi
3291 3404 3541 3473 proxime
3569 3403 3676 3457 voci
3704 3401 3773 3457 di-

2185 3497 2345 3560 vinw,
2377 3504 2433 3549 ut
2460 3495 2630 3551 series
2658 3495 2723 3551 sit
2761 3507 2775 3548 :
2806 3494 3045 3561 potentia:
3074 3496 3520 3563 moderationique
3562 3494 3773 3551 Rationis

2192 3587 2418 3653 Diniam,
2474 3586 2691 3650 Greece,
2749 3586 2956 3659 δυκάμει
2993 3590 3077 3642 καὶ
3120 3586 3375 3647 διοικήσει
3423 3588 3584 3661 Δόγου
3621 3590 3770 3642 Θείου.

2186 3678 2408 3747 Nempe,
2434 3693 2502 3733 ex
2536 3677 2934 3735 Platonicorum
2968 3693 3218 3735 sermone
3264 3680 3574 3749 desumpsit
3612 3682 3776 3747 Augu-

2187 3771 2361 3827 stinus
2388 3769 2655 3824 Rationem
2680 3769 2952 3836 Divinam;
2977 3771 3044 3825 de
3073 3786 3178 3839 qua
3205 3772 3487 3827 locutione
3517 3773 3638 3827 vide
3669 3785 3776 3837 qure

2191 3862 2408 3933 collegit
2456 3862 2615 3919 Joan.
2661 3862 2898 3919 Clericus
2944 3861 3011 3917 ad
3057 3862 3211 3917 Joan.
3265 3879 3304 3928 ι,
3360 3865 3414 3919 1.
3462 3861 3777 3920 Benedictini

2188 3954 2386 4011 docent
2422 3953 2608 4009 decem
2652 3968 2680 4005 a
2724 3968 2781 4008 se
2821 3966 2951 4008 mss.
2990 3953 3148 4007 codd.
3183 3954 3485 4023 inspectos,
3519 3956 3570 4008 in
3601 3954 3776 4024 quibus

2188 4050 2275 4106 hic
2303 4049 2436 4104 ordo
2472 4059 2587 4103 erat
2618 4047 2969 4112 observatus;
3012 4047 3106 4100 sed
3147 4048 3291 4103 male
3325 4048 3535 4107 habent
3578 4045 3777 4110 rationi,

2186 4146 2231 4200 si
2272 4144 2431 4205 modo
2471 4143 2670 4199 nullum
2703 4142 2774 4197 sit
2816 4141 2867 4195 in
2897 4140 3375 4199 Benedictiuorum
3412 4141 3601 4196 notula
3642 4155 3781 4193 men-

2186 4236 2332 4295 dum.
2377 4236 2576 4291 Eadem
2608 4250 2740 4291 voce
2779 4233 2829 4287 in
2868 4234 3115 4289 eumdem
3160 4248 3385 4291 sensum
3423 4236 3593 4288 utitur
3630 4232 3781 4287 etiam

2186 4340 2367 4399 postea
2400 4329 2725 4398 Augustinus
2761 4327 2786 4397 §
2814 4326 2904 4391 26,
2938 4326 3025 4381 ubi
3060 4336 3324 4381 memorat
3348 4326 3783 4393 pulchritudinem

2187 4424 2423 4478 Rationis
2461 4424 2677 4492 (nempe
2703 4418 2918 4493 divinm‘)
2970 4432 3147 4477 cuneta
3190 4420 3411 4473 scientia
3443 4430 3489 4473 et
3520 4418 3785 4473 nescientia

2186 4514 2527 4583 modiﬁcantis
2550 4522 2595 4565 et
2622 4512 2971 4583 gubernantis,
2990 4526 3103 4579 qua:
3126 4511 3388 4564 inhiantes
3406 4511 3504 4564 sibi
3526 4519 3787 4563 sectatores

2182 4623 2303 4662 suos
2327 4604 2506 4670 trahit,
2526 4619 2829 4670 quacunque
2854 4611 3002 4671 atque
3024 4602 3309 4669 ubicunque
3332 4619 3393 4656 se
3415 4602 3580 4670 quaeri
3590 4599 3754 4671 jubet.

2253 4699 2383 4769 Cap.
2417 4700 2471 4762 '5,
2506 4696 2532 4766 §
2561 4698 2613 4752 6.
2650 4694 2787 4749 Nam
2808 4694 2983 4764 etd'pse
3007 4694 3060 4745 in
3085 4694 3261 4746 eodem
3286 4695 3527 4747 conclavi
3556 4694 3683 4746 lecto
3702 4705 3792 4745 suo

2184 4792 2372 4846 cubans
2393 4788 2655 4859 uigilabat,
2675 4787 2817 4840 nobis
2838 4785 3203 4851 nescientibus;
3223 4796 3371 4839 erant
3394 4788 3538 4840 enim
3559 4783 3775 4839 tenebrat

2185 4884 2319 4954 quod
2362 4884 2416 4936 in
2456 4879 2615 4933 Italia
2657 4879 2808 4931 etiam
2851 4878 3159 4946 pecuniosis'
3187 4893 3351 4947 prope
3404 4893 3614 4931 necesse
3661 4870 3791 4943 est.]

2189 4976 2279 5029 Sic
2317 4972 2551 5042 loquitur
2593 4971 2645 5024 in
2689 4969 2911 5039 gratiam
2957 4983 3174 5024 suorum
3216 4962 3505 5021 Afrorum.
3582 4966 3793 5022 Utinam

2188 5067 2347 5123 etiam
2382 5064 2435 5118 in
2461 5062 2683 5133 gratiam
2714 5062 3061 5132 posteritatis,
3093 5059 3392 5115 addidisset
3421 5078 3523 5116 cur
3549 5060 3604 5115 iu
3630 5059 3793 5122 ltalia,

2189 5157 2364 5227 potius
2395 5170 2553 5224 quam
2584 5152 2733 5221 alibi,
2770 5154 2819 5206 in
2854 5154 3088 5209 tenebris
3113 5153 3382 5222 jacerent.
3420 5156 3506 5207 An
3540 5153 3595 5207 in
3623 5152 3794 5206 Africa

2190 5254 2339 5317 copia
2371 5257 2485 5303 erat
2512 5247 2866 5315 specularium
2903 5244 3170 5315 lapidum,
3202 5246 3288 5314 qui
3323 5246 3505 5300 Lunae
3538 5254 3593 5300 et
3624 5244 3797 5300 stella.

2190 5357 2307 5396 rum
2349 5340 2518 5394 lucem
2562 5339 2615 5391 in
2659 5338 2931 5391 conclavia
2974 5336 3355 5400 admitterent,
3409 5338 3505 5405 qui
3556 5339 3609 5389 iu
3652 5333 3800 5388 Italia

2191 5432 2462 5496 rariores;
2510 5445 2615 5501 quo
2647 5430 2806 5485 ﬁebat
2836 5436 2913 5492 ut,
2945 5428 3143 5481 clausis
3172 5428 3367 5496 ligneis
3402 5428 3698 5489 fenestris,
3731 5436 3801 5478 te-

2186 5525 2367 5581 nebrae
2397 5532 2578 5578 essent
2606 5524 2657 5575 in
2682 5520 3065 5575 conclavibus?
3099 5520 3342 5576 Viderint
3372 5521 3679 5575 doctiores.

2255 5618 2384 5686 Cap.
2421 5618 2507 5680 11,
2538 5615 2565 5686 §
2597 5617 2686 5671 51.
2726 5614 2818 5667 Vir
2854 5623 2901 5666 et
2934 5614 3137 5684 ingenio
3177 5624 3224 5667 et
3256 5614 3567 5683 eloquentia
3606 5622 3650 5665 ct
3686 5611 3803 5682 ipsis

2186 5714 2467 5786 insignibus
2510 5712 2900 5781 muneribusque
2939 5716 3157 5781 fortuna:
3194 5721 3259 5775 et,
3291 5713 3441 5778 quod
3481 5722 3604 5764 ante
3636 5709 3803 5762 omnia

2188 5817 2282 5871 est,
2309 5816 2471 5860 mente
2498 5803 2955 5870 pra'stantissimus
2984 5802 3312 5871 Theodorus,
3348 5820 3511 5875 quem
3542 5805 3670 5859 bene
3699 5804 3804 5872 ipsa
