3954 6364
206 309 297 363 221

869 316 1225 377 VARIORUM
1262 320 1868 385 EXEP-CITATIONES
1908 325 1973 383 IN
2014 327 2072 384 S.
2115 327 2485 391 AUGUSTINI
2524 331 2774 390 OPERA.

3365 332 3472 388 2‘22

202 430 347 497 nosti,
368 432 420 483 id
440 433 565 505 agit,
590 443 644 486 ut
666 442 714 487 et
738 450 873 489 nunc
893 446 939 490 et
963 440 1102 508 apud
1124 450 1371 509 posteros,
1398 442 1601 496 nullum
1620 459 1778 517 genus
1806 445 1859 504 Α
1884 443 2001 514 hes,
2030 447 2123 501 sed
2155 448 2375 505 minime
2406 460 2689 519 propterea
2738 449 3016 505 castiores.
3060 449 3268 518 Quanto
3301 455 3470 509 satius

202 520 451 574 hominum
481 524 543 576 de
574 524 751 580 litteris
781 538 1069 583 nostrorum
1097 541 1378 603 temporum
1398 537 1523 606 jure
1557 552 1778 600 conque-

201 613 380 687 ratur.]
411 615 615 673 Vellem
643 630 881 676 exstaret
924 626 1240 691 cpusculum
1271 626 1539 683 Theodori
1569 626 1636 683 de
1662 624 1779 682 Ori-

201 706 325 776 ginet
343 718 396 763 et
428 720 615 765 natura
646 714 854 780 mundi,
886 717 1025 783 quod
1057 718 1223 771 latere
1256 720 1307 773 in
1335 719 1670 774 bibliothecis
1696 720 1777 774 di-

198 799 327 854 citur
361 816 391 854 a
424 800 506 857 Cl.
537 796 798 860 Salmasio
836 807 888 861 in
924 808 1074 877 praef.
1118 810 1185 864 ad
1218 812 1545 880 Ampelium.
1599 815 1676 867 Ex
1709 829 1775 871 eo

198 891 330 946 enim
362 894 657 965 intelligere
685 897 871 953 liceret
900 916 965 953 an
990 900 1078 955 bic
1102 902 1151 956 ei
1183 903 1445 970 aduletur,
1472 905 1613 975 quod
1644 920 1773 961 sane

194 984 450 1053 suspicor,
485 989 839 1058 Augustinus,
891 1008 987 1061 pro
1018 1011 1167 1049 more
1197 996 1375 1049 surculi
1407 996 1517 1062 sui,
1551 1013 1694 1067 quo,
1727 999 1772 1052 si

194 1091 414 1147 unquam
439 1080 592 1147 alias,
618 1082 920 1139 immodicae
944 1086 1127 1142 laudes
1153 1088 1203 1141 in
1234 1104 1329 1143 usu
1358 1089 1561 1160 vulgari
1586 1090 1766 1144 luere:

192 1166 233 1220 Is
257 1168 605 1236 Theodorus,
639 1190 758 1229 cum
796 1177 1080 1233 militasset
1125 1181 1263 1235 inter
1289 1182 1589 1236 Advocatos
1624 1182 1770 1239 sedis

153 1270 156 1279 ‘
188 1264 515 1328 prastoriante
540 1266 592 1319 in
621 1266 786 1331 Italia,
822 1271 1104 1338 prtefectus
1138 1272 1237 1326 fuit
1267 1274 1400 1341 parti
1425 1274 1624 1347 Libyae,
1658 1286 1767 1330 tum

186 1355 310 1423 parti
344 1356 674 1414 Macedonia:
694 1401 707 1426 ,
737 1360 933 1416 deinde
963 1373 1198 1435 quaestor
1228 1366 1363 1419 sacri
1398 1367 1577 1435 palatii
1596 1408 1610 1432 ,
1646 1376 1769 1436 post

188 1460 351 1500 comes
396 1463 669 1504 sacrarum
714 1452 1087 1523 largitionum,
1132 1470 1194 1509 ac
1232 1458 1443 1512 tandem
1485 1459 1766 1526 praefectus

189 1538 423 1605 pratorio
453 1537 743 1599 Galliarum
775 1560 919 1620 anno
947 1546 1073 1604 580.
1124 1548 1214 1601 llis
1248 1548 1539 1605 honoribus
1569 1551 1762 1606 delun-

195 1641 298 1685 ctus
318 1630 381 1685 ad
398 1632 563 1687 vitam
586 1640 845 1705 privatam
873 1638 1052 1701 rediit,
1073 1639 1126 1692 in
1153 1656 1252 1708 qua
1281 1642 1577 1697 scribendis
1602 1645 1763 1698 variis

197 1723 439 1785 opusculis
486 1740 703 1794 operam
752 1727 919 1782 dedit.
972 1729 1089 1799 Quo
1135 1730 1448 1795 intervallo,
1481 1734 1625 1788 circa
1657 1751 1756 1788 an-

1884 546 2000 591 erat
2048 538 2227 593 dicere
2278 542 2446 594 malas
2490 542 2745 597 mulieres
2792 551 2846 596 et
2886 540 3199 597 libidinosos
3242 543 3467 612 juvenes

1882 631 2028 685 abuti
2055 632 2299 688 libertate
2322 650 2350 686 a
2386 634 2498 688 Deo
2526 644 2766 705 accepta,
2796 644 2851 689 et
2892 635 2993 689 alia
3025 651 3144 704 quae
3178 636 3244 690 ab
3286 639 3467 692 erudi-

1886 723 1950 777 tis
1975 738 2115 777 nunc
2144 724 2246 777 dici
2275 725 2486 779 solent?
2509 727 2563 780 Si
2589 727 2713 780 talia
2735 727 2891 782 hodie
2920 727 3301 795 scriberemus,
3330 746 3465 784 utm-

1880 830 2037 882 quam
2067 829 2150 870 snt
2180 833 2370 888 graves
2401 835 2584 887 poenas
2624 822 2751 875 dare
2785 837 3062 889 possemus
3094 823 3157 876 iis
3187 826 3275 892 qui
3316 839 3376 877 ea
3408 824 3460 879 in

1878 908 2149 962 veteribus
2200 910 2482 966 mirantur.
2525 911 2636 965 Non
2678 914 2981 980 expendam
3026 915 3293 979 quomodo
3335 914 3461 970 vitia

1877 997 2069 1052 faciant
2100 1000 2166 1053 ad
2210 1001 2461 1067 ordinem,
2511 1004 2669 1056 nimis
2702 1006 2883 1057 multis
2919 1006 3100 1059 verbis
3139 1022 3273 1076 opus
3296 1018 3461 1074 esset,

1876 1100 1933 1142 ut
1962 1092 2187 1158 quaestio
2225 1094 2662 1160 constitueretur,
2711 1102 2765 1149 et
2802 1095 2852 1149 in
2884 1096 3125 1151 ordinem
3172 1099 3349 1152 omnia
3381 1100 3463 1153 di-

1874 1192 2207 1247 gererentur.
2243 1183 2437 1237 Verum
2469 1187 2637 1240 orabo
2664 1186 2921 1240 lectorem
2958 1196 3014 1241 ut
3047 1200 3272 1243 conetur
3297 1206 3361 1244 ex
3396 1192 3461 1245 iis

1872 1285 1991 1335 qua:
2016 1272 2100 1326 hic
2132 1274 2393 1328 habentur
2420 1277 2561 1340 apud
2596 1278 2970 1346 Augustinum,
3004 1280 3237 1335 conﬂare
3278 1282 3461 1350 dispu-

1874 1364 2131 1417 tationem
2166 1367 2499 1433 perSpicuam
2544 1377 2598 1421 et
2647 1370 2728 1422 via
2765 1382 2829 1422 ac
2860 1370 3068 1423 ratione
3098 1370 3455 1440 dispositam;

1869 1453 2009 1522 quod
2042 1456 2085 1509 si
2119 1467 2357 1524 prmstel,
2393 1460 2485 1510 erit
2517 1458 2638 1511 mihi
2672 1476 2890 1529 magnus
2924 1459 3112 1528 Apollo

1938 1547 2069 1615 Cap.
2118 1549 2173 1611 9,
2231 1549 2258 1618 §
2307 1550 2397 1604 ‘22.
2450 1552 2717 1605 Aeriorum
2755 1554 3061 1607 animalium
3109 1571 3240 1608 mtra
3288 1555 3452 1626 falla-

1866 1637 1965 1702 cia,
1999 1637 2128 1709 etc.]
2159 1640 2416 1695 Platonici
2470 1648 2579 1706 ζῶα
2618 1652 2833 1708 vocant,
2881 1661 2975 1698 seu
3006 1647 3270 1715 animalia,
3312 1663 3456 1717 quaa-

1867 1741 2077 1795 cunque
2105 1730 2281 1784 anima
2315 1734 2535 1800 prmdita
2566 1744 2711 1802 sunt,
2745 1736 2931 1804 quales
2958 1747 3083 1791 sunt
3110 1739 3183 1792 dii
3211 1738 3288 1792 illi
3319 1739 3456 1794 inle-

192 1829 291 1865 num
319 1814 444 1881 586,
476 1817 807 1886 Augustinus
857 1819 970 1873 haec
1017 1822 1310 1876 scribebat.
1365 1821 1448 1876 Ad
1496 1826 1744 1893 amplior:

1870 1819 2068 1884 riores,
2100 1836 2326 1891 quorum
2358 1824 2538 1878 sudem
2571 1827 2620 1878 in
2667 1841 2792 1881 aere
2840 1828 3124 1895 ponebant.
3159 1829 3268 1884 Hos
3296 1845 3456 1885 caco-

184 1904 356 1961 deinde
386 1914 607 1963 munera
640 1914 926 1980 pervenit,
958 1921 1016 1967 ut
1044 1913 1260 1970 docebit
1288 1918 1542 1975 Amemus
1570 1918 1753 1973 [ωδε-
1864 1910 2139 1965 daemonas
2178 1928 2298 1969 esse
2328 1914 2782 1984 interpretabatur
2819 1920 3169 1987 Augustinus.
3216 1923 3290 1976 De
3322 1937 3449 1977 sen-

180 1999 281 2052 "ius
307 1999 362 2053 in
392 2001 573 2056 "bello
602 2014 757 2058 amca
790 2017 1107 2061 memorato.
1865 2006 2029 2056 tentia
2062 2004 2455 2060 Platonicorum
2487 2018 2569 2061 sat
2599 2010 2765 2063 multa
2784 2010 3074 2079 Apuleius,
3108 2012 3161 2065 in
3194 2012 3347 2069 libris
3374 2015 3444 2071 de

234 2088 396 2146 ιιειιο
426 2107 486 2145 η,
519 2092 649 2160 Cap,
686 2095 735 2159 ι,
772 2095 799 2165 §
834 2098 884 2149 ί,
932 2095 1213 2151 Nobiscum
1252 2110 1361 2153 εναι
1402 2102 1554 2154 “iam
1593 2110 1753 2157 ηιαεεν
1861 2092 2079 2159 Mundo,
2113 2094 2179 2149 de
2210 2097 2554 2164 PhiloSOphia
2585 2099 2837 2165 naturali,
2863 2109 2917 2154 et
2945 2100 3012 2155 de
3046 2100 3154 2155 Deo
3181 2101 3442 2159 Socratis.

180 2195 353 2249 nostra,
378 2191 529 2256 cujus
554 2188 1024 2259 ingenium...cum
1053 2202 1202 2247 antea
1232 2195 1462 2253 convictu
1488 2196 1746 2263 diuturno,
1931 2185 2061 2254 Cap-
2098 2188 2186 2252 12»
2224 2187 2249 2258 §
2282 2190 2373 2243 55-
2419 2190 2617 2256 Quibus
2652 2191 2849 2246 άῑιυδυε
2895 2195 3109 2260 "Peras
3152 2194 3368 2265 (“neris
3395 2206 3450 2253 ει

182 2284 216 2327 et
251 2276 478 2348 diligenti
521 2281 922 2335 consideratione
956 2299 1342 2352 perspexeram,
1390 2296 1498 2340 tum
1537 2304 1652 2342 vero
1698 2292 1744 2342 in

1863 2280 2044 2349 ﬁguris
2086 2284 2454 2353 numerorum)
2486 2295 2607 2337 natu
2652 2295 2724 2339 est
2757 2285 2849 2338 illa
2892 2285 3219 2340 librariorum
3255 2299 3300 2343 et
3330 2290 3443 2343 cal-

183 2369 379 2433 quadam
400 2369 747 2439 disputatione
775 2390 873 2425 non
897 2390 1069 2442 parvae
1099 2377 1173 2429 rei
1192 2394 1413 2446 quam...
1441 2379 1495 2432 in
1524 2379 1744 2433 libellum

1863 2370 2098 2423 calonum
2118 2374 2390 2441 professio,
2419 2375 2554 2427 velut
2570 2375 2807 2443 quaedam
2826 2379 3176 2446 grammatica:
3194 2379 3439 2449 infantia,

188 2462 390 2526 contuli,
426 2470 567 2515 tanta
605 2465 728 2516 mihi
765 2482 903 2519 mens
942 2480 1282 2540 apparuerat,
1327 2484 1383 2525 ut
1421 2471 1555 2525 nihil
1581 2475 1744 2542 aptius

1863 2477 2009 2531 quam
2044 2461 2210 2516 Varro
2234 2463 2594 2518 litterationem
2620 2478 2784 2532 vocat,
2809 2466 2985 2522 Greece
3005 2478 3169 2523 autem
3192 2472 3444 2539 quomodo

188 2564 292 2603 certe
313 2552 648 2621 philosophia:
676 2556 973 2630 t-ideretur.]
1000 2560 1055 2613 Si
1084 2559 1198 2615 ι]ωο
1228 2561 1280 2613 in
1309 2578 1558 2619 sermone
1589 2566 1744 2620 lami-

1863 2552 2143 2623 appelletur
2181 2570 2282 2607 non
2325 2558 2449 2609 satis
2496 2557 2550 2610 in
2594 2560 2868 2626 praesentia
2894 2559 3108 2630 recolo.]
3142 2561 3445 2617 Vocabatur

187 2638 281 2694 liari
319 2642 473 2695 matri
504 2644 734 2699 dixisset
766 2648 1122 2716 Augustinus,
1157 2652 1450 2723 vituperari
1480 2672 1610 2711 sane
1640 2674 1744 2713 non

1863 2652 2293 2716 γραμματιστική,
2328 2648 2517 2700 doctor
2553 2663 2684 2701 vero
2722 2655 3140 2725 γραμματιστής.
3194 2650 3346 2705 Philo
3377 2653 3445 2708 de

184 2742 358 2798 posset,
387 2732 497 2788 imo
525 2735 660 2791 forte
690 2739 1019 2807 laudaretur,
1053 2743 1266 2808 pietatis
1291 2759 1472 2799 causa.
1502 2747 1606 2803 Sed
1632 2748 1744 2803 hinc

1863 2748 2147 2802 congressu
2189 2736 2506 2791 eruditionis
2562 2752 2721 2792 causa
2748 2755 2761 2790 :
2789 2743 2854 2792 Τὸ
2884 2761 2941 2813 γε
2976 2743 3067 2809 μὲν
3110 2743 3319 2816 γράφειν
3360 2748 3443 2799 καὶ

183 2824 339 2878 nescio
368 2827 633 2893 quomodo
664 2831 899 2884 scribere
930 2835 1247 2889 sustinuerit
1276 2837 1341 2889 ad
1368 2839 1539 2892 virum
1568 2841 1744 2897 erudi-

1863 2827 2210 2898 ὶναγινὼσκειν
2249 2839 2605 2905 γραμματικῆς
2644 2851 2699 2885 τε
2748 2832 3078 2907 ἁτελεστέρας
3116 2835 3439 2907 ἁπάγγελμα,

182 2924 273 2969 tum
300 2926 454 2987 atque
480 2921 663 2985 edere,
688 2936 809 2977 cum
837 2927 1133 2992 praesertim
1163 2918 1297 2983 liber
1324 2930 1391 2985 de
1421 2932 1538 2987 Vita
1565 2933 1743 2998 beata,

1863 2918 1910 2975 ὃν
1936 2922 2355 2994 παρατρέποντές
2385 2942 2515 2982 τινες
2552 2932 2995 2998 γραμματιστικήν
3022 2928 3237 2983 καλοῦσι
3267 2945 3283 2982 :
3316 2930 3442 2983 scri-

180 3006 255 3061 ubi
284 3009 474 3063 eximia
510 3013 595 3065 illa
623 3013 878 3069 Monniea:
910 3031 1167 3085 reSponsa
1201 3020 1466 3090 leguntur,
1506 3025 1744 3081 edendas

1863 3009 1967 3063 bere
2019 3022 2067 3064 et
2098 3014 2260 3082 legere
2288 3019 2634 3084 grammatica:
2664 3028 2733 3069 est
2767 3019 3096 3090 imperfectte,
3128 3038 3281 3089 quam
3309 3039 3440 3076 non-

176 3098 318 3152 etiam
344 3111 503 3155 esset.
541 3103 671 3157 Eum
704 3108 845 3160 enim
875 3108 917 3160 si
947 3110 1064 3177 quis
1098 3110 1260 3180 legat.
1292 3112 1448 3169 facile
1480 3116 1745 3187 intelliget
1854 3100 1987 3154 nulli
2026 3114 2367 3159 convertentes
2406 3108 2703 3162 vocabulum
2732 3114 3185 3181 grammatisticans
3229 3127 3431 3172 vocant.

173 3188 320 3243 ﬁlium
342 3206 451 3261 pra),
477 3210 662 3250 amore
688 3201 873 3252 matris
900 3199 1170 3269 ingenium
1202 3205 1468 3261 invenisse
1490 3207 1543 3262 in
1565 3211 1743 3265 verbis
1770 3209 1817 3274 ο
1844 3195 2136 3252 Hartianus
2165 3197 2381 3268 Capella
2536 3218 2590 3256 III
2623 3204 2691 3257 de
2719 3204 2927 3274 Nuptiis
2954 3206 3201 3262 Μθνειιῑίἰ
3230 3218 3285 3263 et
3313 3210 3438 3263 Phl-

173 3281 310 3338 bona:
332 3301 481 3353 auus,
518 3290 661 3358 quod
692 3292 781 3344 alii
814 3308 918 3347 non
951 3296 1101 3350 facile
1130 3299 1579 3356 animadvertant.
1610 3303 1738 3370 Quae

1863 3290 2069 3359 alogias,
2105 3292 2185 3345 sic
2213 3295 2618 3361 grammaticam
2642 3298 2947 3367 loquentem
2991 3300 3195 3356 inducit
3225 3314 3435 3377 εΓραμ-

170 3378 344 3432 mulier
364 3396 506 3435 nunc
531 3383 685 3450 paulo
712 3384 991 3440 liberalius
1017 3389 1242 3471 educata
1285 3392 1409 3448 talia
1437 3404 1492 3449 et
1517 3396 1737 3451 meliora

1863 3389 2030 3443 ιατική
2074 3384 2218 3438 dicor
2272 3387 2326 3439 in
2353 3385 2575 3452 Graecia,
2620 3392 2756 3459 quod
2782 3400 2995 3468 γραμμὴ
3024 3394 3157 3448 linea
3182 3404 3229 3448 et
3262 3399 3430 3472 γράμο

168 3471 312 3524 eliam
339 3472 478 3526 aliud
507 3490 668 3543 agens
699 3492 802 3531 non
829 3458 1099 3535 el'fundai?

1863 3498 1983 3531 ιατα
2010 3476 2193 3531 littera:
2232 3491 2612 3551 nuncupentur,
2658 3458 2883 3555 mihique
2913 3488 2976 3538 sit
3013 3488 3313 3541 attributum
3344 3488 3435 3542 lit-

224 3560 351 3632 Cap.
377 3564 433 3628 2,
463 3564 568 3636 μ.
601 3567 768 3636 Deﬁni
797 3588 933 3641 ergo,
968 3573 1197 3643 inquam,
1241 3578 1286 3631 si
1312 3579 1476 3649 placet
1508 3582 1631 3651 quid
1672 3584 1736 3637 sit

1865 3582 2070 3619 erarum
2110 3570 2300 3637 formas
2338 3573 2557 3640 propriis
2602 3575 2833 3627 ductibus
2876 3577 3086 3631 lineare.
3126 3578 3266 3632 Hinc
3305 3581 3434 3635 mihi

165 3667 257 3705 me
316 3672 424 3709 (um
461 3657 640 3714 Deam
700 3660 800 3716 0d;
851 3680 963 3733 ego,
1016 3668 1201 3736 ιηᾳηίι.
1261 3670 1518 3745 deﬂui,“
1578 3676 1646 3728 At
1692 3677 1735 3730 si
1839 3656 2095 3711 Romulus
2134 3658 2448 3715 litteratura:
2489 3678 2672 3716 nomen
2718 3666 2978 3734 ascripsit,
3007 3669 3237 3735 quamvis
3263 3670 3434 3739 infun-

162 3742 292 3799 hunc
345 3756 397 3803 ει
435 3753 766 3819 superiorem
812 3755 1002 3811 librum
1048 3759 1229 3829 legas,
1290 3742 1517 3820 nullam‘
1554 3767 1739 3823 deﬁ,,i_
1845 3756 1945 3799 tem
1985 3764 2065 3800 me
2094 3749 2473 3805 litterationem
2505 3754 2719 3809 voluerit
2744 3758 3249 3829 Tnuncupareﬂsicut
3293 3763 3433 3832 apud

160 3838 348 3895 tionem
399 3845 558 3911 paulo
610 3852 995 3906 accuratiorem
1052 3856 1321 3923 invenies;
1381 3860 1473 3913 sed
1529 3870 1733 3916 tantum
1838 3835 2043 3892 δ”ίεεθδ
2071 3850 2486 3912 Ὑραμματίστικὴ
2516 3848 2753 3913 Ρνίη¹ί¹²λδ
2777 3851 3053 3918 vacuam",
3083 3860 3193 3905 “‘m
3222 3863 3266 3906 “
3298 3855 3433 3907 “’"i‘

158 3929 535 4002 descripﬁones
583 3938 901 4010 rhetoricas,
948 3960 1006 4000 re
1046 3947 1312 4018 descripta
1347 3966 1491 4020 smpe
1535 3954 1736 4008 obscu_
1838 3929 2007 3982 stitem
2030 3931 2193 3998 dedit,
2223 3944 2271 3987 et
2297 3946 2568 3991 sectatores
2605 3940 2891 4008 impuberes
2924 3947 3235 4014 aggregavit.
3264 3947 3432 4001 Isido-

158 4023 324 4080 τίοτῆ
371 4040 458 4081 au,
489 4040 633 4086 certe
675 4048 826 4102 mque
871 4050 935 4090 ac
982 4053 1100 4092 eam
1151 4019 1438 4097 obscuras;
1486 4044 1729 4114 Exempli
1841 4034 1933 4114 rus
1956 4019 2103 4091 Orig.
2136 4022 2230 4076 lib.
2259 4040 2297 4089 ι,
2328 4041 2446 4094 cap.
2477 4030 2554 4084 ὃς
2589 4028 2885 4086 Primordia
2927 4038 3280 4107 grammatice
3305 4040 3431 4093 artis

156 4128 312 4170 causa
354 4136 456 4173 me
491 4138 606 4175 cum
656 4123 788 4190 Deo,
818 4142 936 4196 qua,
968 4138 1050 4183 es,
1098 4130 1298 4187 locum)
1341 4135 1633 4204 impropria
1664 4112 1734 4191 εἰ
1839 4112 2022 4166 litterte
2042 4129 2336 4170 communes
2366 4120 2606 4190 existunt,
2635 4140 2760 4193 quas
2785 4125 2984 4180 librarii
3006 4139 3052 4181 et
3090 4130 3427 4185 calculatores

159 4205 399 4273 obscura,
428 4212 682 4268 delinitur
712 4233 744 4269 a
772 4217 881 4271 Deo
915 4221 1289 4291 administrari,
1321 4235 1414 4281 aut
1447 4228 1732 4301 intelligere
1837 4214 2138 4301 ξῗίῖνυη-ίυνν
2163 4209 2321 4301 ,υηάθ
2362 4220 2408 4263 ⁸⁸
2457 4228 2568 4265 eam
2622 4212 2789 4269 Varro
2835 4218 3216 4276 [mentionem
3260 4233 3423 4276 "om"

156 4296 339 4367 Deum,
363 4316 468 4359 etc.
494 4307 548 4361 Si
574 4307 696 4361 talia
726 4308 886 4366 hodie
906 4314 1453 4382 conseribillarentur,
1485 4330 1539 4375 et
1562 4292 1734 4391 invpu-
1835 4292 1993 4391 Phi“
2027 4299 2124 4351 hac
2144 4297 2213 4354 de
2242 4316 2299 4355 re
2330 4312 2568 4358 Veterm"
2600 4308 2905 4364 ¹θ⁵¹ί¹¹¹⁰¹¹ί²³
2938 4312 3061 4368 Vide
3091 4315 3234 4383 apud
3261 4315 3420 4370 ³0³³·

159 4392 343 4449 blicam
385 4398 556 4452 lucem
604 4404 1073 4473 protruderentur,
1115 4408 1354 4476 profecto
1400 4414 1729 4467 eruditorum

1907 4386 2127 4445 Wower
2170 4391 2224 4445 in
2256 4397 2574 4454 tractatione
2616 4400 2685 4454 de
2725 4400 3085 4473 Polymathia,
3132 4422 3249 4477 cap.
3285 4411 3338 4473 4,
3371 4418 3427 4463 et

158 4483 390 4549 plausum
415 4505 520 4542 non
545 4489 769 4558 ferrent,
799 4494 875 4549 uti
907 4512 1005 4551 nec
1037 4499 1332 4556 innumerae
1359 4502 1547 4559 inanes
1567 4522 1728 4576 argu-

1838 4478 2025 4535 Cluud.
2075 4482 2395 4541 Salmasium
2440 4490 2541 4544 sub
2589 4491 2750 4547 linem
2803 4509 3045 4552 notarum
3101 4499 3153 4552 in
3191 4499 3417 4554 Pallium

156 4573 259 4640 tite,
288 4578 475 4647 quibus
501 4582 614 4636 haec
638 4586 892 4652 opuscula
914 4598 1142 4644 scatent.
1177 4592 1281 4646 Sed
1312 4594 1404 4647 illo
1428 4611 1546 4657 avo
1568 4570 1727 4654 veiha

1863 4570 2173 4628 [‘ertulliani.

156 4665 319 4730 pluris
359 4672 524 4728 multo
561 4675 781 4744 ﬁebant,
813 4695 973 4751 quam
1023 4697 1111 4737 res
1152 4684 1318 4753 ipsas;
1349 4703 1458 4757 quo
1498 4691 1631 4747 vitio
1673 4703 1730 4750 et

158 4770 387 4816 nostrum
440 4768 731 4835 saeculum,
790 4771 911 4841 plus
969 4787 1139 4843 quam
1198 4778 1487 4847 Optandum
1547 4796 1723 4853 esset,

159 4853 437 4911 etiamnum
469 4859 696 4915 laborat.

215 4946 345 5017 Cap.
371 4953 427 5018 xi,
462 4952 488 5022 §
525 4954 610 5007 I2.
648 4956 790 5023 Quid
820 4961 1099 5028 sordidius,
1136 4966 1256 5032 quid
1285 4966 1490 5023 inanius
1526 4971 1725 5029 decoris

160 5049 194 5089 et
238 5047 559 5113 turpitudinis
600 5051 798 5119 plenius
838 5058 1202 5127 meretricibus,
1241 5060 1529 5135 lenonibus,
1574 5080 1720 5123 ctete-

160 5130 316 5198 risque
338 5136 429 5191 hoc
451 5156 610 5209 genus
631 5143 852 5210 pestibus
882 5147 985 5200 dici
1014 5154 1216 5216 potest?
1244 5154 1405 5225 Aufer
1434 5130 1718 5217 meretrices

162 5221 216 5274 de
254 5229 390 5282 rebus
420 5232 680 5300 humanis,
710 5236 988 5293 turbaveris
1029 5244 1198 5297 omnia
1245 5221 1582 5324 libidinibus.]
1613 5252 1716 5308 Ita-

164 5327 253 5380 que
280 5331 418 5377 recte
447 5323 672 5392 faciunt,
704 5327 749 5381 si
790 5330 1071 5400 Augustini
1095 5336 1356 5401 judicium
1402 5323 1713 5411 sequamur,

163 5403 472 5475 legislatures
514 5427 569 5473 et
602 5419 869 5489 principes
909 5426 997 5493 qui
1032 5426 1304 5495 lupanaria
1352 5403 1713 5503 essepatiun;

165 5504 267 5567 lur;
295 5519 408 5559 nam
440 5518 659 5577 prtestat
681 5526 876 5581 paucas
905 5515 1093 5571 domos
1129 5520 1297 5586 pollui
1328 5538 1488 5592 quam
1523 5542 1713 5582 omnes

165 5588 445 5653 libidinibus
486 5603 711 5658 turbari.
746 5604 1105 5672 Quamobrem
1145 5611 1294 5666 aiunt
1338 5588 1390 5667 in
1437 5616 1567 5671 urbe
1600 5636 1714 5673 om-

166 5686 291 5743 nium
315 5695 633 5752 nobilissima
667 5713 729 5753 ea
758 5701 901 5767 ferri,
932 5718 1000 5758 ne
1045 5706 1097 5758 in
1129 5718 1399 5765 matronas
1431 5722 1482 5765 et
1515 5728 1710 5783 pueros

160 5785 335 5843 Passim
369 5795 673 5857 grassentui'
710 5791 956 5853 homines
982 5808 1172 5869 sponte
1195 5800 1412 5871 quidem
1435 5817 1531 5863 sua
1563 5807 1710 5863 caeli-

1912 4661 2095 4734 [Ibid.,
2131 4665 2158 4736 §
2190 4668 2275 4721 57.
2310 4669 2589 4746 Historia.]
2625 4674 2741 4731 Non
2786 4693 2847 4732 ea
2878 4679 3217 4750 intelligenda
3258 4698 3287 4736 a
3316 4699 3419 4752 qua

1838 4758 1967 4815 dicti
1998 4761 2238 4819 historici
2268 4767 2632 4840 Thucydides,
2684 4773 2957 4848 Polybius,
3005 4776 3199 4846 aliique
3229 4779 3276 4831 id
3324 4794 3417 4849 ge-

1831 4868 1955 4921 nus,
1989 4856 2084 4910 sed
2134 4859 2442 4931 phiIOIOgia,
2486 4868 2638 4933 cujus
2670 4869 2825 4936 periti
2856 4871 3189 4944 πολυίστορες
3228 4871 3417 4925 dicun-

1833 4952 1941 5011 tur,
1982 4947 2124 5001 unde
2166 4949 2472 5008 Alexander
2503 4956 2830 5028 Polyhistor,
2881 4962 3055 5029 Apion
3083 4962 3413 5032 Palyhistor,

1831 5038 1891 5091 C.
1919 5039 2093 5095 Julius
2114 5042 2355 5113 Hyginus
2377 5046 2707 5120 Polyhistor,
2740 5057 2886 5122 quasi
2912 5053 3056 5108 dicas
3076 5056 3414 5122 multiscium,

1829 5134 1933 5188 ἀπὸ
1960 5142 2048 5190 τοῦ
2074 5138 2205 5191 πολὺ
2247 5151 2303 5194 et
2332 5141 2560 5200 ἵσασθαι.
2606 5145 2738 5200 Vide
2765 5147 2848 5202 Cl.
2889 5148 3210 5203 Salmasium
3252 5151 3317 5204 ad
3350 5151 3415 5203 ti—

1828 5224 1997 5281 tulum
2045 5228 2214 5284 Solini
2248 5231 2627 5304 Polyhistoris.
2674 5240 2761 5293 Sic
2798 5256 2991 5296 nomen
3047 5243 3274 5298 historia:
3315 5260 3413 5314 pro

1824 5322 2011 5388 quavis
2040 5324 2347 5392 cognitione
2381 5340 2669 5399 usurpatur
2704 5333 2770 5385 ab
2798 5334 3099 5404 Augustino
3130 5337 3221 5392 lib.
3265 5352 3301 5391 ιι
3343 5338 3411 5394 de

1824 5413 2054 5484 Musica,
2079 5432 2199 5488 cap.
2234 5421 2288 5491 1,
2319 5420 2345 5491 §
2381 5422 2431 5476 I.

2106 5529 2442 5587 DESIDERII
2496 5533 2748 5591 ERASMI
2793 5538 3110 5597 CENSURA

2250 5628 2299 5665 IN
2337 5628 2749 5678 SOLILOQUIORUM
2790 5634 2993 5675 LIBROS.

1890 5720 2034 5789 Opus
2063 5724 2199 5779 mire
2227 5728 2491 5797 resipiens
2520 5735 2706 5802 optimi
2738 5737 2837 5792 viri
2862 5738 3137 5795 infantiam
3171 5740 3221 5794 in
3244 5741 3375 5795 Chri

1814 5823 1919 5871 sto.
1950 5815 2086 5876 Nam
2123 5817 2404 5883 Rationem
2434 5826 2513 5885 ita
2546 5828 2854 5901 loquentem
2881 5832 3011 5892 facit
3058 5848 3179 5893 cum
3206 5834 3391 5906 Ausu-
