3954 6364
512 308 625 396 πεδ’

1399 332 1948 390 SUPPLEMENTUM
1987 333 2079 390 AD
2116 332 2344 391 orsus
2385 334 2441 392 s.
2485 321 2873 391 AUGUSTINI.

3630 341 3715 397 ΞΞᾹ

430 430 439 433 ’
511 454 670 519 stino,
704 452 853 521 quasi
877 452 1034 507 Ratio
1064 464 1168 504 non
1198 449 1268 504 sit
1290 450 1465 519 potior
1488 450 1774 520 Augustini
1800 466 1939 520 pars.
1977 452 2083 507 To-
2110 460 2159 516 Α
2187 461 2299 519 cta;
2324 461 2379 508 et
2409 452 2676 522 thymosa,
2708 452 2822 507 sive
2863 466 2893 506 e
2929 448 3113 520 thymo
3142 447 3379 505 collecta.
3409 452 3499 507 Adi
3523 453 3715 516 Plinium

428 586 434 601 .
511 543 783 598 lerabilius
805 543 1008 599 Seneca
1039 540 1189 611 lingit
1217 540 1456 595 Rationis
1481 551 1533 596 et
1566 543 1768 598 Sensus
1794 542 2082 613 dialogum.

510 636 593 691 Ad
622 636 758 703 haec,
789 636 942 707 quasi
985 650 1115 691 vero
1142 634 1249 690 duo
1280 634 1567 706 loquantur
1598 637 1865 705 homines,
1895 638 1947 693 in
1978 639 2089 694 dis-

510 728 813 797 putationes
852 736 905 783 et
935 727 1099 782 libros
1128 726 1425 783 dissecatur
1455 743 1656 797 sermo,
1686 744 1753 784 ne
1790 730 2087 800 defetigen-

513 830 599 875 tur
631 838 644 874 :
679 835 1059 891 nonnunquam
1098 828 1153 876 et
1179 820 1233 874 in
1279 821 1592 890 sophistica,
1628 822 1958 892 leviculaque
2003 839 2090 879 ar-

510 916 781 983 gutatione
832 914 1145 984 imploratur
1192 914 1445 969 auxilium
1494 915 1757 971 divinum.
1805 918 2087 973 Lectorem

520 1008 739 1075 requirit
769 1009 1061 1077 patientem
1091 1017 1146 1063 et
1172 1008 1482 1063 candidum.

721 1109 769 1165 J.
810 1108 1193 1166 PIIEREPONI
1235 1109 1880 1168 ANIMADVERSIONES

1034 1207 1086 1245 IN
1126 1206 1327 1246 EOSDEI
1369 1207 1569 1247 LIBROS.

583 1279 745 1337 Ltnno
768 1297 806 1335 ι.
834 1282 963 1352 Cap.
1000 1284 1051 1349 i,
1077 1281 1102 1353 §
1132 1284 1182 1337 1.
1216 1286 1297 1336 Ait
1329 1284 1456 1337 mihi
1486 1286 1672 1351 subito,
1705 1286 1805 1338 sive
1829 1302 1924 1357 ego
1959 1286 2088 1353 ipse,

510 1377 612 1431 sive
657 1380 790 1433 alius
840 1382 954 1450 quis
1000 1381 1324 1450 intrinsecus,
1381 1384 1483 1437 sive
1521 1385 1833 1438 extrinsecus
1874 1378 2091 1451 nescio.]

519 1468 644 1524 Hzec
664 1472 908 1527 redolent
938 1471 1345 1541 Platonismum,
1380 1490 1443 1529 ex
1467 1491 1572 1546 quo
1604 1476 1846 1530 homines
1867 1475 2095 1528 rationa-

536 1584 587 1619 es
626 1578 769 1633 sunt,
806 1578 1069 1637 quatenus
1095 1570 1287 1624 divina:
1317 1572 1533 1625 rationis
1572 1571 1888 1642 participes;
1922 1586 1952 1623 a
1989 1582 2093 1640 qua

514 1675 618 1714 non
636 1668 837 1715 tantum
863 1676 1186 1732 acceperunt
1213 1664 1565 1719 substantiam
1590 1665 1759 1735 ipsam
1792 1676 1846 1719 et
1868 1666 2091 1720 faculta-

514 1759 594 1806 tes
614 1754 831 1821 mentis,
864 1756 957 1809 sed
982 1757 1139 1810 etiam
1164 1771 1285 1809 cum
1314 1757 1449 1811 bene
1480 1758 1867 1812 ratiocinantur
1883 1756 2092 1812 occulte

2194 544 2329 608 Hist.
2360 553 2469 600 nat.
2498 543 2592 599 lib.
2622 559 2698 610 ιι,
2730 558 2851 613 cap.
2880 544 2948 597 15
2969 551 3023 596 et
3049 555 3200 612 seqq.

2668 654 3312 711 ANIMADVERSIONES

2432 753 2480 793 IN
2520 753 2711 792 LIBRUM
2752 753 2818 791 DE
2856 751 3286 790 IMIIORTALITATE
3324 751 3511 792 ANIMI.

2257 829 2390 903 Cap.
2425 831 2606 903 1,51.
2636 830 2695 886 Si
2737 830 2927 885 alicubi
2971 838 3043 885 est
3085 827 3376 898 disciplina,
3420 845 3503 881 nec
3527 846 3621 884 esse
3646 833 3728 887 nisi

2191 926 2243 979 in
2276 942 2333 979 eo
2361 924 2497 994 quod
2530 926 2648 979 vivit
2680 931 2844 995 potest
2874 932 2919 977 et
2961 936 3157 992 semper
3186 929 3280 985 est,
3306 936 3459 988 neque
3481 922 3727 991 quidquam

2191 1019 2243 1072 in
2275 1033 2373 1088 quo
2403 1017 2524 1088 quid
2554 1032 2750 1085 semper
2771 1024 2843 1069 est
2879 1024 3039 1085 potest
3066 1028 3175 1068 esse
3198 1029 3298 1067 non
3329 1028 3541 1081 semper,
3563 1030 3729 1081 semper

2193 1110 2310 1163 vivit
2356 1110 2410 1162 in
2439 1125 2537 1178 quo
2569 1118 2639 1162 est
2684 1102 3007 1176 disciplina.]
3046 1103 3209 1171 Quasi
3258 1117 3383 1156 vero
3413 1118 3513 1156 non
3553 1106 3730 1172 possint

2193 1214 2313 1255 esse
2359 1199 2411 1253 in
2454 1198 2727 1254 intellectu
2768 1197 2860 1251 Dei
2907 1196 3040 1250 ideae
3077 1193 3495 1263 disciplinarum,
3524 1194 3732 1263 quamvis

2194 1292 2355 1346 nullae
2400 1298 2582 1346 essent
2627 1288 2921 1345 creaturae!
2955 1285 3066 1341 lmo
3111 1285 3343 1349 fuerunt,
3389 1294 3509 1339 ante
3537 1284 3734 1339 creatio-

2194 1398 2341 1438 nem.
2394 1382 2680 1445 Praeterea,
2726 1379 2847 1449 quis
2889 1379 3057 1433 nescit
3106 1376 3523 1446 distinguendam
3558 1376 3735 1429 absua-

2194 1483 2337 1529 ctam
2372 1472 2668 1542 cujuSpiam
2699 1471 2774 1527 rei
2817 1469 3012 1535 ideam,
3057 1484 3118 1524 ac
3145 1469 3451 1531 veritatem;
3482 1467 3545 1521 ab
3570 1468 3735 1522 actuali

2196 1565 2522 1634 cogitatione
2551 1564 2618 1618 de
2643 1562 2909 1629 ejusmodi
2939 1560 3078 1628 idea,
3115 1572 3207 1615 aut
3234 1558 3487 1613 veritate?
3516 1556 3643 1612 Idea:
3659 1573 3736 1613 ve-

2196 1658 2487 1725 ritatesque
2524 1655 2811 1710 abstracta:
2842 1662 3058 1708 mternze
3085 1650 3350 1713 dicantur,
3377 1648 3512 1719 quod
3542 1648 3642 1703 sint
3662 1664 3737 1703 na-

2196 1757 2311 1802 tura
2339 1762 2436 1802 sua
2476 1745 2870 1811 immutabiles;
2899 1743 2994 1798 sed
3018 1742 3137 1814 quis
3171 1742 3295 1797 inde
3320 1741 3531 1811 colligat
3560 1741 3740 1795 animos

512 1858 819 1913 monentur,
855 1850 1003 1917 quasi
1047 1866 1075 1903 a
1116 1851 1395 1920 magistro.
1432 1851 1566 1906 Vide
1597 1851 1787 1905 librum
1835 1850 1902 1906 de
1928 1851 2091 1921 Magi-

2197 1839 2261 1892 de
2289 1839 2354 1893 iis
2380 1839 2679 1909 cogitantes
2709 1852 2830 1892 esse
2876 1845 3132 1903 aeternos,
3169 1844 3363 1904 praeter
3403 1848 3572 1888 meros
3607 1848 3740 1901 argu-

512 1949 647 1994 stro.
689 1940 801 1994 Imo
843 1951 897 1997 et
944 1943 1227 2009 rationem,
1259 1943 1529 1999 abstracte
1574 1952 1890 2015 spectatam,
1944 1960 2094 2000 more

511 2031 789 2087 Platonico
835 2034 1186 2088 substantiam
1227 2050 1348 2090 esse
1392 2036 1527 2102 vult,
1583 2036 1650 2091 de
1691 2035 2093 2092 lmmortalitate

510 2124 703 2177 animae
735 2123 762 2195 §
796 2123 884 2179 ll.
914 2125 1040 2180 Ideo
1068 2126 1398 2196 Augustinus
1424 2129 1688 2182 rationem
1713 2143 1742 2181 a
1775 2141 1954 2184 mente
1998 2143 2091 2183 sna

512 2215 777 2279 distinxit,
827 2231 1050 2288 eamque
1100 2233 1223 2273 cum
1276 2219 1366 2274 illa
1422 2220 1813 2290 colloquentem
1864 2221 2091 2277 induxit.

515 2307 640 2362 Haec
683 2308 1015 2364 observanda
1050 2310 1217 2377 fuere,
1269 2321 1487 2381 propter
1530 2328 1811 2369 censuram
1849 2314 2092 2381 Erasmi;

513 2413 581 2453 ne
622 2400 851 2468 ineptior
892 2413 1002 2455 tum
1045 2402 1205 2457 fuisse
1248 2404 1496 2459 videatur
1540 2405 1887 2475 Augustinus,
1936 2422 2094 2476 quam

515 2506 700 2545 revera
732 2502 869 2547 erat.
908 2492 1026 2547 Alia
1058 2507 1338 2563 possemus
1368 2494 1565 2551 addere
1602 2496 1668 2551 de
1697 2499 1907 2553 ratione
1936 2514 2000 2553 ex
2030 2499 2096 2554 iis

513 2596 633 2651 quae
670 2598 733 2637 ex
768 2582 1041 2659 Clemente
1072 2586 1274 2652 profert
1305 2587 1528 2643 Photius
1563 2588 1685 2645 cod.
1732 2605 1838 2646 (ιιι.
1871 2591 2097 2647 Caetero-

511 2673 601 2743 qui
645 2690 803 2744 quem
837 2691 941 2730 non
974 2678 1174 2747 pigeat,
1219 2679 1519 2749 taedeatque
1562 2682 1915 2751 argutiarum,
1962 2698 2094 2755 quas

512 2782 619 2822 non
649 2769 749 2823 sibi
776 2770 870 2825 sed
902 2771 1095 2825 rationi
1122 2772 1219 2840 ipsi
1248 2772 1466 2828 tribuit?

581 2858 608 2929 §
636 2860 691 2913 2.
723 2858 863 2914 Deus
883 2864 969 2931 qui
1006 2863 1197 2916 malum
1223 2880 1323 2918 non
1359 2866 1509 2936 facis,
1542 2874 1591 2921 et
1615 2866 1744 2936 facis
1764 2885 1870 2923 esse
1895 2886 1960 2924 ne
1980 2888 2093 2940 pes-

509 2951 695 3004 simum
723 2949 859 3024 ﬁat.]
905 2952 1016 3008 Hoc
1046 2962 1129 3007 est
1156 2954 1245 3024 qui
1287 2966 1477 3025 sponte
1508 2958 1725 3027 quidem
1773 2968 1862 3013 tua
1889 2961 2088 3016 malum

510 3056 618 3096 non
648 3042 797 3107 facis,
828 3042 921 3098 sed
946 3051 1151 3099 tantum
1182 3060 1249 3100 ne
1277 3045 1404 3115 quid
1434 3046 1672 3104 deterius
1698 3049 1928 3104 eveniat.
1961 3050 2090 3118 Quae

510 3135 796 3202 sententia,
840 3137 943 3191 nisi
973 3134 1151 3204 fallor,
1190 3138 1347 3209 digna
1382 3151 1499 3195 erat
1527 3156 1648 3211 quae
1684 3130 2086 3200 retractaretur.

509 3228 644 3295 Quid
673 3229 815 3282 enim
845 3244 874 3283 a
906 3238 1052 3283 recta
1091 3206 1323 3299 ratione,
1357 3206 1755 3303 Scriptnrisque
1784 3235 1951 3290 sacris
1978 3252 2090 3289 ma-
2118 3206 2167 3271 Ο

509 3319 590 3389 gis
619 3318 873 3386 alienum,
905 3335 1062 3390 quam
1111 3319 1273 3375 Deum
1314 3326 1482 3393 facere
1518 3336 1572 3377 ut
1604 3325 1669 3377 sit
1714 3326 1955 3379 malum?
1995 3326 2092 3382 sed

511 3410 630 3465 vide
664 3412 842 3479 operis
871 3411 939 3467 de
961 3411 1163 3469 Ordine
1192 3415 1287 3470 lib.
1320 3430 1376 3479 u,
1407 3431 1525 3485 cap.
1554 3416 1609 3481 4,
1641 3417 1668 3487 §
1701 3416 1755 3473 5.
1784 3417 1961 3474 Potuit
1987 3419 2091 3474 ali-

510 3517 616 3571 quo
643 3516 803 3557 sensu
848 3502 953 3557 dici
985 3503 1127 3558 Deus
1158 3504 1268 3575 pati
1288 3504 1445 3568 mala,
1480 3521 1548 3561 ne
1575 3506 1843 3562 deteriora
1882 3509 1949 3563 ab
1996 3509 2093 3563 ho-

511 3592 741 3648 minibus
779 3594 930 3663 flant,
976 3610 1095 3649 cum
1138 3609 1197 3649 se
1229 3596 1518 3651 liberarum
1566 3607 1934 3654 creaturarum
1966 3600 2095 3657 alie-

512 3671 675 3740 ctiou'i
707 3695 1059 3756 attemperat;
1092 3694 1150 3740 ut
1168 3700 1287 3741 cum
1318 3688 1371 3741 in
1399 3687 1599 3743 Judaeis
1632 3691 1886 3745 toleraret
1912 3691 2094 3747 divor-

514 3776 644 3830 tium
667 3786 719 3832 et
748 3777 869 3831 alia.
904 3777 1009 3833 Sed
1036 3793 1097 3833 ea
1136 3779 1301 3847 facere
1322 3778 1425 3833 dici
1455 3794 1560 3834 non
1585 3790 1794 3850 potest;
1826 3797 1925 3838 nec
1955 3798 2088 3840 sane

512 3870 702 3924 mirum
735 3870 855 3924 talia
888 3872 999 3926 Deo
1024 3871 1357 3940 ingerentem
1392 3873 1458 3927 ab
1488 3888 1552 3928 eo
1575 3874 1706 3929 nihil
1738 3875 2087 3946 impetrasse;

514 3975 635 4014 nam
662 3962 745 4015 his
764 3960 970 4016 duobus
1001 3962 1214 4028 libellis,
1237 3964 1428 4033 quibus
1451 3965 1517 4019 ad
1549 3965 1784 4020 divinam
1807 3982 1964 4037 opem
1988 3983 2090 4023 saa-

513 4050 634 4122 pius
644 4054 904 4124 confugit,
918 4055 1043 4125 quid
1059 4056 1271 4111 tandem
1284 4064 1386 4124 est,
1404 4059 1545 4128 quod
1565 4069 1614 4114 te
1630 4060 1821 4130 legisse
1834 4063 2091 4131 gaudeas?

583 4145 713 4217 Cap.
749 4148 837 4214 ‘12,
868 4147 895 4219 §
922 4148 1014 4202 2L
1048 4148 1214 4220 Cogor
1258 4151 1512 4205 interdum
1557 4152 1791 4207 Cornelio
1821 4155 1967 4210 Celso
2009 4174 2093 4211 as-

513 4241 710 4303 sentiri,
738 4242 826 4309 qui
852 4242 925 4294 ait
960 4258 1213 4295 summum
1242 4243 1426 4297 bonum
1454 4260 1559 4298 esse
1579 4247 1905 4316 sapientiam,
1948 4266 2091 4303 sunt-

512 4348 650 4385 mum
675 4343 843 4386 autem
870 4335 1063 4387 malum
1091 4334 1319 4389 dolorem
1344 4337 1619 4409 corporis.]
1653 4338 1874 4395 Videtur
1902 4355 2020 4396 esse
2050 4343 2093 4396 is

512 4424 665 4493 cujus
708 4425 965 4479 habemus
996 4425 1163 4480 libros
1198 4426 1267 4480 de
1307 4428 1586 4494 Medicina,
1620 4444 1741 4484 nam
1776 4441 1829 4486 et
1865 4433 1932 4487 de
1973 4434 2091 4490 aliis

512 4513 718 4568 artibus
767 4514 1073 4584 scripserat,
1134 4526 1192 4570 ut
1238 4516 1397 4572 docet
1447 4519 1806 4586 Quintilianus
1855 4522 2088 4581 lnstitut.

513 4613 714 4659 orator.
741 4605 833 4659 lib.
868 4620 964 4669 xu,
994 4621 1114 4676 cap.
1148 4606 1359 4662 ultimo.

584 4699 745 4754 Ltsno
766 4716 823 4753 u.
855 4700 987 4770 Cap.
1019 4703 1072 4768 5,
1108 4701 1136 4774 §
1165 4705 1221 4759 4.
1260 4704 1545 4760 Absurdius
1571 4708 1759 4762 dicitur
1780 4710 2083 4780 falsitatem,

513 4808 667 4863 quam
698 4795 953 4849 veritatem
995 4813 1101 4851 esse
1140 4814 1243 4851 non
1287 4800 1476 4871 posse.]
1524 4800 1663 4856 Vere
1701 4802 1973 4870 Erasmus,
2024 4805 2092 4859 ad

514 4901 664 4941 oram
696 4901 806 4942 sua:
833 4887 1106 4956 editionis,
1156 4890 1241 4945 hic
1278 4892 1563 4960 apposuit:
1595 4893 1889 4963 Sophistica
1933 4899 2089 4952 indu-

516 4980 635 5032 ctio.
663 4979 853 5035 Postea
884 4981 1043 5035 etiam
1072 4981 1137 5035 ad
1176 4982 1386 5037 initium
1420 4986 1610 5054 capitis
1642 4991 1912 5058 sequentis
1946 5009 1955 5042 :
1993 4991 2092 5046 So—

516 5069 816 5139 phisticatur
842 5081 886 5125 et
909 5073 987 5125 hic
1011 5073 1074 5126 de
1097 5087 1213 5127 vero
1248 5083 1294 5127 et
1318 5073 1471 5142 (also.
1504 5075 1748 5132 Profecto
1779 5095 1883 5134 non
1908 5080 2088 5151 sophi-

517 5173 595 5216 sta
626 5171 857 5230 tantum,
885 5166 976 5219 sed
1010 5168 1395 5239 propemodum
1424 5171 1637 5243 ineptus
1663 5173 1971 5243 haberetur,
2002 5178 2091 5247 qui

518 5256 643 5309 talia
667 5255 825 5310 hodie
850 5258 1129 5313 scriberet.

586 5344 718 5417 Cap.
744 5347 799 5415 6,
824 5349 850 5419 §
877 5350 964 5407 12.
1002 5350 1107 5405 Mel
1135 5353 1414 5425 thyminum
1440 5375 1471 5410 a
1504 5359 1650 5414 melle
1670 5360 1941 5435 thymium]
1968 5363 2094 5417 Era-

518 5455 666 5495 smus
695 5441 780 5496 hic
812 5443 968 5498 habet
995 5444 1047 5499 in
1069 5460 1161 5501 ora
1190 5464 1205 5506 ;
1235 5466 1254 5500 ‹
1293 5449 1539 5519 Virgilius
1566 5471 1577 5505 :
1604 5452 1949 5521 Redolentque
1975 5457 2092 5527 thy-

518 5550 598 5586 mo
623 5535 908 5605 fragrantia
934 5538 1107 5593 mella.
1153 5539 1295 5596 Alias
1335 5541 1665 5612 llymetinum
1710 5555 1763 5599 et
1799 5546 2090 5619 llymetino,

519 5626 613 5679 sed
654 5627 821 5681 altera
868 5628 1023 5683 lectio
1053 5631 1221 5699 magis
1259 5634 1536 5701 probatur.
1572 5655 1589 5686 ι
1622 5636 1747 5690 Haec
1780 5637 1890 5692 ille.
1934 5638 2094 5694 Miror

518 5721 788 5774 varietatis
817 5722 971 5789 hujus
1004 5739 1107 5776 non
1138 5726 1445 5780 meminisse
1470 5727 1703 5781 editores
1739 5728 2090 5785 Parisienses.

519 5808 753 5866 Celebris
780 5810 988 5868 fuerunt
1020 5815 1175 5869 mella
1209 5814 1493 5886 Hymettia,
1530 5834 1556 5873 ιι
1592 5828 1769 5875 monte
1796 5820 1987 5877 Attica:
2009 5822 2092 5879 di-

2201 1932 2438 1987 tatores?
2496 1930 2697 1985 Eadem
2737 1944 2924 2000 opera,
2983 1927 3237 1997 colligere
3274 1925 3528 1994 potuisset
3577 1925 3741 1979 animis

2198 2025 2445 2080 humanis
2485 2024 2689 2079 nullum
2723 2021 2889 2077 fuisse
2930 2021 3164 2075 initium.
3201 2018 3307 2076 Sed
3340 2018 3459 2073 talia
3494 2016 3742 2072 ratiocina-

2197 2119 2400 2174 tionum
2432 2117 2660 2172 ludibria
2684 2132 2789 2171 non
2818 2131 3110 2171 moramur.

2270 2209 2399 2280 Cap.
2436 2211 2489 2274 7,
2522 2208 2548 2280 §
2583 2207 2669 2264 12.
2716 2208 2883 2263 Nulla
2919 2207 3153 2277 praecisio
3182 2205 3416 2275 perducit
3448 2204 3513 2257 ad
3536 2202 3739 2257 nihilum.

2203 2303 2379 2357 Omnis
2402 2303 2536 2355 enim
2570 2319 2689 2370 pars
2711 2318 2825 2373 qua:
2852 2310 3074 2355 remanet
3116 2315 3304 2370 corpus
3339 2308 3434 2365 est,
3460 2306 3506 2351 et
3531 2297 3743 2367 quidquid

2199 2393 2295 2447 hoc
2334 2402 2408 2447 est
2464 2393 2773 2463 quantolibet
2820 2392 2986 2464 spatio
3029 2390 3197 2445 locum
3256 2388 3511 2460 occupat.]
3557 2387 3676 2441 Vere
3701 2394 3743 2441 et

2199 2494 2378 2540 acute.
2415 2484 2549 2540 Hinc
2564 2485 2822 2553 colligere
2849 2482 3024 2554 potuit
3055 2481 3409 2537 substantiam
3438 2480 3660 2549 corporis
3678 2479 3742 2533 vi-

2198 2578 2348 2632 ribus
2378 2577 2626 2632 humanis
2678 2577 2896 2631 interire
2924 2589 3145 2646 prorsus
3185 2589 3295 2627 non
3337 2587 3508 2641 posse,
3535 2570 3619 2626 sed
3646 2579 3742 2624 tan-

2198 2679 2309 2724 tum
2341 2670 2560 2724 mutari.
2594 2668 2685 2725 Sic
2701 2678 2883 2739 posset
2916 2667 3030 2723 fieri
3058 2677 3159 2723 uta
3185 2667 3451 2722 creaturis
3489 2673 3742 2719 mutaretur

2196 2761 2439 2816 nonnihil
2469 2762 2521 2815 in
2552 2760 2848 2816 substantia
2882 2759 3110 2825 mentis,
3139 2773 3266 2829 quae
3297 2766 3472 2812 tamen
3503 2763 3740 2825 prapteres

2195 2857 2363 2913 deleri
2386 2871 2542 2928 posse
2568 2855 2835 2913 censenda
2858 2871 2963 2911 non
2991 2863 3093 2911 est.

2667 2968 3317 3027 ANIMADVERSIONES
3379 3004 3382 3009 -

2504 3067 2555 3105 IN
2587 3066 2780 3106 LIBRUI
2812 3066 2877 3105 DE
2906 3065 3249 3112 QUANTI'I‘ATE
3279 3062 3472 3104 ANIMI.

2269 3142 2400 3214 Cap.
2433 3144 2487 3211 I,
2533 3142 2648 3214 §2.
2682 3142 2828 3197 Unde
2866 3144 2931 3195 sit
2979 3138 3198 3211 animm]
3254 3141 3424 3211 Hujus
3469 3135 3741 3210 quaestionis

2197 3252 2389 3293 sensus
2436 3246 2571 3303 erat,
2613 3252 2682 3291 an
2714 3252 2742 3290 a
2775 3236 2885 3291 Deo
2916 3246 3095 3291 creata
3123 3237 3194 3289 sit
3230 3236 3429 3301 anima,
3457 3250 3521 3288 an
3552 3241 3744 3295 aeterna,

2196 3344 2262 3385 an
2296 3343 2402 3384 una
2430 3345 2551 3383 cum
2582 3343 2807 3398 corpore
2850 3343 2915 3382 ex
2963 3328 3184 3382 traduce
3233 3335 3507 3383 nascatur.
3538 3323 3631 3380 Sed
3660 3324 3749 3377 Au-

2195 3422 2437 3492 gustinus
2467 3422 2737 3475 rhetorice
2764 3433 2881 3475 eam
2915 3420 3075 3475 solvit
3114 3427 3205 3474 aut
3233 3420 3425 3488 eludit,
3458 3418 3601 3489 quasi
3623 3429 3747 3487 quat-

2197 3522 2428 3579 reretur,
2455 3528 2574 3582 quae
2621 3513 2792 3581 patria
2832 3511 2903 3567 sit
2941 3513 3168 3579 animm;
3214 3511 3362 3583 quod
3402 3511 3519 3581 quis
3547 3521 3747 3579 unquam

2196 3604 2520 3659 somniavit?

2269 3696 2404 3751 Ibid.
2440 3696 2501 3751 Si
2530 3712 2761 3767 pergeres
2787 3711 3013 3767 quaerere
3042 3695 3176 3749 unde
3206 3697 3323 3765 ipsa
3347 3708 3499 3761 terra,
3523 3696 3594 3750 vel
3615 3708 3746 3761 aqua,

2194 3791 2273 3843 vel
2299 3806 2405 3855 aer,
2434 3790 2511 3843 vel
2536 3790 2667 3859 ignis
2684 3798 2932 3853 constent,
2958 3790 3089 3843 nihil
3092 3793 3205 3861 jam
3228 3793 3366 3859 quod
3391 3792 3598 3844 dicerem
3624 3800 3746 3855 repe-

2195 3878 2398 3952 rirem.]
2429 3881 2686 3936 Omnibus
2716 3890 2895 3936 tamen
2930 3890 3113 3936 notum
3142 3891 3266 3936 erat
3292 3892 3540 3936 constare
3566 3894 3623 3935 ea
3646 3878 3746 3931 (icta

2193 3974 2459 4030 elementa
2485 3974 2725 4029 omnium
2750 3989 2930 4029 rerum
2963 3974 3263 4029 innumeris
3285 3975 3540 4044 partibus,
3565 3974 3613 4027 in
3634 3982 3746 4040 quas

2194 4066 2389 4122 resolvi
2420 4076 2663 4136 possunt.
2686 4066 2839 4132 Quod
2864 4070 2906 4121 si
2930 4068 3035 4122 dici
3063 4078 3246 4137 posset
3275 4068 3341 4122 de
3369 4077 3563 4136 tuente,
3592 4074 3747 4120 actum

2195 4168 2337 4214 esset
2370 4159 2436 4213 de
2469 4160 2584 4229 ejus
2614 4158 3036 4214 immortalitate.
3077 4160 3179 4214 Sed
3229 4175 3441 4223 eorum,
3486 4158 3570 4227 qui
3598 4156 3747 4210 minus

2194 4262 2442 4308 accurate
2482 4253 2954 4324 philos0phantur,
2998 4256 3432 4323 comparationes
3479 4254 3540 4308 ad
3592 4252 3745 4305 vivum

2196 4345 2502 4399 resecandze
2534 4361 2638 4400 non
2682 4357 2827 4401 sunt.
2866 4346 3018 4412 Quod
3065 4347 3150 4401 hic
3186 4347 3491 4403 faciendum
3524 4360 3621 4401 non
3647 4356 3748 4398 esse

2195 4436 2382 4506 liquet,
2425 4452 2491 4491 ex
2537 4453 2602 4492 eo
2644 4440 2783 4509 quod
2824 4439 3174 4508 Augustinus,
3212 4453 3448 4495 mentem
3502 4448 3749 4493 extensam

2196 4543 2318 4585 esse
2344 4541 2520 4601 neget,
2546 4532 2600 4584 in
2629 4532 2996 4600 sequentibus.

2117 4586 2171 4645 Β
2269 4586 2477 4691 (ἔδῃ.υᾷ
2511 4621 2538 4693 §
2568 4622 2619 4675 4.
2657 4624 2723 4677 Et
2749 4624 2845 4677 hoc
2870 4624 3073 4677 interim
3116 4626 3239 4678 satis
3268 4624 3386 4696 est.]
3418 4623 3606 4679 Facilis
3639 4633 3752 4675 sane

2197 4712 2295 4765 fuit
2312 4712 2569 4776 Evodius,
2601 4714 2689 4783 qui
2719 4722 2825 4767 tam
2850 4715 3032 4783 paucis
3052 4712 3152 4768 sibi
3180 4714 3432 4769 satisﬁeri
3458 4726 3638 4784 passus
3662 4717 3750 4774 est,

2196 4804 2264 4859 de
2293 4806 2588 4875 quaestione
2608 4808 2774 4875 qualis
2801 4807 2866 4860 sit
2895 4808 3088 4861 anima.
3121 4806 3225 4863 Sed
3257 4809 3500 4864 eamdem
3536 4802 3753 4863 invenies

2199 4906 2476 4951 tractatam
2505 4897 2557 4951 in
2596 4898 2761 4952 altera
2801 4902 3119 4968 quastione,
3152 4898 3221 4955 de
3246 4901 3541 4970 quantitate
3560 4899 3749 4951 animae.

2269 4990 2403 5044 Ibid.
2437 4988 2663 5060 Ideoque
2684 4992 2804 5045 bene
2826 4993 3147 5064 praecipitur,
3171 4994 3321 5046 etiam
3351 4994 3406 5047 in
3431 4990 3685 5062 mysteriis,
3708 4992 3752 5038 ut

2198 5085 2367 5136 omnia
2399 5099 2643 5152 corporea
2682 5092 3013 5147 contemnat,
3043 5086 3378 5155 universaque
3421 5085 3537 5138 huic
3582 5077 3751 5136 mundo

2197 5172 2494 5246 rcnuntiet.]
2523 5175 2670 5231 Bene
2688 5176 2739 5231 in
2762 5178 3002 5248 margine
3029 5177 3284 5233 Erasmus
3314 5174 3581 5231 adnotavit
3606 5174 3655 5226 in
3678 5171 3752 5223 bn-

2197 5269 2381 5337 ptismo
2405 5283 2424 5321 :
2448 5276 2630 5322 notum
2672 5269 2813 5323 enim
2843 5278 2924 5323 est
2961 5269 3275 5323 renuntiare
3303 5267 3510 5337 solitos,
3553 5265 3634 5335 qui
3664 5262 3750 5315 ba-

2200 5358 2451 5426 ptismum
2482 5360 2836 5430 accipiebant,
2859 5361 3058 5416 diaboli
3081 5371 3135 5417 et
3164 5361 3348 5416 mundi
3372 5359 3592 5431 pompis.
3617 5349 3750 5422 Quod

2200 5450 2634 5509 faciebantetiam
2651 5455 2928 5507 infantium
2944 5462 3309 5524 susceptores,
3327 5468 3509 5508 eorum
3530 5449 3759 5506 nomine;

2200 5552 2257 5598 ut
2284 5553 2507 5598 testatur
2532 5545 2858 5615 Augustinus
2892 5544 2986 5601 lib.
3026 5545 3095 5600 de
3123 5545 3247 5600 Pec.
3282 5545 3500 5614 origin.,
3535 5539 3673 5612 μδ,
3706 5543 3749 5589 ei

2201 5636 2294 5693 lib.
2321 5654 2335 5692 ι
2367 5639 2435 5693 de
2466 5638 2673 5708 Nuptiis
2703 5646 2757 5693 et
2781 5636 3092 5708 Concupis.,
3120 5653 3238 5708 cap.
3256 5638 3349 5704 20,
3380 5636 3405 5707 §
3431 5636 3518 5690 29..

2269 5728 2399 5799 Cap.
2432 5728 2488 5794 4,
2523 5728 2549 5798 §
2578 5728 2631 5783 5.
2670 5727 2915 5784 Placetne
2956 5729 3045 5783 tibi
3076 5738 3131 5782 ut
3161 5731 3328 5798 ipsam
3356 5727 3600 5794 iustitiam
3638 5718 3749 5777 nitri:
3827 5780 3829 5783 .

2202 5839 2308 5879 esse
2343 5821 2610 5877 credamus
2632 5819 2675 5893 7]
2706 5822 2800 5879 ESt
2827 5822 2982 5895 plane
3035 5821 3191 5891 nihil,
3226 5820 3273 5877 si
3305 5820 3607 5876 conteratur
3643 5825 3750 5871 cum
