3954 6364
818 285 843 297 κ

238 320 330 377 225
901 311 1258 369 VARIORUM
1298 310 1894 370 EXERCITATIONES
1934 312 1999 368 IN
2038 312 2094 371 S.
2138 308 2506 371 AUGUSTINI
2544 315 2791 375 OPERA.

3374 322 3478 384 £26

237 434 548 498 substantia;
595 446 718 487 nam
749 430 955 501 iustitia
1006 430 1061 485 in
1089 429 1357 484 abstracto
1399 443 1657 499 nusquam
1689 436 1794 496 est,
1826 429 1875 490 Α
1902 445 2088 485 omnes
2117 435 2542 501 pronuntiemus,
2572 444 2625 490 et
2648 450 2805 505 quam
2831 451 2992 507 prave
3031 452 3218 494 versus
3250 454 3479 509 praeser-

238 527 328 583 nisi
357 527 407 581 in
464 526 642 579 animo
693 538 811 578 eam
857 521 1223 592 intelligentis.
1276 520 1384 576 Sed
1424 521 1689 576 Platonici
1729 520 1797 576 de

237 618 358 675 ideis
386 618 758 687 loquebantur,
782 616 934 686 quasi
961 615 1028 669 de
1056 614 1387 669 substantiis.

298 712 422 780 Cap.
453 711 505 774 7,
531 707 559 778 ς
589 708 676 762 12.
710 706 1016 760 Auctoritati
1056 706 1257 760 credere
1285 720 1526 777 magnum
1557 719 1797 772 compen-

235 805 363 858 dium
375 810 472 868 est,
490 809 535 854 et
552 799 722 854 nullus
744 799 910 865 labor,
932 798 1059 854 etc.l
1079 799 1182 856 Sed
1202 801 1348 869 prius
1370 799 1481 868 ipsa
1499 797 1589 852 illa
1614 807 1798 851 aucto-

234 899 354 953 ritas
381 893 734 965 expendenda
773 902 877 958 est,
902 908 1060 961 quam
1101 892 1150 947 ei
1186 889 1686 954 ﬁdemﬁhabeamus;
1724 888 1797 944 ita

232 998 284 1045 ut
319 990 366 1045 ei
406 1003 499 1058 per
534 986 710 1041 omnia
755 986 1060 1054 credamus,
1101 984 1225 1055 quia
1275 985 1431 1039 nobis
1470 981 1794 1038 indubitatis

230 1080 549 1152 argumentis
582 1087 795 1133 constat
823 1095 942 1134 eam
976 1093 1075 1133 uec
1102 1077 1234 1146 falli,
1265 1093 1365 1133 nec
1395 1076 1605 1133 fallere.
1645 1076 1792 1131 Alio-

229 1176 311 1246 qui
347 1174 568 1229 stultum
616 1182 762 1228 esset
789 1173 838 1229 ei
877 1172 1244 1228 credulitatem
1273 1186 1423 1226 suam
1454 1171 1725 1239 addicere,
1764 1184 1795 1225 a

226 1281 319 1337 qua
348 1280 536 1320 verum
571 1265 675 1319 dici
706 1263 852 1319 nulla
889 1264 1101 1318 ratione
1128 1269 1420 1319 constaret.
1453 1262 1549 1318 Sin
1595 1262 1791 1330 minus,

228 1359 427 1413 barbari
464 1373 655 1414 omnes
682 1358 881 1429 populi,
929 1359 1016 1429 qui
1048 1358 1413 1415 sacerdotibus
1447 1368 1538 1413 aut
1573 1358 1794 1428 majori-

226 1456 317 1512 bus
341 1456 454 1511 suis
499 1466 603 1509 tam
636 1455 802 1510 multa
835 1465 1035 1511 temere
1061 1457 1307 1523 credunt,
1338 1463 1485 1511 recte
1514 1455 1687 1510 facere
1715 1454 1796 1509 di-

229 1548 368 1603 cendi
397 1558 601 1602 essent.
629 1547 1043 1617 Compendiaria
1062 1546 1143 1600 via
1169 1547 1329 1603 etiam
1358 1547 1790 1618 progrediuntur,

235 1645 318 1699 sed
344 1653 394 1697 ut
419 1642 491 1697 ad
516 1643 694 1697 omnis
718 1643 932 1714 generis
968 1657 1181 1698 errores
1210 1644 1546 1712 perveniant,
1578 1656 1645 1698 ex
1675 1642 1793 1712 qui-

234 1736 318 1791 bus
340 1750 610 1805 nunquam
655 1748 774 1789 sese
801 1734 1112 1804 expediunt.
1156 1734 1339 1803 Itaque
1378 1748 1569 1789 cavere
1601 1748 1789 1788 omnes

1899 522 1992 576 tim
2024 521 2294 592 legamus:
2322 527 2441 596 quis
2471 525 2613 581 enim
2641 526 2781 583 inter
2807 528 3130 600 loquendum
3160 532 3316 589 aliter
3346 533 3478 604 pone

1898 623 1989 669 aut
2008 632 2138 683 pone
2163 618 2509 686 pronuntiare
2536 619 2716 675 solet?

1970 708 2097 779 Cap.
2126 710 2211 773 10.
2245 709 2271 781 §
2299 711 2384 765 I7.
2414 710 2607 779 Sesque
2635 711 2992 781 appellantur,
3034 715 3120 770 ubi
3145 716 3247 771 duo
3276 720 3476 775 numeri

1896 800 1965 853 ad
1989 816 2044 855 se
2062 818 2120 855 ea
2144 803 2344 856 ratione
2362 802 2532 871 a/fecti
2550 813 2685 872 sunt,
2712 813 2767 858 ut
2798 817 2871 860 tot
2887 816 3058 878 partes
3087 808 3266 864 habeat
3293 812 3361 865 ad
3382 813 3480 866 mi-

1897 906 2070 946 norem
2100 893 2286 963 major,
2314 902 2467 962 quota
2494 904 2639 965 parte
2677 897 2758 949 sui
2789 914 2900 951 eum
2927 900 3260 968 praecedit...
3289 902 3478 958 Nomi-

1899 986 1978 1039 nis
2007 995 2173 1041 autem
2199 986 2355 1058 hujus
2375 989 2621 1058 originem
2646 1006 2747 1043 non
2768 992 2921 1059 facile
2944 993 3182 1064 dixerim,
3208 997 3308 1050 nisi
3348 1000 3479 1067 forte

1897 1092 2090 1149 sesque
2104 1081 2250 1149 quasi
2265 1095 2325 1136 se
2345 1081 2546 1151 absque
2575 1083 2787 1149 dictum,
2814 1084 2869 1137 id
2889 1095 2985 1151 est,
3016 1087 3217 1159 absque
3245 1104 3327 1158 se,
3353 1094 3477 1163 quia

1896 1173 2116 1243 quinque
2142 1174 2208 1227 ad
2240 1182 2479 1243 quatuor,
2504 1176 2693 1245 absque
2706 1176 2887 1246 quinta
2908 1188 3053 1249 parte
3072 1197 3167 1234 sua
3194 1187 3361 1256 major
3380 1183 3477 1239 hoc

1896 1267 2120 1338 estquod
2142 1266 2351 1341 minor.]
2380 1268 2488 1326 Sed
2514 1285 2619 1324 non
2645 1272 2890 1341 quinque,
2918 1288 3102 1328 verum
3132 1292 3239 1342 sex,
3275 1286 3358 1333 est
3382 1294 3481 1333 nu-

1897 1373 2077 1415 merus
2101 1368 2386 1430 sesquatus,
2410 1360 2456 1415 si
2486 1375 2605 1416 cum
2650 1370 2873 1433 quatuor
2918 1364 3247 1421 conferatur.
3296 1368 3479 1440 Itaque

1897 1452 2090 1507 merito
2114 1453 2250 1507 hanc
2274 1455 2555 1524 Augustini
2587 1455 2968 1527 etymologiam
2991 1459 3337 1527 reprehendit
3365 1460 3475 1519 Jul.

1894 1542 2032 1601 Cres.
2065 1544 2301 1615 Scaliger
2331 1546 2422 1602 lib.
2456 1563 2492 1602 ll
2523 1547 2590 1603 de
2632 1549 2707 1604 Re
2729 1550 2962 1618 poetica,
2987 1565 3106 1621 cap.
3139 1551 3233 1621 26,
3265 1552 3355 1623 qui
3378 1570 3478 1624 pu-

1897 1645 1972 1691 tat
1999 1639 2165 1709 sesqui
2190 1638 2294 1695 dici
2324 1654 2421 1710 pro
2474 1642 2626 1695 semis
2677 1658 2904 1712 aequum,
2939 1643 3083 1714 quod
3136 1644 3277 1700 idem
3319 1647 3387 1702 sit
3416 1662 3480 1704 ac

1896 1731 2135 1803 ἡμιόλιον.
2168 1730 2275 1787 Sed
2305 1732 2429 1788 Ger.
2455 1732 2611 1788 Joan.
2636 1733 2858 1789 Vossius
2888 1734 3096 1791 felicius
3117 1738 3346 1808 conjecit
3373 1756 3481 1794 ses-

227 1835 440 1896 oportet,
465 1826 659 1896 quibus
687 1825 838 1881 cordi
866 1834 949 1880 est
976 1825 1276 1881 Christiana
1315 1825 1522 1896 religio,
1555 1840 1621 1881 ne
1649 1825 1790 1880 idem
1823 1809 1869 1873 Β
1898 1822 1985 1891 qui
2015 1823 2131 1892 (aut
2155 1840 2350 1891 sesque,
2400 1833 2458 1878 ut
2503 1825 2757 1880 scribitur
2788 1825 2895 1881 hic.
2918 1826 3055 1895 apud
3098 1828 3479 1899 Augustinum)

220 1922 259 1975 ei
280 1920 682 1976 fundamentum
722 1928 940 1989 ponant,
994 1933 1101 1988 quo
1150 1919 1375 1973 maximi
1418 1927 1473 1973 et
1504 1918 1795 1988 turpissimi

217 2014 402 2083 quique
437 2027 653 2068 errores
687 2014 949 2067 nituntur.
990 2012 1307 2067 Accuratius
1335 2011 1571 2082 loquitur
1614 2013 1797 2081 Augu-

216 2104 379 2159 stinus
410 2105 464 2159 in
502 2105 640 2159 libro
681 2104 747 2158 de
779 2104 917 2159 Vera
951 2104 1249 2174 Religione,
1282 2103 1310 2174 §
1340 2103 1411 2157 45
1439 2122 1451 2155 :
1482 2103 1790 2169 Auctoritas,

218 2195 397 2266 inquit,
432 2197 585 2265 ﬁdem
606 2196 805 2266 ﬂagitat
831 2205 879 2250 et
898 2196 1087 2249 rationi
1108 2207 1363 2267 praeparat
1384 2194 1663 2249 hominem.
1691 2194 1796 2249 Ra-

224 2288 289 2340 tio
329 2286 395 2340 ad
442 2286 773 2341 intellectum
818 2288 1286 2357 cognitionemque
1319 2286 1580 2356 perducit.
1616 2286 1795 2353 Quan-

225 2398 363 2452 quam
407 2397 570 2448 neque
608 2382 965 2435 auctoritatem
1010 2381 1143 2434 ratio
1175 2381 1376 2450 penitus
1423 2379 1630 2444 deserit,
1679 2396 1793 2432 cum

227 2476 556 2529 consideratur
595 2475 678 2527 cui
720 2476 787 2528 sit
823 2474 1167 2541 credendum;
1210 2483 1255 2528 et
1301 2481 1435 2527 certe
1474 2490 1675 2529 summa
1720 2483 1793 2529 est

228 2568 368 2637 ipsius
378 2569 493 2640 jam
514 2568 730 2639 cognita:
754 2577 906 2636 atque
931 2568 1211 2639 perspicua:
1236 2568 1463 2621 ueritatis
1484 2569 1789 2622 auctoritas.

286 2660 407 2728 Cap.
449 2659 540 2727 30,
578 2659 605 2730 §
636 2659 713 2719 ,59
738 2676 752 2712 :
777 2658 970 2715 Sensus
1016 2668 1088 2712 est
1129 2659 1357 2731 corporis
1394 2660 1563 2727 passio
1616 2676 1704 2729 per
1738 2675 1794 2714 se

228 2753 373 2821 ipsam
412 2767 512 2803 non
539 2748 707 2804 latens
744 2749 1019 2821 animum}
1060 2749 1191 2804 Post
1235 2759 1313 2805 tot
1345 2752 1504 2806 verba
1536 2751 1695 2817 facta,
1724 2752 1792 2807 de

228 2841 517 2897 definitione
535 2856 749 2909 sensus,
775 2842 970 2896 mirum
992 2851 1076 2896 est
1098 2842 1372 2897 meliorem
1397 2858 1502 2898 non
1530 2858 1649 2899 esse
1670 2858 1794 2914 pro-

228 2932 389 3000 latam,
423 2949 544 2987 cum
577 2936 878 3002 prtesertim
917 2934 1245 3004 Augustinus
1277 2936 1445 3005 probe
1466 2938 1630 2992 sciret
1670 2936 1789 2991 ani-

226 3044 353 3083 mum
382 3029 602 3095 sentire,
633 3045 741 3084 non
770 3044 1000 3100 ‘corpus.
1041 3030 1236 3085 Sensus
1269 3030 1468 3100 duplici
1510 3031 1785 3101 signiﬁca-

225 3121 355 3175 tione
378 3120 570 3175 dicitur
601 3137 617 3176 :
644 3130 727 3177 est
754 3123 895 3177 enim
939 3123 1229 3193 aliquando
1262 3123 1376 3192 ipsa
1406 3124 1675 3180 sentiendi
1708 3124 1787 3178 fa-

1900 1913 2041 1969 idem
2071 1914 2232 1970 fuisse
2253 1930 2316 1969 ac
2336 1916 2588 1985 semisque
2613 1931 2705 1972 seu
2737 1926 2784 1971 et
2805 1918 2974 1983 semis,
2999 1919 3069 1973 ita
3096 1930 3153 1973 ut
3175 1937 3271 1989 que
3298 1936 3481 1993 respe-

1899 2012 2043 2059 ctum
2073 2005 2267 2061 habeat
2295 2008 2360 2062 ad
2391 2016 2579 2073 totum,
2614 2010 2700 2065 cui
2724 2013 2875 2065 semis
2905 2013 3301 2083 superadditur,
3334 2016 3480 2074 unde

1900 2098 2102 2155 Graecis
2130 2102 2373 2173 ἡμιόλιον,
2404 2110 2568 2155 totum
2598 2113 2645 2157 et
2666 2104 2839 2157 semis.

1968 2191 2131 2247 Ltnno
2154 2209 2213 2247 ll.
2231 2193 2361 2262 Cap.
2386 2194 2435 2257 ί,
2464 2193 2491 2263 §
2526 2195 2577 2249 I.
2626 2193 2776 2251 Scias
2798 2195 2944 2249 velint
2969 2205 3127 2252 totam
3150 2199 3297 2255 illam
3316 2202 3479 2257 scien-

1899 2284 2045 2350 tiam,
2078 2298 2191 2354 qua:
2231 2286 2578 2355 grammatica
2606 2283 2803 2354 erce,
2836 2286 3018 2342 Latine
3067 2300 3235 2345 autem
3277 2292 3480 2349 littera-

1899 2387 2014 2433 tura
2062 2380 2375 2446 nominatur,
2428 2380 2656 2435 Itistoria:
2701 2384 2989 2437 custodiam
3043 2386 3294 2455 profiteri,
3343 2388 3474 2464 etc.]

1900 2467 2134 2523 Historia
2160 2469 2247 2525 hic
2275 2469 2475 2524 dicitur
2504 2471 2739 2541 cognitio
2767 2474 2847 2528 rei
2879 2474 3197 2546 cujuSpiam,
3221 2494 3341 2549 qua:
3371 2497 3477 2539 non

1899 2560 2097 2628 pendet
2138 2575 2168 2614 a
2198 2562 2628 2629 ratiocinatione,
2671 2565 2764 2619 sed
2810 2565 2878 2620 ab
2910 2567 3183 2623 hominum
3233 2572 3477 2629 arbitrio.

1897 2651 2063 2706 Paulo
2086 2662 2207 2722 post
2236 2656 2637 2724 grammaticus,
2672 2656 2873 2712 docens
2914 2659 3173 2729 syllabam
3213 2677 3333 2718 esse
3363 2664 3478 2719 lon-

1895 2762 2016 2816 gam
2045 2756 2135 2801 aut
2165 2749 2405 2815 brevem,
2436 2747 2635 2803 dicitur
2662 2764 2784 2806 esse
2826 2748 2995 2808 custos
3037 2754 3284 2821 historiw,
3320 2758 3479 2813 nimi-

1897 2854 2015 2893 rum
2047 2854 2175 2893 usus
2232 2840 2428 2910 linguae
2469 2840 2671 2897 Latium
2700 2852 2792 2897 aut
2834 2843 3036 2899 Graecae
3073 2845 3142 2902 de
3185 2850 3479 2918 quantitate

1897 2933 2245 3003 syllabarum.

1968 3023 2131 3079 Ianno
2158 3040 2236 3079 ιιι.
2263 3023 2393 3094 Cap.
2427 3026 2479 3091 i,
2511 3026 2537 3095 §
2566 3025 2621 3081 2.
2654 3027 2966 3098 Rhythmus,
2992 3030 3047 3082 id
3073 3040 3148 3086 est
3188 3032 3477 3109 numerus.]

1895 3118 2020 3174 Scio
2040 3118 2254 3187 quidem
2286 3116 2337 3173 id
2367 3118 2507 3189 quod
2535 3119 2721 3175 Graece
2744 3122 2932 3198 ῥυθμξς
2969 3122 3180 3187 dicitur,
3211 3141 3239 3179 a
3270 3126 3479 3182 Latinis

222 3214 380 3269 cultas
406 3230 525 3286 quae
570 3217 711 3270 inest
753 3217 952 3281 menti;
985 3216 1274 3287 aliquando
1317 3218 1494 3286 passio
1534 3219 1648 3287 ipsa
1686 3232 1789 3289 qua
1819 3194 1866 3260 C
1896 3208 2095 3265 dictum
2123 3226 2411 3274 numerum,
2440 3210 2534 3265 sed
2557 3194 2753 3267 vereor
2772 3227 2839 3269 ne
2867 3215 3191 3283 Augustinus
3207 3217 3482 3275 miscuerit

221 3322 276 3363 ea
303 3306 518 3363 facultas
541 3308 792 3378 aflicitur,
826 3320 879 3365 et
902 3325 1059 3378 quam
1084 3309 1314 3366 barbare
1338 3312 1678 3365 sensationem
1699 3327 1792 3366 vo-

221 3411 412 3453 camus.
445 3398 670 3467 Sensus,
698 3401 980 3469 posteriori
1019 3400 1342 3470 signiﬁcatu,
1369 3402 1500 3457 nihil
1530 3412 1613 3458 est
1650 3418 1790 3474 pra:-

221 3499 299 3545 ter
322 3491 803 3547 animadversionem
832 3493 1013 3547 mentis
1038 3500 1213 3547 natam
1246 3511 1308 3548 ea:
1337 3496 1600 3548 occasione
1626 3502 1792 3548 motus

220 3582 437 3651 corporis
485 3584 599 3649 sui;
645 3584 811 3653 priori
853 3594 938 3639 est
976 3584 1198 3639 facultas
1246 3566 1351 3656 qua
1407 3600 1561 3640 mens
1606 3587 1792 3641 talium

219 3676 734 3732 animadversionum
775 3692 944 3748 capax
987 3687 1089 3734 est.
1147 3679 1336 3734 Paucis
1384 3681 1563 3735 verbis
1622 3680 1796 3749 potuit

217 3778 379 3829 totum
409 3769 510 3825 hoc
530 3771 804 3841 negotium
836 3770 1066 3838 absolvi,
1093 3772 1232 3841 quod
1262 3772 1347 3826 hic
1377 3783 1482 3826 tam
1512 3771 1691 3826 multis
1714 3772 1795 3826 in—

216 3862 456 3918 tricatum
487 3873 593 3919 est.
623 3864 779 3918 Plura
831 3878 936 3918 non
981 3864 1194 3931 addam,
1236 3878 1355 3934 qua}
1393 3872 1519 3919 sunt
1546 3864 1794 3919 omnibus

216 3962 358 4019 nota,
394 3970 458 4010 ex
484 3969 595 4025 quo
625 3955 987 4025 philosophia,
1023 3965 1205 4010 nostra
1233 3963 1289 4010 et
1317 3955 1535 4010 Patrum
1582 3963 1796 4013 nostro-

214 4062 334 4103 rum
378 4049 658 4113 memoria,
691 4048 920 4104 feliciter
959 4048 1253 4103 instaurata
1282 4057 1388 4113 est,
1422 4057 1477 4103 et
1506 4048 1573 4103 de
1602 4048 1795 4118 quibus

218 4141 372 4195 etiam
399 4143 450 4196 in
481 4143 755 4212 opusculis
781 4141 1167 4213 philosOphicis
1194 4151 1278 4197 sat
1303 4144 1522 4213 c0piose
1550 4143 1657 4215 egi.
1685 4142 1796 4199 Nec

220 4232 611 4307 philosophicas
639 4249 794 4292 notas
822 4239 873 4291 in
908 4238 1265 4307 Augustinum
1307 4238 1544 4293 scribere
1574 4252 1794 4309 aggres-

220 4343 310 4384 sus
336 4346 447 4386 sum
480 4348 494 4384 :
524 4331 722 4400 alioqui
752 4331 915 4385 multa
946 4331 1051 4384 dici
1078 4339 1317 4400 possent,
1343 4332 1536 4402 quibus
1567 4347 1794 4402 sequen-

222 4429 299 4476 tes
324 4425 430 4492 ejus
451 4425 884 4478 ratiocinationes
912 4424 1347 4490 confutarentur;
1385 4425 1437 4479 in
1459 4425 1650 4495 quibus
1672 4440 1793 4481 ver-

221 4513 398 4571 borum
427 4530 531 4572 tam
556 4526 637 4571 est
668 4516 942 4587 prodigus,
968 4531 1124 4587 quam
1155 4531 1345 4586 parcus
1374 4533 1575 4573 rerum.

288 4604 410 4678 Cap.
440 4609 529 4673 55,
566 4609 593 4677 §
639 4580 727 4662 7b.
767 4580 999 4660 Vanitas'
1024 4580 1406 4678 canit-antiumJ
1453 4607 1694 4677 Oportet,
1736 4607 1790 4662 in
1818 4580 1872 4641 Β

221 4700 522 4766 quibusdam
550 4700 949 4771 exemplaribus
985 4699 1211 4765 Grmcis,
1249 4701 1444 4755 lectum
1472 4701 1601 4755 olim
1627 4701 1791 4756 fuisse

218 4798 484 4861 ματαίοτης
542 4794 924 4863 ματαιούντων;
975 4808 1132 4862 quam
1176 4793 1444 4857 rvitiosam
1496 4794 1779 4849 lectionem

220 4882 430 4940 Latinus
455 4885 740 4954 interpres,
772 4901 877 4955 quo
908 4887 1154 4940 utebatur
1186 4886 1535 4955 Augustinus,
1562 4902 1791 4958 expres-

220 4976 358 5031 serit.
390 4977 441 5031 ln
465 4977 733 5032 veteribus
762 4977 954 5047 glossis
977 4986 1060 5032 est
1088 4985 1406 5051 ματαιοῦμαι
1434 4995 1610 5045 vanor,
1641 4979 1792 5050 Cujus

219 5063 654 5138 frequentativum
687 5070 785 5123 fuit
812 5072 1032 5126 vanitor.

598 5163 1401 5221 ANIMADVERSIONES

688 5262 738 5300 IN
779 5261 959 5300 LIBROS
996 5262 1063 5300 DE
1101 5262 1310 5302 MUSICA.

292 5337 437 5393 ιιικο
466 5355 502 5393 ι.
529 5339 661 5409 Cap.
704 5338 817 5409 I,§
860 5339 912 5394 I.
956 5337 1033 5391 Eo
1081 5339 1257 5404 distat,
1308 5341 1443 5409 quod
1490 5342 1543 5394 in
1574 5342 1789 5397 diversis

225 5428 338 5484 locis
375 5432 551 5486 habent
580 5428 840 5501 acumeu.]
875 5430 948 5484 lla
980 5431 1213 5501 loquitur
1238 5432 1306 5487 de
1351 5450 1482 5505 pone
1509 5434 1694 5499 verbo,
1729 5446 1784 5492 et

228 5538 344 5589 pone
366 5526 632 5591 adverbio,
672 5533 725 5579 et
754 5537 981 5577 acumen
1024 5523 1142 5578 sine
1198 5523 1361 5579 dubio
1399 5534 1552 5580 vocat
1589 5541 1782 5583 accen-

228 5622 348 5669 tum.
367 5618 621 5674 Credibile
642 5628 728 5673 est
754 5618 979 5673 verbum
1004 5617 1258 5675 habuisse
1285 5628 1567 5675 accentum
1593 5620 1644 5674 iu
1674 5622 1783 5690 pri-

228 5724 326 5774 ma,
348 5713 643 5768 adverbium
684 5715 736 5767 in
765 5714 1021 5779 secunda,
1050 5713 1378 5769 discriminis
1425 5727 1607 5769 causa.
1646 5715 1779 5771 IIinc

230 5800 499 5875 intelligere
518 5805 642 5861 licet
667 5821 825 5878 quam
858 5805 998 5866 male
1044 5806 1203 5862 hodie
1256 5806 1491 5877 linguam
1535 5806 1779 5865 Latinam

1898 3304 2089 3376 ῥυθμὸν
2128 3317 2248 3357 cum
2277 3304 2493 3379 ἀριθμῷ.
2538 3303 2768 3358 Felicior
2807 3303 2895 3359 hic
2937 3315 3019 3360 est
3066 3307 3243 3378 lingua
3297 3309 3481 3367 Graeca

1897 3411 2054 3466 quam
2082 3395 2291 3460 Latina,
2318 3411 2440 3449 nam
2468 3397 2651 3473 ῥυθμὸς
2673 3396 2869 3451 dicitur
2890 3399 3095 3454 ἀπὸτοῦ
3127 3402 3279 3474 ῥέειν,
3302 3404 3480 3472 ﬂuere,

1897 3496 2085 3557 estque
2125 3488 2174 3541 id
2214 3487 2355 3559 quod
2397 3488 2456 3542 fit
2498 3498 2556 3542 ut
2583 3504 2770 3545 versus
2801 3489 2955 3546 facile
2988 3496 3380 3565 pronuntietur,
3429 3506 3483 3553 et

1897 3581 2102 3650 gratius
2131 3579 2199 3634 ad
2227 3594 2386 3635 aures
2413 3580 2643 3635 accidat.
2677 3580 2814 3636 Galli
2853 3591 3051 3638 vocant
3076 3584 3127 3638 la
3156 3586 3400 3655 cadence,
3428 3596 3482 3644 et

1898 3671 2111 3739 ﬂuentes
2130 3668 2409 3743 (coulants)
2427 3671 2588 3725 etiam
2612 3687 2786 3725 versus
2806 3683 3020 3742 vocant,
3047 3674 3099 3729 in
3128 3677 3321 3748 quibus
3348 3678 3481 3734 nihil

1897 3770 1982 3817 est
2009 3777 2257 3832 asperum
2286 3771 2378 3817 aut
2402 3762 2616 3821 durum.
2666 3765 2745 3820 Ex
2796 3780 2932 3821 voce
2962 3768 3176 3835 quidem
3210 3772 3483 3843 rhythmus

1896 3858 2049 3911 venit
2076 3870 2177 3910 vox
2211 3856 2508 3926 linguarum
2542 3856 2924 3912 hodiernarum
2955 3861 3087 3914 rima
3115 3902 3129 3925 ,
3157 3862 3251 3918 sed
3281 3863 3381 3919 hac
3408 3866 3480 3921 si-

1897 3947 2182 4018 gniﬁcatur
2213 3946 2334 4002 finis
2382 3962 2633 4002 versuum
2672 3948 3077 4022 bpoiorel'sdrw,
3133 3968 3252 4022 qua:
3279 3956 3482 4026 signifi-

1899 4042 2042 4098 catio
2070 4058 2100 4097 a
2129 4042 2313 4097 Graeca
2342 4057 2473 4098 voce
2496 4042 2656 4113 plane
2686 4044 2859 4100 aliena
2882 4054 2984 4100 est.
3012 4044 3129 4100 Non
3163 4048 3349 4103 fuisset
3374 4049 3478 4106 hoc

1898 4134 2311 4200 observandum,
2342 4135 2444 4191 nisi
2473 4144 2617 4191 esset
2645 4136 2889 4191 eruditus
2918 4137 3124 4205 Gallus,
3154 4141 3242 4209 qui
3288 4141 3387 4198 hac
3425 4142 3479 4199 in

1898 4240 1959 4281 re
1990 4225 2250 4295 peccavit,
2277 4241 2438 4297 quem
2468 4227 2683 4282 nomine
2716 4243 2821 4282 non
2847 4229 3154 4298 appellabo.

1968 4322 2134 4377 LIBRO
2162 4338 2215 4376 v.
2248 4318 2378 4392 Cap.
2410 4323 2466 4392 5,
2500 4323 2527 4394 §
2559 4324 2615 4377 4.
2660 4323 2783 4377 Non
2830 4323 2959 4378 mihi
2987 4338 3171 4380 versus
3209 4343 3273 4381 ea:
3300 4343 3357 4382 eo
3386 4345 3481 4398 ap-

1897 4411 2114 4483 pellatus
2134 4413 2352 4478 videtur,
2384 4422 2438 4467 ut
2460 4412 2697 4485 nonnulli
2724 4424 2923 4485 putant,
2967 4416 3107 4487 quod
3140 4434 3173 4471 a
3211 4428 3346 4474 certo
3376 4422 3481 4489 ﬁne

1895 4505 1964 4557 ad
1992 4506 2220 4575 ejusdem
2242 4505 2439 4559 numeri
2458 4515 2611 4574 caput
2639 4506 2854 4572 reditur,
2886 4516 2940 4561 ut
2967 4525 3146 4564 nomen
3178 4512 3387 4565 ductum
3414 4515 3480 4568 sit

1897 4601 1958 4653 ab
1978 4598 2040 4652 iis
2064 4599 2153 4670 qui
2176 4614 2227 4652 se
2251 4607 2482 4663 vertunt,
2506 4599 2626 4653 dum
2647 4601 2728 4654 via
2747 4602 2982 4668 redeunt,
3007 4620 3123 4658 nam
3144 4604 3241 4659 hoc
3262 4606 3341 4660 illi
3359 4624 3480 4661 cum

1898 4694 1975 4747 his
2006 4692 2155 4747 etiam
2196 4693 2365 4746 metris
2395 4709 2509 4762 qua:
2552 4708 2744 4750 versus
2786 4712 2889 4751 non
2939 4706 3083 4763 sunt,
3122 4710 3336 4766 apparet
3373 4716 3481 4756 esse

1897 4785 2206 4857 commune.]
2242 4786 2367 4842 Ideo
2396 4788 2557 4842 etiam
2604 4804 2710 4844 non
2764 4790 2925 4845 modo
2981 4800 3258 4861 poetarum
3309 4803 3481 4850 metra

1896 4897 2068 4935 versus
2089 4880 2355 4946 dicuntur,
2377 4881 2472 4936 sed
2492 4891 2546 4936 et
2566 4881 2768 4951 quaevis
2786 4881 3068 4951 scriptura:
3094 4884 3260 4951 linem,
3291 4900 3480 4955 quem-

1897 4972 2182 5029 admodum
2208 4987 2349 5028 nunc
2378 4973 2665 5043 loquimur,
2716 4983 2771 5027 ut
2820 4981 2965 5029 recte
2991 4974 3294 5030 observavit
3319 4979 3473 5034 Joan.

1898 5062 2025 5120 Ger.
2078 5062 2298 5118 Vossius
2348 5066 2399 5118 in
2460 5063 2853 5134 Etymologico,
2905 5063 2971 5116 ad
3023 5079 3206 5119 vocem
3246 5066 3475 5124 Vensus.

1895 5156 2041 5213 Idem
2065 5158 2264 5226 optime
2291 5157 2524 5212 ostendit
2552 5157 2783 5209 dubitari
2814 5171 2919 5209 non
2955 5156 3153 5213 debere
3192 5161 3318 5229 quin
3364 5162 3479 5216 sin-

1896 5249 2004 5321 guli
2021 5249 2299 5317 scripturae
2318 5247 2453 5307 sulci
2482 5262 2548 5301 ex
2570 5262 2636 5302 eo
2658 5262 2889 5302 versuum
2912 5263 3108 5306 nomen
3139 5253 3471 5323 acceperint,

1897 5341 2037 5414 quod
2061 5351 2118 5397 ut
2142 5340 2374 5412 agricola
2403 5338 2636 5395 Vomere
2679 5341 2850 5395 solum
2890 5359 2902 5393 :
2943 5343 3022 5398 sic
3073 5344 3303 5415 scriptor
3333 5347 3478 5417 stylo

1896 5448 2074 5489 ceram
2112 5442 2272 5488 vertat
2292 5449 2313 5500 ;
2335 5448 2397 5488 ac
2422 5441 2480 5488 ut
2509 5431 2619 5496 ille,
2652 5428 2710 5484 in
2762 5444 2925 5501 terra,
2978 5435 3127 5491 sulco
3174 5451 3282 5493 uno
3315 5438 3478 5495 abso-

1891 5528 2028 5595 luto,
2051 5530 2209 5584 vertit
2230 5538 2486 5597 aratrum,
2511 5530 2779 5601 aliumque
2800 5530 3007 5586 sulcum
3036 5531 3200 5588 eflicit
3224 5548 3240 5588 :
3274 5534 3353 5589 sic
3383 5534 3474 5605 qui

1891 5624 2099 5690 scribit,
2122 5624 2262 5694 stylo
2303 5624 2670 5679 sinistrorsum
2701 5639 2863 5694 verso,
2896 5624 3233 5695 prolatoque,
3273 5640 3469 5682 novum

1887 5716 1944 5770 in
1975 5732 2099 5772 cera
2122 5717 2328 5773 sulcum
2359 5718 2535 5773 ducat.
2564 5718 2828 5789 Cumque,
2862 5729 2919 5774 ut
2948 5719 3123 5786 docet,
3159 5719 3211 5773 id
3241 5735 3344 5775 non
3368 5722 3468 5774 mi-

1892 5825 1989 5865 nus
2013 5812 2062 5865 in
2090 5824 2245 5881 prosa
2271 5812 2364 5867 fiat
2404 5826 2562 5883 quam
2592 5812 2646 5869 in
2691 5815 2953 5882 carmine,
2989 5823 3134 5888 patet
3159 5829 3329 5869 versus
3361 5829 3463 5879 nua
