3954 6364
517 337 621 394 227

517 470 637 514 men
672 465 856 514 natura
886 474 1004 523 sua,
1037 473 1141 514 non
1169 459 1342 514 minus
1359 461 1549 514 solutze
1573 475 1729 528 quam
1760 460 1934 529 ligatae
1964 475 2087 513 ora-
2115 466 2172 527 Α

518 550 649 603 tioni
683 554 991 607 convenire.
1037 552 1141 608 Sed
1180 556 1301 622 quia
1342 564 1512 621 poetae
1553 568 1739 607 versus
1778 567 1904 607 suos
1941 563 2092 608 certo

517 640 797 695 absolvunt
850 643 1040 711 pedum
1090 660 1337 711 numero,
1388 654 1442 698 et
1492 646 1687 715 stylum
1728 644 1951 713 proinde
1978 643 2091 699 fre-

517 734 765 798 quentius
795 743 1013 799 vertunt,
1039 736 1161 789 hinc
1185 736 1385 790 factum
1415 746 1471 789 ut
1496 736 1549 789 hi
1571 738 1670 792 sibi
1694 754 1861 791 versus
1894 753 2091 792 nomen

518 843 681 895 prope
711 829 934 882 fecerint
961 831 1251 899 peculiare.
1296 831 1449 887 Adde
1478 832 1626 886 hisee
1656 822 1861 885 versum
1907 848 2092 888 revera

520 921 572 971 in
596 920 919 985 agricultura
950 921 1155 974 sulcum
1183 922 1474 988 dictum,et
1500 923 1639 991 apud
1666 922 1880 977 Graecoe
1910 938 2092 978 vocem

517 1013 734 1081 στίχος,
777 1026 878 1079 qua
917 1028 1123 1065 versum
1164 1016 1441 1082 scriptura:
1489 1016 1727 1083 signant,
1772 1026 1891 1068 esse
1930 1016 2093 1069 etiam

522 1116 592 1156 ex.
641 1105 965 1171 agricultura
1011 1104 1575 1176 desumptam;‘quod
1607 1108 1816 1162 erudite
1861 1108 2096 1162 ostendit

514 1194 669 1248 Joan.
696 1193 888 1249 Croius
904 1205 1042 1264 part.
1080 1201 1103 1249 i
1157 1198 1600 1253 Observationum
1624 1199 1674 1252 in
1698 1198 1766 1252 N.
1787 1198 1877 1265 T.,
1896 1214 2015 1268 cap.
2040 1202 2093 1256 9.

587 1286 716 1339 Ibid.
744 1286 847 1340 Sed
877 1290 1039 1357 magis
1079 1288 1295 1359 fortasse
1326 1307 1353 1343 e
1382 1292 1635 1343 contrario
1666 1307 1848 1344 nomen
1880 1294 2092 1359 invenit,

515 1388 569 1428 ut
598 1379 1030 1446 quemadmodum
1063 1382 1383 1451 grammatici
1406 1382 1679 1447 deponens
1706 1384 1930 1449 verbum,
1956 1384 2094 1452 quod

517 1485 540 1519 r
572 1471 792 1523 litteram
819 1488 920 1525 non
944 1474 1171 1540 deponit,
1198 1474 1347 1527 sicuti
1374 1483 1444 1526 est
1479 1476 1655 1528 lucror
1687 1484 1734 1528 et
1772 1490 2091 1546 conqueror,

513 1564 894 1633 appellaverunt
919 1582 937 1619 :
962 1567 1033 1619 ita
1059 1569 1195 1633 quod
1210 1569 1405 1621 duobus
1432 1569 1667 1621 membris
1696 1569 1849 1635 conﬁt
1879 1585 2095 1638 quorum

514 1666 768 1720 neutrum,
802 1657 853 1709 in
882 1657 1091 1710 alterius
1120 1660 1253 1722 loco,
1276 1660 1416 1711 salva
1444 1661 1551 1726 lege
1582 1675 1937 1726 numerorum,
1965 1674 2092 1712 con-

512 1749 759 1809 stituitur,
790 1751 909 1816 quia
932 1752 1066 1804 verti
1109 1767 1210 1803 non
1243 1760 1404 1818 potest
1436 1767 1621 1805 versus
1660 1752 1908 1823 vocetur.]
1939 1753 2093 1807 Prior

1398 337 1952 399 SUPPLEMENTUM
1991 341 2083 396 AD
2120 342 2348 403 OPEBA
2390 348 2449 406 S.
2494 348 2889 409 AUGUSTINL
3641 373 3724 433 223

2584 466 3380 530 ANIMADVERSIONES

2653 574 2704 616 IN
2734 577 2925 616 LIBRUI
2958 578 3024 616 ΒΕ
3054 578 3331 623 κΑςιετιιο.

2270 660 2401 729 Cap.
2433 661 2488 727 5,
2517 660 2543 731 ᾗ
2569 659 2656 715 16.
2690 660 2757 714 In
2794 662 2902 714 suis
2931 662 3259 716 nobilissimis
3289 669 3602 741 orationibus,
3626 695 3729 746 qua;

2212 752 2448 807 Verrines
2476 763 2675 821 vocant,
2704 768 2883 807 coram
2932 756 3356 824 praepositionem,
3412 763 3508 816 sive
3534 767 3618 820 illo
3644 772 3731 826 ιοω

2196 847 2493 900 adverbium
2537 846 2627 913 sit,
2679 859 2875 899 nomen
2923 846 3245 917 appetlaait.]
3288 848 3401 903 Non
3452 865 3608 921 vacat,
3635 860 3732 917 data

2197 951 2383 1007 opera,
2423 937 2605 1007 legere
2635 936 2911 1002 Verrines,
2946 947 3004 991 ut
3051 938 3227 992 locum
3275 956 3522 1008 quaeram.
3561 948 3745 1007 Fuisset.

2200 1029 2302 1084 hoc
2348 1028 2637 1099 diligentiae
2683 1029 3172 1093 Benedictinorum,
3216 1030 3311 1098 qui
3350 1035 3456 1088 otio
3484 1037 3734 1110 abundant,

2196 1134 2252 1178 et
2296 1140 2326 1177 ι
2364 1123 2562 1193 quibus
2603 1121 2834 1191 margini
2864 1121 3069 1187 loem,
3096 1130 3159 1175 ut
3181 1122 3311 1177 alibi
3340 1123 3551 1195 iactum,
3602 1132 3736 1191 adlini

2199 1219 2551 1286 oportuisset.

2270 1309 2405 1380 Cap.
2431 1311 2485 1375 9,
2522 1311 2549 1382 ᾗ
2582 1311 2674 1365 98.
2706 1308 2854 1363 Idem
2884 1307 3099 1363 Persius
3135 1308 3371 1363 struibus
3420 1313 3597 1379 pinnis,
3638 1331 3738 1383 quas

2196 1413 2531 1474 tyrannorum
2555 1404 2631 1457 vel
2652 1405 2929 1457 crudelitas
2950 1403 3271 1473 excogitavit,
3299 1404 3376 1458 vel
3388 1406 3625 1474 cupiditas
3644 1428 3738 1479 pen-

2197 1496 2291 1559 dit,
2315 1495 2446 1549 hanc
2472 1512 2628 1548 unam
2657 1498 2939 1565 anteponit,
2971 1510 3071 1564 qua
3102 1495 3392 1547 cruciantur
3420 1496 3650 1562 homines,
3672 1503 3739 1567 qui

2196 1589 2338 1649 vitia,
2392 1605 2509 1658 qui:
2557 1592 2718 1643 uitare
2750 1605 2857 1641 non
2909 1598 3142 1655 possunt,
3189 1597 3438 1658 coguntur
3466 1592 3739 1665 agnoscere]

2197 1680 2375 1735 Locus
2404 1692 2487 1735 est
2508 1682 2669 1735 satira
2700 1683 2761 1747 5,
2783 1681 2874 1746 35,
2898 1680 3052 1746 cujus
3077 1680 3240 1734 verba
3267 1679 3622 1748 subjiciemus,
3643 1683 3739 1751 quia

2196 1780 2253 1826 et
2273 1772 2423 1839 alibi,
2449 1773 2515 1826 ad
2538 1772 2789 1827 Conless.
2821 1770 2919 1825 lib.
2946 1787 3041 1838 xu,
3068 1786 3188 1841 cap.
3218 1772 3274 1840 8,
3293 1772 3673 1829 observavimus
3690 1774 3741 1830 ad

513 1839 830 1911 etymologia
865 1842 1019 1909 plane
1051 1842 1178 1894 falsa
1208 1854 1309 1906 est,
1366 1852 1421 1896 ut
1454 1855 1577 1897 sunt
1608 1845 1877 1913 pleneque
1904 1859 2093 1899 omnes
2124 1858 2171 1917 Β
2198 1864 2341 1918 ηπ
2370 1874 2579 1933 poetam
2611 1865 2966 1934 Augustinum
3008 1839 3318 1930 ηενέχίεέθ
3345 1881 3357 1916 ε

513 1948 627 2001 qua:
654 1935 765 1988 κατ’
795 1936 1089 2009 ἀντίφρασιν
1114 1935 1381 2004 finguntur
1406 1954 1419 2001 ;
1450 1954 1569 1990 nam
1593 1938 1755 1990 multa
1791 1938 2094 2002 deponentia

521 2026 647 2079 olim
680 2028 732 2081 in
765 2044 793 2080 ο
824 2039 879 2082 et
916 2045 974 2081 or
1000 2028 1245 2093 exibant,
1294 2044 1589 2097 eorumque
1627 2032 1924 2099 catalogum
1965 2046 2095 2084 con-

516 2118 687 2170 texuit
709 2118 861 2171 .loan.
895 2120 1022 2173 Ger.
1054 2118 1276 2172 Vossius
1319 2122 1612 2174 Aristarchi
1647 2122 1743 2175 lib.
1785 2138 1838 2183 v,
1885 2138 2006 2190 cap.
2035 2123 2086 2174 7.

514 2209 837 2263 Credibilius
869 2220 951 2263 est
997 2226 1059 2264 ea
1092 2212 1398 2278 deponentia
1434 2213 1594 2277 dicta,
1642 2223 1698 2266 ut
1725 2214 1867 2268 idem
1919 2214 2093 2269 innuit

513 2303 703 2371 capitis
732 2302 763 2355 6
791 2301 962 2367 initio,
994 2302 1117 2370 quia
1147 2305 1407 2373 passivam
1444 2305 1885 2370 signiﬁcationem
1935 2308 2093 2375 depo-

512 2395 736 2457 suerint,
773 2410 894 2463 quzn
944 2397 1103 2449 etiam
1177 2398 1445 2452 sententia
1493 2398 1593 2451 fuit
1641 2398 1834 2452 Franc.
1890 2400 2090 2455 Sanetii

511 2487 706 2540 summi
746 2490 1096 2555 grammatici.
1138 2488 1245 2544 Sed
1290 2498 1345 2544 et
1373 2490 1604 2557 scriptor
1637 2490 1758 2543 libri
1796 2490 1862 2544 de
1903 2491 2092 2544 Gram-

511 2579 728 2641 matica,
757 2578 845 2646 qui
898 2579 1103 2634 solebat
1149 2582 1446 2650 Augustino
1494 2581 1678 2647 tribui,
1736 2582 1880 2635 aliud
1929 2582 2087 2638 nobis

506 2667 815 2736 suppeditat
843 2680 1081 2741 etymon.
1111 2674 1288 2740 Agens
1319 2672 1387 2725 de
1414 2674 1610 2735 verbis,
1642 2672 1842 2738 Restat,
1893 2673 2089 2743 inquit,

506 2760 707 2814 verbum
733 2761 1028 2830 deponens,
1061 2766 1183 2832 quia
1217 2764 1438 2831 deponit
1465 2765 1660 2834 aliquid
1702 2764 1766 2816 de
1804 2769 2092 2834 quantitate

511 2854 791 2906 communis
838 2855 993 2907 verbi.
1030 2854 1170 2907 Nam
1204 2872 1318 2908 cum
1350 2856 1621 2925 participia
1660 2866 1882 2924 quatuor
1909 2857 2091 2913 habeat

507 2946 711 2999 verbum
730 2964 1021 3003 commune:
1043 2966 1266 3020 prwsens
1297 2960 1349 3003 ut
1380 2952 1709 3016 criminans,
1732 2952 1965 3020 futurum
1993 2953 2093 3005 cri-

504 3038 821 3105 minaturus,
846 3042 1163 3109 prwteritum
1182 3042 1519 3107 criminatus,
1546 3044 1777 3113 futurum
1798 3043 2091 3097 criminan-

505 3132 623 3197 dus,
657 3151 687 3185 a
713 3137 917 3203 passiva
957 3136 1357 3208 signiﬁcatione,
1405 3138 1501 3192 hoc
1548 3155 1654 3193 non
1699 3139 1850 3192 habet
1885 3140 2090 3195 uerbum

2323 1964 2499 2024 Magne
2524 1972 2663 2023 pater
2685 1963 2873 2023 divum,
2891 1975 3049 2011 savos
3074 1965 3252 2024 punire
3274 1969 3496 2023 tyrannos

2322 2023 2461 2073 Hand
2487 2026 2579 2073 alia
2600 2026 2793 2073 ratione
2818 2025 2956 2079 velis,
2979 2037 3087 2072 cum
3108 2027 3211 2073 dira
3238 2023 3389 2072 libido

2324 2086 2531 2136 Moverit
2555 2089 2805 2146 ingenium
2831 2086 3043 2135 ferventi
3070 2089 3218 2134 tincta
3244 2098 3451 2146 veneno,

2319 2148 2561 2198 Virtutem
2583 2151 2775 2197 videant
2802 2150 3209 2209 intabescantque
3228 2147 3421 2208 relicta,

2323 2211 2465 2259 Anne
2486 2213 2640 2272 magis
2657 2210 2803 2259 Siculi
2827 2208 3133 2271 gemuerunt
3150 2223 3233 2257 ora
3249 2208 3477 2270 juvenci?

2266 2292 2398 2381 Cap.
2435 2314 2519 2380 10,
2554 2314 2581 2383 §
2616 2314 2705 2369 5'5.
2753 2312 3046 2367 Saraballa:
3093 2312 3315 2382 eorum]
3362 2311 3493 2366 Cum
3536 2310 3584 2365 in
3627 2317 3741 2368 textu

2194 2403 2493 2460 Cbaldaico
2528 2406 2662 2458 Dan.
2707 2421 2787 2470 iu,
2840 2405 2933 2473 27,
2984 2406 3242 2473 scripturn
3276 2405 3346 2459 sit
3373 2386 3613 2489 primum
3638 2402 3740 2457 Sar-

2196 2495 2460 2561 ballelion,
2492 2496 2577 2549 vix
2616 2496 2834 2550 dubium
2873 2496 3120 2560 videtur,
3153 2496 3283 2564 quin
3329 2494 3649 2549 scribendum
3689 2493 3739 2548 sit

2202 2588 2512 2655 Saraballa,
2541 2599 2634 2642 aut
2660 2588 2972 2655 Saraballaz,
3008 2604 3112 2642 non
3155 2589 3575 2656 Sararabara,nt
3614 2586 3741 2640 habet

2195 2680 2372 2734 versio
2399 2680 2603 2746 Graeca,
2640 2680 2690 2733 in
2718 2695 2821 2746 qua
2846 2678 3100 2733 facillime
3133 2678 3387 2732 [nendum
3415 2679 3632 2744 irrepere
3661 2691 3738 2744 po-

2196 2772 2293 2825 tuit
2318 2772 2370 2825 in
2396 2787 2584 2825 vocem
2602 2771 2905 2838 barbaram,
2937 2785 3059 2824 cum
3096 2770 3393 2837 prtesertim
3431 2767 3641 2836 liquidas
3660 2781 3738 2818 au-

2195 2863 2269 2918 ris
2301 2864 2454 2919 facile
2482 2864 2799 2919 confundat.
2825 2866 2913 2921 Sic
2937 2869 3133 2935 scripta
3166 2882 3290 2933 vox,
3320 2881 3411 2933 per
3430 2848 3462 2923 ι)
3484 2879 3579 2917 non
3601 2873 3737 2933 pem.

2196 2959 2390 3013 usitata
2414 2968 2496 3012 est
2516 2960 2655 3028 apud
2688 2959 3064 3015 Thalmudicos
3099 2970 3157 3015 et
3206 2960 3437 3023 Arabas,
3464 2973 3553 3028 pro
3579 2955 3737 3018 tunica,

2194 3059 2249 3103 et
2270 3050 2489 3103 verbum
2523 3033 2671 3108 5:10
2695 3051 2887 3117 sarbet,
2911 3050 3180 3119 signiﬁcat
3204 3053 3353 3106 texit.
3388 3050 3562 3119 Itaque
3582 3060 3738 3102 nomen

2196 3145 2363 3197 vestis
2390 3142 2551 3196 fuisse
2572 3146 2803 3208 videtur,
2836 3156 2894 3198 ut
2923 3152 3008 3199 est
3036 3146 3334 3200 etiamnum
3357 3142 3495 3213 apud
3516 3141 3714 3195 Arabas.

504 3226 779 3293 deponens.
826 3226 894 3280 Et
936 3229 1049 3281 ideo
1101 3230 1290 3284 dicitur
1338 3232 1653 3299 deponens,
1701 3234 1819 3302 quia
1864 3233 2085 3303 deponit
2113 3239 2161 3301 C
2262 3235 2391 3304 Cap.
2428 3236 2509 3291 Μ.
2549 3236 2691 3306 διδ.
2750 3236 2927 3290 Didici
2964 3239 3319 3292 admonitione
3359 3237 3613 3291 uerborum
3654 3242 3743 3283 tuo-

504 3333 659 3370 unum
684 3319 1011 3388 participium
1042 3322 1202 3391 futuri
1225 3325 1486 3391 temporis,
1507 3341 1539 3377 a
1564 3324 1708 3378 verbo
1725 3327 1925 3397 passivo
1949 3328 2087 3397 quod

504 3409 604 3461 exit
635 3408 687 3461 in
718 3408 817 3461 dus
847 3409 1133 3479 syllabam;
1163 3421 1216 3465 ut
1247 3422 1371 3481 puta
1394 3397 1585 3479 opinor
1629 3416 1704 3469 vet
1744 3416 1912 3468 miror
1937 3417 2089 3470 verba

504 3509 619 3551 sunt
648 3500 976 3570 deponentia.
1004 3500 1112 3556 Sed
1137 3504 1268 3561 mihi
1290 3505 1461 3572 magis
1482 3504 1744 3559 Vossiana
1765 3507 2086 3576 etymologia

504 3592 720 3646 arridet.
755 3592 905 3659 Quod
936 3593 1100 3647 habet
1124 3595 1454 3664 Augustinus
1484 3598 1551 3649 de
1574 3613 1723 3649 versu
1754 3597 1924 3651 multo
1963 3612 2089 3651 coa-

504 3683 639 3736 ctius
669 3692 770 3750 est,
796 3694 847 3737 et
873 3685 1026 3752 plane
1058 3687 1217 3739 etiam
1242 3684 1455 3750 falsum,
1475 3702 1596 3739 nam
1622 3686 1874 3755 permulti
1897 3701 2087 3742 versus

504 3776 740 3829 converti
769 3787 968 3844 queunt
1025 3791 1090 3831 eo
1140 3778 1299 3831 modo
1351 3793 1455 3847 quo
1494 3794 1588 3833 eos
1640 3780 1878 3833 converti
1930 3792 2088 3849 posse

503 3876 677 3936 negat.
721 3866 1070 3933 Pentametri,
1112 3869 1350 3940 exempli
1401 3884 1597 3933 causa,
1658 3886 1764 3923 non
1809 3870 1963 3939 pauci
2010 3871 2087 3926 sic

503 3962 728 4028 possunt
750 3963 1022 4024 converti;
1054 3976 1241 4015 omnes
1264 3962 1514 4015 nimirum
1540 3976 1769 4031 quorum
1800 3964 1943 4030 prior
1964 3976 2088 4032 pars

505 4060 625 4104 ante
664 4066 922 4104 czesuram
971 4051 1179 4106 duobus
1224 4052 1453 4121 dactylis
1512 4059 1745 4107 constat.
1792 4051 2087 4107 Possumus

508 4140 645 4193 rnim
678 4156 830 4207 :rque
857 4140 1067 4195 dicere:

625 4271 1233 4332 Semiviruinque-bovem,
1259 4271 1667 4333 semibovemque
1692 4271 1871 4333 virum,

577 4357 711 4410 Alit:

625 4444 1045 4507 Semibovemque
1058 4448 1227 4507 virtuti,
1246 4447 1628 4507 semivirumque
1648 4445 1840 4495 bovem.

574 4529 788 4584 Dixeris
819 4530 1038 4596 perinde
1062 4546 1079 4581 :

622 4622 767 4685 Saepe
792 4623 877 4672 tibi
900 4629 1037 4684 pater
1063 4627 1156 4680 est,
1184 4633 1318 4682 saepe
1337 4620 1582 4681 legendus
1600 4633 1741 4682 avus,

576 4729 670 4785 Vel
699 4746 712 4782 ε

623 4844 771 4904 Seps
789 4839 1037 4904 legendus
1058 4850 1194 4901 avus,
1219 4850 1354 4902 sape
1380 4840 1466 4887 tibi
1487 4845 1627 4901 pater
1654 4847 1746 4889 est.

581 4991 861 5045 lnnumera
904 4990 1028 5044 talia
1057 4997 1345 5043 occurrent
1374 4988 1667 5057 elegiacum
1703 4996 1908 5056 poetam
1939 4989 2087 5044 ενοι,

509 5087 671 5141 venti.
712 5086 894 5153 Itaque
944 5085 999 5138 in
1043 5083 1247 5137 fumum
1280 5082 1391 5135 abit
1424 5080 1680 5150 quidquid
1720 5090 1827 5135 tam
1858 5082 2086 5138 verbose

503 5178 571 5232 de
592 5178 834 5232 versibus
853 5192 958 5230 non
974 5174 1249 5230 vertendis
1260 5174 1713 5243 disputavitantea
1734 5174 2081 5242 Augustinus.

502 5271 607 5325 Sed
623 5272 758 5324 bene
786 5279 865 5324 est
886 5268 1028 5338 quod
1061 5268 1257 5323 fatetur
1279 5244 1670 5333 viriuodestiis,
1706 5267 1856 5321 initio
1887 5268 1977 5321 lib.
1994 5283 2079 5321 vi:

501 5362 572 5415 Se
598 5363 724 5413 satis
750 5363 838 5413 diu
866 5377 1013 5429 pene,
1044 5374 1194 5429 atque
1220 5359 1347 5413 adeo
1369 5358 1629 5427 pueriliter
1654 5359 1708 5410 in
1735 5359 1951 5427 vestigiis
1982 5375 2080 5411 nu-

500 5469 757 5507 merorum
786 5455 852 5506 ad
880 5468 1046 5506 moras
1070 5461 1351 5519 temporum
1399 5453 1780 5520 pertinentium,
1826 5462 2079 5506 moratum

501 5559 626 5598 esse.
676 5542 838 5612 lgitur
884 5543 996 5596 hinc
1027 5552 1080 5597 et
1122 5542 1226 5597 alia
1256 5543 1307 5596 ei
1360 5544 1721 5611 ignoscamus,
1750 5544 1844 5598 sed
1870 5553 2079 5613 tempus

499 5634 690 5689 melius
724 5634 1091 5689 collocandum
1129 5635 1179 5688 in
1221 5635 1284 5687 iis
1313 5635 1572 5703 legendis,
1605 5635 1657 5690 in
1684 5636 1875 5705 quibus
1908 5635 2078 5691 ferme

501 5727 628 5782 nihil
661 5738 853 5795 praeter
886 5728 1155 5781 ttediosam
1208 5735 1259 5781 et
1314 5726 1577 5783 infelicem
1611 5728 1808 5797 ingenii
1836 5738 2071 5784 ostenta-

502 5822 697 5875 tionem
728 5820 923 5884 videas,
966 5818 1186 5874 minime
1212 5826 1468 5874 teramus.

2192 3344 2329 3391 rum,
2364 3327 2491 3379 nihil
2548 3328 2693 3380 aliud
2746 3329 2907 3381 verbis
2940 3345 3093 3397 quam
3138 3328 3410 3382 admoneri
3441 3325 3669 3379 hominem
3702 3327 3746 3372 ut

2192 3418 2355 3472 discat
2385 3425 2434 3471 et
2459 3435 2735 3489 perparum
2767 3435 2873 3472 esse
2909 3422 3045 3483 quod
3070 3437 3160 3490 per
3189 3420 3497 3473 locutionem
3517 3417 3746 3485 aliquanta

2192 3509 2430 3578 cogitatio
2460 3510 2714 3577 loquentis
2743 3509 3003 3583 apparet.]
3036 3511 3146 3564 Hoc
3174 3520 3262 3565 est
3298 3512 3461 3565 totius
3488 3507 3602 3561 libri
3620 3518 3743 3558 com-

2193 3600 2469 3667 pendium.
2502 3602 2696 3655 Mirum
2722 3612 2805 3657 est
2834 3618 2996 3672 quam
3044 3605 3378 3673 Augustinus
3408 3600 3638 3658 ealluerit
3669 3611 3739 3651 ar-

2194 3701 2299 3745 tem
2325 3706 2486 3759 panca
2534 3703 2585 3745 et
2644 3694 2925 3763 perspicua
2957 3695 3208 3765 dogmata
3267 3692 3627 3764 philosophica
3671 3694 3744 3739 aut

2196 3780 2493 3849 theologica
2552 3784 2732 3836 multis
2780 3784 2959 3839 verbis
3002 3796 3055 3838 et
3090 3784 3339 3840 obscuris
3383 3780 3586 3837 dicendi
3615 3788 3747 3846 atque

2195 3873 2541 3940 impediendi.
2575 3875 2680 3929 Sed
2710 3875 2812 3929 hoc
2843 3875 2942 3929 fuit
2966 3876 3154 3930 vitium
3182 3877 3468 3931 rhetorica:
3490 3871 3618 3925 illius
3646 3866 3744 3920 tevi.

2258 3965 2389 4019 lbid.
2429 3966 2611 4019 Utrum
2639 3975 2807 4020 autem
2843 3983 2959 4021 uera
2984 3968 3224 4022 dicantur
3254 3980 3368 4021 eum
3395 3966 3568 4019 docere
3586 3959 3745 4023 solum,

2194 4057 2282 4126 qui
2308 4073 2361 4109 se
2392 4058 2527 4109 intus
2549 4057 2801 4125 habitare,
2834 4075 2946 4111 cum
2972 4060 3099 4130 [oris
3129 4058 3440 4127 loqueretur,
3481 4050 3747 4114 admonuit;

2195 4165 2343 4219 quem
2359 4152 2475 4222 jam
2502 4152 2697 4217 favente
2728 4152 2861 4219 ipso,
2894 4161 3033 4205 tanto
3052 4152 3319 4206 ardentius
3346 4149 3747 4221 diligam,quaﬂ10

2194 4256 2281 4292 ero
2306 4238 2359 4291 in
2386 4241 2626 4292 discendo
2643 4238 2969 4312 provectior.]
2998 4240 3331 4296 Platonicum
3351 4242 3450 4295 hoc
3467 4245 3543 4294 est
3564 4237 3746 4303 dogma.

2194 4348 2263 4385 ex
2292 4346 2396 4399 quo
2428 4332 2571 4403 λόγος
2596 4332 2725 4402 (quo
2749 4333 2966 4387 nomine
2982 4332 3257 4387 Christum
3289 4331 3495 4387 vocavit
3520 4318 3747 4390 Joannes)

2197 4422 2526 4475 statuebatur
2555 4422 2705 4492 quasi
2758 4424 2896 4476 ratio
2944 4422 3268 4477 universalis
3316 4420 3551 4476 omnium
3604 4409 3750 4468 homi-

2198 4528 2343 4565 num.
2362 4512 2450 4567 Sic
2474 4511 2714 4565 Justinus
2737 4500 2847 4566 vult
2867 4512 3139 4567 Christum
3166 4512 3357 4583 partim
3374 4512 3528 4566 luisse
3559 4500 3743 4562 Socrati

2113 4614 2168 4675 ι)
2196 4614 2403 4668 notum,
2434 4605 2594 4676 Λόγος
2623 4605 2719 4679 ’γὰρ
2750 4602 2828 4669 ἧν,
2864 4605 3051 4673 inquit,
3097 4605 3177 4659 καί
3220 4604 3357 4660 ἐστιν
3381 4601 3406 4657 ὃ
3430 4604 3478 4657 ἓν
3506 4599 3649 4654 παντὶ
3674 4592 3748 4658 ὧν,

2198 4697 2349 4751 Ratio
2372 4696 2503 4749 enim
2530 4705 2636 4748 erat
2666 4706 2711 4747 et
2749 4706 2818 4748 est
2852 4711 2967 4765 qua:
2994 4705 3065 4749 est
3114 4696 3168 4749 in
3222 4711 3400 4749 rerum
3431 4689 3745 4746 universitate.

2195 4790 2311 4843 Alia
2340 4787 2501 4843 habet
2527 4788 2722 4842 similia
2746 4788 2797 4841 in
2825 4789 3194 4856 sequentibus,
3238 4790 3294 4841 in
3323 4801 3389 4841 ea
3417 4794 3534 4854 qua:
3576 4780 3748 4834 dicitur

2194 4881 2499 4951 Apologia!
2535 4897 2651 4949 qua:
2676 4896 2779 4934 non
2811 4881 3135 4935 exscribam.
3187 4880 3290 4935 Séd
3336 4881 3451 4934 haec
3496 4874 3751 4941 diligenter

2194 4972 2427 5026 notanda
2458 4979 2585 5026 sunt
2605 4971 2669 5025 iis
2698 4972 2786 5040 qui
2813 4970 3000 5026 Patres
3031 4972 3333 5041 intelligere
3362 4967 3609 5037 cupiunt;
3636 4968 3749 5028 ειυοε

2196 5078 2463 5132 nunquam
2496 5071 2872 5132 assequentur,
2905 5063 3005 5117 nisi
3037 5065 3215 5117 norint
3245 5075 3365 5132 qua}
3405 5072 3584 5116 eorum
3611 5048 3747 5106 fuerit

2193 5157 2555 5227 philosophia.

2668 5246 3317 5304 ANIMADVERSIONES

2548 5356 2596 5393 IN
2637 5356 2819 5394 LIBROS
2859 5356 2924 5393 DE
2964 5354 3149 5393 LIBEBO
3188 5349 3456 5392 Αιωιτιιιο.

2266 5452 2424 5506 Linno
2451 5468 2486 5505 l.
2516 5452 2644 5521 Cap.
2672 5453 2726 5518 ‘2,
2761 5454 2787 5522 ᾗ
2818 5454 2871 5506 4.
2905 5452 3023 5506 Nisi
3050 5451 3392 5516 credideritis,
3445 5463 3542 5502 non
3578 5436 3745 5496 intelli-

2190 5546 2335 5613 getis.
2360 5543 2375 5613 j
2400 5544 2570 5599 Locus
2598 5556 2678 5599 est
2700 5546 2820 5598 lsai.
2857 5561 2951 5611 vn,
2979 5545 3033 5600 9.
3053 5544 3158 5600 Sed
3192 5546 3243 5599 in
3274 5541 3418 5599 LXX
3440 5542 3534 5595 int.
3564 5531 3743 5590 versiov

2188 5652 2409 5705 ne,qu:e
2435 5652 2553 5690 cum
2582 5637 3003 5691 Hebraicotextu
3030 5652 3133 5692 non
3159 5636 3444 5700 consentit,
3469 5631 3553 5702 qui
3578 5625 3738 5686 habet,

2187 5739 2243 5783 ut
2290 5739 2434 5783 recte
2458 5729 2615 5783 vertit
2664 5730 3021 5800 Hieronymus
3067 5741 3191 5800 post
3239 5724 3642 5801 Symmachum:
3691 5712 3741 5771 Si

2188 5836 2289 5875 non
2314 5822 2655 5888 credideritis,
2676 5838 2776 5876 non
2803 5822 3176 5892 permanebitis.
3211 5824 3328 5889 Quo
3376 5821 3432 5876 in
3457 5819 3567 5873 loco
3588 5853 3602 5879 ,
3641 5820 3740 5878 pI’O'
