3954 6364
203 331 292 387 Ὶὲθ
853 328 1210 389 VARIORUM
1249 322 1851 387 EXERCITATIONES
1887 327 1955 386 ΙΝ
1992 327 2050 386 S.
2092 327 2464 390 AUGUSTlNl
2498 324 2754 387 OPERA.

3347 317 3454 390 230

199 454 340 525 pheta
374 450 663 522 alloquitur
708 451 941 519 Iudaeos,
975 465 1173 521 eosque
1238 449 1484 504 hortatur
1524 445 1589 501 ad
1623 445 1764 500 ﬁdu-
1790 446 1845 506 Α
1870 443 2082 514 dignos,
2115 447 2253 517 quod
2287 463 2390 502 non
2422 446 2639 502 brevius
2670 445 2785 502 ﬁeri
2812 454 3008 516 potest,
3031 461 3189 517 quam
3224 448 3453 504 naturali

199 550 316 602 ciam
343 550 392 601 in
432 549 629 602 auxilio
672 546 875 614 divino,
921 556 1106 601 contra
1147 544 1450 598 molitiones
1478 528 1761 596 'lsraelita-

199 655 299 692 rum
325 650 374 694 et
396 639 676 711 Syrorum,
710 638 1042 709 ponendam:
1075 637 1291 709 quodsi
1329 635 1574 700 fecerint,
1607 634 1759 703 pulli.

199 742 330 785 cetur
360 731 473 787 fore
504 742 563 787 ut
600 746 688 786 res
734 746 917 785 eorum
970 730 1140 783 ﬁrmae
1181 736 1551 798 permaneant.
1600 725 1763 795 igitur

198 824 319 877 nihil
345 823 471 877 facit
512 822 599 877 hic
644 823 797 877 locus
834 822 903 875 ad
948 836 1059 875 rem
1092 834 1249 890 quam
1277 819 1363 872 hic
1392 817 1554 871 habet
1584 820 1765 885 Augu-

198 919 367 981 stinus,
402 926 459 971 et
485 932 578 987 pro
609 917 875 972 sententia
926 915 1199 986 prophetae
1242 914 1422 968 laudat
1452 911 1637 966 .bonus
1681 909 1765 963 vir

196 1008 495 1079 ﬁgmentum
520 1008 834 1063 Graecorum
866 1009 1245 1078 interpretum,
1278 1009 1321 1061 si
1352 1005 1511 1060 modo
1540 1004 1611 1059 ita
1641 1018 1763 1057 ver-

194 1102 357 1154 terint.
393 1099 551 1155 Unde
575 1113 703 1155 vero
725 1099 825 1153 hoc
848 1099 1084 1154 factum?
1109 1098 1245 1166 Quia
1275 1095 1526 1152 nimirum
1556 1097 1764 1149 credere

195 1190 342 1243 voluit
365 1199 653 1259 antequam
682 1188 1007 1262 intelligeret.
1031 1189 1273 1245 Credidit
1301 1188 1442 1243 enim
1477 1189 1616 1242 hunc
1639 1201 1762 1243 esse

193 1293 392 1336 sensum
424 1282 738 1352 Scriptura,
774 1292 1065 1352 antequam
1105 1283 1268 1337 sciret
1295 1296 1361 1335 an
1409 1274 1553 1335 LXX
1590 1281 1760 1334 inter-

195 1372 422 1441 pretibus
454 1386 553 1443 per
590 1374 771 1428 omnia
815 1374 982 1429 ﬁdere
1031 1373 1239 1439 liceret,
1283 1382 1374 1428 aut
1419 1372 1760 1427 hunclocum

193 1464 317 1521 bene
342 1479 471 1521 esse
494 1466 649 1523 abiis
678 1482 890 1522 versum
933 1478 1224 1522 constaret.
1270 1466 1374 1522 Sed
1415 1475 1470 1522 et
1509 1465 1631 1522 alibi
1661 1465 1764 1519 hoc

197 1556 305 1613 loco
331 1559 591 1615 similiter
618 1562 878 1627 abutitur,
904 1569 964 1616 ut
987 1560 1124 1615 infra
1156 1563 1247 1616 lib.
1276 1577 1336 1629 tt,
1369 1562 1395 1632 §
1426 1562 1476 1618 6.

262 1653 378 1723 Cap.
398 1656 453 1721 3,
493 1654 520 1727 §
547 1656 601 1709 8.
625 1654 809 1709 Libido
830 1659 880 1709 in
903 1656 1158 1709 adulterio
1179 1656 1369 1709 malum
1392 1654 1509 1728 εει]
1538 1656 1762 1722 Dubium

207 1759 296 1798 non
318 1754 392 1800 est
417 1749 548 1815 quin
572 1750 707 1802 mala
742 1750 812 1803 sit
847 1748 900 1803 in
939 1750 1206 1804 adulterio
1248 1749 1446 1815 libido;
1474 1750 1567 1804 sed
1599 1765 1764 1817 quare

1868 539 2075 594 ratione
2096 541 2451 595 demonstrari
2479 541 2645 595 Deum
2670 555 2813 596 esse.

1939 632 2095 698 lbid.,
2132 634 2159 705 §
2191 634 2243 690 6.
2275 632 2494 689 Frustra
2526 635 2777 705 propheta
2824 635 3042 713 dixisset
3073 652 3093 691 :
3140 635 3250 690 Nisi
3278 635 3454 691 credi-

1867 723 2073 791 deritis,
2100 741 2203 780 non
2228 724 2585 798 intelligetis]
2606 726 2722 781 Jam
2746 734 2901 781 antea
2928 712 3259 783 ostendimus
3283 743 3310 781 a
3332 744 3453 798 pro-

1868 817 2025 887 pheta
2061 818 2163 875 tale
2193 819 2325 881 nihil
2355 820 2577 886 dictum,
2609 819 2675 875 ad
2708 821 2802 877 lib.
2836 837 2874 887 ι,
2907 837 3025 891 cap.
3073 823 3129 877 2.

1938 909 2071 965 Ibid.
2094 909 2217 981 Ipse
2243 929 2439 983 quoque
2478 911 2728 967 Dominus
2781 925 2949 968 noster
2977 924 3025 969 et
3051 916 3201 970 dictis
3230 925 3275 970 et
3304 919 3456 988 factis

1867 1004 2170 1057 credendum
2193 1004 2358 1075 primo
2372 1003 2603 1057 hortatus
2624 1013 2722 1070 est,
2746 1021 2870 1073 quos
2891 1007 2960 1059 ad
2981 1006 3198 1061 salutem
3220 1010 3455 1085 vocavit.]

1868 1095 2030 1151 Recte
2054 1097 2183 1151 dicit
2212 1097 2382 1167 factis,
2414 1113 2533 1151 nam
2558 1098 2833 1153 miraculis
2863 1100 3096 1154 ostendit
3120 1116 3177 1155 se
3203 1117 3322 1157 esse
3353 1103 3455 1157 lide

1866 1190 2108 1261 dignum,
2141 1201 2423 1261 antequam
2458 1191 2614 1246 ﬁdem
2648 1192 2749 1247 sibi
2794 1192 2980 1247 haberi
3029 1196 3297 1265 exigeret.
3346 1198 3455 1253 Sed

1868 1300 2054 1339 verum
2097 1294 2179 1339 est
2216 1285 2512 1354 pleniorem
2543 1285 2907 1355 cognitionem
2952 1286 3072 1341 lidei
3114 1303 3236 1341 esse
3263 1303 3457 1358 seque-

1870 1376 2006 1445 lam,
2050 1378 2121 1432 ita
2151 1387 2206 1432 ut
2236 1379 2541 1449 generalior
2571 1372 2806 1447 cognitio
2832 1378 2991 1433 ﬁdem
3019 1378 3206 1447 pariat,
3240 1388 3294 1434 et
3325 1380 3458 1436 ﬁdes

1868 1470 1985 1525 vice
2012 1486 2165 1526 versa
2196 1472 2583 1527 accuratiorem
2613 1469 2972 1541 cognitionem
3003 1481 3245 1540 generet.

1941 1564 2103 1619 Ltano
2134 1581 2211 1620 ιιι.
2253 1564 2382 1635 Cap.
2416 1567 2471 1633 5,
2509 1563 2535 1636 §
2568 1565 2620 1617 7.
2654 1564 2776 1617 Νοη
2810 1564 3072 1618 voluntate
3100 1574 3270 1616 autem
3316 1562 3460 1615 volu-

1868 1673 2016 1720 mus;
2044 1659 2156 1727 quis
2187 1658 2263 1712 vel
2293 1658 2486 1713 delirus
2510 1658 2698 1712 audeat
2730 1659 2898 1712 dicere
2913 1657 2955 1729 ?]
2991 1657 3461 1728 VultAugustinus

1869 1750 2157 1805 ostendere
2187 1753 2275 1821 qui
2310 1751 2449 1807 Deus
2496 1751 2663 1807 libera
2697 1751 2865 1822 possit
2904 1750 3181 1819 praescire;
3211 1751 3304 1806 sed
3336 1761 3462 1806 ante

200 1840 316 1893 mala
340 1839 466 1895 est?
496 1841 631 1908 Quia
679 1840 1005 1897 adulterium
1051 1842 1226 1910 ipsum
1251 1850 1337 1897 est
1363 1843 1587 1907 malum,
1616 1840 1761 1909 quod
1791 1831 1840 1892 Β
1870 1844 2049 1898 omnia
2080 1844 2410 1914 Oportuisset
2457 1843 2681 1899 delinire
2725 1845 3028 1909 libertatem,
3054 1858 3153 1899 nec
3180 1859 3298 1899 eam
3327 1859 3459 1899 con-

192 1932 271 1986 illo
304 1934 536 1988 societas
583 1935 815 1990 humana
867 1938 1025 2004 plane
1078 1937 1445 2005 perturbetur.
1500 1924 1761 1990 ilum-ante

190 2026 316 2079 enim
336 2027 613 2084 societatis
634 2029 1039 2086 fundamentum
1065 2038 1147 2085 est
1177 2030 1405 2085 societas
1437 2031 1537 2084 viri
1566 2038 1762 2085 etcon-

190 2116 332 2185 iugis,
372 2134 497 2188 quae
525 2129 607 2174 est
636 2122 874 2175 omnium
926 2123 1133 2191 prima,
1180 2136 1278 2177 nec
1320 2121 1604 2177 incolumis
1642 2138 1762 2178 esse

192 2219 371 2277 patest,
403 2211 521 2266 sine
552 2220 738 2268 mutuo
770 2215 1046 2285 utriusque
1073 2230 1281 2280 amore,
1317 2225 1370 2270 et
1399 2219 1672 2271 communi
1700 2217 1763 2271 li-

195 2298 427 2355 berorum
476 2314 538 2357 ac
568 2305 647 2359 rei
676 2302 954 2360 familiaris
1003 2320 1152 2375 cura,
1187 2322 1305 2376 qua:
1341 2323 1462 2362 cum
1496 2307 1762 2364 adulterio

200 2402 319 2447 stare
339 2408 631 2465 nequeunt.
686 2397 954 2454 Praeterea
1001 2399 1261 2467 adulteria
1318 2410 1600 2470 parentum
1638 2410 1765 2458 sunt

203 2486 361 2540 liberis
404 2487 840 2544 efﬁcacissimum
874 2492 1144 2546 scortandi
1174 2494 1511 2564 exemplum;
1546 2498 1684 2566 quod
1717 2498 1763 2552 si

206 2579 483 2644 promiscue
512 2579 697 2645 ﬁeret,
743 2591 920 2636 actum
958 2597 1170 2653 quoque
1212 2595 1358 2640 esset
1409 2586 1475 2641 de
1504 2589 1764 2643 societate

203 2669 433 2725 humana.
485 2672 633 2727 Talia
669 2688 800 2743 ergo
844 2684 970 2729 sunt
1020 2678 1207 2741 vetita,
1263 2677 1538 2734 hominum
1566 2696 1761 2747 causa;

204 2764 372 2832 quibus
395 2764 749 2821 vehementer
785 2776 1064 2824 nocerent.
1096 2770 1306 2840 Alioqui
1342 2772 1518 2839 libido,
1551 2790 1645 2828 seu
1673 2790 1767 2829 cu-

202 2857 379 2925 piditas
400 2858 618 2913 alterius
648 2875 827 2927 sexus,
859 2862 1164 2918 ni'liilliabet
1194 2879 1286 2933 per
1306 2879 1366 2920 se
1388 2866 1532 2930 mali,
1558 2868 1601 2920 si
1628 2868 1764 2920 intra

202 2951 378 3005 limites
408 2966 436 3005 a
470 2952 599 3019 Deo,
636 2954 742 3008 imo
771 2963 825 3008 et
853 2955 919 3009 ab
960 2956 1075 3025 ipsa
1109 2952 1335 3012 Ratione
1359 3002 1373 3026 ,
1427 2960 1767 3027 praescriptos

184 3051 419 3123 maneat.
499 3045 859 3112 Quamobrem
928 3050 1001 3102 ita
1058 3051 1345 3104 constituta
1414 3064 1537 3105 sunt
1584 3068 1613 3105 a
1659 3053 1768 3107 Deo

200 3136 423 3189 omnium
452 3137 762 3192 animalium
788 3154 1036 3208 corpora,
1072 3152 1131 3195 ut
1151 3158 1271 3196 cum
1302 3144 1668 3212 adoleverunt,
1705 3162 1767 3200 ea

197 3227 446 3296 cupiditas
482 3230 533 3282 in
577 3229 663 3297 iis,
713 3232 1029 3288 mechanico
1061 3235 1282 3302 impetu,
1326 3237 1611 3304 excitetur,
1662 3252 1770 3292 non

196 3325 344 3382 aliter
370 3340 429 3381 ac
456 3328 721 3395 cupiditas
750 3328 945 3384 edendi
971 3338 1065 3384 aut
1094 3331 1330 3386 bibendi.
1363 3329 1769 3388 Consectarium

194 3429 271 3473 est
299 3430 499 3474 natura:
526 3422 791 3490 corporis,
822 3422 979 3491 quale
1010 3435 1041 3476 a
1069 3422 1176 3478 Deo
1212 3432 1451 3479 creatum
1484 3435 1589 3491 est,
1624 3437 1678 3480 ut
1703 3442 1770 3481 ex

192 3510 355 3567 brutis
381 3520 435 3567 et
457 3528 528 3567 ex
560 3514 677 3582 ipso
722 3514 950 3569 consilio
978 3516 1377 3585 propagationis
1409 3532 1665 3585 generum
1692 3518 1773 3572 in-

192 3603 427 3673 telligere
456 3614 559 3659 est.
594 3604 759 3674 igitur
786 3618 913 3660 vere
942 3605 1081 3661 dixit
1107 3606 1343 3662 Evodius
1374 3608 1443 3663 de
1465 3608 1767 3663 adulterio:

190 3693 312 3748 Non
334 3712 453 3750 sane
475 3696 593 3750 ideo
619 3696 809 3750 malum
845 3707 943 3763 est,
974 3700 1095 3765 quia
1116 3710 1314 3753 velatur
1342 3699 1489 3770 lege;
1540 3703 1628 3755 sed
1658 3702 1771 3755 ideo

189 3795 379 3840 uelatur
409 3787 536 3859 lege,
564 3789 684 3858 quia
709 3790 902 3842 malum
932 3799 1040 3857 est;
1096 3792 1190 3845 sed
1221 3792 1550 3859 Augustinus
1596 3793 1772 3848 minus

187 3882 468 3937 commode
500 3881 753 3936 indicavit
788 3897 885 3937 cur
914 3883 985 3937 sit
1012 3886 1234 3938 malum.
1262 3884 1522 3939 Similiter
1553 3896 1634 3940 est
1688 3900 1773 3938 ra-

186 3975 546 4029 tiocinandum
572 3975 639 4030 de
663 3973 992 4043 homicidiis,
1017 3986 1070 4031 et
1092 3977 1270 4045 furtis,
1291 3978 1564 4048 dequibus
1586 3989 1773 4047 postea

183 4076 387 4129 noster,
418 4076 472 4121 et
511 4080 629 4137 qua:
660 4068 796 4121 mala
826 4076 972 4137 sunt,
1004 4070 1126 4138 quia
1159 4079 1285 4123 sunt
1323 4084 1545 4140 prorsus
1584 4070 1771 4125 imma-

185 4168 267 4211 nae
298 4158 537 4214 societati
565 4159 832 4214 contraria
858 4176 871 4225 ;
902 4174 966 4214 ac
998 4158 1223 4228 proinde
1268 4161 1434 4230 ipsius
1466 4162 1559 4218 Dei
1594 4162 1773 4217 consi-

184 4247 279 4315 lio,
306 4252 391 4320 qui
422 4252 666 4305 homines
695 4251 746 4303 in
781 4250 936 4305 terris
956 4250 1237 4306 collocavit
1260 4262 1317 4305 ttt
1337 4253 1509 4307 amice
1539 4253 1679 4308 inter
1708 4267 1769 4308 se

185 4352 420 4413 agerent,
449 4357 649 4413 eosque
692 4344 781 4413 qui
812 4342 929 4397 aliis
961 4353 1158 4398 nocent
1210 4346 1411 4414 plcetit,
1444 4345 1641 4415 quippe
1682 4345 1771 4415 qui

186 4443 265 4487 est
287 4435 401 4504 ejus
423 4434 692 4489 societatis
714 4443 900 4489 auct0r
928 4450 991 4489 ac
1016 4432 1231 4490 vindex.

251 4526 383 4596 Cap.
414 4525 500 4592 12,
536 4527 561 4597 ξ
587 4526 678 4579 25.
712 4526 775 4581 Α.
808 4527 995 4593 Quwro
1017 4529 1106 4581 abs
1137 4536 1202 4593 te,
1234 4527 1364 4581 sitne
1384 4525 1557 4598 aliqua
1598 4528 1649 4581 in
1678 4546 1773 4584 no-

190 4616 261 4669 bis
288 4618 560 4671 voluntas?
596 4618 657 4672 Ε.
690 4616 928 4689 Nescio.]
975 4614 1167 4673 Mirum
1224 4629 1307 4674 est
1354 4617 1640 4686 Evodinm,
1678 4623 1769 4690 qui

189 4712 382 4777 passim
413 4721 495 4766 sat
528 4720 686 4784 acute
736 4711 1107 4775 ratiocinator,
1152 4722 1203 4765 et
1235 4711 1586 4781 interroganti
1646 4730 1771 4782 pru-

193 4801 374 4859 denter
404 4804 714 4872 respondet,
742 4802 827 4857 hic
851 4812 955 4856 tam
980 4802 1252 4868 stupidum
1282 4802 1407 4871 ﬁngi
1442 4815 1500 4857 ut
1541 4803 1684 4859 scire
1710 4819 1770 4861 se

198 4906 365 4963 neget,
383 4912 447 4951 an
472 4898 595 4951 insit
618 4895 926 4950 hominibus
947 4895 1211 4949 voluntas.
1232 4896 1332 4961 Qui
1361 4906 1543 4965 postea
1571 4897 1662 4952 lib.
1688 4912 1767 4965 ιιι,

202 4983 309 5053 ιδ,
334 4989 503 5043 dicere
554 4995 727 5057 potest
776 4986 917 5041 idem
964 4986 1224 5052 Evodius;
1273 4986 1399 5057 quid
1444 5004 1596 5041 suum
1635 4990 1771 5042 dicat

204 5090 397 5141 prorsus
424 5094 525 5134 non
560 5079 805 5145 invenire,
837 5080 878 5132 si
907 5079 1137 5131 voluntas
1160 5096 1263 5148 qua
1290 5077 1395 5132 vult
1439 5089 1486 5133 et
1521 5096 1621 5133 non
1663 5080 1772 5134 vult

205 5178 382 5224 nonest
410 5172 609 5242 ipsius?
657 5170 761 5227 Sed
793 5170 1190 5224 Platonicorum
1228 5171 1563 5240 dialogorum
1590 5174 1774 5227 amba-

206 5270 289 5326 ges
306 5262 418 5315 talia
441 5262 605 5316 multa
642 5261 860 5326 habent,
894 5275 1013 5331 qua:
1044 5262 1225 5316 nescio
1250 5263 1331 5316 cui
1379 5262 1452 5317 rei
1485 5272 1609 5333 apta
1641 5264 1769 5330 sint,

208 5349 298 5405 nisi
322 5353 382 5406 ad
406 5352 695 5409 creandum
728 5352 917 5407 lectori
963 5354 1202 5409 taedium.

270 5443 423 5501 Ltstto
454 5461 514 5501 ιι.
561 5444 693 5515 Cap.
746 5445 802 5510 2,
865 5446 892 5517 §
943 5446 996 5501 5.
1049 5446 1161 5517 Ego
1204 5447 1605 5501 demonstrarem
1635 5450 1771 5516 quod

212 5537 352 5590 cuivis
378 5540 699 5609 facillimum,
724 5548 914 5609 quanto
949 5551 1073 5594 esset
1101 5541 1365 5610 aquius...
1400 5549 1456 5593 ut
1485 5542 1637 5593 etiam
1664 5542 1771 5613 ipse

216 5638 442 5685 tantorum
462 5634 686 5688 virorum
724 5634 891 5701 libris,
934 5635 1020 5704 qui
1062 5650 1115 5688 se
1158 5651 1271 5687 cum
1308 5633 1351 5686 1"
1357 5636 1446 5689 ilio
1473 5634 1567 5690 Dei
1586 5638 1771 5693 vixisse

218 5735 426 5781 testatum
447 5729 627 5782 litteris
647 5727 983 5798 reliquerunt,
1026 5745 1131 5783 esse
1152 5726 1317 5782 Deum
1360 5733 1604 5797 crederet,
1638 5730 1766 5806 etc.]

220 5815 352 5875 Prius
369 5831 539 5877 tamen
567 5819 957 5877 ostendendum
988 5830 1132 5877 esset
1162 5822 1324 5877 libros
1366 5821 1485 5880 illos
1512 5838 1631 5881 esse
1664 5827 1765 5882 ﬁde

1870 1938 2090 1993 fundere
2113 1953 2232 1992 cum
2266 1939 2553 1992 voluntate:
2584 1938 2701 1993 hrec
2726 1939 2868 1991 enim
2910 1952 3018 1991 non
3069 1946 3197 1993 sunt
3240 1952 3457 2009 semper

1869 2030 2173 2098 conjuncta,
2206 2036 2267 2083 ut
2294 2038 2477 2099 postea
2508 2029 2830 2085 videbimus.

1941 2119 2278 2185 Quamobrem
2297 2126 2520 2191 quamvis
2539 2121 2774 2191 prtesciat
2802 2120 2937 2174 Deus
2957 2128 3160 2173 nostras
3181 2120 3461 2176 voluntates

1868 2212 2102 2284 futuras,
2149 2229 2248 2266 non
2286 2229 2346 2266 ex
2382 2230 2442 2267 eo
2474 2224 2644 2265 tamen
2687 2212 2955 2279 conﬁcitur
2986 2222 3038 2265 ut
3067 2229 3167 2266 non
3207 2212 3465 2267 voluntate

1869 2305 2065 2376 aliquid
2090 2302 2347 2375 velimus.]
2379 2306 2448 2359 At
2474 2304 2845 2374 distinguenda
2871 2314 2996 2360 sunt
3020 2304 3125 2359 duo
3151 2320 3348 2375 genera
3380 2322 3467 2361 re-

1869 2414 1987 2453 rum
2011 2414 2127 2466 qua:
2158 2398 2447 2453 voluntaria
2475 2398 2581 2452 dici
2618 2406 2860 2467 possunt.
2897 2398 3029 2453 Sunt
3057 2399 3198 2452 enim
3231 2413 3350 2467 quae
3377 2416 3466 2453 vo-

1870 2494 2024 2547 lentes
2053 2492 2270 2563 quidem
2317 2491 2580 2558 facimus,
2631 2491 2724 2546 sed
2760 2491 2981 2546 minime
3024 2500 3201 2546 tamen
3256 2492 3463 2559 libere;

1869 2600 1993 2638 nam
2025 2583 2231 2638 libertas
2261 2594 2342 2639 est
2377 2600 2438 2639 ea
2470 2586 2632 2638 animi
2665 2583 2885 2638 facultas
2910 2600 3012 2653 qua
3056 2598 3340 2655 possumus
3368 2586 3466 2638 ali-

1869 2677 1996 2747 quid
2029 2676 2202 2733 facere
2226 2688 2316 2732 aut
2346 2692 2450 2732 non
2482 2678 2690 2745 facere;
2720 2689 2844 2733 sunt
2871 2688 3046 2746 autem
3078 2678 3317 2748 quasdam
3349 2693 3467 2749 qua

1871 2771 1951 2846 ita.
1976 2772 2224 2825 volumus
2250 2812 2265 2837 ,
2300 2782 2354 2825 nt
2397 2786 2458 2825 ea
2504 2786 2609 2825 non
2660 2770 2927 2840 possimus
2975 2770 3138 2825 nolle.
3182 2771 3238 2825 ln
3262 2771 3468 2839 judicio

1872 2862 2093 2917 ferendo
2124 2862 2189 2916 de
2216 2863 2465 2932 dogmate
2491 2863 2739 2932 quopiam
2765 2904 2779 2926 ,
2812 2863 2937 2916 dum
2970 2862 3213 2917 obscuris
3246 2865 3469 2918 rationi-

1872 2957 1971 3010 bus
2000 2956 2211 3023 nititur,
2241 2973 2360 3025 qua:
2393 2971 2562 3025 neque
2591 2955 2873 3011 manifesto
2902 2954 3049 3010 falsa:
3078 2955 3345 3020 videntur,
3367 2970 3467 3011 nec

1872 3048 2156 3103 manifesto
2182 3062 2342 3111 verm,
2374 3062 2655 3116 possumus
2684 3047 2736 3101 id
2762 3047 2951 3115 dogma
2974 3045 3204 3116 'rejicere
3233 3057 3325 3100 aut
3348 3062 3465 3125 am-

1872 3140 2055 3211 plecti,
2088 3140 2438 3209 libertateqne
2465 3140 2600 3193 adeo
2627 3148 2807 3194 nostra
2840 3138 3057 3194 utimur.
3104 3138 3209 3194 Sed
3238 3140 3279 3192 si
3314 3138 3467 3193 nobis

1878 3241 2205 3303 proponatur
2227 3234 2436 3286 axioma
2460 3233 2724 3301 quoddam
2752 3231 3209 3299 mathematicum,
3231 3241 3320 3286 aut
3347 3247 3468 3299 pro-

1875 3325 2068 3395 positio
2098 3342 2161 3381 ex
2190 3341 2256 3380 eo
2296 3327 2600 3380 neceSSaria
2646 3327 3027 3395 consequentia
3059 3325 3284 3380 deducta
3308 3368 3324 3392 ,
3359 3342 3463 3380 non

1875 3429 1956 3472 cst
1985 3418 2213 3487 amplius
2255 3418 2305 3471 in
2349 3428 2614 3487 poteState
2646 3426 2829 3473 nostra
2861 3432 3140 3472 assensum
3173 3431 3387 3487 negare,
3419 3418 3467 3473 si

1874 3510 2035 3563 modo
2056 3510 2218 3564 verba
2246 3509 2440 3580 quibus
2470 3518 2727 3580 concepta
2772 3521 2896 3564 sunt
2942 3508 3319 3579 intelligamus.
3370 3509 3467 3564 llic

1875 3603 2088 3670 quidem
2116 3602 2337 3657 volentes
2369 3602 2691 3657 assentimur
2715 3646 2729 3669 ,
2776 3616 2950 3671 neque
2989 3602 3129 3655 enirn
3169 3601 3324 3656 aliter
3352 3601 3467 3655 ﬁeri

1873 3701 2091 3763 potest;
2136 3694 2231 3748 sed
2258 3710 2361 3747 non
2392 3693 2559 3749 libere
2585 3737 2600 3763 ,
2634 3708 2755 3746 nam
2800 3707 3078 3747 assensum
3118 3707 3313 3762 negare
3357 3706 3463 3746 non

1874 3800 2177 3854 possumus.
2231 3786 2306 3840 De
2338 3784 2485 3841 hisce
2515 3785 2813 3839 actionibus
2843 3800 2946 3837 non
2986 3784 3243 3853 quaeritur
3271 3798 3337 3837 an
3370 3797 3464 3837 eas

1875 3876 2124 3946 praesciat
2151 3876 2316 3941 Deus,
2349 3886 2473 3931 sunt
2501 3878 2643 3931 enim
2678 3877 2834 3946 plane
2867 3876 3213 3939 necessariae;
3239 3875 3331 3930 sed
3365 3890 3464 3930 nec

1874 3979 1999 4023 sunt
2029 3971 2134 4023 ulla
2157 3968 2313 4024 laude
2339 3981 2430 4023 aut
2458 3969 2719 4037 vituperio
2745 3968 2939 4037 dignm.
2966 3967 3063 4021 Est
3087 3975 3140 4021 et
3162 3966 3328 4021 altera
3352 3981 3458 4031 res,

1875 4072 2069 4131 praeter
2084 4077 2345 4115 summam
2364 4059 2712 4126 evidentiam,
2729 4060 2780 4113 in
2799 4074 2955 4129 quam
2969 4059 3207 4113 volentes
3222 4057 3460 4127 quidem,

1876 4153 1973 4208 sed
2004 4169 2108 4207 non
2141 4154 2309 4208 libere
2338 4150 2581 4217 ferimur,
2611 4166 2771 4224 quam
2796 4151 3046 4220 exprimit
3077 4150 3190 4219 ipse
3216 4150 3465 4219 Augusti-

1876 4260 1977 4300 nus
2007 4245 2353 4315 sequentibus
2381 4244 2577 4299 verbis.

1950 4336 2091 4391 Nam
2119 4348 2165 4392 et
2206 4337 2268 4391 de
2297 4338 2602 4392 beatitudine
2628 4336 2763 4406 quod
2792 4334 3000 4401 dixisti,
3034 4349 3134 4387 non
3160 4331 3249 4387 abs
3280 4342 3326 4384 te
3353 4332 3466 4400 ipso

1878 4432 2076 4486 beatum
2107 4431 2219 4500 ﬁeri
2237 4473 2253 4501 ,
2282 4432 2353 4484 ita
2382 4431 2558 4484 dixisti
2580 4429 2725 4499 quasi
2752 4426 2848 4482 hoc
2888 4443 2980 4497 ego
3016 4425 3339 4495 negaverim;
3380 4424 3468 4478 sed

1878 4525 1991 4578 dico
2020 4540 2135 4577 cum
2165 4527 2367 4594 futurus
2398 4539 2448 4576 es
2479 4522 2648 4576 beatus
2668 4562 2684 4587 ,
2716 4535 2814 4573 non
2847 4530 2893 4573 te
2919 4520 3154 4582 invitum,
3184 4517 3273 4571 sed
3297 4517 3469 4569 volen-

1877 4624 1971 4669 tem
1998 4613 2274 4685 [uturunn]
2301 4617 2371 4668 At
2398 4613 2485 4668 hic
2509 4625 2722 4683 quoque
2752 4610 2894 4665 nulla
2916 4619 2998 4666 est
3025 4609 3249 4673 libertas,
3277 4622 3468 4663 omnes

1877 4710 2019 4763 enim
2052 4710 2358 4763 necessario
2384 4715 2571 4776 Optant
2600 4719 2862 4760 summam
2891 4702 3294 4769 beatitudinem,
3323 4715 3470 4755 eam-

1877 4816 1983 4867 que
2012 4799 2287 4854 consecuti
2318 4813 2424 4852 non
2473 4806 2697 4868 possunt
2740 4796 2794 4849 in
2843 4810 2905 4851 ea
2951 4809 3055 4849 non
3103 4796 3468 4862 acquiescere.

1877 4889 2110 4962 ideoque
2136 4892 2237 4945 hoc
2260 4890 2566 4960 exemplum
2593 4889 2659 4943 ad
2685 4903 2796 4944 rem
2822 4886 2955 4942 nihil
2978 4885 3122 4951 facit,
3148 4900 3269 4940 cum
3292 4901 3473 4942 sermo

1879 4986 1969 5040 hic
1998 4986 2070 5041 sit
2094 4984 2160 5039 de
2188 4984 2516 5039 volitionibus
2542 5025 2557 5051 ,
2589 4993 2649 5037 ut
2673 4982 2963 5052 loquuntur
2989 4978 3334 5044 scholastici,
3365 4994 3472 5034 non

1881 5075 2219 5143 necessariis,
2254 5076 2345 5131 sed
2380 5089 2600 5146 prorsus
2625 5074 2832 5141 liberis,
2862 5078 2922 5126 ut
2949 5079 3074 5126 sunt
3102 5084 3180 5124 ea:
3206 5085 3324 5141 quae
3352 5086 3477 5126 ver-

1880 5181 2066 5226 santur
2086 5171 2229 5225 circa
2256 5168 2396 5225 bona
2418 5167 2727 5238 singularia,
2754 5178 3084 5234 quaecunque
3107 5163 3321 5219 tandem
3345 5164 3473 5219 sint.

1952 5260 2081 5317 Cum
2103 5264 2257 5334 igitur
2278 5263 2521 5333 praescius
2542 5259 2681 5314 Deus
2705 5258 2767 5311 sit
2790 5260 2977 5328 futura:
2999 5255 3325 5309 beatitudinis
3353 5264 3473 5321 tute,

1880 5375 1970 5412 nec
2006 5359 2155 5411 aliter
2182 5354 2378 5426 aliquid
2418 5354 2530 5424 ﬁeri
2563 5353 2721 5423 possit
2755 5366 2907 5421 quam
2953 5348 3202 5418 prtescivit
3229 5392 3243 5415 ,
3286 5347 3478 5416 alioqui

1883 5451 2028 5505 nulla
2053 5452 2371 5523 prwscientia
2396 5458 2508 5514 est;
2538 5463 2637 5500 non
2669 5456 2837 5499 tamen
2865 5460 2927 5498 ea:
2952 5459 3011 5498 eo
3039 5444 3267 5514 cogimur
3293 5442 3476 5495 sentire

1883 5546 2019 5615 quod
2053 5544 2475 5597 absurdissimum
2516 5548 2590 5594 est
2619 5549 2663 5593 et
2702 5539 2851 5608 longe
2887 5555 2917 5592 a
2954 5538 3161 5592 veritate
3200 5535 3474 5600 seclusum,

1884 5654 1987 5692 non
2015 5649 2062 5692 te
2086 5638 2278 5691 volente
2300 5635 2499 5689 beatum
2522 5629 2798 5706 futurum]
2827 5633 2951 5687 Ηωο
2976 5646 3005 5685 a
3038 5628 3308 5701 proposita
3333 5642 3477 5695 quae-

1884 5734 2056 5787 stione
2102 5739 2227 5785 sunt
2264 5728 2475 5792 aliena;
2529 5726 2790 5798 quaeritur
2831 5728 2973 5781 enim
3018 5720 3285 5793 quomodo
3338 5720 3477 5773 Deus

1876 5823 2130 5893 praesciat
2158 5836 2225 5876 an
2257 5818 2515 5887 Evodius,
2545 5818 2695 5875 verbi
2725 5816 2915 5888 gratia,
2938 5826 3215 5869 assensum
3247 5811 3317 5867 sit
3344 5823 3477 5879 prte-
