3954 6364
498 336 501 341 ί
540 275 639 333 251

1368 313 1381 328 .
1444 258 2008 323 SUPPLEMENTUM
2050 253 2142 313 Al)
2179 253 2411 314 OPERA
2448 258 2504 314 S.
2547 255 2935 315 AUGUSTINI.
3678 270 3754 327 252

540 393 746 449 biturus
774 387 1083 458 Evangelio,
1116 388 1159 445 si
1203 387 1437 443 Evodius
1468 402 1590 442 eum
1621 399 1903 449 assensum
1934 393 2130 453 negare
2158 374 2211 437 Δ
2236 378 2341 433 dici
2366 378 2463 434 hac
2490 379 2555 434 de
2582 393 2641 431 re
2669 378 2906 440 soleant;
2942 374 3035 431 sed
3068 375 3304 445 profecto
3332 380 3516 450 regulae
3540 382 3753 456 Augusti.
3810 356 3811 359 Ἴ

542 486 739 557 possit;
780 498 882 537 non
914 497 1038 537 vero
1064 496 1182 551 qua:
1208 480 1277 537 sit
1305 480 1479 535 futura
1521 479 1768 535 voluntas
1799 476 1920 548 ejus
1940 516 1956 542 ,
2003 489 2126 530 cum

543 577 847 635 beatitatem
878 584 1252 643 consequetur.

615 668 761 723 Sicut
787 674 957 719 autent
985 662 1297 719 voluntatem
1325 662 1673 726 beatitudinis,
1702 677 1816 715 cum
1841 674 1946 714 esse
1971 672 2133 725 cmpe-

544 760 611 813 ris
634 760 830 822 beatus,
854 772 954 809 non
975 755 1063 809 tibi
1084 755 1255 825 aufert
1276 754 1591 826 prwscientia
1615 752 1728 819 Dei,
1755 766 1869 822 qua:
1889 750 2134 818 hodieque

544 852 605 904 de
633 861 717 903 tua
757 853 932 919 futura
959 846 1268 901 beatitudine
1301 856 1438 901 certa
1464 855 1539 901 est
1569 861 1586 898 :
1613 845 1684 898 sic
1715 845 1866 897 etiam
1902 840 2136 895 voluntas

545 941 831 1013 culpabilis,
864 942 908 995 si
930 958 1035 1011 qua
1064 942 1117 993 in
1147 949 1193 993 te
1220 939 1395 1009 futura
1420 947 1515 1003 est,
1544 953 1646 991 non
1676 944 1939 1006 propterea
1958 933 2140 986 volun-

546 1049 621 1089 tas
647 1052 746 1088 non
769 1033 888 1099 erit,
906 1034 1149 1104 quoniam
1172 1031 1310 1086 Deus
1331 1048 1441 1087 eam
1466 1034 1692 1102 futuram
1715 1044 1821 1083 esse
1842 1021 2138 1098 prtescivit.]

550 1128 688 1181 Deus
739 1125 985 1197 praevidit
1033 1125 1293 1179 Evodium
1344 1124 1613 1179 volentem
1659 1121 1772 1175 fore
1800 1120 2012 1174 beatum
2039 1157 2055 1182 ,
2096 1116 2142 1170 si

551 1220 860 1273 beatitatem
883 1222 1325 1286 consequeretur,
1344 1216 1466 1285 quia
1487 1214 1603 1268 haec
1620 1214 1867 1267 voluntas
1883 1219 1967 1266 est
1986 1208 2143 1279 plane

554 1310 855 1365 necessaria
882 1351 897 1376 ,
930 1308 1171 1378 adeoque
1212 1322 1311 1362 nec
1356 1304 1617 1360 laudanda
1643 1344 1660 1371 ,
1703 1318 1801 1358 nec
1841 1299 2140 1371 culpabilis.

552 1401 750 1455 Verum
780 1400 884 1455 hoc
910 1414 1015 1454 non
1046 1398 1325 1469 quaeritur,
1354 1397 1447 1452 sed
1475 1394 1746 1466 quomodo
1778 1394 1944 1448 libere
1971 1391 2147 1445 Evan-

553 1496 693 1564 gelio
721 1493 1008 1548 crediderit
1036 1501 1090 1546 et
1118 1491 1408 1546 adhreserit
1435 1489 1686 1553 Evodius,
1720 1488 1793 1541 ita
1824 1496 1879 1541 ut
1905 1484 1957 1540 ei
1985 1485 2144 1538 ﬁdem

555 1586 861 1650 detrahere,
895 1594 947 1638 et
977 1583 1045 1637 ab
1074 1598 1139 1637 eo
1166 1582 1396 1638 deﬁcere
1428 1581 1658 1652 potuerit
1686 1597 1700 1645 ;
1743 1587 1797 1632 et
1824 1588 2001 1631 tamen
2032 1574 2149 1630 haec

558 1679 697 1733 Deus
738 1676 989 1747 praescire
1032 1687 1180 1729 certo
1224 1674 1476 1745 potuerit.
1524 1672 1630 1727 Fac
1670 1681 1856 1726 contra
1884 1668 2148 1724 Evodium

2230 470 2436 534 nianm,
2463 484 2620 540 quam
2666 470 2764 523 hoc
2814 468 2867 521 in
2896 482 3059 535 opere
3084 466 3151 522 de
3178 467 3365 523 Libero
3390 471 3604 528 Arbitrio
3629 482 3759 547 ponit,

2233 563 2548 618 immutabili
2597 564 2791 634 quippe
2814 561 3017 633 justitia
3059 562 3230 628 nixae,
3258 563 3499 620 tenebras
3538 568 3765 633 otl‘undere

2234 671 2339 713 non
2366 665 2608 727 possunt.

2306 752 2436 822 Cap.
2473 750 2559 821 19,
2589 750 2616 821 §
2647 752 2735 806 55.
2778 750 2931 806 Nulli
2961 750 3096 803 enim
3123 750 3319 804 homini
3349 751 3561 808 oblatum
3585 766 3648 810 est
3673 763 3771 817 seire

2237 844 2431 900 utiliter
2467 844 2625 915 qureri
2668 842 2805 912 quod
2846 842 3095 897 inutiliter
3123 843 3428 915 ignoratur.]
3474 845 3608 903 Hanc
3633 850 3772 918 plero-
3866 858 3867 861 “

2242 954 2465 1007 rumque
2523 936 2768 993 codicum
2832 936 3116 991 lectionem
3174 950 3294 991 esse
3349 944 3598 995 testantur
3642 942 3776 1000 Bene-

2241 1030 2447 1085 dictini.
2499 1028 2606 1084 Sed
2655 1028 2872 1082 omnino
2928 1026 3210 1097 legendum
3267 1036 3351 1083 est
3399 1029 3648 1098 ablatum,
3696 1052 3775 1091 non

2246 1122 2495 1176 oblatum.
2548 1120 2673 1176 Haec
2700 1120 2841 1175 enim
2870 1129 2952 1175 est
2977 1119 3257 1191 Augustini
3286 1122 3541 1176 sententia
3565 1166 3579 1190 ,
3615 1128 3777 1181 nemini

2245 1229 2367 1289 esse
2414 1212 2553 1267 banc
2580 1212 2813 1267 ablatam
2859 1211 3219 1281 cognitionem
3247 1251 3265 1277 ,
3310 1226 3371 1267 ea
3402 1214 3594 1269 utiliter
3627 1221 3777 1285 quaeri,

2246 1320 2473 1374 quorum
2515 1319 2618 1361 non
2642 1312 2877 1379 constat
2907 1304 3260 1373 ignorantiam
3300 1318 3416 1359 esse
3450 1306 3640 1361 utilem.
3673 1308 3781 1363 Sane

2248 1399 2320 1455 ita
2346 1400 2461 1455 haec
2492 1414 2591 1454 vox
2620 1400 2812 1469 legitur
2839 1399 2891 1452 in
2921 1397 3157 1453 editione
3190 1395 3496 1463 Basileensi,
3516 1408 3567 1455 et
3588 1400 3782 1472 lortety-
3870 1384 3871 1387 η

2250 1493 2572 1563 pographico
2596 1492 2791 1547 mendo
2822 1491 3030 1546 laborat
3054 1491 3141 1544 hic
3162 1489 3496 1545 Parisiensis.
3527 1491 3647 1546 Vide
3669 1492 3692 1562 §
3714 1494 3779 1547 57.

2323 1588 2452 1655 Cap.
2480 1587 2571 1653 20,
2599 1586 2626 1658 §
2651 1587 2739 1642 55.
2775 1585 2843 1641 Ut
2867 1586 3101 1639 meliores
3128 1584 3355 1654 gigneret
3381 1600 3528 1650 quam
3551 1584 3647 1654 ipse
3671 1596 3782 1652 esset,

2253 1668 2354 1732 iton
2384 1686 2491 1732 erat
2520 1689 2567 1732 et
2595 1676 2899 1747 requitatis.]
2939 1676 3048 1731 Nec
3089 1676 3327 1744 iniquum
3370 1674 3469 1728 hoc
3506 1684 3647 1740 erat,
3673 1676 3709 1728 si
3734 1678 3782 1731 ita

558 1770 845 1841 Evangelia
874 1786 977 1825 non
1006 1768 1301 1825 credidisse
1331 1777 1420 1821 aut
1456 1766 1699 1821 nuntium
1729 1765 2033 1827 remisisse,
2069 1762 2148 1817 id-
2176 1762 2227 1824 B
2255 1774 2363 1829 Deo
2392 1775 2563 1828 visum
2592 1772 2814 1835 fuisset;
2862 1786 2961 1826 nec
3002 1770 3164 1825 etiam
3204 1785 3443 1837 aequum,
3485 1770 3551 1823 ita
3584 1780 3636 1823 ut
3660 1770 3783 1835 Deus,

556 1878 659 1933 que
682 1864 870 1928 libere,
898 1864 997 1917 hoc
1016 1870 1118 1927 est,
1145 1862 1216 1915 ita
1242 1871 1298 1914 ut
1319 1860 1646 1915 contrarium
1676 1857 1852 1913 facere
1876 1856 2142 1927 potuerit;

557 1958 744 2012 volens
768 1958 926 2013 etiam
958 1955 1163 2021 fecerit,
1189 1953 1239 2008 id
1267 1952 1407 2022 quod
1431 1952 1575 2007 fecit.
1602 1950 1871 2019 Quaeritur
1892 1949 1982 2020 qui
2008 1948 2147 2003 Deus

558 2058 804 2106 eventum
839 2048 1130 2117 praevidere
1163 2046 1396 2117 potuerit
1426 2046 1514 2114 qui
1548 2060 1642 2099 sua
1678 2051 1867 2097 natura
1900 2041 1953 2095 in
1984 2041 2150 2096 alter-

560 2152 733 2200 utram
766 2154 967 2213 partetn
995 2141 1384 2196 determinatus
1414 2154 1520 2193 non
1568 2137 1745 2193 fuerit.
1796 2134 1929 2190 Rem
1979 2136 2149 2205 ipsam

563 2248 792 2293 tractare
820 2251 923 2291 non
955 2234 1254 2306 aggrediar,
1286 2248 1403 2303 quae
1433 2246 1561 2285 sane
1585 2229 1898 2285 difﬁcillima
1930 2235 2033 2292 est,
2057 2224 2152 2280 sed

562 2329 736 2384 dicam
764 2327 1119 2397 Augustinum
1149 2341 1255 2380 non
1301 2325 1635 2380 crediturum
1676 2321 1839 2376 fuisse
1878 2334 1997 2375 eam
2044 2328 2152 2374 tam

564 2420 667 2476 levi
698 2419 917 2473 brachio
948 2433 976 2470 a
1019 2432 1077 2472 se
1107 2417 1241 2471 solvi
1296 2429 1455 2485 posse
1479 2454 1494 2481 ,
1541 2412 1586 2467 si
1632 2428 1745 2468 rem
1776 2410 2148 2471 intellexisset.

563 2514 713 2569 Nunc
740 2524 919 2567 autem
952 2510 1183 2564 vidimus
1208 2526 1327 2565 eam
1352 2523 1575 2564 acumen
1607 2508 1722 2578 eius
1749 2507 1907 2576 plane
1935 2505 2153 2577 fugisse,

564 2606 667 2661 nisi
708 2604 983 2659 rhetorica
1031 2602 1455 2657 dissimulatione
1502 2600 1587 2655 hic
1638 2615 1765 2655 usus
1808 2600 2005 2666 luerit;
2054 2611 2157 2669 qua

564 2707 700 2772 [orte
727 2698 886 2753 etiam
918 2695 1115 2751 factum
1146 2704 1229 2750 est
1258 2705 1317 2751 ut
1353 2694 1519 2749 multa
1548 2694 1724 2748 aliena
1751 2694 1819 2748 ab
1850 2695 1912 2747 iis
1944 2693 2013 2748 de
2040 2691 2161 2761 qui-

564 2791 663 2848 bus
690 2804 849 2859 agere
874 2802 1157 2859 aggressus
1199 2796 1283 2841 est
1310 2786 1553 2852 misceat,
1585 2800 1652 2840 ne
1683 2786 1844 2840 nimis
1866 2785 2049 2855 jejune
2080 2782 2161 2839 eis

567 2882 639 2937 de
670 2882 829 2936 rebus
858 2894 1015 2948 agere
1049 2878 1314 2933 videatur.

635 2975 765 3041 Cap.
796 2974 891 3040 10,
925 2972 951 3043 ς
973 2972 1064 3026 ‘29.
1117 2971 1254 3025 Nam
1280 2980 1327 3024 et
1350 2970 1485 3024 illud
1511 2986 1788 3041 appensum
1814 2976 1888 3023 est
1914 2968 2163 3038 (equitatis

568 3068 819 3131 examine,
844 3076 897 3119 ut
928 3083 1017 3119 nec
1045 3066 1204 3136 ipsius
1234 3065 1423 3118 diaboli
1445 3065 1677 3133 potestati
1703 3071 1969 3135 negaretur
1989 3064 2161 3127 homo,

2252 1869 2353 1924 nisi
2384 1868 2754 1937 contingeret,
2790 1865 3085 1936 iniquitatis
3126 1862 3423 1918 insimulari
3461 1871 3645 1931 posset.
3678 1863 3785 1917 Ordo

2251 1962 2508 2015 duntaxat
2535 1974 2563 2012 a
2595 1959 2705 2014 Deo
2745 1959 2799 2011 in
2836 1956 3075 2011 omnium
3114 1954 3426 2010 animalium
3458 1954 3782 2024 propagatione

2253 2054 2529 2110 institutus
2555 2066 2661 2105 non
2701 2050 3001 2120 patiebatur
3040 2047 3332 2102 liberorum
3374 2060 3562 2114 corpus
3590 2044 3785 2099 melioris

2258 2159 2379 2200 esse
2409 2142 2733 2199 conditionis
2761 2133 2920 2211 qt'tam
2943 2142 3345 2211 progenitorum
3373 2150 3610 2205 corpora.
3634 2134 3721 2191 Sed
3741 2150 3785 2188 an

2255 2252 2465 2307 aequum
2498 2243 2613 2291 erat
2645 2234 2849 2289 animos
2880 2241 3218 2303 posterorum
3251 2230 3440 2286 Adami
3483 2243 3652 2298 poenas
3678 2228 3787 2283 luere

2256 2330 2459 2401 peccati
2484 2329 2551 2383 ab
2581 2328 2711 2397 ipsis
2738 2342 2844 2383 non
2881 2326 3123 2392 admissi,
3142 2334 3195 2381 et
3221 2324 3363 2396 quod
3393 2338 3460 2378 ne
3487 2322 3788 2378 committere-

2259 2434 2346 2477 tur
2376 2423 2516 2477 nulla
2549 2421 2759 2476 ratione
2789 2418 3051 2488 impedire
3086 2416 3410 2489 potuerunt?

2330 2518 2357 2589 ᾗ
2384 2517 2474 2573 56.
2510 2516 2569 2573 Si
2596 2533 2699 2570 una
2724 2516 2899 2570 anima
2928 2517 3064 2584 facta
3092 2521 3187 2578 est,
3220 2527 3283 2565 ea:
3311 2526 3411 2579 qua
3432 2508 3643 2562 omnium
3666 2504 3790 2558 homi-

2262 2625 2384 2663 num
2425 2609 2610 2662 animw
2649 2607 2923 2660 trahuntur
2950 2604 3305 2669 nascentium,
3334 2602 3445 2671 quis
3485 2606 3629 2667 potest
3665 2594 3790 2649 ditare

2262 2718 2363 2755 non
2391 2717 2444 2755 se
2473 2715 2705 2771 peccasse
2730 2739 2745 2765 ,
2782 2714 2895 2751 cum
2937 2698 3131 2767 primus
3173 2694 3260 2748 ille
3301 2688 3575 2763 peccat'it?]
3616 2688 3700 2744 Sed
3724 2685 3789 2754 qui

2263 2794 2497 2846 animam
2528 2806 2594 2845 ex
2628 2790 2848 2845 traduce
2880 2803 3001 2844 esse
3030 2787 3336 2848 voluerunt,
3378 2798 3480 2838 non
3519 2795 3663 2849 usque
3685 2778 3790 2830 adeo

2265 2886 2585 2952 delirarunt,
2609 2892 2669 2937 ut
2690 2882 2926 2954 putarint
2953 2880 3256 2936 universam
3285 2876 3519 2930 omnium
3548 2872 3789 2926 animarum

2268 2978 2496 3041 molem,
2530 2985 2585 3030 ut
2614 2975 2686 3030 ita
2719 2976 2935 3043 loquar,
2968 2974 3018 3027 in
3052 2972 3261 3026 Adamo
3293 2968 3453 3023 fuisse
3473 3005 3487 3028 ,
3516 2978 3621 3035 qua!
3652 2969 3789 3029 postea

2270 3068 2627 3142 particulatim
2675 3067 2943 3136 discerpta
2999 3065 3050 3119 in
3100 3072 3352 3133 posteros
3404 3056 3684 3115 dividatur;
3724 3048 3789 3103 sed

571 3176 718 3231 quem
747 3158 840 3212 sibi
864 3159 996 3211 male
1015 3158 1277 3212 suadendo
1300 3157 1601 3227 subjecerat.
1635 3155 1873 3225 Iniquum
1897 3156 2029 3209 enim
2056 3162 2166 3208 erat
2190 3141 2238 3209 C
2271 3141 2417 3218 pasci
2466 3172 2519 3217 υι
2559 3176 2753 3230 corpus
2778 3201 2793 3224 ,
2834 3174 2935 3214 nec
2982 3157 3223 3214 existere
3261 3163 3537 3223 antequam
3578 3156 3794 3201 nascatur-

571 3263 626 3305 ut
650 3253 694 3305 ei
722 3267 867 3321 quem
897 3259 1115 3316 coeperat
1143 3266 1241 3302 non
1271 3247 1661 3321 dominaretur.]
1708 3247 1765 3303 Si
1796 3247 1916 3317 quis
1959 3247 2163 3300 diceret

573 3358 781 3412 tequum
804 3356 924 3396 esse
954 3350 1008 3395 ut
1031 3341 1319 3395 monarcha
1343 3342 1571 3409 patiatur
1594 3354 1687 3395 eos
1708 3337 2163 3409 perduellionibus

572 3436 774 3490 servire
795 3448 929 3504 quos
957 3434 1113 3487 malis
1136 3433 1340 3487 artibus
1364 3433 1480 3502 ejus
1503 3433 1727 3503 imperio
1755 3432 2161 3498 subtraxerunt,

572 3525 813 3597 profecto
842 3540 946 3580 non
975 3524 1143 3595 magis
1174 3524 1402 3579 ferretur
1428 3540 1589 3595 quam
1620 3525 1664 3579 si
1689 3527 1807 3594 quis
1827 3524 2031 3578 diceret
2059 3523 2162 3576 ini-

573 3635 733 3690 quum
764 3634 885 3674 esse
930 3627 986 3673 ut
1020 3618 1103 3673 fur
1144 3619 1206 3673 iis
1247 3618 1506 3688 spolietur
1549 3633 1668 3688 qua:
1715 3617 1856 3672 furto
1907 3615 2167 3685 surripuit

573 3709 727 3780 justis
748 3708 1001 3763 dominis.
1027 3710 1154 3776 Quis
1182 3709 1342 3778 igitur
1369 3709 1601 3778 patiatur
1626 3708 1730 3762 dici
1762 3708 1998 3777 iniquum
2025 3706 2165 3761 lutu-

574 3816 692 3857 rum
718 3799 878 3855 luisse
900 3800 943 3854 si
965 3800 1210 3865 Creator,
1235 3801 1325 3869 qui
1354 3800 1511 3869 longe
1537 3800 1740 3869 optimo
1760 3799 1882 3869 jure
1903 3800 2165 3855 creaturis

574 3893 685 3949 suis
716 3892 963 3961 imperat,
996 3893 1229 3962 eriperet
1257 3892 1642 3955 cacodmmoni,
1668 3900 1928 3946 creatura:
1954 3891 2161 3957 rebelli,

575 4001 709 4057 quos
732 3985 903 4040 malus
937 3985 1025 4039 ille
1054 3985 1274 4053 spiritus
1312 3985 1498 4039 fraude
1526 4001 1555 4037 a
1584 3984 1693 4039 Deo
1732 3984 2020 4039 alieniores
2046 3983 2167 4039 red-

577 4076 746 4131 didit?
790 4075 868 4130 Ad
899 4091 984 4131 me
1013 4075 1227 4146 quidem
1258 4076 1401 4143 quod
1428 4076 1653 4142 attinet,
1682 4075 1881 4130 diaboli
1913 4085 2166 4146 patronos

577 4169 898 4227 Manichmos
947 4178 1002 4225 et
1049 4184 1235 4223 omnes
1275 4170 1405 4223 alios
1453 4170 1647 4223 similia
1694 4168 2027 4234 delirantes,
2061 4183 2167 4223 non

577 4276 808 4333 possem,
835 4261 938 4315 nisi
961 4260 1351 4317 infelicissimos
1375 4260 1643 4327 rhetores,
1673 4270 1730 4314 ut
1755 4260 2071 4315 mollissime
2092 4260 2167 4314 lo-

579 4368 732 4425 quar,
761 4352 979 4408 habere.

649 4445 777 4515 Cap.
814 4446 902 4509 17,
930 4444 957 4515 §
988 4443 1077 4499 50.
1113 4443 1440 4514 Quwcunque
1476 4446 1574 4499 ista
1605 4461 1764 4499 causa
1794 4455 1865 4499 est
1894 4445 2172 4499 voluntatis

2267 3254 2558 3325 Sequentia
2592 3254 2751 3307 verba
2792 3250 3175 3305 obscurissima
3207 3257 3376 3311 sunt,
3418 3258 3514 3299 nec
3541 3256 3568 3294 a
3592 3239 3799 3307 scriptore

2268 3349 2384 3417 ipso
2413 3346 2681 3401 intellecta
2713 3359 2743 3398 a
2770 3358 2856 3398 me
2886 3342 3113 3411 impetro
3144 3351 3203 3395 ut
3247 3338 3485 3395 credam.
3527 3332 3683 3400 Quare
3722 3341 3799 3381 non

2269 3441 2523 3497 laborabo
2553 3441 2605 3494 in
2630 3440 2693 3494 iis
2720 3437 3073 3508 explicandis.

2339 3532 2472 3601 Cap.
2493 3530 2584 3599 22,
2609 3529 2745 3600 $65.
2774 3529 3014 3593 Peccata,
3040 3537 3095 3582 ut
3107 3531 3228 3601 jam
3253 3527 3343 3581 diu
3365 3525 3692 3584 disseruimus,
3712 3530 3803 3567 non-

2268 3623 2368 3677 nisi
2408 3622 2629 3691 propriee
2656 3621 2908 3674 voluntati
2946 3634 3127 3672 earum
3172 3617 3460 3687 (nimirum
3481 3654 3495 3679 ,
3525 3601 3803 3671 animarum)

2270 3714 2541 3767 tribuenda
2560 3722 2701 3779 sunt,
2726 3729 2817 3766 nec
2839 3712 2945 3765 ulla
2968 3712 3183 3766 ulterior
3205 3718 3527 3779 peccatorum
3548 3718 3685 3758 causa
3702 3711 3806 3766 qut?

2270 3806 2479 3878 renda.]
2529 3807 2667 3873 Quin
2709 3805 2824 3860 haec
2850 3805 3152 3860 rectissima
3198 3806 3312 3859 sint
3358 3818 3455 3872 ego
3500 3798 3692 3870 quidem
3728 3807 3806 3845 non

2270 3902 2483 3966 dubito,
2517 3900 2609 3956 sed
2638 3898 2909 3969 quomodo
2934 3899 3274 3953 consentiant
3302 3911 3422 3952 cum
3447 3895 3508 3949 iis
3533 3904 3640 3963 quae
3666 3893 3807 3957 postea

2274 3993 2606 4065 Augustinus
2640 3992 2824 4047 docuit
2853 3991 2919 4046 de
2947 3992 3121 4060 poenis
3147 4006 3283 4061 quas
3321 3984 3516 4057 posteri
3547 3978 3741 4039 Adami,
3769 3981 3809 4025 ut

2273 4086 2537 4155 putabat,
2582 4086 2731 4137 luunt
2774 4082 2844 4137 ob
2876 4090 3149 4151 peccatum
3189 4082 3258 4137 ab
3299 4078 3503 4135 Adamo
3548 4068 3808 4127 admissum,

2282 4192 2386 4231 non
2416 4176 2674 4245 intelligo.
2703 4176 2881 4243 Quare
2907 4176 3074 4231 miror
3103 4175 3221 4230 haec
3247 4176 3316 4230 ab
3344 4187 3409 4229 eo
3438 4173 3701 4226 retractata
3729 4169 3810 4211 non

2274 4269 2442 4323 fuisse
2469 4308 2485 4334 ,
2515 4268 2621 4323 nisi
2653 4269 2877 4323 fortasse
2916 4267 3256 4323 dissimulare
3295 4261 3585 4329 maluerit,
3614 4268 3675 4310 ne
3699 4248 3814 4305 Pela-

2279 4360 2451 4431 gianis
2493 4360 2923 4430 gratiﬁcaretur,
2967 4360 3011 4413 si
3040 4360 3215 4415 fassus
3264 4366 3409 4415 esset
3451 4369 3509 4410 se
3538 4353 3585 4406 in
3620 4349 3813 4416 ipsorum

2282 4451 2544 4519 sententia
2574 4449 2768 4514 fuisse,
2800 4458 3085 4520 antequam
3112 4466 3207 4507 eos
3235 4448 3581 4520 oppugnaret.
3607 4436 3722 4493 Nam
3748 4442 3817 4497 aP‘

581 4536 831 4606 (scilicet,
864 4533 1067 4605 make),
1095 4535 1140 4587 si
1166 4534 1210 4587 ei
1232 4550 1332 4587 non
1363 4544 1524 4603 potest
1547 4536 1734 4599 resisti,
1761 4536 1870 4588 sine
1896 4545 2099 4607 peccato
2130 4536 2173 4588 ei
2200 4530 2253 4592 D
2282 4552 2432 4613 paret
2460 4557 2526 4597 ex
2558 4542 2875 4597 recensione
2908 4542 3065 4609 hujus
3095 4542 3239 4607 libri,
3272 4543 3327 4596 in
3362 4523 3814 4592 RetractationibuS.

582 4629 811 4694 ceditur;
849 4628 893 4681 si
921 4638 1089 4681 autem
1115 4636 1304 4696 potest,
1333 4644 1434 4680 non
1459 4628 1501 4680 ei
1532 4628 1761 4693 cedatur,
1794 4636 1841 4679 et
1869 4644 1970 4680 non
2000 4644 2175 4698 pecca-

583 4719 761 4794 bitur.]
789 4719 920 4775 Cum
951 4718 1198 4788 Pelagius
1228 4718 1328 4773 hoc
1359 4719 1476 4774 loco
1503 4728 1745 4774 uteretur
1778 4728 1963 4773 contra
1995 4721 2175 4789 Augu-

585 4818 785 4872 stinum
812 4856 828 4881 ,
862 4824 918 4868 ut
946 4812 1257 4867 ostenderet
1303 4826 1409 4866 non
1460 4828 1616 4882 posse
1653 4812 1898 4867 damnari
1943 4826 2037 4867 eos
2083 4808 2174 4881 qui

584 4917 857 4979 nequeunt
896 4906 1147 4962 resistere
1175 4905 1372 4959 nativa:
1403 4905 1733 4975 corruptioni
1754 4945 1768 4967 ,
1804 4906 2036 4974 reposuit
2068 4888 2177 4960 Au?

586 5002 826 5071 gustinus
853 5014 973 5068 cap.
1007 4999 1071 5053 67
1101 5040 1115 5063 ,
1156 4996 1222 5052 de
1252 4997 1368 5050 Nat.
1401 5009 1455 5051 et
1490 4997 1706 5063 Gratia,
1740 5007 1796 5051 ut
1822 4997 2177 5052 observarunt

588 5093 919 5150 Benedictini
942 5133 956 5156 ,
992 5105 1148 5160 posse
1177 5093 1225 5145 ei
1255 5104 1429 5145 causa:
1478 5092 1651 5145 resisti
1684 5091 1967 5157 opitulante
2000 5108 2060 5145 eo
2088 5093 2177 5162 qui

589 5205 690 5242 non
719 5183 1043 5257 potest'falli.
1073 5187 1143 5238 At
1181 5182 1224 5237 si
1256 5183 1345 5252 qui
1378 5198 1484 5236 non
1526 5192 1699 5253 potest
1727 5184 1833 5237 falli
1866 5198 1971 5237 non
2002 5185 2179 5253 opitu-

591 5282 766 5344 letur,
796 5278 897 5332 nisi
930 5276 1244 5349 perpaucis,
1277 5286 1438 5344 atque
1478 5278 1596 5345 ejus
1634 5278 1885 5334 auxilium
1923 5280 1989 5334 sit
2020 5280 2179 5350 plane

593 5370 955 5428 necessarium
984 5369 1049 5423 ad
1078 5368 1457 5433 resistendum,
1485 5370 1931 5439 quemadmodum
1960 5370 2181 5441 putabat

595 5462 953 5535 Augusﬁnus;
997 5462 1240 5532 sequitur
1266 5475 1297 5515 a
1326 5464 1538 5518 czeteris
1572 5464 1832 5535 peccandi
1864 5478 2040 5521 causa:
2071 5480 2179 5522 non

596 5571 754 5629 posse
782 5552 999 5621 resisti,
1028 5568 1090 5610 ac
1115 5553 1341 5625 proinde
1381 5555 1499 5612 sine
1534 5566 1756 5628 peccato
1786 5557 1835 5613 ei
1865 5557 2003 5613 cedi.
2044 5556 2177 5613 Nam

598 5652 839 5725 quisquis
862 5652 914 5707 id
943 5666 1049 5707 non
1076 5650 1201 5705 facit
1223 5651 1363 5723 quod
1389 5651 1562 5708 facere
1593 5668 1697 5708 non
1735 5663 1930 5723 potest,
1956 5668 2179 5723 peccare

600 5746 704 5804 dici
734 5747 936 5816 nequit,
968 5754 1058 5801 aut
1093 5753 1238 5803 certe
1265 5757 1452 5807 poenas
1480 5745 1655 5802 nullas
1683 5746 1862 5805 debet.
1907 5746 2032 5806 Scio
2060 5763 2180 5822 qua:

2281 4636 2633 4705 Augustinum
2678 4635 2913 4690 voluisse
2958 4634 3130 4689 videri
3173 4632 3486 4703 Pelagianos
3533 4622 3817 4690 oppugnasse

2281 4735 2562 4795 antequam
2591 4726 2763 4781 exorti
2784 4733 2996 4792 essent;
3026 4726 3223 4781 nedum
3253 4734 3312 4781 ut
3336 4737 3395 4777 se
3415 4719 3479 4773 iis
3502 4713 3681 4771 favisse
3702 4707 3817 4771 inge.

2284 4833 2385 4871 nne
2416 4818 2777 4887 proﬁteretur.

2354 4908 2380 4979 §
2419 4908 2507 4963 64.
2550 4906 2851 4977 Ignorantia
2886 4923 3001 4960 vero
3041 4918 3090 4960 et
3121 4905 3391 4977 diﬁicultas
3420 4900 3463 4954 si
3488 4888 3722 4951 naturalis
3746 4887 3816 4939 est.

2281 5002 2401 5054 inde
2425 5001 2600 5070 incipit
2635 5003 2805 5053 animo
2839 5000 3111 5068 proﬁcere,
3157 5011 3203 5063 et
3236 4999 3304 5052 ad
3342 4990 3665 5064 wgnitionem
3689 4985 3732 5031 ιι
3755 4986 3819 5071 τες

2282 5096 2477 5162 (ﬁdem.
2520 5094 2681 5147 donec
2720 5094 2773 5147 in
2810 5110 2868 5146 ea
2901 5094 3194 5163 perﬁciatur
3224 5096 3325 5146 vita
3354 5090 3527 5145 beata,
3561 5078 3819 5147 ρνοιηουετιν

2284 5184 2412 5256 etc.]
2444 5186 2568 5240 Ηίεο
2588 5200 2798 5255 quoque
2819 5183 3142 5239 dissentiunt
3159 5186 3224 5239 ab
3246 5184 3310 5238 iis
3334 5191 3453 5250 qua:
3479 5176 3648 5243 postea
3668 5163 3820 5256 contra

2287 5254 2613 5349 Pelagianos
2654 5254 2838 5342 dixit;
2897 5292 3019 5332 nam
3085 5277 3202 5332 illas
3250 5271 3431 5331 habuit
3480 5270 3653 5335 plenas
3696 5254 3819 5349 Pri?"

2286 5339 2520 5444 Pecceti;
2560 5373 2761 5444 absque
2794 5339 2901 5443 quo
2942 5369 3158 5438 fuisset,
3191 5369 3346 5426 aliter
3382 5364 3533 5435 plane
3560 5351 3721 5409 essent
3750 5339 3821 5390 ιιο·

2287 5468 2461 5524 mines
2485 5468 2619 5522 nati.

2357 5562 2486 5631 (Ῑθρο
2508 5564 2599 5626 25.
2629 5560 2655 5631 §
2683 5560 2773 5617 66.
2805 5559 2929 5615 Non
2955 5561 3085 5615 enim
3110 5558 3433 5615 metuendum
3462 5553 3611 5603 estne
3636 5534 3723 5587 vita
3739 5532 3822 5631 esse

2285 5658 2503 5729 potuerit
2528 5654 2697 5709 media
2723 5655 2957 5725 quaedam
2984 5655 3113 5709 inter
3142 5665 3272 5709 recte
3302 5652 3491 5723 factum
3516 5644 3654 5731 alii“
3679 5626 3821 5731 “:6:

2289 5720 2393 5806 tum
2416 5757 2464 5804 et
2481 5720 2939 5825 sententia'judicis
2964 5747 3132 5807 media
3155 5763 3262 5804 esse
3287 5720 3388 5798 non
3409 5730 3559 5809 possit
3578 5726 3695 5777 inter
3714 5720 3821 5779 pm"
