3954 6364
210 354 276 410 955
578 420 590 431 ⁸
830 352 1187 411 γΑιιιοιιυΜ
1226 351 1819 411 EXERCITATIONES
1859 352 1925 409 IN
1963 351 2021 409 S.
2061 352 2435 411 AUGUSTINI
2472 352 2718 411 OPERA.

3303 357 3407 415 254

207 473 313 524 miunt
332 477 479 541 atque
498 470 853 543 suppliciuiit.]
886 472 1029 538 llaec,
1057 488 1176 543 qua:
1204 472 1272 529 de
1298 471 1575 528 infantium
1598 486 1726 528 con-
1751 478 1804 536 Α
1830 472 2102 541 nedictini,
2125 490 2189 529 ex
2214 476 2525 533 auctoritate
2545 476 2786 532 codicum
2809 489 2969 530 manu
2990 473 3401 549 descriptorum,

204 566 351 619 ditione
381 563 571 632 habet,
600 575 656 619 ut
684 575 739 621 et
775 566 1046 636 sequentia
1069 607 1083 631 ,
1120 577 1478 622 consentanea
1509 567 1727 622 minime

200 667 288 713 sunt
310 658 368 712 iis
388 673 507 727 qua:
542 658 612 714 de
640 659 813 728 poenis
840 659 1039 729 peccati
1066 659 1289 729 originis
1319 668 1501 729 postea
1525 658 1725 714 docuit.

202 752 409 807 Volumen
441 751 708 807 decimum
747 752 915 807 ferme
949 760 1149 819 totum,
1189 761 1243 808 et
1280 751 1578 822 praesertim
1608 749 1728 806 libri

199 854 336 900 contra
370 843 638 900 lulianum
674 845 941 900 contraria
981 844 1157 899 omnia
1188 844 1403 899 docent.
1435 842 1614 914 itaque
1644 856 1729 899 re-

200 936 425 991 tractanda
453 936 569 993 haec
595 938 837 994 fuissent.
868 938 973 994 Sed
1004 938 1123 994 vide
1145 938 1280 994 dicta
1302 939 1368 994 ad
1390 953 1539 995 num.
1566 938 1654 994 65.

246 1032 350 1101 Cap.
377 1029 466 1097 24,
499 1030 526 1102 ᾗ
559 1032 647 1086 71.
698 1030 766 1085 Ut
802 1048 918 1101 ergo
947 1031 1121 1101 infans
1157 1047 1248 1085 nec
1274 1031 1493 1097 stultus,
1531 1046 1619 1084 nec
1646 1047 1728 1085 sa-

199 1128 301 1182 uieus
318 1126 413 1179 dici
440 1137 624 1195 potest,
648 1127 872 1197 quamvis
891 1126 1005 1196 jam
1028 1124 1173 1180 homo
1192 1126 1288 1191 sit;
1313 1141 1375 1179 ex
1398 1140 1497 1195 quo
1519 1132 1729 1193 apparet

195 1232 382 1274 naturam
407 1218 629 1272 hominis
659 1218 884 1288 recipere
908 1217 1103 1288 aliquid
1132 1217 1374 1281 medium,
1406 1215 1541 1287 quod
1571 1232 1730 1286 neque

193 1313 433 1375 stultitiam,
462 1326 624 1380 neque
647 1310 950 1380 sapientiam
983 1319 1114 1363 recte
1134 1309 1385 1364 vocaveris
1416 1309 1526 1363 :ita
1550 1309 1723 1374 etiam,

194 1406 223 1457 si
238 1404 469 1471 quisquam
492 1401 586 1454 tali
608 1401 873 1469 a/fectione
888 1401 1140 1455 animatus
1162 1409 1306 1465 esset,
1325 1398 1524 1467 qualem
1547 1400 1729 1454 [tabent

196 1499 251 1552 illi
270 1498 336 1565 qui
372 1510 459 1564 per
498 1494 859 1566 negligentiam
900 1495 1150 1564 sapientia
1191 1503 1399 1559 carent,
1438 1509 1584 1547 nemo
1612 1509 1726 1547 eum

203 1589 355 1641 stultum
381 1594 515 1640 recte
540 1587 749 1651 diceret,
778 1602 924 1656 quem
951 1603 1053 1640 non
1078 1587 1220 1651 vitio,
1252 1587 1338 1640 sed
1367 1597 1551 1641 natura
1573 1585 1726 1641 talem

206 1677 375 1750 citima]
417 1679 508 1734 Sic
542 1679 797 1735 describit
832 1681 1095 1735 Adamum
1138 1681 1367 1749 primum
1406 1692 1642 1737 creatum
1670 1688 1728 1735 ut

204 1785 327 1840 neque
347 1769 576 1839 sapiens,
606 1786 780 1842 neque
804 1771 996 1826 stultus
1026 1772 1129 1828 dici
1157 1782 1358 1843 posset,
1385 1774 1479 1829 sed
1509 1774 1723 1843 sapien-

200 1863 452 1932 tiacapax;
485 1878 553 1917 ex
580 1879 683 1932 qua
710 1864 1069 1934 descriptione
1097 1863 1253 1919 facile
1280 1874 1463 1935 postea
1491 1865 1727 1921 ostendit
1753 1862 1801 1924 B
1828 1856 2040 1911 Chiis“)
2087 1859 2157 1911 ila
2202 1857 2439 1927 ιοίιυῖιυτ
2484 1879 2497 1914 τ

191 1955 256 2023 qui
276 1955 416 2009 homo
440 1955 678 2025 potuerit
701 1956 830 2021 labi,
859 1955 986 2011 dum
1012 1972 1078 2012 ex
1100 1956 1275 2013 media
1304 1957 1393 2012 illa
1419 1958 1726 2015 conditione

185 2046 237 2099 ad
267 2045 524 2101 stultitiam
564 2048 794 2102 transiit.
832 2046 903 2103 At
930 2053 1149 2118 propter
1180 2048 1282 2104 hoc
1319 2049 1541 2120 dogma,
1582 2051 1725 2121 quod

180 2147 432 2194 retractare
458 2140 628 2195 noluit
651 2142 997 2210 Augustinus,
1023 2150 1077 2197 et
1098 2142 1250 2212 cujus
1271 2157 1433 2198 causa
1454 2159 1722 2214 nunquam

177 2240 243 2285 est
267 2231 551 2300 damnatus,
582 2231 732 2287 miris
758 2232 1013 2289 conviciis
1043 2234 1294 2303 exagitati
1322 2244 1446 2289 sunt
1468 2236 1666 2291 saeculo
1693 2250 1726 2290 a

175 2322 357 2378 Christo
384 2334 505 2379 nato
533 2340 639 2380 xvu
679 2326 1003 2382 recentiores
1045 2327 1284 2383 nonnulli
1334 2327 1587 2399 theologi.
1636 2329 1726 2384 Sic

172 2429 295 2483 serpe
332 2414 794 2472 animadvertimus
840 2432 934 2486 per
980 2419 1117 2474 latus
1159 2418 1516 2474 recentiorum
1546 2460 1560 2482 ,
1590 2433 1726 2489 quos

171 2505 385 2575 oderant,
420 2508 736 2578 gravissime
764 2509 1095 2565 vulneratam
1126 2524 1246 2565 esse
1271 2510 1723 2566 existimationem

171 2606 381 2653 veterum
410 2599 476 2654 ab
504 2600 808 2656 hominibus
838 2602 1132 2670 imperitis;
1165 2602 1252 2672 qui
1283 2615 1379 2657 eos
1406 2616 1464 2658 se
1491 2603 1725 2657 revereri

170 2691 544 2758 profitebantur,
574 2709 799 2764 quorum
826 2695 1023 2764 scripta
1052 2710 1158 2752 non
1188 2696 1448 2768 legerant,
1472 2705 1562 2753 aut
1589 2697 1726 2753 osci-

170 2792 324 2840 tenter
348 2798 706 2842 νεῐεεινεηιιι.

606 2880 1165 2939 ANIMADVERSION
1173 2882 1255 2940 ES

620 2987 673 3026 IN
712 2988 892 3029 LIBROS
931 2990 998 3028 DE
1038 2990 1245 3030 GENESI.

226 3054 377 3112 Libro
405 3074 452 3121 ι,
480 3075 599 3130 cap.
637 3064 706 3130 9.,
744 3064 770 3135 §
803 3066 857 3119 5.
908 3064 1009 3118 His
1052 3064 1413 3134 respondemus
1457 3063 1623 3119 Deum
1669 3062 1724 3119 in

168 3151 403 3222 principio
430 3154 623 3213 fecisse
663 3158 859 3213 coelum
893 3169 949 3214 et.
978 3168 1173 3214 terram
1201 3201 1215 3225 ,
1246 3175 1347 3213 non
1386 3158 1440 3212 in
1471 3158 1725 3228 principio

1830 574 2139 636 expungunt
2166 581 2348 622 vocem
2374 579 2568 624 natura:
2597 568 2801 625 uncinis
2829 568 3075 624 cinctam.
3110 568 3292 642 Neque
3322 572 3405 627 vi-

1831 656 1985 713 detur
2014 658 2118 714 ulla
2145 658 2247 713 alia
2291 659 2357 715 de
2386 674 2544 716 causa
2568 659 2744 716 addita
2770 702 2784 726 ,
2816 660 2917 716 nisi
2959 664 3082 732 quia
3127 662 3406 734 theologia:

1830 761 2247 808 consentaneum
2277 768 2383 807 non
2412 753 2690 810 videbatur
2713 754 2817 809 dici
2848 754 3075 812 Verbum
3107 760 3406 827 suscepisse

1830 856 2109 911 personam
2139 842 2423 898 humanam
2458 860 2471 897 :
2502 859 2645 913 cum,
2674 859 2737 900 ex
2765 861 2913 902 more
2939 856 3172 917 recepto,
3196 848 3408 904 dicatur

1831 934 2059 990 humana
2089 944 2277 993 natura
2308 954 2336 992 a
2365 937 2542 994 divina
2572 938 2623 994 in
2647 938 2900 996 unitatem
2928 956 3171 1013 persona:
3199 959 3408 999 assum-

1832 1036 1941 1097 pta.
1969 1029 2163 1085 Verum
2185 1029 2271 1084 hic
2293 1030 2636 1101 Augustinus,
2662 1046 2767 1087 non
2789 1047 2947 1089 sensu
2970 1034 3060 1089 illo
3084 1034 3405 1105 theologico,

1830 1120 1922 1174 sed
1954 1120 2157 1191 vulgari
2187 1130 2240 1177 et
2265 1121 2451 1177 Latino
2482 1137 2613 1178 usus
2638 1131 2720 1179 est
2745 1138 2876 1180 voce
2906 1142 3159 1194 persona;
3205 1143 3308 1195 quo
3338 1128 3409 1181 si-

1828 1210 2059 1279 gnificat,
2096 1226 2200 1267 non
2228 1214 2561 1287 ὺφιστάμενον
2589 1255 2603 1281 ,
2636 1226 2692 1269 ιιι
2718 1214 2949 1285 theologi
2981 1217 3151 1272 Graeci
3184 1218 3409 1287 loquun-

1833 1313 1941 1372 tur,
1972 1305 2066 1360 sed
2092 1314 2295 1361 certam
2344 1308 2629 1377 quamdam
2659 1310 3019 1365 conditionem
3050 1327 3206 1381 quam
3237 1314 3405 1367 actio-

1831 1394 1986 1450 nibus
2023 1395 2343 1466 effingimus.
2398 1398 2628 1455 Perinde
2672 1415 2799 1471 ergo
2842 1410 2923 1456 est
2968 1417 3029 1456 ac
3071 1404 3116 1457 si
3162 1404 3406 1468 dixisset,

1830 1486 2107 1555 Verbum,
2156 1499 2279 1545 ante
2326 1492 2746 1548 incarnationem
2795 1494 3077 1550 sublimem
3127 1511 3407 1565 personam

1830 1576 1927 1632 Dei
1951 1580 2212 1647 gessisse;
2234 1578 2344 1649 sed,
2372 1591 2640 1650 assumpta
2664 1582 3121 1650 humananatura,
3146 1584 3411 1640 inferioris

1831 1685 2074 1739 personae
2102 1681 2285 1741 partes
2325 1674 2661 1729 su5tinuisse.
2708 1674 2877 1731 Nemo
2923 1677 3093 1731 nescit
3138 1678 3292 1747 vulgo
3339 1681 3409 1733 ita

1829 1764 2037 1819 locutos
2062 1765 2300 1820 Latinos.
2332 1767 2654 1836 Augustinus
2679 1767 2792 1836 ipse
2817 1767 2971 1836 epist.
3009 1766 3131 1833 MO,
3166 1768 3191 1839 §
3228 1771 3312 1834 18,
3345 1771 3412 1825 de

2548 1858 2672 1913 Ilaec
2720 1876 2781 1913 ea:
2810 1876 3027 1927 persona
3068 1863 3149 1914 sui
3187 1863 3412 1930 corporis

1831 1945 2063 2002 Christus
2090 1949 2211 2003 dicit
2238 1950 2375 2020 quod
2400 1960 2471 2004 est
2499 1948 2752 2004 Ecclesia.
2792 1949 2922 2004 Haec
2950 1968 3011 2005 ex
3044 1960 3256 2023 persona
3291 1956 3413 2008 dicit

1827 2042 2140 2110 inﬁrmitatis
2170 2044 2339 2097 carnis
2366 2047 2578 2113 peccati,
2620 2062 2771 2113 quam
2797 2046 3173 2117 transﬁguravit
3201 2047 3253 2099 in
3280 2064 3411 2113 eam,

1828 2151 1979 2201 quam
2006 2137 2220 2206 sumpsit
2245 2153 2308 2191 ea:
2341 2135 2573 2206 Virgine,
2596 2136 2978 2190 similitudinem
3004 2140 3171 2192 carnis
3200 2141 3411 2208 peccati.

1829 2225 1959 2280 Haec
1996 2244 2208 2298 sponsus
2243 2243 2551 2297 exapersona
2588 2244 2787 2299 sponsa:
2824 2230 3075 2299 loquitur,
3104 2231 3225 2300 quia
3258 2232 3415 2285 univit

1828 2334 1940 2373 eam
1975 2319 2072 2373 sibi
2105 2319 2328 2389 quodam
2358 2320 2528 2373 modo.
2578 2320 2739 2389 lgitur
2770 2321 2821 2375 in
2854 2321 3001 2377 hisce
3029 2324 3207 2377 verbis
3238 2324 3415 2393 Augu-

1829 2413 1955 2468 stini
1992 2413 2177 2467 eadem
2217 2423 2300 2469 est
2336 2412 2599 2468 sententia
2640 2430 2758 2483 quae
2788 2417 2925 2469 inest
2966 2417 3143 2470 verbis
3185 2418 3413 2487 apostoli

1830 2504 2023 2576 Philip.
2056 2521 2113 2571 ιι,
2144 2505 2197 2573 6,
2225 2507 2278 2571 7,
2311 2506 2365 2561 8.

1899 2600 2029 2670 Cap.
2062 2601 2152 2665 9.9,
2185 2600 2211 2672 §
2241 2602 2331 2656 45.
2373 2600 2466 2654 Illi
2499 2601 2670 2655 dicunt
2694 2611 2891 2655 natura:
2920 2600 3015 2655 Dei
3043 2617 3219 2657 nocere
3245 2604 3413 2657 aliena

1829 2700 2033 2759 peccata
2049 2707 2069 2757 ;
2104 2698 2196 2746 no‘s
2229 2707 2491 2763 negamus,
2517 2692 2605 2746 sed
2625 2691 2840 2746 dicimus
2863 2692 2992 2746 nulli
3019 2703 3212 2749 natura:
3237 2711 3415 2749 nocere

1828 2795 2054 2854 peccata,
2087 2786 2186 2839 nisi
2210 2785 2347 2857 sum]
2380 2786 2449 2840 Ut
2478 2785 2578 2840 hoc
2616 2776 2937 2857 i'n'telligatur
2980 2786 3199 2856 legenda
3244 2803 3414 2855 expo-

1830 2875 1956 2930 sitio
1985 2875 2243 2930 doctrinte
2277 2876 2690 2931 Manichaeorum
2715 2918 2729 2942 ,
2782 2892 2901 2947 qua:
2953 2877 3172 2932 habetur
3200 2879 3251 2932 in
3281 2878 3415 2931 libro

1830 2970 1898 3023 de
1928 2969 2231 3025 Haeresibus
2256 3012 2270 3036 ,
2300 2969 2389 3024 ubi
2419 2969 2486 3023 de
2511 2970 2717 3041 origine
2746 2969 2871 3023 mali
2901 2979 2955 3024 et
2977 2970 3180 3025 duabus
3208 2971 3413 3024 anima-

1830 3064 1950 3118 bus.
1979 3060 2119 3117 Sane
2148 3062 2300 3117 abusi
2326 3055 2508 3116 essent
2536 3059 2637 3115 hoc
2662 3061 2776 3115 loco
2807 3060 3096 3130 Pelagiani,
3126 3062 3170 3116 si
3200 3078 3321 3117 eum
3348 3063 3416 3116 ad

1830 3158 2153 3214 sententiam
2183 3171 2333 3212 suam
2361 3156 2670 3223 traxissent,
2693 3155 2788 3211 sed
2817 3172 2923 3209 non
2951 3157 3137 3211 eadem
3170 3167 3251 3211 est
3281 3160 3417 3211 ratio

166 3246 385 3312 temporis
407 3287 422 3312 ,
470 3247 560 3301 sed
601 3249 655 3303 in
699 3248 1016 3306 Christo.....
1077 3250 1326 3305 Dominus
1378 3252 1511 3304 enim
1557 3260 1732 3305 noster
1756 3240 1805 3306 C
1836 3252 2078 3309 locorum
2127 3251 2223 3307 lib.
2256 3267 2311 3306 tu
2341 3250 2408 3306 de
2434 3250 2628 3305 Libero
2674 3250 2939 3315 Arbitrio,
2972 3266 3106 3319 quos
3132 3258 3304 3306 tamen
3338 3254 3418 3306 in-

166 3327 416 3403 Christus,
463 3356 578 3393 cum
626 3357 742 3395 eum
769 3339 941 3397 Judaei
987 3345 1380 3413 interroyassent
1431 3346 1543 3414 quis
1583 3356 1729 3412 esset,

163 3428 403 3495 respondit
434 3447 454 3485 :
494 3431 856 3504 Principium,
900 3435 990 3506 qui
1018 3445 1072 3492 et
1102 3437 1290 3507 loquor
1330 3435 1525 3508 vobis.]
1558 3436 1732 3492 Locus

162 3526 235 3569 est
262 3519 410 3580 Joan.
441 3538 531 3579 vm
557 3565 574 3591 ,
603 3525 695 3582 25.
752 3527 858 3584 Sed
885 3532 1084 3584 erravit
1122 3530 1449 3601 Augustinus
1478 3530 1731 3600 deceptus

160 3610 389 3667 versione
408 3614 625 3685 Latina;
659 3618 703 3673 si
730 3621 872 3675 enim
898 3619 1083 3677 Graeca
1108 3631 1231 3678 tunc
1254 3621 1489 3693 legisset,
1513 3621 1735 3679 vidisset

158 3696 410 3791 (lhristum
438 3707 619 3765 dicere
642 3712 946 3768 accusativo
974 3729 1101 3769 casu
1128 3728 1217 3774 τήν
1242 3718 1436 3791 ἀρχὴν,
1466 3731 1526 3770 ac
1554 3715 1735 3785 proin—

158 3787 219 3845 de
247 3808 351 3847 non
382 3810 540 3865 posse
585 3801 689 3854 hoc
719 3806 900 3860 haberi
952 3822 1049 3875 pro
1077 3787 1284 3861 Christi“
1307 3808 1541 3863 nomine.
1587 3808 1734 3862 Hanc

159 3890 325 3940 tamen
354 3902 505 3943 suam
533 3888 1026 3958 interpretationem
1057 3899 1193 3953 uteri
1222 3910 1444 3954 conatur
1476 3907 1632 3954 tract.
1665 3900 1734 3955 58

159 3972 207 4027 in
228 3976 482 4034 Joannem
503 4020 519 4048 ,
562 3980 697 4035 forte
723 3996 791 4036 ne
819 3982 958 4036 male
985 3999 1015 4038 a
1040 3998 1099 4039 se
1128 3985 1453 4043 intellectum
1486 3990 1628 4044 hunc
1657 3991 1737 4043 lo-

160 4079 269 4120 cum
316 4069 611 4139 ignorantia
655 4069 856 4127 Grazcae
901 4072 1094 4144 lingua:
1134 4075 1380 4146 liqueret.
1416 4078 1549 4134 Vide
1575 4080 1731 4136 Joan.

162 4154 509 4216 Maldonatum
531 4162 599 4217 ad
623 4161 764 4218 hunc
790 4164 988 4220 locum.

168 4316 173 4321 '
225 4248 347 4321 Cap.
381 4254 467 4321 10,
502 4252 529 4325 §
561 4254 650 4309 16.
686 4254 773 4311 Sic
804 4256 1039 4327 deinceps
1067 4259 1248 4330 reliqui
1286 4263 1394 4317 dies
1432 4274 1734 4332 computan-
1818 4322 1828 4331 _

163 4343 235 4386 tur
258 4356 289 4391 a
316 4359 462 4398 mane
485 4361 644 4416 usque
666 4346 719 4399 in
747 4345 940 4419 mane.]
981 4348 1225 4418 Fallitur,
1263 4368 1384 4409 nam
1409 4358 1735 4433 νυχθήμερα,

166 4441 306 4486 more
351 4436 612 4493 Hebraico
636 4481 651 4507 ,
683 4450 990 4497 constanter
1036 4455 1413 4514 computantur
1449 4464 1481 4503 a
1512 4465 1736 4518 vespera

163 4519 221 4614 ad
251 4537 523 4594 vesperam
550 4570 564 4595 ,
600 4529 671 4584 ita
700 4540 759 4586 ut
783 4546 995 4603 semper
1020 4535 1159 4591 diem
1190 4540 1458 4607 prmcedat
1485 4557 1735 4614 vespera.

164 4608 257 4666 Res
287 4630 425 4673 nunc
453 4620 704 4678 omnibus
727 4633 851 4678 nota
881 4633 983 4691 est,

166 4701 546 4802 scripturarum
560 4715 936 4787 interpretatio
956 4722 1121 4780 ferme
1143 4724 1319 4795 ignota
1342 4738 1479 4798 erat,
1497 4740 1555 4785 ut
1569 4732 1737 4802 liquet

166 4795 238 4849 vel
264 4813 329 4853 ex
366 4803 595 4861 lectione
629 4807 820 4864 horum
867 4811 1128 4870 librorum
1155 4857 1170 4884 ,
1200 4832 1427 4888 quorum
1465 4795 1738 4901 nequeP-tm-

169 4907 289 4953 νειας
318 4904 505 4969 notare
532 4916 637 4957 non
664 4904 1053 4974 aggrediemur.

227 4982 353 5053 Cap.
378 4988 467 5056 15,
498 4987 527 5059 ς
554 4988 645 5043 24.
689 4990 841 5049 Mons
878 4998 966 5054 ille
1004 4998 1322 5060 Macedonia:
1357 5009 1445 5075 qui
1484 5006 1737 5081 Olympus

166 5082 377 5145 vocatur,
408 5088 565 5134 tantte
588 5081 877 5139 altitudinis
912 5102 1017 5143 esse
1056 5091 1263 5163 dicitur,
1291 5108 1347 5150 ut
1369 5099 1423 5152 in
1443 5101 1554 5169 ejus
1584 5118 1736 5156 cacu-

166 5169 392 5270 tttinenec
418 5187 593 5232 ventus
615 5181 890 5252 sentiatur,
924 5202 1013 5240 nec
1039 5191 1197 5244 nubes
1230 5208 1285 5248 se
1312 5195 1575 5267 colligant,
1604 5196 1739 5270 etc.]

168 5257 305 5358 llulti
348 5267 451 5325 hoc
478 5271 813 5342 scripserunt
840 5315 858 5343 ,
891 5278 985 5333 sed
1031 5281 1264 5339 fabulam
1293 5300 1410 5342 esse
1433 5257 1741 5358 iam'nento

165 5351 354 5452 dubitat
381 5377 396 5415 :
420 5371 481 5418 ut
515 5379 617 5420 nec
640 5367 922 5439 quisquam
954 5374 1115 5429 etiam
1143 5376 1381 5448 physica:
1411 5351 1568 5451 paulo
1597 5383 1740 5452 peri-

169 5448 259 5547 ξὶοι·
284 5466 505 5547 vapores
544 5474 667 5515 cum
704 5477 829 5519 aere
857 5465 1154 5525 confundit.
1204 5472 1388 5545 Itaque
1412 5448 1554 5531 talia
1597 5448 1741 5547 pra:-

172 5540 517 5603 lel’mitumus,

192 5716 202 5725 .
229 5624 383 5684 Libro
411 5632 471 5697 it,
497 5646 617 5726 capi.
644 5644 738 5705 at,
772 5647 798 5710 §
826 5649 914 5705 37.
947 5652 1097 5718 Quod
1125 5655 1295 5726 ipsum
1322 5675 1425 5714 non
1451 5672 1737 5719 commuta-

172 5724 339 5824 ttonem
358 5734 554 5826 naturae
577 5725 671 5782 Dei
690 5730 965 5803 signiﬁcat,
982 5748 1071 5791 sed
1091 5724 1460 5812 susceptionem
1483 5758 1738 5831 (natura!)

170 5807 404 5870 interioris
424 5833 669 5886 personae,
694 5823 748 5874 id
770 5834 843 5877 est
868 5827 1145 5906 humanm]
1176 5807 1337 5895 Recte
1365 5807 1735 5904 monachi—lic:

390 5908 665 5973 Punon.
714 5911 957 5982 XLVII.

1838 3347 2012 3403 dictos
2042 3343 2380 3416 prietermisit
2405 3342 2761 3412 Augustinus,
2807 3342 2930 3397 dum
2973 3343 3105 3397 alios
3135 3343 3222 3410 qui
3253 3343 3420 3397 multo

1839 3437 2016 3491 minus
2063 3433 2301 3505 torqueri
2334 3442 2584 3503 poterant
2629 3432 2881 3501 explicat.
2927 3434 3040 3499 Qua
3068 3434 3120 3488 in
3148 3450 3209 3489 re
3237 3450 3301 3488 an
3335 3450 3421 3488 ars

1841 3527 2015 3597 aliqua
2047 3526 2223 3590 fuerit,
2250 3524 2492 3595 judicent
2516 3524 2625 3579 alii.
2658 3519 2954 3579 Candofem
2986 3525 3199 3595 quidem
3228 3537 3280 3579 et
3311 3542 3423 3579 m0-

1839 3618 2065 3673 destiam
2098 3632 2207 3681 pra:
2232 3631 2293 3671 se
2318 3615 2497 3669 ferunt
2522 3614 2957 3678 retractationes;
2998 3616 3091 3670 sed
3118 3616 3314 3671 deﬂent
3342 3617 3425 3670 in-

1839 3723 2015 3780 genue
2058 3706 2214 3772 fieri,
2262 3707 2563 3761 retractatis
2591 3720 2923 3776 quaecunque
2971 3706 3097 3761 falsa
3149 3718 3423 3776 putantur,

1842 3822 1950 3861 non
1981 3803 2163 3874 paucis
2191 3800 2512 3873 quibusdam
2542 3800 2717 3872 exigui
2760 3801 3014 3855 momenti
3037 3843 3051 3868 ,
3082 3802 3283 3855 relictis
3309 3812 3427 3870 gra-

1815 3899 2103 3974 yioribus,
2137 3912 2205 3952 ne
2236 3897 2370 3951 forte
2394 3896 2685 3951 adversarii
2715 3894 2970 3967 objicient
2995 3910 3055 3950 se
3083 3895 3273 3952 similia
3306 3903 3427 3952 seir-

1842 3994 1968 4049 tire.
2004 3990 2112 4047 Sed
2141 3990 2423 4061 Augustini
2454 3990 2691 4044 animum
2721 3998 2948 4044 noverat
2976 3991 3137 4048 Deus.

2143 4100 2485 4159 ussmnnu
2526 4101 2781 4157 ERASMI
2820 4083 3133 4160 CENSURA

1843 4212 1897 4252 ΙΝ
1958 4210 2141 4253 LIBROS
2220 4212 2286 4251 DE
2360 4209 2581 4251 MORIBUS
2653 4205 2917 4251 ECCLESIIE
2988 4211 3300 4253 CATIlOLlCJJ
3362 4206 3428 4253 ΕΤ

2434 4302 2849 4343 ΜΔΝΙΟΗᾸΞΟΒΠΜ.

1917 4381 2035 4436 Duo
2077 4381 2337 4452 opuscula
2364 4396 2485 4451 qua:
2512 4390 2808 4452 sequuntur
2828 4424 2844 4449 ,
2892 4382 3044 4439 alteri
3076 4384 3194 4440 loco
3220 4386 3436 4442 fuerant

1846 4473 2109 4529 destinata
2131 4516 2146 4539 ,
2178 4476 2324 4543 prius
2350 4474 2657 4548 πολεμικῶν,
2694 4477 2959 4544 posterius
2988 4475 3301 4536 διδακτικῶν,
3335 4479 3436 4534 Vc-

1846 4580 1965 4620 rum
2011 4564 2261 4635 quoniam
2306 4564 2473 4620 altero
2504 4564 2823 4621 fortissimus
2853 4566 2956 4621 tiro
2987 4567 3248 4623 velitanus
3276 4577 3358 4622 est
3385 4571 3439 4624 in

1007 4628 1099 4681 sed
1128 4643 1193 4727 (ξο
1218 4640 1461 4701 ῐθῐηβοτθ
1487 4646 1739 4693 accurata
1766 4628 1824 4691 Ῑ)
1849 4655 2135 4711 haereticos
2159 4695 2175 4723 ,
2205 4655 2377 4711 altero
2417 4655 2693 4710 mirandus
2730 4656 2918 4711 doctor
2947 4657 3155 4712 futurus
3203 4658 3440 4727 praelusit

1848 4753 1903 4806 in
1929 4751 2317 4822 expositionem
2346 4751 2687 4822 mysticarum
2710 4751 3129 4822 Scripturarum,
3154 4768 3271 4821 quae
3287 4753 3442 4822 juxta

1848 4842 2028 4898 varios
2058 4856 2251 4898 sensus
2279 4850 2571 4898 tractantur
2595 4884 2609 4908 ,
2642 4843 2814 4898 visum
2860 4852 2943 4899 est
2971 4844 3095 4899 huic
3126 4854 3269 4899 tomo
3295 4846 3443 4900 clau~

1848 4932 2025 4987 sulam
2084 4932 2301 4989 addere.
2352 4933 2471 4989 Mox
2519 4944 2577 4989 ut
2624 4950 2821 4990 nomen
2864 4934 3086 4991 dederat
3133 4936 3445 5007 imperatori

1848 5020 2064 5080 Christo
2090 5070 2105 5094 ,
2138 5040 2244 5095 quo
2274 5025 2730 5083 commilitonibus
2760 5027 2872 5083 suis
2901 5028 3252 5083 certissimam
3282 5029 3444 5085 ﬁdem

1845 5120 2053 5175 faceret
2095 5137 2155 5177 se
2182 5121 2323 5177 bona
2362 5122 2469 5178 ﬁde
2513 5138 2543 5179 a
2573 5122 2880 5178 Manichazis
2919 5122 3266 5193 transfugisse
3292 5168 3307 5191 ,
3347 5126 3446 5178 sul:

1850 5227 2079 5280 quorum
2109 5213 2280 5283 signis
2310 5230 2500 5270 novem
2532 5216 2687 5270 annis
2728 5215 3083 5283 militaverat,
3119 5216 3295 5281 prodit
3326 5217 3447 5270 illo-

1851 5321 1972 5361 rum
2002 5308 2277 5378 mysteria.
2328 5306 2493 5377 quue
2533 5308 2659 5363 facit
2686 5307 2991 5363 admirabili
3032 5310 3298 5363 sermonis
3340 5308 3449 5362 elc-

1852 5402 2032 5471 gantia
2065 5445 2080 5468 ,
2112 5418 2214 5470 qua
2245 5402 2448 5456 utinam
2486 5402 2563 5456 illi
2602 5402 2841 5456 licuisset
2869 5403 2921 5455 in
2951 5403 3161 5457 caeteris
3195 5405 3267 5456 uti
3300 5402 3449 5457 lucu-

1851 5493 2205 5547 brationibus.
2234 5493 2345 5547 Hoc
2370 5506 2502 5547 sane
2528 5507 2691 5561 opere
2717 5491 3027 5557 declaravit,
3054 5492 3099 5547 si
3126 5491 3252 5561 quid
3283 5491 3448 5545 offen-

1852 5584 1935 5639 dit
1962 5585 2202 5640 eruditos
2245 5586 2296 5637 in
2327 5583 2495 5653 ipsius
2545 5586 2778 5640 dictione
2802 5628 2815 5650 ,
2849 5600 2956 5641 non
2990 5585 3153 5639 fuisse
3204 5580 3447 5647 inscitite,

1851 5678 1947 5732 sed
1980 5678 2216 5732 caritatis
2242 5719 2257 5742 ,
2307 5694 2409 5746 qua
2458 5678 2658 5746 stylum
2698 5679 2915 5735 demisit
2956 5679 3023 5731 ad
3076 5675 3447 5744 imperitorum

1852 5763 2283 5832 intelligentiam.
2309 5768 2747 5840 Quandoquidem
2777 5779 2831 5824 et
2854 5778 3089 5824 textores
3119 5777 3174 5822 et
3200 5765 3451 5822 textrices

1854 5853 1909 5909 id
1941 5856 2193 5926 temporis
2224 5858 2592 5932 intelligebaut
2620 5860 2863 5927 Latinam
2895 5861 3197 5917 οταιίοηθιιι
3245 5855 3451 5929 δίπηΡ¹ί⁴“

3133 5951 3175 6016 8
