3954 6364
520 320 629 379 2255

1431 320 1987 381 SUPPLEMENTUM
2029 320 2123 377 AD
2159 319 2390 377 orans
2430 323 2488 379 s.
2528 286 2919 381 sucusrnu.
3353 396 3367 411 ο
3664 350 3749 409 εδδ

452 500 459 515 ί
521 440 674 494 cibus
701 437 881 494 verbis
911 452 975 492 ac
1014 437 1261 493 sensibus
1298 446 1636 505 contextam,
1674 439 1849 508 qualis
1888 448 1971 493 est
2008 435 2118 491 divi
2144 437 2200 497 Α
2293 437 2513 510 Ihid.,§
2552 440 2646 496 29.
2686 439 2838 495 Bibat
2886 450 3054 494 autem
3096 442 3343 510 mulsum,
3388 464 3621 511 carmnum
3657 448 3783 530 pm.‘

523 528 807 598 Gregorii,
842 544 946 583 non
977 528 1295 583 intellecturi
1342 528 1632 583 dictionem
1678 530 1884 584 Hilarii.
1938 530 2118 598 Itaque

520 639 630 692 quo
660 624 817 677 latins
848 634 1051 693 pateret
1080 623 1327 677 lectionis
1357 625 1558 678 utilitas
1589 664 1604 688 ,
1633 624 1698 678 ad
1730 625 1871 694 vulgi
1904 635 2118 691 captum

520 717 748 770 mutavit
792 717 984 784 slylum
1036 718 1087 768 in
1118 730 1283 783 opere
1331 716 1666 785 posteriore,
1711 716 1850 787 quod
1893 717 2031 770 idem
2063 717 2119 770 in

519 807 793 878 plerisque
815 808 925 863 suis
945 808 1197 877 Operibus
1222 808 1412 864 fecisse
1436 810 1667 865 videtur.
1700 809 1937 864 Tandem
1964 824 2112 873 usus,

522 911 581 955 ut
610 900 667 954 lit
687 943 701 969 ,
733 900 788 954 in
818 909 1062 969 naturam
1102 901 1257 957 abiit.
1308 901 1383 955 Ita
1413 902 1645 975 denique
1676 902 1870 956 factum
1900 911 1982 956 est
2006 942 2021 969 ,
2062 911 2118 955 ut

517 991 679 1045 hodie
712 1006 809 1046 nec
838 1008 866 1045 a
899 996 1132 1049 tenuiter
1174 994 1422 1048 litteratis
1469 980 1598 1048 satis
1629 994 1977 1063 intelligatur,
2007 1004 2061 1048 et
2084 1009 2117 1049 a

518 1085 858 1153 politioribus
889 1100 995 1139 non
1026 1085 1143 1140 sine
1173 1085 1329 1139 ta'dio
1358 1086 1580 1155 legatur,
1607 1087 1707 1143 nisi
1742 1089 1909 1157 pietas
1937 1088 2116 1142 exclu-

519 1180 609 1233 dat
643 1178 938 1233 fastidium.

996 1269 1645 1329 ANIMADVERSIONES

1046 1380 1097 1419 ΙΝ
1142 1380 1345 1420 ιῖηδυειι
1386 1381 1585 1421 LIBROS.

590 1458 756 1514 Ltnno
788 1476 823 1513 ι.
849 1458 980 1529 Cap.
1009 1459 1077 1523 2,
1108 1459 1135 1529 ς
1167 1459 1220 1514 5.
1252 1457 1470 1512 Natura:
1520 1457 1726 1527 quidem
1765 1458 1895 1512 ordo
1944 1459 2019 1513 ita
2062 1476 2118 1515 se

518 1552 699 1618 habet,
729 1562 783 1605 ut
807 1569 923 1605 cum
950 1551 1145 1622 aliquid
1167 1550 1433 1618 discimus,
1459 1553 1711 1603 rationem
1742 1552 1994 1619 praecedat
2019 1569 2115 1605 au-

520 1643 770 1714 ctoritas.j
803 1644 1026 1713 Nempe,
1055 1644 1099 1698 si
1131 1642 1281 1711 pueri
1320 1643 1635 1712 magistrum
1678 1642 1919 1698 discendi
1954 1659 2114 1699 causa

518 1738 747 1792 adimus.
781 1738 841 1791 Ei
878 1738 1021 1791 enim
1055 1736 1313 1805 tantisper
1354 1734 1580 1789 credere
1619 1751 1717 1790 nos
1747 1750 1846 1805 par
1884 1746 1987 1805 est,
2017 1738 2115 1792 do-

2222 528 2380 602 sum.]
2414 531 2556 586 Inter
2602 548 2857 586 caraenum
2902 540 2956 585 et
3002 548 3206 603 passum
3237 544 3319 589 est
3357 528 3750 611 interponendum

2221 639 2464 689 comma;
2500 640 2619 678 nam
2666 640 2943 679 carmnum
2987 635 3042 678 ct
3073 641 3286 694 passum
3317 646 3421 686 non
3457 650 3571 691 sunt
3614 642 3747 701 idem.

2220 716 2552 786 Augustinus
2601 715 2769 781 infra,
2813 715 2961 790 ἕλη,
3007 732 3104 772 nos
3153 719 3307 774 docet
3348 736 3605 783 carcenum
3643 736 3748 790 nihil

2222 810 2366 863 aliud
2392 826 2544 878 quam
2575 810 2749 864 vinum
2795 788 2994 865 coctum
3022 828 3151 866 esse.
3183 813 3443 872 Palladius
3470 819 3520 875 in
3558 788 3755 893 octobri,

2223 902 2306 955 tit.
2335 902 2421 969 18,
2456 902 2693 958 ostendit
2718 903 2986 958 defrutum
3012 915 3065 957 et
3086 920 3358 963 carminum
3382 926 3442 965 ex
3466 926 3626 971 musto
3646 920 3756 987 ﬁeri,

2220 1006 2333 1051 tum
2364 997 2655 1053 discrimen
2687 999 2968 1068 utriusque
2993 1000 3070 1054 sic
3098 1002 3349 1069 exponit:
3380 1002 3631 1075 Defrutum
3653 1017 3759 1068 ade-

2220 1090 2464 1158 fervendo
2511 1092 2705 1145 dictum
2724 1134 2739 1160 ,
2770 1092 2856 1144 ubi
2885 1091 2952 1146 ad
2991 1093 3369 1161 spissitudinem
3398 1099 3584 1167 fortiter
3604 1103 3758 1172 despu-

2218 1185 2432 1237 maverit
2450 1224 2466 1248 ,
2498 1183 2738 1252 effectum
2765 1195 2859 1239 est.
2889 1184 3163 1239 Garamum
3182 1227 3200 1252 ,
3230 1203 3341 1240 cum
3359 1230 3374 1255 ,
3402 1192 3543 1245 tertia
3569 1197 3758 1263 perdita,

2226 1277 2347 1331 duce
2399 1288 2567 1344 partes
2620 1280 2978 1333 remanserint.
3038 1280 3284 1355 Κάροινον
3340 1293 3509 1338 autem
3564 1287 3759 1358 dictum,

2220 1368 2362 1438 quod
2388 1370 2446 1425 τὸ
2474 1371 2606 1445 κάρα
2636 1369 2872 1425 oll'endat
2892 1412 2907 1436 ,
2941 1379 2998 1424 ut
3027 1374 3245 1426 cariota:
3274 1374 3482 1443 palmas,
3515 1392 3575 1431 ex
3602 1381 3759 1447 quibus

2220 1460 2402 1516 vinum
2433 1460 2593 1517 ﬁebat
2618 1460 2761 1532 quod
2796 1464 3117 1537 καρηϐαρίαν
3141 1465 3391 1530 creabat,
3419 1476 3472 1520 ut
3501 1468 3643 1523 docet
3671 1472 3760 1525 Pli-

2221 1553 2343 1608 nius
2373 1554 2465 1609 lib.
2494 1570 2618 1620 χιιι,
2645 1569 2766 1624 cap.
2790 1552 2845 1608 4.
2880 1554 3105 1609 Passum
3129 1571 3260 1611 vero
3287 1566 3403 1612 erat
3428 1559 3626 1627 vinum,
3651 1566 3760 1632 quod

2221 1664 2284 1703 ex
2318 1649 2491 1718 passis
2515 1650 2635 1703 uvis
2659 1649 2888 1717 tluebat,
2916 1649 2984 1705 de
3006 1664 3113 1719 quo
3138 1649 3280 1705 idem
3311 1650 3575 1709 Palladius
3601 1655 3671 1709 tit.
3697 1672 3760 1713 se—

2220 1753 2441 1810 quente.

517 1848 619 1886 nec
652 1846 744 1899 per
766 1845 866 1884 nos
898 1830 997 1900 ipsi
1036 1844 1122 1884 res
1166 1827 1471 1897 expendere
1499 1830 1785 1896 possimus.
1814 1828 2008 1884 Verum
2060 1830 2112 1885 in
2143 1829 2195 1891 B
2293 1836 2427 1904 Cap.
2466 1835 2555 1901 15,
2583 1834 2610 1905 §
2640 1834 2728 1889 '59.
2762 1834 2865 1888 Cur
2904 1835 2955 1888 in
2994 1834 3134 1889 viola
3175 1836 3407 1890 eumdem
3441 1838 3645 1892 colorem
3674 1859 3761 1893 am-

518 1924 900 1993 controversiis
959 1924 1050 1979 tali
1100 1922 1343 1977 instituto
1385 1921 1537 1976 locus
1586 1922 1768 1976 nullus
1821 1929 1940 1988 est,
1991 1939 2115 1979 cum

518 2030 707 2074 neutra
730 2016 1168 2073 contendentium
1198 2029 1323 2084 pars
1351 2013 1575 2067 alteram
1618 2029 1717 2083 pro
1743 2015 2000 2084 magistro
2026 2014 2117 2070 ha-

516 2112 661 2166 beat.
711 2110 893 2180 Itaque
939 2110 1132 2164 mirum
1175 2118 1256 2162 est
1297 2105 1495 2160 addere
1544 2106 1899 2175 Augustinum
1947 2125 1958 2161 :
2009 2108 2115 2163 Sed

517 2204 759 2270 quoniam
786 2217 900 2255 cum
920 2202 984 2254 iis
1011 2200 1156 2253 nobis
1177 2216 1257 2253 res
1286 2207 1359 2253 est
1386 2202 1473 2267 qui
1496 2199 1669 2252 omnia
1685 2208 1865 2253 contra
1887 2202 2116 2254 ordinem

518 2308 564 2347 et
593 2295 815 2348 sentiunt
838 2302 881 2346 et
917 2294 1212 2361 loquuntur,
1246 2290 1473 2360 nihilque
1500 2290 1644 2342 aliud
1669 2292 1884 2343 maxime
1912 2291 2112 2358 dicunt,

518 2391 617 2444 nisi
638 2390 882 2443 rationem
907 2387 1178 2458 priusesse
1204 2384 1540 2450 reddendam,
1567 2400 1759 2438 morem
1780 2385 1885 2438 illis
1908 2402 2114 2457 geram;

516 2483 653 2549 quod
680 2481 845 2550 fateor
870 2480 922 2532 in
953 2477 1268 2546 disputando
1300 2476 1541 2530 vitiosum
1561 2492 1669 2530 esse
1691 2470 1988 2547 suscipiam.
2019 2479 2116 2532 At-

515 2574 607 2642 qui
636 2573 927 2628 absurdum
950 2582 1006 2626 et
1044 2572 1284 2639 iniquum
1311 2581 1427 2625 erat
1461 2570 1616 2623 aliter
1640 2585 1699 2624 se
1729 2585 1918 2640 gerere
1944 2589 1955 2623 :
1992 2574 2113 2640 quis

516 2667 658 2721 enim
695 2668 925 2733 patiatur
950 2680 1016 2720 ex
1048 2666 1369 2719 auctoritate
1396 2674 1584 2718 contra
1614 2678 1673 2718 se
1699 2663 1993 2733 disputari,
2021 2679 2115 2718 cu-

512 2758 598 2828 jus
627 2759 834 2829 pondus
855 2759 1076 2811 minime
1090 2758 1361 2827 agnoscit?
1378 2757 1509 2811 Vide
1526 2765 1709 2811 notata
1731 2756 1785 2811 iu
1805 2772 1924 2827 cap.
1942 2758 1973 2811 7
1991 2756 2111 2812 libri

518 2858 587 2910 tle
623 2856 931 2923 Quantitate
957 2838 1170 2907 animae.

590 2948 719 3018 Cap.
749 2948 812 3012 5,
850 2946 876 3017 §
924 2948 978 3001 7.
1028 2944 1121 2999 Est
1166 2961 1284 3015 ergo
1316 2961 1573 2999 summum
1614 2945 1841 3016 corporis
1887 2944 2107 3009 bonum,

514 3058 616 3094 non
646 3041 875 3109 voluptas
897 3042 1033 3111 ejus,
1051 3055 1152 3092 non
1178 3052 1481 3103 INDOLORIA,
1506 3044 1608 3091 non
1637 3040 1788 3103 vires,
1819 3036 1946 3109 etc.]
1974 3037 2107 3093 Cum

514 3148 616 3187 vox
650 3131 842 3185 indolor
858 3132 907 3184 ia
936 3130 1123 3185 Latina
1152 3146 1257 3185 non
1281 3132 1382 3197 sit,
1404 3132 1751 3201 legamusque
1778 3131 1831 3185 in
1861 3132 1981 3186 aliis
2004 3132 2110 3185 edi-

515 3226 752 3280 tionibus
772 3226 1079 3295 indolentia,
1100 3208 1355 3280 mendum
1380 3224 1482 3279 hoc
1504 3226 1607 3279 erit
1629 3224 2104 3295 typograpbicum;
2136 3217 2187 3283 C

513 3332 691 3386 neque
722 3317 866 3371 enim
892 3316 989 3370 ulli
1009 3316 1226 3371 codices
1261 3324 1516 3371 notantur
1539 3318 1612 3371 ita
1643 3317 1864 3382 habere,
1901 3332 2028 3383 nec,
2059 3318 2105 3372 si

513 3411 806 3475 haberent,
842 3419 1025 3466 essent
1064 3410 1168 3465 ﬁde
1206 3410 1373 3480 digni.
1417 3410 1609 3467 Notum
1650 3419 1733 3465 est
1770 3410 2107 3464 indolentiam

514 3517 699 3557 vocem
724 3516 847 3557 esse
867 3501 1297 3556 Ciceronianam.

590 3596 721 3665 Cap.
755 3596 858 3660 51,
886 3595 1021 3666 §67.
1058 3595 1185 3661 Quis
1220 3611 1324 3649 non
1350 3596 1469 3650 illos
1502 3596 1715 3649 miretur
1744 3605 1790 3649 et
1831 3594 2103 3665 pradicet,

514 3694 622 3763 qui,
658 3695 957 3761 contemptis
985 3704 1138 3761 atque
1174 3695 1385 3748 desertis
1426 3695 1604 3759 mundi
1633 3694 1788 3765 hujus
1830 3693 2105 3756 illecebris,

513 3786 570 3839 in
609 3801 927 3840 communem
968 3786 1126 3839 vitam
1162 3787 1597 3855 castissimamque
1628 3788 1920 3857 congregati
1955 3787 2107 3840 simul

516 3887 714 3932 tetatem
740 3878 937 3948 agunt?
964 3873 1094 3947 etc.]
1139 3877 1364 3947 Egregie
1406 3878 1663 3933 describit
1706 3893 1885 3933 mores
1923 3892 2108 3933 caeno—

512 3970 776 4037 bitarum,
819 3970 915 4025 sed
965 3972 1149 4040 quales
1197 3970 1511 4026 debuissent
1556 3985 1710 4035 esse,
1760 3986 1867 4026 non
1919 3971 2108 4040 quales

513 4072 689 4117 erant.
721 4063 797 4117 De
824 4062 1175 4117 seditionibus
1198 4079 1416 4131 eorum,
1462 4064 1622 4117 nimis
1653 4065 1817 4118 multa
1856 4064 2109 4133 leguntur

513 4155 568 4209 in
612 4157 974 4211 Ecclesiarum
1001 4157 1356 4212 Orientalium
1397 4157 1621 4212 historia
1642 4200 1657 4224 ,
1691 4174 1851 4228 quam
1882 4166 1941 4212 ut
1985 4158 2110 4212 huic

514 4248 873 4318 panegyrista:
919 4247 1222 4304 credamus.
1269 4249 1476 4305 Interea
1530 4249 1733 4319 optima
1763 4262 1880 4304 erat
1919 4266 2108 4304 eorum

512 4340 869 4406 c0nsuetudo,
902 4356 1061 4410 quam
1098 4340 1249 4395 hisce
1273 4341 1449 4395 verbis
1480 4342 1776 4396 describit:
1815 4342 2111 4413 Operantur

511 4436 745 4488 manibus
776 4451 833 4488 ea
881 4435 1063 4505 quibus
1107 4444 1152 4487 et
1196 4450 1379 4505 corpus
1429 4437 1568 4503 pasci
1614 4437 1807 4504 possit,
1840 4445 1887 4487 et
1927 4454 1958 4488 a
2000 4435 2110 4488 Deo

510 4545 651 4581 mens
691 4528 925 4598 impediri
971 4544 1072 4581 non
1120 4528 1301 4597 possit.
1328 4529 1381 4581 In
1412 4529 1607 4598 quibus
1647 4530 1786 4584 forte
1816 4529 2106 4598 legendum

2223 1928 2508 1997 plectimini
2527 1970 2541 1992 ,
2572 1944 2721 1995 quem
2750 1929 2806 1981 in
2834 1929 3146 1997 choleribus,
3178 1930 3235 1982 in
3263 1929 3435 1983 morbo
3462 1931 3760 1997 ictericorum,

2220 2026 2276 2078 in
2314 2024 2530 2093 infantis
2570 2024 2786 2093 denique
2832 2024 2956 2090 ﬁmo
3004 2022 3399 2093 aspernainini.]
3434 2023 3524 2078 Vix
3568 2035 3681 2094 puto
3722 2026 3761 2080 in

2221 2116 2401 2171 Alrica
2446 2115 2671 2169 choleres
2716 2114 2891 2170 dictos
2941 2114 3110 2170 fuisse
3158 2116 3469 2180 cholericos,
3520 2117 3762 2184 malimque

2222 2211 2322 2279 legi
2355 2209 2645 2275 cholerieis,
2678 2223 2707 2262 a
2738 2208 2953 2263 cholera
2973 2248 2990 2274 ,
3018 2223 3126 2278 quo
3165 2208 3358 2261 morbo
3389 2207 3519 2270 bilis,
3548 2223 3633 2261 seu
3659 2211 3760 2279 χολή

2220 2322 2380 2374 supra
2418 2306 2655 2376 infraque
2684 2305 2936 2375 erumpit,
2962 2312 3021 2358 ut
3047 2303 3211 2359 docet
3235 2301 3412 2358 Celsus
3449 2302 3514 2358 de
3552 2303 3759 2358 Medicina

2221 2400 2317 2454 lib.
2341 2414 2416 2468 tv,
2448 2414 2568 2469 cap.
2598 2400 2653 2453 2.

2288 2492 2421 2561 Cap.
2454 2492 2543 2557 19,
2578 2492 2605 2563 §
2632 2492 2723 2547 69.
2757 2491 2833 2545 Eo
2863 2500 3090 2561 tempore
3131 2506 3235 2560 quo
3262 2490 3601 2544 conventicula
3626 2505 3759 2543 eorum

2220 2587 2331 2656 tege
2356 2581 2802 2656 prohibebatttur.]
2832 2584 3054 2638 Videtur
3076 2588 3351 2655 respicere
3377 2584 3441 2638 ad
3464 2599 3640 2637 annum
3661 2583 3757 2647 572,

2219 2695 2325 2748 quo
2364 2694 2391 2729 a
2424 2677 2805 2732 Valentiniano
2833 2685 2887 2731 et
2933 2675 3152 2732 Valente
3182 2677 3448 2731 sancitum
3484 2685 3562 2730 cst
3588 2685 3633 2728 ut
3670 2674 3758 2725 ubi-

2219 2790 2415 2841 cunque
2455 2772 2863 2826 Manichaeorum
2889 2781 3199 2837 conventus,
3233 2771 3312 2825 vel
3343 2771 3488 2823 turba
3517 2766 3759 2836 hujusmodi

2216 2867 2547 2936 reperiretur,
2574 2866 2868 2921 doctoribus
2895 2866 3041 2936 gravi
3060 2866 3302 2919 censione
3329 2863 3595 2927 mulctatis,
3617 2862 3755 2913 doma:

2216 2970 2263 3012 rt
2300 2959 2595 3013 habitacula
2620 2959 2675 3013 in
2706 2959 2888 3029 quibus
2920 2959 3141 3031 profana
3168 2956 3491 3011 institutione
3526 2954 3755 3009 doceretur,

2216 3054 2329 3122 fisci
2357 3053 2545 3106 viribus
2571 3052 2920 3106 indubitanter
2948 3052 3346 3105 asciscerentur.
3380 3048 3548 3104 Verba
3575 3050 3680 3099 sunt
3704 3040 3758 3092 le-

2215 3146 2296 3217 gis
2323 3148 2377 3213 5,
2411 3147 2491 3201 tit.
2520 3146 2574 3214 5,
2600 3146 2697 3202 lib.
2723 3160 2851 3205 xvt,
2882 3145 3104 3199 codicis.

2688 3235 3345 3294 ANIMADVERSIONES

2554 3346 2605 3385 IN
2646 3346 2839 3385 LIIRL’M
2880 3346 2947 3383 BE
2987 3345 3129 3384 VEBA
3168 3343 3470 3385 RELIGIONE.

2282 3423 2414 3495 Cap.
2442 3424 2509 3490 2,
2540 3426 2566 3495 §
2592 3426 2646 3480 5.
2680 3424 2831 3491 Quod
2872 3432 3048 3477 utrum
3088 3424 3270 3476 timore
3299 3416 3574 3474 severitatis
3607 3427 3665 3465 an
3687 3406 3765 3460 ali-

2212 3534 2315 3588 qua
2350 3519 2638 3588 cognitione
2686 3528 2973 3584 temporum
3024 3517 3271 3586 fecerint,
3310 3513 3542 3584 judicare
3586 3521 3672 3559 non
3711 3507 3765 3554 est

2212 3608 2428 3679 meum]
2449 3608 2583 3663 Cum
2607 3624 2801 3664 novem
2833 3624 2965 3663 mss.
2990 3607 3149 3663 codd.
3174 3610 3433 3661 omittam
3463 3613 3633 3655 vocem
3661 3608 3765 3647 seve-

2216 3704 2407 3767 ritatis,
2436 3704 2629 3757 abesse
2656 3702 2727 3757 ab
2771 3702 2872 3757 hoc
2906 3705 3024 3757 loco
3053 3716 3175 3755 eam
3210 3710 3463 3768 oportere
3496 3690 3695 3760 putarim
3726 3691 3765 3736 et

2213 3799 2291 3851 sic
2321 3795 2605 3864 legendum
2631 3813 2647 3851 :
2673 3799 2854 3848 timore
2876 3805 3185 3867 temporum,
3220 3810 3287 3844 an
3315 3793 3488 3855 aliqua
3525 3780 3765 3851 cognitione

2217 3890 2444 3943 veritatis
2475 3890 2709 3959 fecerint.
2745 3890 2887 3943 Satis
2915 3882 3199 3950 perspicua
3228 3888 3312 3935 est
3341 3878 3622 3937 sententia,
3652 3882 3694 3927 et
3717 3868 3765 3920 ad

2214 3984 2447 4036 timorem
2479 3982 2694 4051 quidem
2727 3987 3012 4048 temporum
3044 3975 3189 4045 quod
3232 3976 3456 4035 attinet,
3490 3967 3762 4023 locutionem

2214 4078 2358 4132 hunc
2394 4091 2547 4129 suam
2590 4089 2712 4129 esse
2754 4073 2914 4127 docet
2954 4072 3069 4139 ipse
3102 4069 3433 4138 Augustinus
3465 4064 3490 4135 §
3533 4063 3582 4127 5,
3614 4060 3689 4114 ubi
3716 4056 3766 4110 de

2213 4168 2476 4223 Platone:
2517 4166 2688 4237 Usque
2717 4165 2846 4219 adeo
2876 4178 3163 4235 perversam
3196 4171 3479 4231 temporum
3525 4155 3687 4208 horum
3719 4148 3763 4198 tie

2216 4265 2345 4316 muit
2376 4262 2688 4333 opinionem.

2289 4356 2423 4425 Ci‘P-
2456 4354 2521 4423 4,
2553 4356 2579 4424 §
2610 4355 2661 4406 7.
2697 4353 2757 4408 Si
2788 4354 2920 4405 hanc
2949 4351 3105 4405 vitam
3148 4348 3226 4402 illi
3255 4346 3353 4402 viri
3396 4344 3642 4397 nobiscum
3676 4345 3764 4431 rur-

2216 4465 2303 4501 sus
2332 4464 2484 4518 agere
2512 4448 2826 4515 potuissent,
2856 4444 3083 4495 viderent
3128 4442 3357 4511 profecto
3394 4438 3541 4507 cujus
3581 4434 3765 4518 aucturi-

2220 4548 2321 4592 tate
2354 4534 2941 4609 faciliusjconsuleretur
2971 4532 3283 4596 hominibus,
3320 4538 3366 4582 et
3396 4523 3566 4598 paucis
3600 4512 3768 4571 mutatis

511 4630 556 4670 ct
585 4618 733 4683 adeo,
764 4633 884 4673 nam
916 4617 1004 4672 vix
1044 4627 1172 4686 puto
1211 4618 1317 4671 dici
1345 4618 1586 4687 impediri
1635 4628 1852 4673 mentem
1891 4637 1923 4672 a
1976 4619 2104 4688 Dea,

2220 4598 2379 4688 verbis
2406 4641 2557 4701 atque
2582 4629 2849 4684 sententiis
2877 4624 3157 4680 Christiani
3186 4624 3366 4693 ﬁerent
3390 4637 3409 4674 :
3437 4619 3561 4672 sicut
3588 4608 3771 4701 plﬁiqi‘f

509 4726 609 4779 pro
634 4726 700 4765 eo
726 4710 868 4779 quod
896 4721 1007 4777 est,
1032 4709 1280 4778 impediri
1306 4725 1374 4764 ne
1407 4710 1519 4765 Deo
1540 4709 1846 4776 adhazreat,
1891 4715 2105 4767 avocari

509 4820 539 4858 a
573 4804 700 4859 Deo.
730 4803 857 4857 ιιυο
885 4802 954 4856 ab
994 4801 1269 4856 bodiernis
1302 4802 1585 4869 mendicis,
1619 4812 1677 4856 ut
1718 4813 1981 4859 vocantur
2010 4807 2108 4860 lto-

509 4896 659 4950 noris
681 4910 863 4961 causa,
892 4899 1058 4963 probe
1083 4905 1270 4949 essent
1294 4894 1635 4962 pensitanda.

583 4988 745 5043 Ltnno
774 5002 832 5041 ιι.
862 4986 993 5055 Cap.
1030 4987 1117 5049 15,
1152 4984 1179 5056 §
1208 4986 1302 5040 28.
1348 4983 1574 5041 Possunt
1607 4996 1653 5040 et
1685 4988 1927 5042 catholici
1958 4990 2109 5044 Chri-

507 5082 661 5134 stiani
692 5090 908 5134 vestram
933 5095 967 5130 a
996 5078 1113 5131 vino
1140 5087 1188 5131 et
1218 5078 1455 5132 carnibus
1483 5078 1847 5134 abstinentiam
1861 5083 2109 5153 jumentis

508 5182 554 5226 et
584 5174 759 5227 multis
786 5169 1103 5243 passeribus,
1148 5179 1402 5237 postremo
1439 5172 1596 5224 etiam
1636 5173 1917 5225 innumeris
1958 5190 2113 5244 gene-

506 5265 648 5318 ribus
686 5266 931 5317 vermium
970 5260 1316 5334 comparare.]
1362 5262 1571 5320 Suntne
1615 5280 1746 5335 ergo
1786 5266 1949 5337 aliqui
1983 5282 2110 5335 pas-

508 5370 657 5409 seres
697 5356 788 5424 qui
829 5356 1118 5411 comedant
1146 5372 1339 5413 carnes
1369 5366 1423 5411 et
1470 5358 1660 5412 bibant
1686 5359 1906 5413 vinum?
1941 5360 2105 5415 Nulli.

506 5448 673 5516 Igitur
700 5462 796 5517 pro
816 5457 867 5502 et
893 5451 1070 5504 multis
1096 5450 1215 5521 lege
1237 5452 1389 5505 mutis
1410 5461 1477 5506 et.
1508 5452 1753 5523 Respicit
1774 5456 2109 5525 Augnsdnus

507 5540 575 5594 ad
607 5543 657 5593 id
686 5542 828 5609 quod
869 5544 1370 5602 sanctimonialibus
1409 5547 1739 5616 objiciebant
1777 5549 2059 5605 Manicbazi
2087 5568 2105 5605 :

506 5635 661 5689 etiam
680 5634 824 5690 mula
844 5640 987 5709 uirgo
1003 5649 1098 5711 est,
1112 5640 1180 5697 de
1197 5657 1304 5711 quo
1324 5643 1480 5712 paulo
1497 5653 1675 5703 antea.
1689 5646 1826 5701 Cum
1839 5647 2103 5717 scriptum

506 5728 697 5783 fuisset
723 5730 901 5785 multis
926 5746 1027 5799 pro
1055 5734 1230 5797 mulis,
1256 5745 1443 5801 postea
1473 5737 1786 5806 conjunctio
1816 5740 1936 5795 loco
1958 5748 2108 5794 mota

504 5830 609 5895 est.
634 5821 846 5883 Vellem
876 5824 1160 5897 diligenter
1188 5824 1277 5881 hic
1308 5825 1580 5897 inspectos
1602 5828 1767 5889 fuisse
1782 5832 2098 5905 codd._mss.

2216 4725 2554 4779 recentiorum
2597 4732 2888 4776 nostrorum
2939 4728 3222 4785 temporum
3257 4709 3516 4768 Platonici
3544 4689 3769 4795 fecerqu-l

2218 4821 2289 4877 At
2316 4830 2558 4890 tempore
2598 4817 2795 4872 Juliani
2825 4816 2953 4883 imp.
3000 4810 3261 4866 Platonici
3294 4809 3445 4862 fuere
3473 4790 3766 4891 intensissiuii

2215 4876 2537 4967 Christianis
2559 4918 2614 4965 et
2636 4876 3173 4976 superstitiosissimi.
3200 4900 3361 4955 Tales
3387 4896 3542 4947 etiam
3570 4876 3765 4976 magistri

2221 5004 2436 5070 Procli,
2468 5012 2522 5058 et
2560 5001 2777 5055 Proclus
2806 5000 2943 5066 ipse,
2984 4996 3071 5063 qui
3105 5001 3263 5045 natus
3304 4996 3391 5043 est
3433 4977 3654 5070 Byzantii
3693 4968 3767 5070 sub

2222 5097 2382 5150 ﬁnem
2415 5068 2540 5148 vita:
2569 5090 2872 5163 Augustini.
2907 5088 3040 5143 Vide
3068 5084 3455 5152 Prolegomena
3485 5072 3579 5129 viri
3604 5068 3768 5166 doctis:

2222 5184 2343 5242 simi
2374 5186 2531 5241 Joan.
2566 5161 2773 5240 Alberti
2822 5177 3056 5236 Fabricii
3091 5180 3144 5231 in
3183 5176 3299 5245 ejus
3331 5173 3505 5228 Vitam
3546 5179 3575 5218 a
3604 5161 3769 5216 Marino

2222 5278 2579 5347 Neapolitano
2608 5273 2994 5345 conscriptam.
3030 5270 3195 5325 Nimis
3226 5268 3365 5322 bene
3411 5247 3767 5347 sentiebamus

2220 5343 2466 5441 gustinus
2505 5370 2575 5426 de
2624 5343 2937 5431 Platonicis,
2986 5362 3411 5433 religionemque
3455 5343 3767 5441 Christianatn

2222 5438 2531 5533 propiorem
2560 5473 2751 5516 eorum
2780 5456 3121 5528 dogmatibus
3160 5453 3365 5523 putavit
3397 5459 3550 5518 quam
3597 5442 3671 5491 est
3704 5438 3766 5477 τε·

2223 5572 2372 5612 vera.

2292 5650 2422 5717 Cap-
2453 5646 2521 5702 14
2541 5687 2555 5713 ,
2583 5646 2611 5717 §
2642 5646 2733 5700 27.
2784 5642 2955 5710 Usque
2992 5642 3121 5695 adeo
3166 5641 3426 5698 perlatum
3460 5619 3764 5717 uolunta-nunt

2220 5752 2294 5795 εδι
2319 5712 2548 5803 malum;
2572 5712 2627 5791 ,ξι
2658 5737 2799 5791 nulla
2828 5733 2979 5779 modo
3007 5724 3072 5776 sit
3105 5729 3401 5789 peccatum,
3428 5714 3471 5769 si
3497 5726 3588 5765 non
3618 5712 3670 5759 sit

2220 5788 2544 5892 luntarium;
2573 5836 2617 5879 et
2648 5822 2744 5876 hoc
2770 5818 2979 5891 quidem
3006 5817 3080 5871 ita
3109 5814 3432 5887 manifestum
3456 5814 3524 5863 est
3542 5848 3557 5875 ,
3582 5811 3632 5855 ut
3654 5788 3766 5847 nulla

3875 4014 3877 4051 ί

3875 4264 3877 4407 l
