3954 6364
230 400 329 457 237
902 394 1252 454 VARIORUM
1291 388 1892 452 EXERCITATIONES
1930 391 1998 447 ΙΝ
2038 394 2094 450 S.
2139 398 2509 458 AUGUSTINI
2547 402 2796 460 OPERA.
3388 402 3495 460 2'58

231 520 340 572 hinc
364 517 627 569 doctorum
672 521 924 579 paucitas,
955 512 1098 566 nulla
1137 513 1459 565 indoctorum
1500 508 1649 563 turba
1690 508 1798 561 dis-
1824 504 1881 567 Α
1906 522 2011 562 non
2058 511 2127 564 sit
2174 528 2482 571 commune.
2522 518 2592 572 At
2635 534 2791 588 quam
2840 517 3002 573 multa
3046 526 3201 573 erant
3241 521 3493 587 praescri-

229 608 445 681 sential.]
481 607 705 676 Nempe,
742 606 789 661 si
815 606 1159 660 voluntarium
1202 604 1408 659 dicatur
1448 603 1695 668 liberum,
1728 600 1802 654 ita
1906 601 2077 658 benda
2120 604 2188 660 de
2217 608 2687 677 presbyterorum,
2732 611 3222 683 hypodiaconorum
3270 626 3331 666 ac
3376 612 3493 665 dia-

232 714 287 759 ut
313 703 471 771 possit
512 700 718 756 admitti
748 708 1023 770 peccatum
1070 708 1161 752 aut
1204 713 1349 764 non,
1382 695 1682 764 etquidem
1732 691 1802 746 ab
1906 710 2164 751 canorum
2215 698 2441 766 ofﬁciis,
2495 702 2538 754 si
2588 702 2695 757 illis
2748 704 2990 773 regulam
3039 702 3496 773 praescribendam

233 798 339 865 ipso
376 800 649 863 peccante.
692 790 767 845 Ita
813 790 1119 846 sentiebant
1162 803 1350 843 omnes
1396 786 1648 841 mortales
1677 792 1803 839 ante
1902 791 2235 860 judicasset?
2274 792 2340 847 Et
2384 806 2564 849 tamen
2607 795 2719 851 haec
2760 798 2940 867 regula
2982 796 3384 853 fundamentum
3415 806 3500 853 est

234 889 613 945 controversias
660 887 1005 956 Pelagianas;
1054 898 1154 939 nec
1205 884 1360 937 aliter
1397 881 1657 937 sensisset
1687 878 1802 947 ipse
1908 884 2195 939 multorum
2237 886 2527 953 ordinum,
2566 905 2724 959 quam
2762 889 2975 946 feminis
3017 891 3265 947 traditam
3292 892 3502 946 utinam

233 979 565 1050 Augustinus,
597 979 641 1031 si
688 986 810 1047 post
850 985 1077 1031 mortem
1110 975 1226 1043 ejus
1256 984 1394 1028 nata:
1423 973 1637 1027 demum
1670 969 1803 1024 ταῖς·
1906 976 2043 1032 bene
2076 992 2357 1036 servarent
2383 983 2509 1036 viri.
2542 982 2780 1037 [labetur
2805 993 2983 1039 autem
3025 986 3082 1040 in
3116 985 3344 1055 epistola
3370 986 3498 1040 119.

233 1082 359 1129 sent.
388 1071 570 1142 Itaque
599 1070 714 1125 haec
739 1070 934 1124 frustra
965 1083 1089 1123 cum
1130 1066 1396 1121 sententia
1426 1078 1585 1134 quam
1614 1070 1801 1143 postea
1906 1071 2151 1140 Ineptum
2188 1084 2269 1130 est
2300 1083 2478 1131 autem
2511 1075 2577 1130 de
2615 1076 2770 1145 hujus
2810 1079 2909 1131 viri
2944 1079 3098 1133 titulo
3128 1078 3455 1135 contendere
3480 1096 3498 1133 :

234 1166 495 1235 amplexus
542 1172 626 1218 εει
664 1164 716 1217 in
758 1162 1097 1216 concordiam
1145 1158 1385 1226 redigere
1422 1166 1648 1210 0093""
1692 1153 1800 1207 “3'
1909 1167 2081 1236 magis
2125 1166 2194 1222 ad
2242 1184 2355 1222 rem
2411 1170 2642 1237 pertinet
2673 1169 2888 1237 pietatis
2914 1180 2970 1225 et
2998 1171 3314 1227 eruditionis
3354 1172 3503 1227 illius

236 1269 377 1316 tract.
407 1259 500 1312 lib.
532 1273 583 1323 ι,
614 1272 733 1327 cap.
765 1257 853 1321 15,
886 1254 913 1325 §
942 1255 995 1319 5,
1024 1252 1175 1323 quasi
1212 1250 1555 1304 voluntarium
1595 1247 1806 1304 dicatur

241 1362 425 1407 tantum
479 1348 623 1419 quod
680 1347 875 1402 insidet
924 1344 1222 1411 voluntati,
1276 1341 1519 1412 quamvis
1572 1339 1801 1398 liberum

240 1459 334 1498 non
361 1441 446 1495 sit.

304 1535 415 1603 Cap.
441 1532 534 1598 55,
561 1531 665 1604 §3.
692 1529 1020 1585 Honoramus
1043 1545 1127 1583 eos
1148 1532 1382 1597 caritate,
1408 1546 1511 1583 non
1534 1529 1805 1593 servitute;

250 1645 329 1681 nec
348 1628 401 1680 eis
434 1628 625 1696 templa
662 1625 1037 1695 constituimus,
1069 1627 1251 1680 nolunt
1279 1625 1414 1679 enim
1455 1637 1509 1678 se
1537 1624 1611 1676 sic
1646 1622 1809 1675 hono-

257 1720 344 1772 rari
364 1735 389 1769 a
416 1716 580 1782 nobis,
610 1712 744 1789 etc]
768 1715 893 1772 Haec
922 1718 1228 1787 expendant
1256 1718 1342 1786 qui
1374 1716 1561 1770 volunt
1586 1713 1808 1783 angelos

252 1812 368 1869 cultu
384 1809 632 1879 rauim,
665 1814 764 1867 hoc
790 1822 869 1866 est
896 1810 1147 1866 servitutis
1168 1812 1269 1865 coli
1286 1851 1301 1874 ,
1328 1810 1651 1877 videantque
1676 1821 1809 1876 quo-

1909 1263 2252 1319 :emulatione
2295 1264 2619 1332 decernere,
2672 1274 2729 1320 ut
2775 1265 2811 1319 ii
2856 1267 3059 1335 optimo
3096 1267 3218 1337 jure
3256 1267 3503 1322 dicantur

1910 1357 2336 1428 Augustinenses
2375 1356 2467 1428 qui
2504 1358 2729 1413 virtutes
2770 1359 3052 1429 Augustini
3083 1360 3326 1427 proxime
3363 1358 3504 1414 refe-

1911 1463 2057 1506 runt.
2108 1452 2240 1507 Illud
2283 1462 2493 1507 constat
2534 1455 2834 1509 orationem
2886 1469 3006 1523 qua:
3051 1455 3270 1509 cucullo:
3300 1464 3354 1511 et
3390 1454 3506 1508 bal-

1912 1544 2013 1599 thei
2045 1547 2317 1610 meminit,
2346 1546 2447 1601 sub
2478 1546 2747 1601 Ambrosii
2784 1548 3004 1603 nomine
3042 1550 3325 1604 confictam
3357 1562 3503 1604 esse.

1912 1638 2021 1693 Nec
2062 1640 2179 1709 ipse
2222 1640 2551 1711 Augustinus
2580 1656 2806 1711 usquam
2844 1656 2903 1696 se
2946 1640 3269 1696 monachum
3308 1650 3504 1708 vocat,

1915 1747 2014 1787 nec
2058 1748 2185 1787 suos
2222 1734 2453 1789 clericos
2500 1749 2568 1790 eo
2608 1736 2827 1789 nomine
2867 1734 3144 1804 designat,
3195 1749 3503 1804 quanquam

1914 1824 2166 1893 exiguum
2201 1825 2251 1878 in
2286 1826 2605 1896 cognomine
2644 1835 2975 1881 momentum
3006 1836 3108 1881 est.
3134 1827 3265 1895 lpse
3305 1826 3505 1879 fatetur

248 1904 382 1958 modo
406 1918 463 1957 se
494 1903 697 1958 sentire
735 1913 788 1957 et
822 1901 969 1973 loqui
997 1917 1118 1956 cum
1146 1901 1447 1971 Augustino
1476 1900 1655 1954 dicere
1683 1912 1790 1967 post

1911 1932 1971 1971 se
2021 1915 2302 1987 reliquisse
2341 1919 2554 1985 omnia,
2586 1927 2641 1973 et
2679 1917 2867 1974 eodem
2900 1918 3097 1973 multos
3138 1932 3501 1987 provocasse;

246 1996 353 2048 sint.
375 1997 616 2048 Attamen
643 1994 753 2061 jam
778 1993 895 2063 ejus
923 2008 1038 2048 arvo
1066 1992 1310 2063 quaedam
1333 1998 1613 2061 coeperant
1640 1990 1801 2060 vulgo

249 2087 343 2140 fieri
361 2101 491 2155 quae,
515 2100 819 2155 quanquam
847 2099 877 2138 a
906 2084 1343 2153 prudentioribus
1370 2082 1642 2147 damnata,
1672 2095 1805 2151 pau-

247 2177 372 2232 latim
394 2178 696 2232 intromissa
717 2186 862 2233 sunt.
892 2179 982 2231 Sic
1005 2178 1139 2231 libro
1159 2193 1175 2229 1
1196 2176 1264 2230 de
1287 2176 1521 2230 Moribus
1543 2173 1803 2229 Ecclesia:

243 2270 514 2335 catholicm,
546 2270 575 2342 §
606 2274 657 2324 7.
688 2269 844 2337 Novi,
877 2270 1080 2339 inquit,
1111 2270 1295 2323 multos
1319 2286 1428 2323 esse
1449 2269 1804 2337 sepulcrorum

242 2372 286 2416 et
318 2364 617 2430 picturarum
646 2364 881 2417 adorator
894 2379 967 2431 es,
1004 2376 1137 2432 quos
1183 2362 1437 2417 Ecclesia:
1463 2360 1743 2416 catholicae
1772 2374 1804 2413 a

1911 2019 2021 2064 tum
2069 2014 2119 2066 in
2166 2012 2412 2066 oratione
2452 2012 2683 2083 quadam
2722 2013 2863 2081 apud
2908 2012 3197 2082 populum,
3242 2020 3402 2081 negat
3443 2024 3506 2065 se

1912 2119 2131 2158 usurum
2172 2104 2306 2176 pileo
2333 2104 2509 2174 rubro,
2541 2105 2683 2174 quod
2715 2106 2963 2176 pyrrhum
2993 2106 3210 2172 dicitur,
3252 2119 3353 2159 nos
3378 2118 3506 2159 cor-

1912 2206 2068 2266 rupte
2117 2196 2359 2267 byrrhum
2402 2212 2679 2253 vocamus.
2716 2197 2873 2252 Decet
2916 2199 3132 2269 (inquit)
3175 2199 3507 2269 episcOpum,

1909 2300 1963 2343 at
1996 2307 2099 2344 non
2125 2292 2267 2345 decet
2298 2290 2647 2361 Augustinum
2672 2307 2691 2346 :
2722 2291 2811 2347 ubi
2842 2292 3010 2362 magis
3042 2292 3329 2347 dicendum
3352 2301 3505 2360 erat,

1908 2401 2016 2439 non
2042 2384 2199 2440 decet
2228 2386 2576 2441 monachum.
2604 2385 2660 2439 In
2691 2384 2842 2439 libris
2865 2385 2934 2441 de
2960 2385 3200 2441 Moribus
3221 2384 3503 2451 Ecclesiae,

241 2453 517 2509 Manichaeis
552 2454 711 2525 objici
742 2470 851 2510 non
876 2454 1027 2521 vult,
1067 2464 1122 2509 et
1160 2454 1249 2522 qui
1280 2452 1497 2510 tandem
1537 2453 1802 2510 maximus

242 2560 472 2602 numerus
497 2547 621 2602 facti
652 2557 793 2602 sunt.

505 2683 845 2739 DESIDERII
887 2682 1149 2739 ERASMI
1189 2682 1504 2739 CENSURA

587 2793 639 2831 IN
678 2791 925 2833 κῑουιΑιί
966 2793 1071 2831 DIVI
1110 2792 1410 2832 AUGUSTINI.

1907 2487 2107 2548 praeter
2144 2478 2504 2535 anachoretas
2539 2487 2593 2533 et
2630 2478 2952 2546 ctenobitas,
2989 2478 3153 2533 tradit
3180 2493 3349 2549 genus
3393 2488 3505 2533 ter—

1906 2573 2076 2640 tium,
2102 2587 2291 2629 eorum
2314 2574 2406 2645 qui
2446 2571 2697 2643 quoniam
2728 2572 2784 2626 in
2825 2586 3066 2626 eremum
3101 2571 3357 2626 secedere
3392 2585 3506 2627 non

1906 2674 2025 2719 erat
2061 2663 2443 2733 commodum,
2485 2664 2572 2719 vel
2612 2664 2682 2719 ob
2717 2671 3000 2732 parentes,
3034 2663 3121 2718 vel
3160 2662 3231 2717 ob
3274 2662 3507 2729 liberos,

1906 2766 2001 2811 aut
2029 2757 2163 2812 alias
2188 2772 2405 2826 causas,
2445 2764 2623 2827 tamen
2655 2772 2763 2811 non
2787 2757 3021 2825 quietius
3056 2754 3329 2822 viverent,
3353 2768 3505 2809 com-

1904 2849 2088 2917 plures
2126 2848 2181 2903 in
2209 2848 2401 2905 iisdem
2440 2848 2647 2904 aedibus
2684 2848 3181 2915 commorabantur,
3213 2847 3363 2901 nullo
3394 2847 3503 2900 im-

1905 2940 2088 3010 perio,
2140 2942 2234 2996 sed
2280 2942 2450 3017 libera
2496 2941 2723 2997 caritate
2771 2940 2952 2996 omnia
2999 2942 3338 2997 moderante.
3392 2939 3502 2995 Eos

1904 3043 2205 3090 conventus
2230 3035 2512 3090 diversoria
2541 3046 2725 3101 vocat,
2754 3050 2874 3105 qua:
2903 3034 3091 3091 Romae
3123 3034 3389 3105 permulta
3428 3032 3504 3087 vi-

1903 3127 2075 3183 derat.
2108 3129 2219 3183 ﬂoc
2246 3130 2553 3199 exemplum
2584 3131 2798 3185 videtur
2828 3130 3066 3184 imitatus
3092 3130 3146 3184 in
3178 3129 3355 3185 Africa
3375 3170 3390 3196 ,
3421 3128 3503 3183 sic

1907 3231 1965 3278 ut
2004 3236 2104 3278 nec
2143 3221 2292 3276 cultu
2331 3223 2597 3279 notabiles
2628 3234 2840 3288 essent,
2880 3223 3332 3292 quemadmodum
3382 3235 3502 3276 mo-

1907 3317 2065 3372 nachi
2085 3358 2099 3382 ,
2125 3326 2178 3371 ct
2205 3318 2390 3372 liceret
2420 3319 2487 3370 ab
2509 3333 2574 3371 eo
2597 3315 2844 3372 convictu
2873 3315 3171 3383 discedere,
3196 3315 3243 3370 si
3278 3315 3362 3370 cui
3404 3328 3499 3384 pa-

1904 3427 2024 3465 rum
2068 3421 2213 3465 esset
2252 3411 2613 3465 commodus:
2658 3411 2782 3465 licet
2826 3409 3101 3464 Possidius
3150 3408 3388 3479 appellet
3433 3422 3497 3463 ea

1906 3502 2244 3559 Manasteria.

2283 3615 3074 3672 ANIMADVERSIONES

2382 3728 2435 3766 IN
2474 3728 2692 3765 EAMDEM
2734 3727 3002 3767 REGULAM.

298 2929 409 2990 [hec
456 2931 636 3005 regula
683 2940 737 2991 et
776 2931 1058 2991 sententiis
1100 2942 1157 2989 et
1200 2930 1451 2986 dictionis
1499 2929 1667 3000 ﬁgura
1712 2943 1800 2985 re-

233 3023 327 3078 fert
347 3027 727 3097 Augustinum,
760 3030 888 3099 quin
918 3039 971 3084 et
1002 3031 1087 3098 pia
1132 3026 1389 3084 civilitate
1432 3022 1797 3078 humanitate-

231 3134 324 3186 que
366 3120 577 3188 praefert
618 3130 892 3178 auctorem
939 3139 1133 3177 suum:
1169 3137 1471 3191 quanquam
1519 3115 1798 3190 probabile

230 3219 304 3261 est
323 3225 429 3264 eam
459 3227 566 3266 non
593 3213 823 3277 clericis,
854 3213 948 3268 sed
979 3213 1191 3269 feminis
1220 3228 1343 3268 esse
1369 3216 1646 3281 scriptam,
1676 3222 1796 3280 quae

232 3298 275 3351 in
306 3316 457 3355 unum
488 3304 730 3359 collectae
753 3305 851 3361 sub
881 3305 1249 3359 moderatione
1279 3305 1480 3358 sororis
1510 3301 1795 3371 Augustini

231 3391 479 3447 vivebant.
558 3396 688 3450 Eam
748 3397 1087 3467 prmpositam
1147 3405 1334 3460 vocat,
1392 3394 1486 3450 sed
1552 3395 1796 3449 omnium

232 3499 419 3540 summa
448 3496 685 3556 potestas
727 3499 846 3545 erat
874 3504 1042 3559 penes
1072 3490 1468 3560 presbyterum.
1513 3487 1796 3541 Nonnullis

232 3587 388 3632 autem
436 3583 729 3637 immutatis
773 3582 1245 3638 accommodarunt
1288 3597 1407 3636 eam
1451 3581 1600 3644 viris,
1648 3581 1796 3635 velut

231 3667 308 3721 ubi
330 3670 389 3725 de
416 3673 673 3727 modestia
700 3674 875 3728 cultus
904 3675 1145 3743 praecipit
1175 3674 1420 3728 feminis:
1456 3671 1579 3726 Non
1606 3672 1672 3725 sit
1701 3689 1795 3725 na-

234 3764 377 3816 tabilis
400 3764 593 3820 habitus
620 3778 802 3834 vester,
827 3785 916 3822 nec
939 3767 1185 3835 aﬂ'ectetis
1207 3768 1425 3823 vestibus
1455 3769 1675 3837 placere,
1702 3768 1794 3821 sed

234 3854 467 3919 moribus;
508 3872 569 3909 ne
604 3859 705 3909 sint
733 3860 867 3912 vobis
911 3866 1015 3911 tam
1062 3861 1233 3913 tenuia
1275 3861 1498 3928 capitum
1530 3860 1794 3929 tegmina;

232 3955 280 3997 ut
304 3948 475 4002 retiola
501 3950 670 4003 subter
708 3960 1012 4021 appareant.
1045 3951 1135 4006 Sic
1164 3951 1303 4006 enim
1338 3952 1572 4006 arbitror
1611 3953 1793 4022 legen-

231 4040 337 4095 dum
362 4059 375 4094 :
402 4040 629 4109 Capillos
656 4060 720 4096 ea:
748 4046 891 4097 nulla
930 4054 1076 4116 parte
1104 4048 1270 4100 nudos
1297 4046 1549 4114 habeatis,
1580 4063 1669 4100 nec
1705 4051 1790 4117 fo-

227 4131 289 4182 ris
327 4132 396 4185 uel
431 4145 640 4203 spargat
684 4136 1024 4207 negligentia,
1068 4135 1143 4191 re!
1185 4148 1455 4206 componat
1493 4139 1792 4192 industria:

232 4225 349 4289 quod
382 4227 510 4280 viris
544 4228 943 4283 accommodari
988 4244 1091 4284 non
1121 4240 1333 4300 poterat
1372 4232 1688 4287 omiserunt.
1721 4232 1792 4288 Et

232 4309 273 4364 in
306 4319 579 4383 proximo:
613 4318 679 4372 In
709 4322 943 4375 omnibus
983 4323 1197 4377 motibus
1234 4324 1365 4378 nihil
1389 4325 1481 4393 ftat
1516 4326 1651 4395 quod
1694 4344 1789 4380 cu-

228 4404 441 4475 jusquam
463 4410 644 4463 illiciat
672 4413 967 4480 libidinem;
995 4416 1072 4469 sic
1099 4424 1359 4471 mutatum
1390 4427 1502 4484 est,
1536 4419 1670 4486 quod
1698 4435 1789 4473 cu-

1974 3826 2084 3896 §2.
2118 3825 2255 3892 Quid
2303 3828 2512 3896 prodest
2559 3826 2847 3896 dispergere
2887 3825 3058 3879 dando
3106 3824 3418 3897 pauperibus
3447 3835 3495 3877 et

1902 3936 2178 3992 pauperem
2212 3920 2358 3988 ﬁeri,
2398 3934 2510 3972 cum
2542 3921 2718 3973 anima
2757 3921 2943 3973 misera
2977 3921 3243 3990 superbior
3284 3920 3495 3990 eﬁicitur

1902 4015 2111 4069 divitias
2138 4015 2507 4069 contemnendo
2534 4031 2684 4085 quam
2709 4020 2880 4086 fuerat
2905 4013 3216 4084 possidendo
3230 4014 3275 4085 2]
3316 4015 3495 4068 Nolim

1901 4108 2117 4178 quidem
2149 4109 2405 4163 damnare
2438 4124 2533 4163 eos
2561 4109 2679 4179 qui,
2727 4125 2848 4163 cum
2892 4109 3127 4163 sentiant
3167 4123 3225 4162 se
3259 4110 3493 4177 impares

1901 4218 2023 4259 esse
2053 4204 2305 4273 periculis
2328 4208 2449 4275 qua:
2474 4204 2529 4258 in
2559 4204 2665 4258 vita
2690 4203 2961 4258 communi
2993 4202 3150 4258 bonis
3172 4202 3492 4269 imminent,

1898 4297 2246 4352 solitudinem
2292 4305 2347 4351 et
2394 4310 2667 4351 secessum
2726 4296 3177 4351 monasteriorum
3220 4303 3488 4365 quierunt.

1898 4394 1969 4445 At
1997 4390 2196 4446 debent
2227 4399 2350 4445 ante
2377 4390 2555 4444 omnia
2584 4388 2683 4443 sibi
2727 4403 2918 4443 cavere
2946 4404 3051 4443 non
3092 4388 3252 4443 modo
3285 4404 3314 4440 a
3347 4402 3495 4442 cras-

229 4496 439 4567 iniquam
465 4502 691 4568 οῇεηάαι
718 4502 995 4575 σερεειακηι,
1024 4507 1232 4563 Rursus
1270 4510 1411 4580 quod
1445 4480 1685 4582 pllae'cipi,
1718 4513 1787 4569 de
1896 4484 2133 4538 sioribus
2163 4484 2311 4538 vitiis
2337 4484 2535 4547 carnis,
2564 4482 2758 4552 quibus
2784 4497 2971 4537 omnes
2993 4481 3355 4545 offenduntur,
3395 4480 3493 4536 sed

230 4601 317 4641 non
356 4594 672 4662 aspiciendis
712 4574 957 4665 feminis;
1006 4600 1131 4656 item
1175 4602 1242 4656 de
1288 4574 1413 4670 hoc,
1445 4574 1500 4657 in
1546 4574 1655 4659 big“
1694 4612 1788 4659 aut
1815 4665 1857 4670 _
1896 4586 1951 4630 et
1976 4576 2486 4670 abhoccultioribus,
2514 4576 2691 4670 qualia
2724 4585 2848 4670 sunt
2878 4574 3161 4670 superbia,
3193 4574 3492 4670 imperandi

230 4681 343 4735 terni
386 4686 708 4755 procedant,
739 4690 807 4744 de
854 4690 1094 4746 lavandis
1125 4693 1355 4763 propriis
1398 4665 1664 4762 'veslibus’
1713 4697 1783 4753 de
1813 4665 1873 4729 D
1895 4668 2184 4739 cupiditas,
2211 4678 2414 4723 temere
2446 4667 2513 4721 de
2543 4666 2846 4721 hominibus
2877 4667 3143 4735 rebusque
3178 4668 3370 4763 ignotis
3400 4667 3491 4763 ju-

1898 4764 2110 4821 dicandi
2144 4777 2309 4833 prava
2341 4762 2696 4825 consuetudo,
2741 4762 2985 4827 tyrannis
3026 4763 3075 4814 in
3116 4760 3282 4815 rebus
3315 4761 3489 4814 eccle-

1896 4858 2152 4924 siasticis,
2188 4856 2410 4911 factiosa
2441 4856 2671 4923 indoles,
2702 4856 2935 4926 pigritia,
2962 4855 3257 4923 iracundia,
3304 4856 3490 4908 simni-

1896 4961 2031 5007 tates
2068 4951 2456 5021 implacabiles,
2488 4959 2542 5005 et
2580 4951 2683 5004 alia
2727 4950 2778 5004 id
2821 4964 3019 5019 genus;
3054 4966 3171 5019 quae
3208 4949 3257 5001 in
3302 4966 3487 5002 scies-

1859 5052 2044 5106 'sibus
2084 5051 2534 5107 monasteriorum
2592 5064 2701 5105 non
2742 5049 2900 5103 aliter
2956 5057 3185 5119 regnant
3228 5064 3384 5117 quam
3434 5050 3485 5103 in

1894 5145 2344 5218 frequentissimis
2371 5146 2597 5199 aliorum
2625 5143 2903 5198 hominum
2939 5142 3293 5197 conventibus
3321 5159 3382 5196 ac
3407 5160 3488 5195 sit.

1888 5239 2194 5295 cietatibus.
2218 5239 2394 5306 Quare
2424 5238 2521 5291 viri
2548 5237 2847 5307 prudentes
2884 5246 2939 5291 et
2960 5239 3082 5290 vita:
3115 5236 3363 5290 humanm
3398 5254 3486 5303 pe-

1888 5336 2128 5401 ritiores,
2155 5341 2217 5389 ut
2260 5332 2437 5388 Desid.
2489 5332 2745 5387 Erasmus
2773 5342 2826 5386 et
2856 5333 2976 5399 alii,
3022 5348 3165 5400 sirpe
3193 5334 3259 5387 de
3300 5348 3485 5386 mona-

1884 5431 2021 5484 stico
2052 5430 2173 5483 vita:
2203 5428 2448 5482 instituto
2478 5426 2644 5480 locuti
2667 5437 2792 5479 sunt
2812 5467 2825 5489 ,
2860 5426 3011 5497 quasi
3039 5426 3105 5481 de
3133 5428 3257 5481 vitae
3284 5444 3485 5494 genere

1887 5536 1995 5575 non
2029 5522 2205 5576 minus
2236 5521 2396 5576 saluti
2427 5519 2729 5588 periculoso
2756 5534 2916 5588 quam
2943 5530 3024 5574 est
3061 5519 3288 5590 quodvis
3314 5519 3476 5572 aliud.

1889 5616 2095 5671 Interea
2126 5616 2173 5670 si
2200 5620 2337 5668 hanc
2360 5613 2807 5683 Augustinianam
2838 5612 3075 5681 regulam
3104 5612 3477 5675 observarent,

1878 5711 1996 5763 sine
2033 5708 2197 5762 dubio
2238 5717 2342 5760 tam
2385 5706 2692 5774 frequentes
2714 5705 2781 5761 de
2804 5705 2869 5760 iis
2902 5719 3006 5760 non
3030 5714 3211 5758 essent
3245 5703 3478 5773 querelae

1876 5820 2039 5875 quam
2076 5803 2251 5858 adhuc
2282 5801 2517 5858 fuerunt.

229 4776 470 4837 operando
517 4779 570 4833 in
625 4794 943 4851 commune,
1002 4786 1213 4856 aliaque
1267 4791 1532 4857 permulta
1589 4805 1781 4859 parum

230 4878 499 4936 congruunt
542 4875 595 4927 in
638 4875 865 4931 clericos
910 4878 1027 4946 ejus
1069 4883 1349 4949 temporis,
1391 4897 1619 4951 quorum
1665 4892 1779 4939 tum

228 4966 320 5008 erat
347 4961 510 5030 major
550 4972 605 5017 et
633 4966 851 5022 libertas
880 4977 935 5022 et
970 4969 1223 5040 dignitas.
1249 4971 1304 5025 ln
1334 4973 1485 5029 calce
1532 4975 1779 5031 alludens

229 5046 278 5099 ad
313 5048 492 5108 formae
533 5056 801 5127 studium,
830 5060 1103 5129 speculum
1134 5074 1187 5118 et
1235 5063 1428 5120 odores
1464 5066 1657 5135 quibus
1701 5069 1778 5123 fe-

229 5139 432 5229 niueum
477 5162 646 5218 genus
692 5151 1035 5219 peculiariter
1078 5155 1395 5224 delectatur,
1440 5176 1560 5229 quae
1600 5160 1777 5216 dicit:

230 5225 363 5286 Donet
392 5236 645 5295 Dominus
669 5253 726 5295 ut
750 5246 1016 5300 observetis
1051 5250 1158 5301 hcec
1185 5252 1356 5303 omnia
1393 5261 1635 5321 tanquam
1671 5255 1778 5321 spi-

227 5321 357 5380 ritalis
383 5323 781 5397 pulchritudinis
806 5338 1097 5406 amatrices,
1136 5352 1182 5395 et
1213 5340 1344 5395 bona
1367 5339 1559 5396 Christi
1600 5346 1773 5412 odore,

226 5414 407 5475 debona
427 5429 804 5483 conversatione
841 5434 1148 5502 fragrantes,
1180 5446 1227 5489 et
1262 5453 1348 5490 vos
1386 5446 1556 5489 autem
1594 5438 1647 5490 in
1678 5436 1777 5492 hac

228 5503 359 5561 libello
402 5524 649 5587 tanquam
694 5523 750 5575 in
793 5524 1003 5585 speculo
1057 5527 1259 5595 possitis
1306 5530 1582 5597 inspicere,
1626 5539 1770 5593 etc..

226 5608 301 5650 non
328 5600 545 5669 perinde
587 5612 853 5674 quadrent
880 5616 934 5670 in
964 5616 1132 5673 viros.
1175 5619 1312 5675 Sunt
1352 5623 1454 5677 alia
1487 5622 1767 5691 quaedam,

226 5699 374 5746 verum
419 5694 532 5751 haec
571 5706 798 5768 exempti
838 5723 995 5764 causa
1028 5716 1372 5783 proposuisse
1415 5718 1631 5773 sufficit.
1662 5718 1767 5774 Po-

226 5792 388 5840 stremo
417 5798 474 5840 ut
507 5790 637 5843 nihil
677 5792 751 5845 sit
797 5796 937 5863 quod
981 5814 1085 5853 non
1118 5807 1285 5869 possit
1312 5808 1378 5859 ad
1402 5810 1626 5865 clericos
1671 5812 1767 5868 de-

225 5880 451 5946 torqueri,
486 5888 635 5940 certe
663 5884 794 5942 nihil
823 5898 905 5945 est
932 5890 1017 5946 hic
1057 5896 1199 5958 quod
1245 5896 1352 5955 illis
1394 5916 1515 5956 cum
1547 5903 1760 5960 feminis
