3954 6364
449 444 755 456 ..ι’-

1344 327 1901 386 SUPPLEMENI‘UM
1946 329 2033 384 AD
2072 328 2303 384 OPERA
2344 328 2400 383 S.
2446 328 2839 385 AUGUSTINI.

3652 326 3756 383 240

1448 550 1557 623 ΙΝ
1636 547 2050 622 TOMUM
2131 550 2748 633 SECUNDUM,

556 806 959 869 DESIDERIUS
982 807 1306 866 EBASMUS
1328 807 1437 863 PlO
1464 805 1755 861 LECTORI
1780 806 1836 861 S.
1860 806 1924 860 D.

524 966 606 1021 Ex
637 966 783 1022 calce
813 964 1037 1022 secundi
1076 963 1197 1019 libri
1247 962 1732 1026 Retractationum,
1792 960 1916 1014 item
1970 974 2038 1014 ex

453 1061 677 1129 epistola
695 1076 813 1131 qua:
842 1060 1058 1130 praefixa
1088 1066 1171 1113 est
1191 1056 1442 1126 Catalogo
1467 1058 1745 1109 bmreseon
1768 1053 1832 1107 ad
1859 1053 2040 1119 Quod-

453 1152 749 1214 vnltdeum,
782 1154 911 1208 satis
936 1152 1150 1221 quidem
1187 1151 1526 1220 perspicuum
1558 1157 1661 1214 est,
1698 1148 1748 1201 id
1781 1145 2042 1214 temporis

455 1259 555 1298 nec
598 1246 873 1313 epistolas,
902 1259 1000 1299 nec
1029 1245 1313 1313 populares
1346 1243 1614 1297 orationes
1644 1242 1711 1295 ab
1741 1238 2044 1307 Augustino

454 1341 621 1394 fuisse
644 1341 878 1407 digestas
905 1357 916 1391 :
945 1354 1044 1394 nec
1075 1348 1193 1406 post
1216 1338 1266 1391 id
1297 1338 1365 1392 ab
1392 1352 1457 1390 eo
1486 1345 1750 1399 curatum,
1789 1333 1874 1387 vel
1908 1330 2043 1385 illud

455 1436 650 1502 arguit,
683 1434 819 1501 quod
853 1434 906 1487 in
937 1433 1035 1488 hoc
1058 1432 1349 1497 volumine,
1383 1446 1558 1501 neque
1590 1440 1914 1497 temporum,
1952 1442 2048 1480 ne-

456 1543 561 1596 que
586 1542 954 1596 personarum,
988 1541 1161 1594 neque
1193 1525 1541 1579 materiarum
1569 1522 1674 1577 ulla
1704 1522 1915 1575 videtur
1945 1520 2046 1571 ha-

457 1621 568 1675 bita
616 1622 774 1675 ratio.
826 1621 1038 1675 Certius
1090 1629 1270 1674 autem
1299 1619 1352 1673 id
1384 1619 1579 1685 arguit,
1632 1616 1772 1686 quod
1803 1613 2046 1684 quaedam

458 1712 705 1766 admistae
736 1712 967 1777 fuerant,
1000 1729 1117 1782 qua:
1149 1714 1322 1780 primo
1348 1712 1526 1766 statim
1554 1720 1710 1781 gustu
1750 1706 2051 1778 deprehen-

460 1806 724 1861 dcbantur
750 1806 1032 1876 Augustini
1069 1821 1175 1862 non
1206 1822 1346 1872 esse,
1391 1820 1545 1876 quas,
1590 1804 1768 1858 addita
1797 1815 2047 1869 censura,

458 1902 796 1955 notavimus:
827 1901 1098 1955 nonnullae
1144 1900 1458 1975 simpliciter
1484 1899 1748 1963 conficta,
1787 1895 1930 1966 quod
1961 1908 2051 1964 ge-

458 2008 561 2047 nus
591 2004 714 2047 sunt
746 1994 851 2047 illae
880 1994 1137 2048 Bonifacii
1170 1995 1235 2048 ad
1266 1994 1640 2064 Augustinum,
1676 1990 1954 2061 Augustini
1987 1986 2054 2041 ad

459 2083 814 2140 Bonifacium.
848 2084 1057 2139 Nullam
1098 2093 1277 2140 tamen
1332 2086 1554 2140 omnino
1602 2083 1722 2137 loco
1766 2082 2053 2142 movimus,

2064 809 2119 865 A
2142 809 2344 864 mederi
2378 812 2600 867 studens
2635 812 2905 881 omnibus,
2937 813 3161 883 perdere
3203 813 3503 868 neminem
3525 811 3551 864 ?
3593 811 3760 879 Quam

2143 903 2341 958 misere
2379 904 2568 974 uritur,
2616 905 2683 959 ad
2731 905 2959 974 quodvis
2999 914 3245 961 exortum
3304 903 3761 959 ofl'eudiculum?

2146 994 2341 1050 Videas
2377 1010 2502 1049 vere
2544 996 2794 1066 gallinam
2826 998 3189 1066 evangelicam
3227 995 3548 1051 sollicitam
3578 1004 3634 1048 et
3662 1012 3762 1048 an-

2145 1085 2309 1151 xiam,
2340 1097 2399 1141 ut
2426 1087 2526 1141 sub
2565 1088 2677 1143 alas
2718 1089 2934 1157 colligat
2985 1088 3270 1156 foveatque
3304 1086 3499 1157 pullos
3529 1100 3678 1139 suos.
3712 1086 3762 1140 lu

2146 1180 2421 1234 nonnullis
2446 1180 2684 1248 epistolis
2705 1195 3000 1247 agnoscere
3056 1180 3241 1234 licebit
3302 1189 3360 1234 et
3394 1177 3534 1231 illud
3558 1179 3763 1231 forense

2146 1271 2357 1327 dicendi
2390 1286 2576 1342 genus,
2606 1272 2746 1341 quod
2770 1271 2942 1326 Graeci
2972 1270 3211 1329 δικανικὸν
3249 1270 3552 1340 appellant
3584 1287 3599 1323 :
3631 1285 3762 1339 pra:-

2148 1362 2304 1431 cipue
2334 1378 2453 1417 cum
2477 1364 2586 1432 agit
2606 1362 2861 1417 adversus
2896 1364 3083 1417 Donati
3108 1362 3414 1417 factionem
3446 1378 3461 1413 :
3494 1377 3599 1415 nec
3620 1361 3766 1415 deest

2150 1466 2586 1524 argumentorum
2643 1455 2945 1519 subtilitati,
3002 1470 3119 1523 quae
3169 1455 3243 1509 illi
3308 1453 3617 1523 peculiaris
3671 1462 3763 1519 est,

2151 1548 2404 1610 δείνωσις.
2438 1549 2635 1603 Verum
2657 1550 2771 1603 sive
2796 1548 2979 1614 docet,
3008 1551 3121 1603 sive
3142 1549 3401 1617 corripit,
3432 1549 3552 1601 sive
3581 1557 3767 1616 pugnat

2153 1658 2275 1696 cum
2308 1641 2602 1709 deploratis
2634 1640 2898 1705 hostibus,
2929 1656 3187 1707 nusquam
3219 1650 3413 1693 tamen
3442 1653 3553 1693 non
3580 1639 3767 1692 sentias

2152 1734 2476 1788 Christiana:
2499 1732 2740 1787 caritatis
2770 1734 3002 1788 nativam
3040 1732 3393 1787 dulcedinem
3426 1749 3438 1783 :
3474 1741 3531 1783 ut
3586 1730 3667 1798 (si
3699 1739 3767 1781 ta“-

2156 1843 2278 1883 men
2301 1828 2546 1896 congruit
2577 1832 2693 1881 haec
2729 1826 2945 1880 collatio
2972 1825 2990 1895 )
3023 1826 3153 1880 mihi
3183 1825 3449 1880 videatur
3490 1823 3767 1893 quemdam

2158 1936 2189 1975 c
2220 1921 2481 1975 comoedia
2534 1920 2735 1974 referre
2765 1919 3060 1985 Mitionem,
3103 1919 3191 1987 qui
3249 1930 3371 1971 tum
3416 1920 3584 1972 etiam
3637 1916 3770 1971 mitis

2160 2021 2267 2077 est,
2294 2028 2415 2066 cum
2438 2014 2685 2081 obiurgat
2716 2013 2966 2067 maxime.
3014 2014 3066 2065 In
3100 2011 3202 2066 hoc
3228 2026 3346 2066 uno
3377 2011 3534 2065 velut
3565 2011 3618 2063 in
3662 2024 3769 2075 spc-

2163 2105 2285 2159 culo
2311 2103 2665 2171 contemplari
2698 2102 2825 2157 licet
2853 2104 3186 2172 episcopum,
3253 2103 3481 2171 qualem
3540 2100 3767 2168 depinxit

460 2187 660 2246 praeter
689 2192 849 2231 unam
877 2187 930 2232 et
957 2177 1307 2232 vehementer
1336 2178 1622 2247 prolixam,
1677 2184 1733 2230 et
1772 2172 2055 2242 insigniter

2174 2193 2361 2250 Paulus
2380 2237 2397 2262 ,
2454 2197 2790 2255 ἀνεπίληπτον
2812 2239 2827 2262 ,
2880 2197 3105 2269 νηφάλιον
3128 2237 3143 2261 ,
3198 2198 3450 2269 σώφρονα
3474 2236 3489 2259 ,
3540 2196 3737 2263 κόσμιον
3753 2235 3764 2257 ,

462 2269 829 2327 illitteratam:
862 2285 931 2325 ne
960 2271 1012 2324 id
1043 2270 1257 2340 quidem
1286 2269 1511 2335 facturi,
1536 2270 1641 2324 nisi
1677 2268 1864 2322 eadem
1892 2266 1944 2319 in
1974 2276 2058 2318 to-

462 2364 566 2418 mis
598 2362 911 2418 haberetur.
943 2364 1113 2418 Tanta
1143 2364 1301 2418 nobis
1328 2363 1507 2418 cautio
1538 2363 1660 2431 fuit,
1695 2377 1761 2416 ne
1782 2362 1901 2431 quis
1932 2356 2060 2429 quid

465 2458 532 2512 de
561 2465 743 2512 nostra
780 2459 935 2529 queri
984 2460 1154 2529 possit
1200 2457 1484 2513 industria.
1515 2457 1597 2511 Ad
1631 2457 1747 2510 haec
1800 2458 2063 2524 inspersa:

464 2561 591 2606 sunt
617 2552 911 2618 nonnullae,
939 2567 1071 2621 quas
1099 2554 1432 2622 Augustinus
1462 2552 1577 2620 ipse
1611 2550 1667 2604 in
1695 2546 2061 2603 Retractatio-

466 2643 624 2698 nibus
646 2643 816 2698 libros
831 2644 1085 2714 appellat.
1110 2644 1425 2713 Quanquam
1450 2641 1722 2698 interdum
1745 2637 2063 2695 subdifficile

467 2745 552 2790 est
575 2736 856 2805 epistolam
887 2752 915 2791 a
947 2737 1084 2793 libro
1128 2736 1478 2807 distinguere.
1512 2736 1842 2805 Augustinus
1868 2731 2063 2787 alicubi

442 2894 443 2897 η
467 2828 547 2881 sic
577 2828 836 2899 loquitur,
864 2830 1016 2897 quasi
1044 2830 1285 2885 brevitas
1308 2837 1401 2883 aut
1428 2828 1707 2899 prolixitas
1732 2825 1930 2881 tribuat
1952 2824 2066 2877 adi-

440 2902 649 2974 'matve
679 2936 875 2975 nomen
905 2920 1147 2990 epistola:
1176 2921 1356 2976 verius
1385 2936 1546 2989 quam
1590 2917 1849 2974 orationis
1898 2929 2067 2986 genus

440 3004 565 3099 iant
598 3013 900 3082 argumenti
936 3015 1110 3068 ratio:
1145 3014 1443 3083 prtesertim
1476 3028 1599 3067 eum
1632 3012 1734 3067 hoc
1762 3011 2067 3078 exemplum

471 3105 541 3158 ab
561 3106 817 3175 apostolis
871 3105 1102 3171 venerit,
1158 3116 1219 3160 ut
1270 3113 1605 3176 argumenta,
1630 3101 1874 3174 quamvis
1905 3100 2067 3164 seria,

446 3182 942 3253 Econimitterentur
975 3199 1249 3269 Epistolis.
1283 3200 1337 3253 Si
1364 3198 1579 3268 quidem
1612 3196 1853 3266 exceptis
1898 3195 2071 3248 Evan-

452 3282 650 3371 Lgeliis,
706 3307 813 3362 quo
859 3292 1077 3348 nomine
1132 3293 1547 3361 complectimur
1590 3300 1645 3346 et
1701 3290 2069 3359 apostolorum

473 3396 647 3456 gesta,
678 3396 875 3457 praeter
896 3386 1167 3456 Epistolas
1193 3385 1327 3441 nihil
1354 3386 1557 3456 scripto
1579 3383 1952 3454 prodiderunt,
1976 3378 2071 3436 sed

454 3472 569 3534 {eas
593 3478 658 3533 de
683 3479 847 3534 rebus
900 3478 1313 3550 haudquaquam
1360 3478 1731 3543 familiaribus,
1792 3487 1902 3530 tum
1942 3486 2074 3545 quas

2164 2289 2443 2361 φιλόξενον,
2500 2288 2799 2353 διδακτικὸν,
2854 2296 2921 2361 μὴ
2973 2292 3250 2363 πάροινον,
3306 2296 3380 2362 μὴ
3415 2290 3664 2351 πλήκτην,
3707 2293 3763 2354 μή

2166 2379 2518 2455 αὶχροκερδῆ,
2573 2381 2675 2433 ἀλλ’
2727 2382 2941 2445 ἐπιεικῆ,
3001 2378 3228 2451 ἄμαχον,
3296 2383 3670 2453 ἁφιλᾶργυρον,
3706 2385 3765 2450 μὴ

2166 2472 2379 2537 αὐθάδη,
2404 2478 2473 2546 μή
2500 2474 2714 2548 ὀργίλον,
2742 2475 3019 2545 φιλάγαθον,
3054 2476 3303 2546 ἐγκρατῆ,
3354 2473 3524 2535 ὅσιον.
3578 2473 3761 2533 δίκαιον,

2168 2565 2512 2635 ἀντεχόμενον
2532 2571 2619 2619 τοῦ
2642 2566 2770 2619 κατά
2785 2570 2873 2623 τήν
2895 2563 3117 2635 διδαχὴν
3140 2572 3339 2619 πιστοῦ
3360 2566 3545 2636 λόγου,
3577 2562 3764 2617 δυνατὸν

2172 2661 2257 2711 καὶ
2275 2657 2587 2730 παρακαλεῖν
2616 2658 2663 2708 ἐν
2691 2665 2753 2730 τῇ
2783 2655 3081 2731 διδασκαλίᾳ
3112 2665 3173 2732 τῇ
3196 2658 3541 2727 ὑγιαινούσῃ,
3567 2657 3761 2711 κκέτούς

2169 2749 2519 2821 ἀντιλέγοντας
2550 2749 2776 2820 ἐλέγχειν
2800 2751 2930 2820 μετά
2978 2750 3154 2807 πάσης
3200 2746 3533 2823 πρᾳότητος.
3567 2745 3644 2800 Ad
3679 2745 3760 2797 hoc

2172 2843 2449 2910 speculum
2475 2841 2521 2895 si
2549 2856 2670 2897 sese
2695 2843 3129 2913 contemplentur
3149 2844 3425 2914 cpiscOpi,
3458 2852 3515 2897 et
3543 2843 3627 2911 q'ui
3650 2849 3759 2909 pra:-

2155 2936 2390 3005 ‘cnpuam
2421 2936 2798 3006 episcoporum
2832 2938 3162 2993 functionem
3210 2948 3496 3007 occupant
3538 2931 3761 2998 theologi,

2174 3031 2417 3099 pudebit,
2445 3030 2656 3099 opinor,
2684 3031 2945 3102 quosdam
2977 3031 3059 3085 sui
3091 3032 3379 3101 Supercilii
3414 3045 3537 3085 cum
3577 3025 3760 3081 inscitia

2177 3124 2494 3193 conjuncti:
2554 3124 2775 3192 pudebit
2826 3125 3045 3179 saevitia:
3084 3139 3205 3179 cum
3269 3124 3503 3194 impuris
3554 3118 3765 3175 moribus

2178 3216 2461 3285 copulatze.
2492 3217 2570 3271 Ex
2591 3217 2710 3272 aliis
2734 3216 3015 3286 Augustini
3039 3217 3215 3272 Libris
3244 3218 3561 3287 perspicere
3586 3210 3763 3272 licebit,

2179 3308 2353 3379 qualis
2384 3307 2543 3362 fuerit
2570 3307 2746 3362 adhuc
2777 3308 2955 3363 infans
2983 3311 3034 3363 in
3064 3308 3289 3363 Christo
3316 3327 3329 3361 :
3360 3322 3429 3361 ex
3460 3306 3596 3369 aliis,
3618 3300 3767 3370 qualis

2180 3400 2343 3455 fuerit
2368 3400 2603 3470 juvenis,
2633 3401 2806 3471 qualis
2835 3416 3002 3457 senex
3033 3419 3047 3455 :
3096 3417 3159 3456 ex
3202 3401 3311 3457 hoc
3365 3414 3476 3455 uno
3522 3394 3766 3452 volumine

2182 3497 2351 3550 semel
2402 3504 2570 3549 totum
2603 3496 2958 3565 Augustinum
2991 3509 3313 3565 cognosces.
3343 3494 3630 3549 Uberiores
3671 3488 3763 3540 fru-

456 3572 678 3661 tvellent
705 3572 773 3627 ab
801 3572 1049 3628 omnibus
1079 3573 1205 3644 legi.
1234 3574 1444 3628 Alicubi
1471 3581 1623 3643 putat
1644 3570 1931 3638 epistolam
1964 3582 2073 3622 non

2184 3597 2306 3642 ctus
2336 3586 2489 3640 nobis
2519 3586 2758 3641 dedisset
2786 3587 2914 3641 illud
2948 3586 3248 3657 ingenium,
3295 3588 3340 3640 si
3375 3586 3429 3639 in
3464 3583 3630 3643 Italia,
3661 3578 3762 3633 Gal—

457 3662 672 3745 ivideri,
720 3680 840 3734 qua:
872 3680 974 3720 non
1006 3665 1257 3735 praeferat
1303 3680 1501 3721 nomen
1551 3673 1605 3719 et
1653 3662 1968 3729 scribentis,
2020 3670 2076 3714 et

458 3755 597 3829 ,ejus
618 3756 687 3812 ad
716 3773 875 3827 quem
917 3758 1189 3813 scribitur.
1227 3758 1296 3811 Et
1325 3773 1458 3813 sane
1485 3767 1610 3813 sunt
1663 3756 1885 3824 aliquot,
1941 3768 2075 3820 quas

458 3862 607 3923 ivere
662 3849 836 3921 possis
892 3850 1148 3919 epistolas
1203 3849 1403 3915 dicere,
1461 3849 1759 3904 referentes
1814 3845 2075 3900 familiare

458 3930 760 4009 jquiddam,
787 3952 840 3997 et
868 3943 1038 3997 instar
1064 3942 1280 3997 humani
1312 3943 1589 4012 colloquii,
1623 3942 1747 3995 licet
1768 3954 2073 4009 perpaucze.

460 4032 679 4114 iVerum
705 4035 805 4089 hac
824 4034 893 4089 de
915 4051 973 4089 re
998 4036 1229 4090 liberum
1250 4045 1367 4090 esto
1391 4051 1547 4089 suum
1577 4035 1769 4103 cuique
1795 4032 2075 4099 judicium.

460 4125 615 4203 illlud
644 4129 815 4181 ausim
861 4127 1153 4195 affirmare,
1185 4143 1293 4182 non
1341 4128 1447 4182 alio
1469 4129 1523 4181 in
1554 4142 1719 4197 opere
1768 4126 1934 4195 magis
1963 4123 2079 4179 elu—

462 4206 701 4275 'cescere
743 4220 1068 4275 sanctissimi
1103 4222 1200 4275 viri
1248 4220 1527 4290 pietatem,
1580 4219 1877 4285 caritatem,
1930 4232 2083 4270 man-

463 4291 824 4395 ;suetudinem
843 4353 857 4377 ,
894 4311 1306 4375 humanitatem,
1337 4311 1672 4376 civilitatem,
1699 4309 1935 4365 studium
1963 4322 2084 4361 cre-

465 4401 582 4479 ;diti
605 4403 801 4471 gregis,
845 4416 1082 4457 amorem
1111 4402 1436 4465 concordize,
1469 4410 1523 4456 et
1547 4402 1722 4456 zelum
1745 4401 1939 4455 domus
1959 4399 2080 4453 Dei.

464 4493 558 4585 {.Ut
607 4494 821 4564 satagit,
855 4505 913 4547 ut
935 4494 1177 4559 molitur,
1206 4504 1266 4548 ut
1287 4509 1345 4548 se
1370 4494 1533 4547 vertit
1560 4494 1613 4547 in
1644 4491 1845 4556 omnia,
1870 4490 2085 4561 quoties

466 4587 691 4663 ,afl‘ulsit
717 4588 896 4657 aliqua
924 4602 1046 4657 spes
1080 4587 1426 4657 pertrahendi
1454 4587 1541 4641 vel
1564 4601 1826 4655 paganum
1843 4586 1908 4638 ad
1930 4584 2085 4638 Chri-

468 4668 652 4747 'stum,
686 4680 768 4734 vel
814 4680 1123 4735 litereticum
1180 4680 1248 4733 ad
1301 4679 1557 4734 Ecclesia:
1610 4676 2085 4732 communionem?

432 4756 558 4851 “’Ut
600 4786 659 4825 se
688 4770 973 4837 submittit,
1034 4780 1090 4824 ut
1131 4769 1323 4841 (juxta
1369 4768 1636 4838 Paulum)
1679 4777 1849 4822 mutat
1894 4782 2084 4822 vocem

484 4877 664 4927 suam,
692 4863 1035 4933 undiquaque
1048 4876 1256 4917 venaris
1278 4862 1615 4916 occasionem
1644 4861 1937 4915 excitanda:
1961 4873 2087 4929 pro-

2182 3680 2343 3744 liave,
2391 3680 2477 3733 vel
2524 3680 2694 3745 nasci,
2749 3682 2833 3734 vel
2866 3682 3046 3735 vivere
3092 3682 3436 3748 contigisset.
3473 3675 3630 3729 Rudis
3668 3678 3761 3724 erat

2183 3772 2387 3839 Africa,
2432 3773 2760 3841 voluptatum
2786 3773 2962 3839 avida,
2992 3774 3296 3827 studiorum
3338 3770 3579 3834 inimica,
3610 3764 3761 3820 curio-

2183 3882 2365 3920 sarum
2428 3882 2605 3919 rerum
2658 3877 2935 3935 appetens.
2983 3866 3137 3921 Unde
3179 3866 3495 3935 frequenter
3542 3864 3762 3917 exercent

2182 3960 2333 4015 illum
2362 3960 2749 4031 quaestionibus
2779 3961 3111 4027 subfrivolis,
3148 3974 3249 4014 nec
3282 3960 3513 4014 multum
3543 3951 3759 4010 facienti-

2183 4050 2285 4105 bus
2306 4052 2373 4105 ad
2406 4053 2656 4120 pietatem
2686 4070 2698 4104 :
2732 4062 2786 4107 et
2830 4052 2895 4105 ad
2921 4066 3035 4106 sua:
3066 4053 3246 4121 gentis
3274 4051 3503 4106 affectus
3533 4061 3668 4115 saape
3688 4056 3762 4098 co-

2185 4144 2325 4213 gitur
2350 4152 2710 4213 attemperare
2747 4144 3035 4199 calamum.
3102 4144 3301 4198 Verum
3347 4144 3441 4197 tali
3492 4136 3757 4196 excolendo

2186 4239 2450 4293 senticeto
2475 4240 2564 4292 tali
2597 4256 2731 4307 Opus
2756 4248 2873 4294 erat
2907 4239 3161 4308 agricola.
3190 4240 3508 4309 Quan‘quam
3548 4234 3757 4304 digniora

2188 4333 2332 4387 lectu
2361 4333 2658 4402 scripturus
2681 4342 2819 4398 erat,
2852 4335 2895 4387 si
2923 4334 3009 4389 vel
3032 4334 3097 4389 ad
3128 4326 3496 4389 Romanorum
3521 4343 3607 4385 aut
3640 4326 3761 4380 Gne-

2190 4439 2375 4478 corum
2396 4424 2596 4493 judicia
2624 4440 2683 4481 se
2711 4426 3125 4495 composuisset,
3150 4428 3235 4481 vel
3265 4428 3445 4481 minus
3483 4417 3760 4477 indulsisset

2192 4515 2514 4584 simplicium
2567 4516 2879 4585 imperitiw.
2906 4516 3011 4570 Sed
3041 4514 3348 4571 Christiana
3405 4514 3595 4569 caritas
3638 4506 3760 4576 prius

2192 4606 2355 4662 habet
2384 4608 2641 4676 prodesse
2671 4622 2828 4677 quam
2862 4607 3125 4675 plurimis,
3170 4622 3333 4675 quam
3359 4602 3568 4676 probari
3597 4592 3757 4667 prmci-

2192 4701 2335 4769 puis.
2393 4700 2641 4754 fraterna:
2673 4700 2863 4755 salutis
2916 4715 3078 4769 quam
3130 4716 3239 4753 suze
3267 4699 3456 4768 gloria:
3500 4688 3753 4749 sitientior.

2193 4792 2466 4858 Quosdam
2492 4800 2695 4853 autem,
2722 4792 2992 4860 praecipue
3034 4792 3399 4855 mulierculas,
3434 4788 3518 4857 pia
3542 4777 3749 4851 qumdam

2196 4884 2428 4937 habebat
2456 4883 2695 4947 ambitio,
2726 4883 3011 4951 pulchrum
3053 4898 3176 4937 esse
3196 4884 3473 4944 ducentes,
3500 4873 3754 4945 qualecun'

484 4955 857 5025 pagandaeque
886 4956 1119 5024 pietatis,
1150 4955 1457 5024 ubicunque
1483 4955 1667 5045 sentit,
1711 4954 1943 5022 aliquam
1986 4956 2086 5007 bo-
2116 4952 2173 5014 D
2198 4992 2303 5045 que
2324 4976 2581 5044 scriptum
2612 4976 2928 5042 impetrasse
2951 4975 3016 5029 ab
3047 4976 3318 5043 ορδερορο,
3350 4974 3419 5025 ιιι,
3456 4967 3639 5021 factum
3667 4963 3748 5016 est,

485 5063 569 5100 nte
604 5048 801 5101 mentis
826 5048 1111 5102 scintillam
1163 5047 1403 5102 residere
1420 5049 1442 5099 ’ἰ
1477 5041 1573 5102 Cui
1614 5047 1966 5111 mulierculm,
1998 5045 2088 5100 cui

486 5138 723 5207 plebeio,
770 5140 856 5193 cui
902 5139 1096 5205 aulico,
1131 5140 1218 5194 cui
1264 5146 1491 5209 pagano,
1534 5142 1617 5195 cui
1672 5140 1945 5204 hmretico,
1978 5154 2087 5193 non

488 5239 761 5299 prompte,
811 5241 1125 5299 mansuete,
1162 5230 1480 5300 blandeque
1531 5233 1859 5303 respondet?
1912 5233 2086 5299 Quam

488 5326 651 5380 auxia
679 5325 1043 5381 sollicitudine
1067 5342 1164 5397 pro
1190 5328 1643 5394 sceleratissimis,
1667 5345 1767 5383 nec
1786 5347 1889 5385 una
1914 5340 2089 5384 morte

491 5418 687 5487 dignis,
733 5420 1255 5476 circumcellionibus
1303 5421 1633 5477 intercedit?
1704 5424 1835 5489 Quis
1898 5420 2092 5491 majori

481 5500 672 5567 .studio
702 5528 801 5583 pro
829 5515 939 5569 suis
970 5514 1156 5569 amicis
1206 5514 1591 5581 interpellavit,
1640 5530 1799 5583 quam
1859 5515 1947 5567 ille
1992 5530 2092 5582 pro

484 5600 609 5659 suis
639 5604 919 5661 hosubus?
940 5607 1148 5676 Quanto
1178 5608 1310 5661 nixu
1351 5609 1579 5675 parturit
1625 5622 1812 5661 omnes
1850 5606 2087 5670 Christo,

485 5682 657 5773 iquam
687 5700 983 5768 gratulatur
1011 5700 1474 5769 resipisceutibus,
1506 5716 1666 5770 quam
1697 5700 1923 5754 sollicite
1967 5714 2125 5766 proo-

492 5790 657 5863 spicit
686 5792 1129 5862 periclitantibus,
1179 5807 1337 5862 quam
1370 5793 1557 5847 sedulo
1613 5795 1769 5847 docet
1824 5804 2089 5865 errantes,

2128 5858 2157 5888 J’

2201 5072 2261 5118 ut
2290 5065 2415 5118 dum
2444 5065 2524 5117 vir
2556 5065 2673 5133 pius
2692 5063 2931 5117 omnium
2960 5064 3101 5117 votis
3127 5062 3461 5133 obsequitur,
3496 5057 3655 5110 minus
3673 5046 3753 5100 ali-

2202 5153 2322 5209 cubi
2380 5154 2671 5209 satisfaciat
2719 5155 2908 5209 lectori
2960 5153 3257 5210 fastidiosa.
3314 5152 3411 5207 Vix
3467 5148 3747 5218 quem"am

2200 5245 2532 5302 crediturum
2580 5247 2793 5315 opinor,
2848 5255 3104 5315 quantum
3151 5246 3284 5301 mibi
3338 5240 3541 5297 sudoris
3580 5230 3750 5289 exhau-

2206 5347 2351 5393 stum
2372 5341 2441 5393 sit
2462 5340 2514 5394 in
2545 5340 2796 5394 tollendis
2826 5339 3057 5403 mendis,
3089 5355 3153 5394 ac
3181 5335 3483 5409 reponenda
3522 5317 3748 5385 sermonis

2202 5433 2575 5487 confusissima
2614 5433 2982 5487 distinctione.
3033 5432 3138 5488 Sed
3188 5448 3255 5486 ea
3298 5431 3504 5485 demum
3553 5414 3746 5507 ρθῐΐεξειίι

2202 5533 2286 5577 est
2318 5526 2683 5594 elecmosyna,
2708 5539 2827 5593 quae
2856 5522 3134 5578 confertur
3161 5520 3453 5579 nescienti:
3481 5508 3744 5578 εεηθτοεωτ

2206 5615 2394 5679 etiam,
2424 5630 2543 5682 qua:
2574 5613 2853 5667 confertur
2879 5616 3168 5668 aversanti.
3204 5614 3319 5660 Haec
3341 5594 3742 5689 Christo‘fenera-

2206 5719 2350 5767 mus,
2399 5719 2505 5758 non
2547 5703 2897 5757 hominibus:
2946 5713 3175 5767 quorum
3230 5696 3316 5750 vix
3360 5686 3640 5747 credibilem
3678 5686 3740 5731 in-

2157 5848 2161 5852 .
2204 5796 2605 5867 gratitudinem,
2649 5792 2702 5846 in
2735 5790 2959 5847 nimium
3005 5793 3212 5863 multis,
3244 5788 3552 5858 experimur.
3593 5776 3739 5842 (ΜΨ
