3954 6364
225 384 290 439 Eli
863 377 1216 437 VARIORUM
1256 375 1863 437 EXERCITATIONES
1902 378 1970 437 IN
2010 381 2070 437 S.
2114 380 2485 439 AUGUSTINI
2526 381 2777 438 OPERA.

3359 380 3467 437 242

222 514 334 570 quam
365 498 552 552 horum
585 495 789 551 malitia
835 509 1173 565 nequaquam
1205 511 1303 549 nos
1333 511 1361 548 a
1393 494 1770 550 benefaciendi
1797 496 1853 557 Α
1876 497 1968 565 qui
1999 497 2344 553 exiStimabat
2392 508 2599 553 mentes
2639 498 2902 551 humanas
2932 498 3077 565 prius
3106 497 3271 552 fuisse
3308 516 3471 569 quam

220 598 351 651 studio
377 596 669 652 deterrebit
699 609 931 665 unquam
958 612 969 647 :
999 609 1120 650 cum
1141 594 1357 662 optimae
1385 594 1510 651 ﬁdei
1533 595 1777 650 debitore

220 689 332 744 nobis
362 702 448 743 res
477 697 582 774 est:
618 686 697 741 Ne
737 686 862 756 quid
895 686 1159 754 omittam,
1187 688 1256 742 ab
1287 686 1444 757 hujus
1490 687 1777 743 voluminis

218 786 325 839 calce
350 782 682 859 resecuimus
705 781 1139 851 loquacissimam
1167 780 1483 836 coronidem
1515 781 1616 836 sub
1654 783 1779 836 titu-

219 880 265 943 lis
302 876 501 947 Cyrilli,
558 874 737 929 subito
794 873 984 928 Latine
1030 874 1322 944 loquentis,
1379 882 1434 929 et
1492 874 1779 944 Augustini

220 973 368 1026 (lusco
390 968 531 1022 male
561 968 749 1022 Latine
796 968 1107 1033 scribentis,
1159 968 1625 1040 impudentissime
1652 983 1781 1024 con-

222 1064 399 1116 tictam:
433 1059 587 1129 cujus
626 1070 806 1115 tamen
858 1060 1099 1130 legendae
1156 1061 1201 1115 si
1245 1077 1402 1131 quem
1452 1061 1591 1117 forte
1635 1070 1782 1117 tenet

222 1155 367 1220 libido,
396 1154 628 1222 reperiat
682 1154 822 1210 inter
861 1169 920 1208 ea
952 1170 1073 1223 quae
1098 1154 1208 1209 divi
1254 1155 1568 1227 Hieronymi
1621 1156 1782 1210 tomis

223 1249 431 1315 adjuncta
454 1255 599 1302 sunt.
626 1246 740 1302 Illic
762 1247 975 1318 expleat
1022 1261 1145 1304 sese
1190 1246 1416 1312 aliatim,
1464 1248 1554 1317 qui
1586 1248 1783 1303 talibus

224 1339 389 1410 capitur
432 1337 663 1397 deliciis.
712 1338 859 1407 Haac,
916 1337 1136 1394 cordate
1191 1339 1384 1408 lector,
1434 1339 1516 1395 fac
1563 1341 1781 1395 evolvas

227 1441 428 1490 attente:
486 1448 595 1485 non
658 1432 938 1501 paenitebit
1004 1431 1263 1501 insumpti
1304 1433 1584 1504 temporis.
1638 1433 1785 1489 Bene

234 1527 339 1582 vale.
364 1525 475 1579 Dat.
510 1523 758 1591 Basileae,
790 1539 932 1579 anno
956 1525 1116 1579 15⁸27.

400 1615 449 1670 .I.
480 1615 875 1672 PHER‘EPONI
919 1617 1570 1675 ANIMADVERSIONES

792 1726 844 1765 IN
872 1726 1177 1767 EPISTOLAS.

287 1801 429 1870 Epist.
462 1802 512 1865 1,
542 1800 571 1872 §
600 1801 649 1856 1.
682 1801 1017 1857 Academicos
1071 1820 1190 1875 ego,
1240 1821 1305 1859 ne
1349 1806 1481 1872 inter
1501 1807 1786 1877 jocandum

1882 590 2341 658 conjungerentur
2365 605 2484 643 cum
2514 592 2847 661 corporibus.
2876 590 3011 644 Vide
3041 591 3276 644 Helract.
3304 591 3395 645 lib.
3429 609 3470 655 ι,

1884 696 2002 754 cap.
2037 681 2090 746 1,
2125 697 2269 734 num.
2302 682 2367 744 ὃς
2402 690 2455 734 et
2480 682 2569 733 lib.
2601 697 2674 734 xu
2696 683 2762 735 de
2793 680 2907 736 Civ.
2941 682 3057 746 Dei,
3089 696 3205 750 cap.
3238 681 3327 736 26.
3356 683 3474 736 Ori-

1884 788 2046 841 genes
2077 780 2131 827 et
2154 772 2393 826 nonnulli
2429 772 2516 825 alii
2542 773 2727 827 Patres
2756 788 2875 827 eam
2898 776 3215 829 sententiam
3253 790 3316 838 ex
3356 774 3478 827 Pla-

1887 875 2013 921 tone
2052 869 2361 920 hauserant.
2389 865 2549 920 Adito
2604 878 2657 922 et
2693 867 2963 922 illustriss.
2997 870 3058 923 P.
3114 868 3248 923 Dan.
3297 853 3482 925 Πυθιῑί

1886 958 2335 1027 Origenianorum
2358 958 2450 1013 lib.
2477 973 2538 1024 ιι,
2557 958 2758 1025 Quaest.
2785 960 2835 1016 6.

1960 1052 2133 1120 Epist.
2162 1052 2215 1117 8,
2248 1052 2274 1123 §
2311 1054 2362 1106 1.
2414 1050 2528 1115 Quo
2569 1062 2698 1119 orte,
2727 1054 2905 1123 quibus
2929 1055 3215 1125 mangonis,
3243 1052 3483 1123 quibusve

1889 1144 2264 1209 instrumentis,
2315 1154 2403 1196 aut
2454 1144 2913 1216 medicamentis?]
2962 1146 3072 1199 Hoc
3125 1155 3224 1210 est,
3280 1146 3485 1199 artibus

1888 1237 2059 1305 miris,
2085 1238 2271 1306 quales
2302 1246 2427 1291 sunt
2468 1239 2935 1307 prmstigiatorum.
2964 1239 3300 1310 Hesychius:
3335 1242 3486 1313 Μάγ-

1886 1352 2040 1404 γανα,
2069 1331 2330 1407 φάρμακα,
2365 1328 2568 1395 δίκτυα,
2600 1331 2948 1403 γοητεύματα.
2992 1330 3380 1397 Interpretatur
3409 1340 3487 1383 ta-

1890 1437 2012 1475 men
2060 1430 2115 1475 et
2140 1424 2546 1495 μηχανεύματα,
2587 1421 3009 1475 machinationes.
3049 1420 3178 1476 Inde
3209 1428 3489 1496 μαγγανεία

1891 1514 2158 1583 signiﬁcat
2195 1519 2446 1588 γοητείαν,
2504 1522 2566 1567 ιιι
2613 1513 2773 1568 docet
2830 1513 3024 1569 Suidas
3074 1528 3141 1568 ex
3200 1513 3485 1584 Procopio.

1889 1606 2020 1662 Haec
2040 1607 2219 1659 omnia
2242 1606 2363 1661 [icta
2392 1606 2643 1660 videntur
2673 1623 2700 1659 a
2723 1621 2857 1661 voce
2887 1609 3066 1680 μάγος.
3110 1605 3315 1661 Glossa:
3339 1615 3487 1660 vete-

1890 1715 1980 1755 res
2022 1701 2219 1755 habent
2270 1702 2429 1755 etiam
2486 1700 2624 1755 hanc
2672 1714 2857 1756 vocem
2922 1701 3145 1756 Latine:
3205 1703 3488 1772 Μάγγανον,

1892 1809 2225 1862 mangonum.

229 1894 418 1962 quidem,
449 1910 679 1964 unquam
721 1893 965 1949 lacessere
1011 1896 1292 1961 auderem;
1317 1898 1524 1967 quando
1548 1898 1684 1952 enim
1711 1914 1791 1951 me
1821 1883 1871 1944 B
1971 1889 2144 1957 Epist.
2175 1888 2261 1951 10,
2297 1887 2323 1957 §
2363 1888 2419 1940 2.
2444 1886 2691 1957 Deiﬂcari
2740 1888 2874 1941 enim
2902 1888 3130 1958 utrisque
3155 1890 3211 1942 in
3240 1889 3341 1942 otio
3373 1889 3491 1942 lice-

226 1992 453 2037 tontorum
478 1985 705 2038 virorum
742 2002 844 2039 non
875 1998 1089 2041 moveret
1120 1990 1437 2055 auctoritas;
1466 1990 1566 2044 nisi
1587 2007 1669 2044 eos
1693 2008 1793 2062 pu-

220 2085 358 2130 tarem
384 2077 527 2147 longe
550 2078 605 2131 in
629 2077 755 2144 alia,
795 2095 951 2147 quam
992 2081 1141 2153 vulgo
1192 2081 1441 2135 creditura
1491 2091 1588 2147 est,
1635 2082 1794 2152 fuisse

218 2167 484 2222 sententia?
515 2166 533 2239 ]
566 2168 789 2235 Quando
824 2170 908 2224 hic
937 2180 1041 2235 est,
1071 2181 1161 2227 aut
1192 2189 1287 2243 pro
1338 2176 1630 2243 quomodo;
1681 2175 1789 2239 vel,

217 2268 399 2313 mutata
427 2259 844 2331 interrogatione
876 2271 1109 2332 negante
1137 2266 1187 2317 in
1219 2265 1520 2335 simplicem
1554 2265 1795 2320 afﬁrma-

221 2354 423 2418 tionem,
452 2354 675 2423 perinde
702 2366 785 2410 est
826 2371 889 2411 ac
929 2358 974 2410 si
1019 2356 1245 2413 dixisset
1288 2376 1530 2429 :semper
1570 2376 1653 2413 me
1688 2378 1796 2415 mo-

218 2454 355 2512 veret,
374 2454 473 2500 etc.
504 2446 706 2502 Sensus
732 2456 852 2502 est:
884 2458 1061 2503 motus
1083 2449 1301 2505 fuissem
1324 2452 1646 2506 auctoritate
1674 2459 1796 2506 tan-

219 2546 377 2592 torum
407 2538 667 2607 virorum,
718 2554 820 2594 nec
869 2554 1055 2595 eorum
1109 2543 1429 2598 sententiam
1483 2558 1797 2614 oppugnare

218 2642 363 2683 ausus
390 2643 596 2695 essem;
626 2630 729 2684 nisi
762 2631 894 2684 mihi
942 2640 1214 2688 constaret
1237 2634 1397 2688 aliam
1424 2634 1607 2699 fuisse,
1638 2635 1799 2690 adeo-

218 2735 309 2791 que
336 2735 437 2787 me,
486 2721 616 2775 dum
647 2723 932 2793 aggredior
976 2724 1026 2778 id
1068 2726 1208 2794 quod
1257 2726 1496 2781 sensisse
1521 2726 1796 2795 dicuntur,

218 2826 386 2867 eorum
428 2827 554 2867 vera
612 2813 860 2885 dogmata
906 2832 1246 2887 nequaquam
1302 2820 1585 2888 attingere.
1638 2820 1801 2876 Certe

219 2906 526 2974 Augustinus
578 2907 672 2963 lib.
722 2924 802 2975 tu,
854 2911 940 2976 17,
984 2912 1164 2979 aperis
1203 2925 1388 2968 contra
1420 2915 1797 2979 Academicos,

219 2998 436 3052 ostendit
479 2998 850 3056 dissimulasse
881 3017 974 3057 eos
1004 3018 1155 3058 suam
1182 3006 1527 3072 sententiam,
1572 3022 1671 3062 nec
1701 3008 1801 3061 mi-

220 3106 309 3144 nus
338 3090 667 3161 dogmaticos
722 3094 909 3164 fuisse,
957 3112 1117 3165 quam
1172 3106 1397 3154 caeteros
1428 3100 1796 3169 phIIOSOpIIOS.

218 3178 312 3236 Sed
336 3189 387 3237 et
408 3182 507 3239 hoc
528 3183 596 3239 ad
619 3185 761 3241 hunc
781 3186 961 3243 locum
984 3189 1408 3259 observandum,
1438 3193 1798 3261 Augustinum

1895 1981 1999 2036 bat.
2027 1980 2048 2051 I
2076 1981 2188 2035 Hoc
2218 1992 2322 2047 eat,
2353 1981 2466 2035 Deo
2496 1982 2700 2036 similes
2729 1983 2865 2045 ﬁeri,
2924 1982 3065 2051 quod
3116 1984 3345 2037 θεοῦσθαι
3386 1983 3493 2038 ire-

1895 2081 2123 2144 quenter
2176 2071 2347 2128 Grteci
2376 2072 2566 2128 Patres
2596 2083 2809 2129 vocant.
2863 2075 3063 2130 Eodem
3095 2089 3255 2130 sensu
3297 2090 3361 2129 ac
3403 2075 3493 2131 hic

1895 2167 2251 2239 Augustinus,
2279 2167 2569 2237 Gregorius
2592 2168 2957 2224 Nazianzenus
2975 2178 3132 2224 vocat
3151 2169 3495 2225 solitudinem

1896 2260 2141 2325 Θεοποιὸν,
2176 2258 2440 2327 deiﬁcum,
2485 2260 2637 2314 initio
2692 2270 2829 2316 orat.
2888 2261 2942 2315 2.
3002 2262 3142 2316 Alibi
3198 2277 3307 2315 non
3369 2277 3494 2316 raro

1898 2351 2166 2405 similibus
2197 2351 2563 2407 locutionibus
2610 2354 2809 2419 utitur;
2856 2364 2996 2410 utet
3041 2355 3348 2426 Dionysius,
3407 2357 3498 2423 qui

1899 2442 2097 2497 dicitur
2129 2444 2471 2515 Areopagita.
3495 2491 3498 2511 ,

1973 2536 2147 2605 Epist.
2182 2538 2271 2602 14,
2304 2538 2331 2609 §
2364 2538 2417 2592 2.
2457 2539 2671 2595 Remove
2693 2558 2784 2597 nos
2832 2551 2880 2595 et
2924 2558 3055 2613 pone
3082 2542 3354 2597 Glauciam
3380 2562 3500 2615 pro-

1902 2626 2023 2694 lem,
2055 2626 2183 2681 nihil
2207 2630 2388 2700 egeris,
2423 2629 2625 2701 Quippe
2657 2630 2738 2685 Itis
2763 2632 2916 2684 etiam
2964 2632 3239 2686 simillimis
3263 2642 3403 2687 tanta
3426 2642 3503 2688 est

1905 2721 2195 2784 necessitas,
2230 2730 2286 2773 ut
2333 2724 2540 2790 proprie
2572 2733 2889 2789 moveantur,
2948 2706 3141 2794 quanta
3191 2725 3286 2794 fuit
3319 2735 3371 2777 ut
3398 2727 3503 2779 sin-

1905 2814 2014 2884 guli
2043 2815 2433 2887 nascerentur.]
2464 2815 2681 2870 Glaucia
2715 2818 2880 2886 proles
2908 2819 3250 2887 proverbium
3279 2830 3379 2883 cst,
3413 2819 3503 2871 dn-

1904 2911 2049 2958 ctum
2072 2919 2103 2959 a
2124 2906 2311 2960 Glauci
2344 2908 2526 2961 nescio
2556 2908 2707 2977 cujus
2732 2909 2978 2978 gemellis
3002 2908 3145 2977 ﬁliis,
3168 2920 3219 2965 et
3243 2910 3501 2966 omissum

1905 2998 2267 3067 paroamiogra
2276 2998 2416 3068 phis.

1980 3087 2137 3155 Ibid.,
2171 3089 2197 3160 §
2230 3092 2283 3145 5.
2320 3089 2614 3146 Proceritas
2669 3090 2835 3146 Naevii
2877 3094 3004 3163 pede
3052 3083 3295 3166 longioris
3346 3113 3503 3166 quam

1906 3179 1995 3249 qui
2024 3190 2096 3233 est
2122 3197 2208 3233 seu
2234 3180 2615 3255 longissimus]
2640 3183 2810 3238 Locus
2835 3192 3136 3253 corruptus.
3170 3185 3501 3256 Legendum,

217 3283 389 3341 postea
418 3276 759 3346 pmnimisse.
810 3280 951 3349 quod
1009 3296 1181 3351 usque
1210 3283 1346 3339 adeo
1374 3259 1652 3341 exluﬁsse;
1680 3302 1803 3343 aea-
1830 3259 1877 3324 C
1907 3286 2061 3339 quam
2089 3272 2176 3339 qui
2203 3281 2277 3324 est
2319 3288 2382 3325 ea:
2420 3273 2749 3345 longissimis.
2798 3274 3093 3331 Columella
3123 3277 3190 3332 de
3220 3278 3282 3332 R.
3310 3278 3374 3331 II.
3405 3279 3499 3333 lib.

219 3364 463 3421 demicos.
500 3367 633 3424 Vide
676 3369 916 3427 Betract.
950 3371 1043 3426 lib.
1070 3388 1109 3439 ι,
1138 3389 1287 3429 num.
1319 3377 1373 3428 ὁ.

282 3457 410 3512 Ibid.
433 3457 550 3513 Erit
570 3460 697 3513 mihi
717 3464 842 3516 satis
865 3464 1164 3535 congruisse
1186 3466 1513 3537 temporibus,
1538 3476 1594 3521 ut
1618 3469 1664 3523 si
1680 3470 1804 3539 quid
1846 3532 1849 3537 _

218 3548 455 3603 sincerum
484 3551 546 3605 de
568 3552 707 3621 fonte
739 3552 1014 3608 Platonico
1044 3558 1247 3626 ﬂueret,
1303 3558 1433 3612 inter
1474 3560 1716 3615 umbrosa
1758 3572 1807 3615 et

220 3640 415 3707 spinosa
443 3643 672 3709 dumeta,
696 3645 867 3710 potius
888 3647 939 3699 in
960 3648 1247 3719 pastionem
1264 3651 1693 3720 paucissimorum
1716 3653 1810 3706 Ito-

218 3731 402 3783 minum
427 3734 719 3803 duceretur,
742 3752 897 3805 quam
915 3754 1004 3806 per
1030 3749 1210 3808 aperta
1232 3757 1470 3808 manans,
1500 3743 1805 3798 irruentibus

217 3823 399 3890 passim
424 3826 710 3893 pecoribus,
742 3828 886 3883 nullo
913 3832 1067 3883 modo
1099 3841 1266 3902 posset
1297 3833 1548 3903 liquidum
1591 3851 1804 3906 purum-

216 3930 309 3983 que
349 3913 604 3987 servori.]
664 3918 801 3988 Lege
849 3921 1105 3989 potionem
1155 3933 1245 3977 aut
1296 3927 1627 3993 potationem,
1684 3941 1807 3981 nam

218 4004 418 4073 liquore
448 4017 712 4077 potamur,
744 4026 853 4065 non
883 4013 1163 4082 poscimur.

289 4096 420 4152 Ibid.
452 4098 649 4153 Contra
678 4100 931 4173 ejusmodi
961 4103 1188 4159 homines
1211 4105 1394 4175 opinor
1421 4122 1513 4176 ego
1536 4107 1682 4160 illam
1710 4110 1812 4162 uti-

218 4189 330 4242 liter
350 4194 690 4262 excogitatam
719 4192 818 4247 Dei
842 4196 946 4248 veri
985 4206 1146 4249 artem
1190 4214 1251 4250 oc
1276 4199 1545 4252 rationem.
1576 4195 1595 4268 ]
1628 4197 1811 4253 Credi-

218 4280 385 4337 derim
413 4288 673 4355 scriptum
702 4287 769 4342 ab
791 4289 1091 4358 Augustino
1118 4289 1285 4346 fuisse
1310 4291 1659 4345 abscondendi
1682 4294 1806 4361 veri,

218 4385 377 4446 atque
403 4382 613 4435 extritis
644 4381 813 4436 tribus
841 4382 1111 4450 prioribus
1136 4384 1380 4454 syllabis,
1409 4400 1529 4438 cum
1560 4401 1809 4454 superes-

220 4478 301 4522 set
327 4513 339 4525 .
364 4507 378 4523 .
408 4514 421 4526 .
446 4514 460 4527 .
491 4474 545 4525 di
568 4475 690 4539 veri,
722 4476 1086 4545 exscriptores
1133 4478 1427 4533 monachos
1476 4477 1668 4534 fecisse
1713 4479 1811 4534 Dei

219 4563 342 4615 reri.
378 4565 594 4636 Alioqui
625 4568 671 4621 si
706 4582 830 4622 vera
862 4569 979 4625 htec
1014 4571 1084 4623 sit
1113 4570 1295 4635 lectio,
1352 4570 1636 4625 dicendum
1685 4573 1811 4637 erit,

1909 3376 1990 3426 tu,
2025 3378 2141 3431 cap.
2175 3362 2249 3418 8:
2282 3362 2420 3417 Nam
2450 3376 2497 3419 et
2538 3365 2614 3420 Μ.
2665 3366 2871 3420 Tullius
2896 3366 3093 3436 Cicero,
3147 3370 3335 3439 inquit,
3369 3371 3508 3425 testis

1909 3460 1986 3506 est
2018 3454 2308 3508 Romanum
2338 3456 2497 3525 fuisse
2535 3457 2693 3512 civem
2740 3457 2976 3513 Naevium
3020 3458 3336 3527 Pollionem,
3378 3462 3506 3531 pede

1912 3546 2196 3618 longiorem
2240 3564 2390 3617 quant
2442 3565 2743 3621 quemquam
2791 3552 3165 3623 longissimum.
3204 3554 3371 3621 Huius
3398 3570 3509 3609 me-

1913 3638 2069 3691 minit
2106 3640 2268 3693 etiam
2302 3640 2504 3696 Plinius
2536 3642 2671 3697 Hist.
2708 3653 2818 3698 nat.
2868 3643 2963 3699 lib.
2996 3660 3088 3709 vn,
3122 3661 3241 3716 cap.
3275 3647 3363 3701 16.

1986 3732 2144 3798 Ibid.,
2181 3732 2207 3803 §
2237 3736 2292 3789 4.
2326 3734 2599 3790 Rationem
2627 3738 2903 3792 contineat.
2929 3735 2949 3809 ]
2972 3739 3085 3793 Hoc
3110 3748 3212 3804 est,
3246 3751 3303 3795 ut
3322 3742 3508 3810 loque-

1912 3823 2109 3878 bantur
2140 3824 2328 3892 Stoici,
2360 3830 2704 3900 σπερματικὸν
2733 3831 2891 3902 λόγον,
2917 3832 3165 3885 rationem
3188 3835 3507 3888 seminalcm.

1916 3916 2053 3972 Vide
2106 3919 2396 3989 Diogenem
2449 3922 2743 3988 Laertium,
2793 3924 2885 3979 lib.
2941 3941 3033 3991 vn,
3083 3925 3109 3994 ᾗ
3169 3927 3271 3981 155
3300 3936 3353 3981 et
3384 3928 3505 3983 1'56.

1915 4010 2061 4064 Idem
2086 4012 2343 4067 Platonici
2371 4015 2633 4068 vocabant
2664 4016 2856 4085 ideam,
2884 4032 2974 4072 seu
3004 4019 3283 4085 exemplar
3311 4020 3511 4073 intelli-

1915 4102 2081 4171 gibile
2107 4105 2172 4159 ad
2202 4107 2343 4175 quod
2374 4107 2596 4176 singulm
2622 4109 2831 4177 Species
2859 4118 2983 4164 sunt
3014 4111 3185 4166 iactae.
3219 4112 3352 4168 Vide
3404 4114 3509 4170 Ite-

1916 4207 2076 4253 tract.
2111 4198 2198 4253 lib.
2230 4214 2267 4263 l,
2300 4213 2418 4270 cap.
2452 4200 2506 4266 5,
2541 4217 2689 4255 num.
2715 4202 2771 4255 2.

1989 4294 2118 4349 Ibid.
2149 4292 2269 4348 lam
2294 4297 2589 4349 excesserim
2639 4297 2946 4373 Naevium]
3001 4301 3110 4357 Hoc
3151 4312 3253 4367 est,
3310 4313 3509 4361 tantam

1921 4387 2200 4457 epistolam
2223 4389 2553 4457 scripserim,
2574 4399 2629 4443 ut
2644 4397 2790 4445 tanto
2805 4400 3029 4447 emtoras
3045 4406 3288 4464 superet,
3312 4405 3510 4463 quanto

1918 4480 2132 4536 Naevius
2160 4481 2292 4534 alios
2324 4480 2593 4535 homines.
2628 4481 2761 4537 Vide
2791 4484 2857 4536 ad
2891 4486 3189 4554 superiora.

1994 4572 2165 4642 Epist.
2193 4572 2279 4640 16,
2313 4571 2345 4652 §'
2371 4572 2426 4627 2.
2462 4570 2665 4625 Horum
2695 4573 2862 4641 busta,
2895 4576 2940 4629 si
2988 4586 3268 4631 memoratu
3299 4578 3514 4649 dignum

223 4650 330 4708 hoc
357 4655 549 4714 inloco
581 4660 851 4728 respicere
872 4662 1228 4730 Augustinum
1252 4663 1317 4716 ad
1352 4664 1650 4732 parabolas,
1693 4649 2008 4734 qui-Dest,
2072 4666 2311 4736 neglectis
2339 4649 2611 4737 majorum
2658 4684 2869 4721 suorum
2914 4656 3170 4735 manibus,
3227 4672 3369 4725 stulti
3408 4676 3513 4742 fre-

223 4740 325 4798 bus
342 4750 586 4805 utebatur
609 4750 872 4817 Christus,
899 4768 967 4807 ne
993 4753 1216 4808 arduam
1238 4755 1519 4809 veritatem
1556 4755 1807 4811 deriden-

230 4835 351 4891 dam
377 4841 630 4908 objiceret
676 4844 1006 4899 multitudini
1052 4862 1159 4900 non
1188 4847 1320 4901 satis
1371 4846 1659 4917 religiosae.
1693 4848 1809 4916 Qua

232 4924 298 4979 de
318 4944 374 4983 re
393 4932 511 4987 vide
538 4934 725 4989 Matth.
752 4951 866 5002 sui,
900 4937 963 4992 11
1007 4944 1062 4992 et
1081 4952 1259 5007 seqq.,
1297 4944 1459 5007 atque
1487 4938 1553 4992 ad
1582 4954 1705 4993 eum
1733 4938 1811 4994 lo-

230 5029 351 5074 cum
378 5022 719 5095 interpretes.

303 5114 425 5172 lbid.
456 5122 690 5175 Amiculo
712 5124 963 5195 corporis.
990 5122 1009 5195 ]
1039 5124 1153 5180 Hoc
1183 5135 1287 5193 est,
1326 5128 1487 5197 pallio
1511 5137 1668 5183 tenus
1698 5129 1818 5197 phi-

234 5206 495 5279 losophos,
550 5215 643 5285 qui
674 5216 809 5270 nihil
865 5216 1139 5273 habebant
1168 5220 1598 5290 philosophicum
1623 5233 1817 5292 prazter

236 5306 529 5364 amiculum.
802 5318 809 5319 ’

306 5400 459 5470 Epist.
495 5406 548 5472 5,
576 5406 604 5477 §
638 5408 689 5462 1.
721 5408 881 5475 Quem
906 5410 1062 5464 Plato
1082 5410 1336 5483 noverat.]
1363 5412 1614 5483 lntelligit
1637 5414 1811 5470 ideam

240 5484 455 5550 hominis
510 5499 882 5569 intelligibilis,
918 5518 1076 5573 quam
1141 5504 1293 5558 Plato
1352 5504 1453 5559 sibi
1501 5508 1680 5560 animo
1738 5507 1817 5562 ef-

248 5576 473 5638 ﬂuxerat.
506 5589 639 5646 Vide
668 5602 856 5669 contra
882 5594 1233 5649 Academicos
1259 5595 1353 5652 lib.
1384 5612 1465 5663 tu,
1497 5612 1621 5665 cap.
1654 5599 1740 5652 17.

313 5673 469 5740 Epist.
502 5680 555 5745 7,
580 5679 606 5748 §
630 5682 686 5734 5.
714 5683 917 5750 Anima,
954 5690 1251 5756 priusquam
1305 5704 1518 5756 corpore
1555 5698 1730 5743 utatur
1754 5693 1822 5744 ad

253 5777 448 5835 Carpam
480 5773 763 5841 sentiendo,
813 5776 991 5830 eadem
1044 5793 1260 5846 corpora
1304 5781 1585 5849 imoginori
1638 5794 1817 5852 potest,

257 5855 389 5929 ιιι]
428 5859 523 5918 Hic
545 5864 777 5933 loquitur
824 5867 1157 5938 Augustinus
1183 5884 1251 5925 ex
1277 5869 1524 5941 dogmate
1556 5872 1815 5944 Platonis,

1918 4768 2199 4830 quentant:
2222 4761 2293 4813 ita
2323 4768 2377 4813 ut
2404 4763 2714 4831 praesagium
2735 4763 2863 4817 vatis
2900 4763 3038 4817 illius
3068 4763 3274 4833 indigne
3307 4766 3516 4832 ferentis

1918 4854 2173 4908 emineat:
2199 4852 2364 4921 Inque
2394 4852 2563 4907 Deum
2588 4854 2802 4922 templis
2837 4855 3036 4924 juravit
3075 4855 3245 4909 Roma
3273 4871 3367 4924 per
3399 4873 3518 4912 um-
3573 4912 3577 4919 ,

1918 4942 2109 5015 bras.]
2142 4943 2445 5013 Legendum
2466 4944 2690 5015 jurabit,
2724 4953 2781 4998 ut
2805 4945 2945 5015 apud
2976 4946 3271 5012 Lucanum,
3306 4946 3402 5001 lib.
3457 4965 3512 5014 γ,
3572 4928 3575 4955 ε

1923 5036 2048 5097 454,
2076 5052 2198 5091 nam
2222 5029 2361 5092 hunc
2381 5052 2597 5092 versum
2621 5038 2830 5108 profert
2851 5022 3213 5108 lliadaurensis
3238 5040 3520 5096 Gramma-

1927 5133 2085 5201 ticus,
2119 5146 2223 5186 non
2253 5131 2405 5201 quasi
2436 5132 2828 5188 describentem
2874 5148 2989 5186 rem
3037 5134 3387 5203 praeteritam,
3424 5137 3518 5190 sed

1924 5226 2076 5295 quasi
2108 5226 2186 5278 rei
2213 5223 2406 5280 futura:
2437 5225 2780 5295 praesagium.
2832 5228 2900 5278 At
2958 5240 3121 5293 prava
3154 5227 3521 5296 pronuntiatio

1924 5333 2136 5383 eorum,
2166 5319 2256 5388 qui
2282 5318 2309 5370 b
2332 5326 2434 5372 etv
2461 5316 2880 5384 confundebant,
2916 5319 3094 5373 Iccum
3124 5320 3382 5388 corrupit.

1996 5411 2153 5478 lbid.,
2190 5409 2217 5481 §
2258 5410 2312 5464 4.
2346 5408 2450 5463 Per
2477 5425 2622 5479 quos.
2652 5408 2672 5480 ]
2707 5406 2820 5464 Hoc
2848 5420 2951 5477 est,
2984 5428 3111 5481 quos
3149 5412 3367 5465 colentes
3398 5412 3523 5464 coli-

1923 5519 2036 5558 mus
2060 5514 2304 5558 eteorum
2328 5512 2543 5571 patrem,
2575 5503 2729 5570 quasi
2760 5502 2931 5557 cultus
2947 5505 3216 5558 minorum
3243 5504 3522 5558 numinum

1924 5597 1977 5649 in
2009 5596 2167 5649 unius
2206 5595 2400 5649 summi
2452 5593 2680 5663 gloriam
2731 5594 3105 5650 redundasset.
3152 5594 3265 5663 Qua
3312 5595 3523 5649 ratione

1925 5689 2325 5743 multitudinem
2382 5686 2607 5743 deorum
2667 5704 2882 5744 suorum
2954 5691 3269 5760 variumque
3315 5690 3517 5744 cultum

1926 5792 2051 5836 tunc
2076 5782 2335 5850 temporis
2363 5782 2694 5837 excusabant
2727 5781 2945 5836 ethnici.
3533 5789 3536 5798 ‘

1998 5876 2167 5948 Epist.
2228 5876 2312 5945 17,
2359 5877 2386 5947 §
2439 5879 2492 5931 2.
2551 5874 2937 5947 Eucaddires.]
2994 5875 3141 5930 Sam.
3196 5875 3508 5944 Bochartus,
