3954 6364
515 342 621 398 245

1433 333 1984 400 SUPPLEMENTUM
2026 331 2120 386 AD
2156 330 2392 389 OPERA
2433 333 2492 390 S.
2536 331 2925 390 AUGUSTINI.
3672 347 3745 404 ω

512 460 818 517 Chanaanis
846 460 928 516 sui
978 460 1068 515 lib.
1108 476 1166 523 ιι,
1198 473 1314 527 cap.
1367 458 1421 521 6,
1472 457 1772 526 suspicatur
1822 452 2107 525 legendum
2136 452 2194 515 Α
2220 452 2464 506 libasset.
2504 449 2637 505 Nam
2683 452 2749 506 de
2780 450 3057 506 laboribus
3091 449 3506 523 llicronymianis
3547 458 3747 527 judicare

510 552 781 616 encaddir,
815 551 915 606 hoc
935 560 1035 617 est,
1067 558 1202 611 ’π’-ἴδε
1232 561 1361 631 ἾῚΣΠ
1401 548 1880 613 hhanouch-addir,
1935 546 2108 600 initia-

508 650 594 697 tus
616 644 898 715 magniﬁci,
925 643 1174 698 nimirum
1204 643 1319 696 Dei.

585 734 718 791 Ibid.
774 734 1124 807 Abaddires.]
1172 745 1312 796 ἻἽἿΝ
1342 747 1456 804 1N,
1505 736 1770 802 ab—addir,
1823 744 1906 789 est
1957 743 2109 803 pater

510 829 848 899 magniﬁcus.
886 829 985 884 Vix
1016 829 1337 884 crediderim
1368 829 1563 900 respici
1585 828 1650 883 ad
1674 828 1904 897 lapidem
1942 842 1970 879 a
2002 825 2107 883 Sa-

508 931 670 976 turno
697 922 1038 993 deglutitum,
1076 937 1196 978 cum
1231 923 1499 978 sitsermo
1523 940 1626 977 non
1650 922 1718 976 de
1750 920 1972 986 Grmcis,
2008 922 2103 979 sed

508 1013 577 1068 de
599 1015 817 1069 Punicis
848 1015 1179 1069 nominibus.

581 1104 712 1160 Ibid.
748 1107 1079 1177 Namplianio
1119 1107 1242 1177 quid
1288 1106 1432 1161 aliud
1469 1108 1759 1180 signiﬁcat,
1791 1123 1945 1179 quam
1984 1106 2103 1160 boni

486 1186 648 1267 pedis
675 1198 965 1253 hominem?
981 1200 995 1271 Ι
1037 1200 1312 1256 Ρῒιωηίρὶθ
1329 1209 1477 1264 17:31:33
1502 1212 1609 1264 ny:
1643 1201 1831 1253 nuham
1858 1200 2097 1269 pahamo,

502 1289 775 1359 signiﬁcat
797 1292 1008 1362 pulcher
1038 1302 1109 1346 est
1143 1310 1229 1361 pes
1258 1294 1391 1362 ejus,
1438 1294 1818 1364 interpretibus
1845 1292 2019 1347 Petito
2044 1302 2099 1348 et

499 1380 793 1439 Bocharto.
828 1386 959 1441 Vide
989 1386 1363 1454 posteriorem,
1407 1387 1526 1442 loco
1556 1387 1793 1441 laudato.

578 1476 748 1545 Epist.
773 1477 863 1546 25,
894 1478 999 1549 §4.
1032 1479 1107 1532 De
1148 1479 1596 1535 circumcisione:
1637 1480 1753 1535 Hoc
1799 1480 2099 1537 Sacramen-

503 1580 613 1623 tum
638 1570 922 1626 Jordanem
953 1574 1169 1644 ﬂuvium
1218 1574 1538 1647 refrenavit]
1569 1577 1731 1645 Atqui
1758 1576 2096 1633 manifestum

502 1672 587 1716 est
623 1662 876 1718 Hebraeos
907 1665 1199 1720 etiamnum
1229 1667 1632 1723 incircumcisos
1662 1669 1936 1738 trajecisse
1975 1670 2096 1726 Jor-

500 1756 717 1823 danem,
737 1772 801 1812 ex
830 1758 1005 1812 Josute
1034 1774 1153 1829 cap.
1183 1776 1234 1825 v,
1266 1761 1300 1814 2
1330 1771 1383 1816 et
1407 1776 1592 1833 seqq.;
1620 1762 1715 1817 sed
1736 1764 2091 1831 Augustinum

2214 542 2393 606 velle,
2424 541 2543 599 sine
2568 544 2847 612 utriusque
2903 542 3043 596 illius
3073 541 3291 611 Linguae
3320 544 3542 614 diligenti
3571 553 3745 622 studio,
3836 532 3839 537 Α

2216 636 2439 705 perinde
2471 648 2552 691 est
2592 650 2655 690 ac
2704 636 2748 689 si
2780 649 2955 689 caecus
2998 642 3155 688 natus
3178 636 3244 689 de
3269 636 3526 695 coloribus
3547 642 3747 710 judicare

2214 727 2581 797 aggrediatur.
2615 729 2720 782 Sed
2753 728 2889 782 bene
2919 736 3002 781 est
3030 727 3171 796 quod
3202 729 3477 784 consilium
3525 741 3749 804 spreverit

2213 818 2600 890 Hieronymus,
2632 820 2784 889 cujus
2829 818 3087 887 judicium
3132 829 3314 887 postea
3342 831 3514 877 secuta
3557 831 3746 883 estuni-

2211 925 2365 967 versa
2397 912 2637 966 Ecclesia
2670 912 2878 966 Latina.

2280 1004 2412 1058 Ibid.
2446 1004 2586 1059 Satis
2616 1015 2785 1058 autem
2821 1006 2996 1059 mirari
3017 1022 3229 1075 nequeo,
3262 1008 3306 1060 si
3327 1008 3514 1077 aliquid
3540 1011 3687 1065 adhuc
3705 1016 3747 1068 in

2208 1095 2482 1151 Hebraicis
2508 1097 2882 1166 exemplaribus
2912 1099 3197 1165 invenitur,
3227 1101 3361 1166 quod
3390 1111 3458 1153 tot
3497 1105 3747 1174 interpretes

2206 1189 2346 1241 illius
2377 1190 2566 1257 lingua:
2608 1190 2940 1258 peritissimos
2964 1190 3202 1261 fugerit]
3246 1192 3313 1245 At
3341 1191 3469 1248 falso
3498 1195 3605 1249 illos
3632 1202 3748 1266 peri-

2206 1283 2444 1336 tissimos
2471 1283 2750 1339 Hebraiczc
2780 1283 2975 1353 linguae
2998 1285 3253 1353 putabat;
3287 1300 3405 1339 nam
3427 1302 3541 1341 cum
3566 1288 3642 1344 illa
3669 1292 3747 1346 lin-

2203 1391 2306 1446 gua
2335 1377 2533 1432 dudum
2566 1378 2940 1463 pbsolevisset,
2975 1393 3095 1433 cum
3122 1378 3286 1433 Vetus
3313 1379 3682 1437 Testamentum
3707 1386 3744 1438 in

2206 1468 2449 1525 Graecam
2481 1471 2800 1525 translatum
2832 1479 2935 1539 est,
2971 1486 3070 1525 nec
3097 1471 3351 1525 methodo
3379 1472 3539 1528 ferme
3560 1474 3650 1527 ulla
3676 1476 3748 1530 ad-

2195 1561 2298 1632 juti
2328 1562 2559 1618 fuissent
2606 1563 2680 1618 illi
2711 1564 3051 1633 interpretes,
3099 1567 3454 1634 posteriorum
3495 1567 3745 1637 diligentiae

2199 1656 2367 1710 multa
2415 1656 2753 1711 emendanda
2784 1658 3180 1728 relinquebant.
3210 1657 3329 1725 Qua
3358 1659 3558 1714 ratione
3584 1663 3745 1715 factum

2200 1759 2304 1817 est,
2341 1760 2399 1804 ut
2425 1751 2670 1807 ducentis
2700 1750 2894 1806 abhinc
2921 1754 3098 1816 annis,
3131 1753 3221 1806 alii
3254 1769 3416 1823 super
3440 1754 3553 1809 aliis
3584 1754 3748 1810 Biblio-

497 1846 691 1902 Iel'ellit
722 1852 999 1915 memoria,
1031 1864 1205 1905 ratum
1236 1831 1957 1909 Israelitasﬁcircumcisione
1999 1856 2094 1909 de-
2126 1831 2176 1899 Β
2202 1862 2321 1902 rum
2346 1849 2671 1917 interpretes
2700 1848 3053 1911 eXStitel‘unt;
3096 1847 3188 1918 qui
3215 1862 3275 1903 88
3305 1848 3591 1903 accuratius
3619 1866 3747 1919 quam

500 1954 649 1995 mum
679 1951 926 2012 ευεορριη
954 1945 1226 2013 trajecisse
1249 1945 1560 2011 Jopdanem,
1585 1962 1687 2019 qua
1716 1947 1784 2003 de
1812 1963 1971 2003 causa
2000 1964 2095 2018 pu-
2198 1940 2507 2008 superiores
2527 1954 2590 1993 ea
2638 1948 2849 1994 vertere
2896 1954 3054 2009 posse
3074 1979 3088 2004 ,
3118 1940 3237 1994 sine
3266 1939 3369 1993 ulla
3406 1941 3653 2008 superbire
3680 1951 3749 1995 aut

496 2032 632 2087 tavit
660 2048 824 2103 aquas
853 2034 1099 2089 Jordanis
1124 2037 1360 2091 stetisse.
2200 2030 2525 2087 temeritatis
2548 2041 2693 2098 nota,
2726 2030 3121 2086 existimarunt.
3146 2031 3235 2086 Sic
3274 2031 3639 2096 fundamento,
3666 2049 3750 2103 quo

571 2122 727 2191 lbid.,
766 2125 791 2196 §
822 2128 874 2181 6.
908 2126 1177 2181 Tollamus
1199 2145 1229 2181 a
1253 2128 1419 2183 medio
1442 2129 1622 2182 inania
1662 2129 1885 2202 objecta,
1917 2148 2032 2203 qua;
2059 2149 2094 2187 α
2198 2130 2311 2177 tota
2348 2122 2685 2177 ratiocinatio
2724 2123 3003 2192 Augustini
3027 2123 3237 2189 nititur,
3263 2126 3504 2190 subruto,
3528 2123 3746 2194 quidquid

494 2216 731 2283 partibus
762 2219 1006 2287 imperitis
1019 2222 1214 2290 jactari
1242 2232 1421 2275 contra
1469 2223 1682 2277 invicem
1703 2224 1886 2290 solent,
1921 2242 2011 2279 nec
2036 2236 2091 2280 tu
2197 2216 2652 2287 ευβεΐωάίίίοδνίι
2674 2226 2890 2272 corruat
2917 2232 3142 2272 necesse
3165 2216 3574 2272 est-Alldiamﬂs
3602 2226 3744 2272 tamen

492 2307 711 2378 objicias
743 2320 971 2381 tempora
997 2312 1345 2388 Macariana.]
1368 2315 1456 2369 Sic
1474 2315 1611 2370 dicta
1639 2331 1669 2370 a
1697 2317 1927 2373 Macario
1950 2316 2093 2374 Con-
2198 2326 2320 2381 quae
2350 2311 2513 2366 habet
2543 2312 2595 2366 in
2628 2312 2999 2383 sequentibus.

493 2401 688 2454 stantis
708 2402 839 2471 imp.
865 2404 1037 2472 legato
1060 2405 1149 2473 qui
1174 2405 1476 2460 Donatistas
1505 2422 1607 2461 non
1638 2424 1824 2477 parum
1854 2412 2087 2477 vexavit,

491 2505 639 2547 anno
667 2493 864 2549 Christi
886 2497 1021 2562 548;
1051 2496 1118 2551 ad
1140 2513 1298 2567 quem
1321 2499 1439 2553 vide
1461 2498 1770 2567 Baronium,
1798 2511 1888 2556 aut
1914 2501 2089 2572 Spon-

495 2586 716 2643 danum.

572 2681 702 2736 Ibid.
720 2683 1246 2758 Circumcellivnum.]
1268 2686 1666 2742 Donatistarum
1687 2688 2087 2759 seditiosorum,

496 2777 588 2847 qui
618 2779 808 2832 circum
837 2781 992 2835 cellas
1022 2782 1373 2852 vagabantur,
1407 2794 1461 2835 et
1491 2782 1707 2852 plebem
1729 2783 1794 2837 ad
1825 2800 1973 2840 arma
1999 2800 2091 2841 ca-

492 2867 690 2939 pienda
742 2871 1090 2928 hortabantur
1116 2886 1304 2929 contra
1336 2875 1619 2943 praefectos
1666 2878 1829 2948 impp.
1862 2878 1997 2934 Vide
2020 2879 2089 2935 de

491 2962 563 3017 iis
593 2965 809 3019 eosdem
832 2966 896 3021 ad
920 2982 1117 3021 annum
1144 2965 1344 3024 Christi
1384 2970 1479 3024 3?.l
1498 3010 1510 3022 .

571 3055 702 3110 Ibid.
719 3055 925 3112 Dictata
945 3060 1184 3114 divinitus
1201 3062 1351 3116 verba
1371 3062 1687 3135 credamus.]
1704 3063 2089 3136 Uteloquentia

492 3146 653 3217 hujus
674 3151 844 3203 aetatis
874 3152 1125 3206 tumidior
1150 3162 1288 3221 erat,
1323 3154 1393 3208 ita
1421 3163 1473 3209 et
1497 3154 1737 3210 ofﬁciosa
1774 3157 1860 3211 illa
1894 3157 2087 3213 huma-

2272 2405 2466 2460 Gmitto
2494 2407 2631 2461 enim
2651 2406 3025 2478 Septuaginta,
3050 2410 3114 2462 de
3133 2425 3351 2479 quorum
3374 2408 3448 2461 vel
3472 2404 3671 2474 consilii,
3689 2406 3746 2460 vel

2193 2499 2411 2568 spiritus
2424 2500 2622 2570 majore
2644 2502 2941 2565 concordia,
2964 2517 3116 2572 quam
3138 2503 3182 2555 si
3196 2519 3326 2555 unus
3343 2501 3491 2554 homo
3511 2510 3643 2565 esset,
3662 2516 3741 2553 non

2194 2595 2360 2649 audeo
2390 2596 2444 2648 in
2464 2595 2691 2665 aliquam
2720 2605 2916 2666 partem
2959 2607 3145 2649 certam
3170 2598 3307 2666 ferre
3335 2594 3639 2657 sententiam,
3666 2592 3745 2645 nisi

2193 2687 2334 2757 quod
2355 2688 2427 2742 eis
2457 2690 2871 2759 praeminentem
2909 2691 3271 2743 auctoritatem
3318 2689 3371 2742 in
3412 2688 3503 2741 hoc
3543 2701 3741 2748 munere,

2192 2780 2304 2833 sine
2331 2781 2695 2844 controversia,
2729 2781 3052 2835 tribuendam
3072 2799 3180 2835 csse
3230 2780 3510 2852 existima]
3547 2777 3743 2845 Respicit

2193 2869 2261 2925 ad
2295 2871 2534 2940 putidam
2564 2871 2813 2927 fabellam
2839 2871 2906 2926 de
2932 2888 3200 2927 consensu
3234 2872 3376 2926 LXX
3410 2874 3739 2938 interpretum,

2194 2979 2354 3033 quam
2389 2964 2583 3019 merito
2610 2965 2777 3020 irrisit
2826 2965 3201 3038 llieronymus,
3236 2976 3403 3035 atque
3448 2964 3743 3031 exploserunt

2187 3054 2301 3125 jam
2334 3071 2523 3111 omnes
2550 3057 2767 3112 eruditi.
2816 3059 2945 3112 Eam
2988 3057 3123 3125 lege,
3153 3058 3196 3112 si
3231 3065 3405 3120 vacat,
3432 3053 3562 3123 apud
3604 3051 3742 3119 ipsum

2191 3148 2578 3219 Augustinum,
2608 3150 2676 3203 de
2699 3148 2928 3203 Civitate
2954 3150 3045 3204 Dei
3079 3150 3175 3206 lib.
3200 3165 3353 3214 mu,
3381 3162 3497 3214 cap.
3522 3142 3585 3198 42
3612 3150 3657 3193 ct
3675 3140 3745 3191 45.

494 3238 681 3294 uitatis
733 3241 917 3310 verba,
951 3242 1144 3312 quibus
1172 3217 1332 3315 vulgo
1384 3246 1661 3311 utebatur,
1693 3257 1847 3301 erant
1893 3259 2089 3317 praeter
2115 3217 2164 3285 ο
2192 3239 2297 3298 Ubi
2322 3244 2481 3296 etiam
2513 3242 2770 3312 rejectam
2821 3243 2976 3297 docet
3002 3243 3170 3311 ipsius
3202 3258 3321 3298 aevo
3343 3241 3628 3296 versionem
3651 3233 3747 3286 Hie-

493 3331 715 3385 modum
745 3332 1108 3405 hyperbolice,
1151 3345 1209 3389 ut
1250 3337 1445 3407 passim
1478 3338 1660 3394 videre
1684 3350 1764 3395 est
1793 3339 1847 3395 in
1895 3340 2085 3397 horum

494 3434 800 3495 temporum
822 3429 1198 3498 scriptoribus.
1242 3431 1353 3486 Hoc
1383 3433 1572 3488 eodem
1599 3448 1715 3489 aevo
1744 3434 1965 3489 coelestia
1990 3436 2087 3490 im-

496 3528 803 3587 peratorum
833 3523 1093 3592 rescripta
1137 3524 1474 3590 dicebantur,
1504 3526 1718 3581 caelestis
1744 3529 1863 3603 aula
1883 3569 1898 3595 ,
1927 3540 1981 3584 et
2007 3530 2088 3583 di-

498 3612 686 3666 vinitas
715 3628 778 3667 ac
804 3616 1059 3670 wternitas
1102 3617 1181 3672 eis
1211 3619 1618 3687 tribuebantur;
1650 3623 1791 3691 quod
1822 3622 2090 3679 docebunt

498 3704 755 3773 Epistola:
788 3706 1091 3779 Symmachi
1113 3725 1206 3765 eos
1235 3712 1327 3781 qui
1358 3727 1471 3767 rem
1503 3714 1838 3769 notissimam
1863 3716 2088 3770 eruditis

500 3794 770 3865 ignorant.
804 3798 1009 3853 Similia
1040 3801 1201 3855 etiam
1227 3804 1424 3873 passim
1448 3817 1734 3860 occurrent
1765 3806 1819 3860 in
1840 3806 2089 3861 Theodo-

500 3886 655 3941 siano
703 3889 907 3945 codice.
951 3891 1078 3960 Ejus
1126 3908 1371 3963 operosae
1401 3906 1455 3950 et
1509 3897 1689 3952 nimia:
1741 3898 2089 3954 humanitatis

499 3980 773 4049 specimen
801 3982 889 4038 hic
922 3984 1181 4041 habemus
1228 3989 1457 4059 insigne,
1487 3989 1541 4044 in
1566 3991 1721 4045 laude
1742 3991 2089 4062 hyperbolica

500 4072 799 4140 primorum
827 4075 1480 4157 Augustiniscriptorum;
1511 4098 1653 4153 qum,
1673 4086 1918 4153 quamvis
1938 4100 2094 4155 sper»

506 4164 683 4217 nenda
731 4165 954 4223 minime
1001 4171 1127 4234 sint,
1177 4183 1411 4227 attamen
1459 4176 1784 4247 necpbytum
1833 4179 2086 4247 sapiunt,

507 4255 651 4322 quod
684 4273 788 4311 non
819 4268 979 4329 negat
1019 4262 1132 4330 ipse
1176 4264 1505 4334 Augustinus
1544 4267 1694 4320 initio
1735 4267 2091 4323 Retractatio-

505 4362 654 4401 num.
688 4348 848 4405 Moris
894 4353 1116 4423 hujusce
1146 4355 1490 4426 hyperbolice
1520 4358 1768 4413 laudandi
1807 4369 1862 4415 et
1882 4360 2092 4428 vitupe-

499 4444 654 4499 randi
685 4445 785 4500 nisi
812 4462 1012 4518 gnarus
1039 4449 1109 4503 sit
1152 4450 1343 4515 lector,
1374 4464 1518 4519 saepe
1550 4434 1601 4505 in
1630 4452 1695 4506 iis
1736 4454 2091 4521 scriptoribus

500 4539 716 4595 fallatur
738 4557 959 4597 necesse
985 4553 1087 4598 est.
1123 4544 1273 4609 Quod
1306 4547 1469 4598 semel
1499 4546 1772 4599 monuisse
1802 4545 1933 4599 satis
1961 4546 2085 4601 erit.

2194 3336 2403 3404 ronymi
2423 3376 2438 3399 ,
2479 3335 2711 3404 quamvis
2740 3331 2913 3387 Judazi
2952 3335 3234 3405 faterentur
3264 3350 3373 3389 esse
3406 3343 3644 3390 ueracem,
3672 3322 3748 3375 Se-

2194 3429 2464 3500 ptuaginta
2477 3444 2593 3481 vero
2611 3429 2911 3499 interpretes
2933 3429 2986 3481 in
3003 3429 3176 3483 multis
3195 3443 3395 3483 errasse
3410 3421 3747 3478 contenderent.

2194 3522 2401 3577 Dixerit
2425 3521 2565 3576 forte
2594 3522 2859 3592 quispiam
2909 3522 3199 3589 Aristeam,
3248 3522 3522 3578 Philonem
3551 3524 3601 3571 et
3626 3513 3749 3567 lose-

2194 3615 2358 3683 phum
2392 3614 2608 3669 Judaaos
2630 3630 2811 3668 veram
2860 3614 3137 3671 historiam
3164 3632 3287 3672 esse
3320 3612 3622 3670 credidisse,
3655 3615 3750 3671 qua?

2193 3707 2262 3762 de
2287 3722 2552 3762 consensu
2604 3707 2748 3763 LXX
2780 3711 3132 3778 interpretum
3180 3708 3541 3769 narrabatur;
3569 3698 3749 3755 univer-

2194 3814 2419 3870 samque
2448 3800 2742 3855 Ecclesiam
2772 3800 3134 3856 Christianam
3168 3802 3493 3870 Hieronymo
3522 3785 3750 3858 antiqulo'

2194 3908 2309 3948 rem
2342 3893 2426 3947 illa
2460 3909 2581 3949 esse
2612 3909 2783 3947 usam.
2808 3894 2912 3949 Sed
2948 3904 3003 3948 ut
3032 3895 3252 3970 ὕστερον
3292 3894 3539 3966 πρότερον
3566 3894 3750 3949 τεεβοη·

2194 3987 2387 4048 deam.
2418 3986 2593 4042 dicam
2647 3989 2942 4057 apostolos,
2979 3987 3071 4056 qui
3096 3988 3239 4055 apud
3279 3987 3464 4040 Graece
3508 3980 3750 4071 loquentes

2196 4083 2543 4154 Evangelium
2568 4082 2908 4150 nuntiabant,
2937 4082 3028 4136 illa
3051 4096 3173 4137 esse
3194 4097 3347 4142 usos,
3378 4079 3495 4148 quia
3519 4070 3650 4126 nulla
3671 4063 3751 4118 alia

2197 4184 2333 4243 erat,
2360 4182 2416 4229 et
2459 4174 2525 4228 ad
2553 4189 2817 4229 summam
2865 4173 3105 4229 historia:
3148 4184 3205 4229 et
3234 4169 3509 4242 religionis
3552 4159 3752 4218 .ludaic33

2196 4267 2339 4338 quod
2369 4267 2579 4333 attinet,
2612 4275 2667 4323 et
2694 4277 2958 4337 quatenus
2980 4267 3131 4322 utilis
3161 4277 3280 4322 erat
3306 4251 3659 4335 propagationi
3685 4258 3754 4305 re?

2197 4360 2413 4431 “Sionis
2450 4360 2795 4426 Christiania,
2844 4361 2977 4415 satis
3030 4368 3149 4413 erat
3192 4359 3332 4422 ﬁda;
3364 4370 3466 4409 non
3497 4347 3611 4418 quia
3658 4347 3754 4391 eam

2196 4455 2340 4507 vitiis
2365 4454 2616 4509 omnibus
2637 4468 2824 4509 carere
2847 4452 3127 4523 putabant.
3154 4452 3316 4506 Certe
3345 4446 3443 4501 nec
3461 4456 3523 4497 ex
3545 4449 3633 4491 usu
3654 4438 3755 4530 ξξΡθξ

2201 4546 2484 4611 stolorum,
2526 4560 2623 4601 nec
2666 4561 2733 4601 ex
2769 4521 2895 4599 ullis
2923 4559 3111 4600 eorum
3137 4544 3349 4606 verbis,
3383 4535 3624 4601 colligere
3656 4521 3755 4611 licet

571 4638 743 4706 Epist.
758 4638 848 4702 26,
875 4634 902 4707 §
928 4638 981 4691 5.
1008 4606 1422 4704 Quisnumerum
1441 4638 1580 4691 dedit
1607 4638 1693 4692 ille
1712 4646 1859 4692 tonos
1878 4637 1924 4709 .9]
1951 4641 2088 4710 Lege
2113 4606 2172 4674 Β
2198 4653 2315 4693 eam
2349 4606 2756 4694 translationem
2794 4637 2862 4693 ab
2885 4636 2952 4691 iis
2983 4637 3131 4707 quasi
3166 4634 3418 4690 omnibus
3440 4607 3755 4710 numerisalt'

502 4734 653 4796 tonis,
682 4731 784 4786 hoc
804 4740 904 4796 est,
936 4730 1131 4800 quibus
1162 4729 1347 4785 tribuit
1389 4745 1669 4785 numerum
1695 4731 1997 4799 tonitribus,
2031 4744 2089 4788 ut

505 4836 694 4876 versus
717 4836 948 4891 sequens
980 4822 1233 4875 ostendit.
1266 4821 1489 4876 Videtur
1530 4823 1799 4891 respicere
1830 4826 1895 4877 ad
1925 4824 2090 4880 libros

454 4953 462 4987 δ
510 4913 760 4967 Varronis
787 4914 854 4968 de
880 4913 1100 4979 Musica,
1124 4913 1189 4967 ad
1212 4928 1347 4982 quos
1365 4914 1743 4984 intelligendos
1774 4916 2091 4987 indiguisset

452 4982 461 5073 ί
504 5002 779 5058 Licentius
808 5004 1103 5073 Augustino
1134 5004 1446 5073 interprete.

572 5095 741 5163 Epist.
770 5094 862 5163 28,
896 5094 923 5165 §
950 5093 1007 5149 2.
1034 5094 1111 5148 De
1138 5097 1388 5149 vertendis
1426 5106 1595 5149 autem
1627 5100 1680 5151 in
1703 5097 1945 5153 Latinam
1991 5100 2093 5155 lin-

501 5203 657 5257 guam
681 5188 867 5241 sanctis
910 5186 1116 5241 Litteris
1164 5189 1463 5255 canonicis,
1494 5189 1730 5245 laborare
1771 5202 1820 5244 te
1866 5193 2091 5259 nollem;

503 5281 603 5333 nisi
626 5296 685 5334 eo
706 5280 877 5345 modo,
904 5297 1006 5350 quo
1034 5279 1135 5334 Job
1160 5281 1519 5352 interpretatus
1549 5299 1631 5347 es;
1664 5294 1719 5336 ut
1745 5286 1904 5355 signis
1935 5285 2091 5339 adhi-

504 5374 638 5439 bitis,
670 5375 790 5442 quid
810 5375 943 5427 inter
965 5373 1098 5428 hanc
1117 5384 1278 5442 tuam,
1303 5387 1351 5429 et
1378 5376 1746 5449 Septuaginta,
1778 5396 1995 5448 quorum
2018 5390 2091 5434 est

503 5467 801 5540 gravissima
817 5470 1117 5533 auctoritas,
1130 5468 1600 5539 interpretationem
1616 5469 1768 5523 distet
1790 5471 2089 5544 apparean]

505 5561 695 5615 Mirum
726 5570 831 5631 est,
863 5561 1134 5616 hominem
1160 5564 1484 5630 modestum,
1506 5563 1688 5619 statim
1719 5580 1783 5620 ac
1814 5565 2093 5639 presbyter

514 5651 680 5707 factus
710 5664 849 5721 erat,
877 5667 1183 5724 aggressum
1212 5668 1333 5709 esse
1354 5656 1634 5710 consilium
1661 5656 1792 5711 dare
1808 5657 1927 5711 viro
1955 5658 2092 5711 mul-

510 5754 561 5799 to
600 5745 825 5801 doctiori
844 5788 858 5811 ,
888 5747 956 5802 de
982 5762 1044 5802 re
1086 5747 1240 5817 cujus
1270 5748 1428 5817 plane
1458 5748 1743 5817 imperitus
1792 5758 1937 5815 erat,
1968 5765 2091 5804 cum

507 5837 770 5905 Hebraice
800 5842 955 5911 plane
980 5843 1235 5910 nesciret,
1263 5850 1318 5899 et
1347 5840 1586 5899 Graecam
1619 5842 1853 5913 linguam
1876 5845 1966 5901 vix
1997 5845 2094 5901 de-

2193 4729 2428 4785 solutam
2455 4729 2714 4784 habitam.
2736 4728 2794 4784 Si
2818 4728 2974 4783 aliter
2988 4705 3279 4797 sequentes
3296 4729 3481 4779 aetates
3497 4705 3752 4804 senserint,

2196 4838 2302 4877 non
2355 4824 2600 4893 sequitur
2645 4824 2714 4876 ita
2761 4822 2998 4876 sensisse
3050 4822 3345 4891 apostolos.
3392 4812 3472 4869 Ad

2198 4928 2329 4968 vero
2359 4915 2636 4969 Judaicam
2665 4913 2807 4983 quod
2834 4923 3040 4981 spectat
3072 4914 3135 4968 de
3160 4922 3425 4968 consensu
3460 4893 3593 4955 LXX
3618 4893 3754 4942 inter-

2196 5016 2435 5076 pretum,
2466 5007 2535 5060 ita
2565 5014 2647 5060 est
2677 5004 2948 5060 confutata
2978 5022 3006 5059 a
3031 5005 3158 5060 viris
3181 5004 3377 5068 doctis,
3406 5003 3465 5050 ut
3492 4995 3637 5079 net“0
3656 4983 3751 5079 ‘9‘"?

2201 5073 2495 5161 defendere
2546 5114 2666 5152 cum
2713 5098 2889 5168 aliqua
2944 5100 3059 5154 veri
3109 5099 3289 5168 specie
3333 5086 3518 5163 possit.
3548 5073 3755 5168 Deniqu‘i

2200 5192 2443 5260 quisquis
2467 5193 2705 5247 conferet
2733 5192 3055 5248 Hebraicum
3086 5200 3328 5247 nostrum
3353 5172 3617 5243 exemplar

2199 5298 2260 5338 ea
2289 5283 2667 5347 translatione,
2698 5284 2993 5352 comperiet
3022 5297 3140 5338 eam
3168 5291 3376 5335 scatere
3391 5267 3530 5325 vitiis
3559 5244 3753 5352 mannllf:

2198 5376 2318 5439 stis,
2353 5386 2411 5429 ut
2437 5376 2627 5445 optimi
2654 5340 2855 5444 quique
2907 5375 3231 5442 interpretes
3272 5340 3754 5445 οςιειιάειθυηιιξίξθ

2205 5485 2311 5522 non
2344 5468 2579 5523 defuisse
2624 5467 2768 5521 viros
2799 5467 3175 5521 humaniorum
3214 5465 3508 5519 litterarum
3542 5438 3749 5528 perito-5i

2202 5562 2298 5630 qui
2322 5536 2482 5616 aliter
2502 5569 2813 5627 censerent;
2846 5560 2939 5614 sed
2969 5569 3060 5614 aut
3084 5570 3354 5628 nunquam
3379 5529 3749 5653 illafnn‘jf’jﬂx;

2203 5620 2326 5708 nem
2377 5646 2662 5724 diligenter
2704 5652 3077 5717 instituerant,
3128 5659 3219 5703 aut
3264 5660 3367 5701 non

2204 5713 2500 5805 utramque:
2520 5747 2775 5814 linguam,
2801 5750 2895 5796 aut
2918 5741 3209 5810 pertinacia
3246 5713 3727 5814 imbCCillitateve

2203 5841 2322 5896 dicii
2350 5805 2683 5896 laborarunt.
2718 5837 2882 5909 Igitur
2911 5850 3019 5890 non
3047 5834 3219 5905 major
3253 5830 3427 5903 potest
3451 5824 3564 5871 esse
3582 5805 3746 5863 aucto‘
