3954 6364
197 324 284 381 245
849 309 1205 367 VARIORUM
1247 300 1846 363 EXERCI'I’ATIONES
1885 300 1951 354 IN
1992 300 2048 356 S.
2091 298 2461 357 AUGUSTINI
2499 296 2748 355 OPERA.

3336 298 3441 353 216

198 443 306 499 ἠως
329 436 464 493 LXX
492 433 855 502 interpretum
883 444 1041 499 quam
1073 442 1159 481 res
1202 426 1317 493 ipsa
1340 423 1568 493 patitur,
1600 418 1753 488 quid-
1780 419 1837 477 Α
1858 417 2248 487 Hieronymus;
2283 418 2445 487 quod,
2471 403 2894 473 cdita'vcrsione
2914 430 3029 481 sua,
3057 425 3272 484 possent
3293 414 3443 470 intel-
3510 452 3525 491 κ

199 536 302 608 quid
322 541 499 590 contra
525 531 875 583 ratiocinetur
904 519 1470 592 Augustinus.Verum
1487 515 1752 569 rationem

201 649 278 690 cur
303 626 500 682 vitiosis
548 618 990 676 translationibus
1020 625 1074 670 et
1104 612 1381 670 codicibus
1411 608 1755 680 pertinaciter

204 740 279 781 usa
302 721 403 777 sint
442 716 659 772 indocta
704 713 797 767 illa
826 710 1045 774 saecula,
1093 709 1322 777 ingenue
1363 704 1573 773 aperuit
1598 700 1755 756 Joan.

203 816 413 873 Clericus
441 809 751 877 Quaestione
779 802 1195 874 Hieronymiana
1220 801 1275 863 9,
1299 797 1326 868 §
1360 798 1447 852 18.
1474 795 1651 862 Pergit
1682 802 1760 846 ta-

204 925 304 967 men
320 903 641 973 Augustinus
654 899 719 953 de
738 913 820 963 re,
834 910 993 967 quam
1009 910 1114 950 non
1138 890 1487 960 intelligebat,
1504 884 1757 957 argutari.

262 1000 364 1063 Illi,
385 995 573 1065 inquit,
594 1009 675 1048 me
703 992 818 1062 plus
845 997 1066 1052 movent,
1090 986 1178 1056 qui
1199 1000 1312 1037 cum
1343 980 1652 1052 posteriores
1679 978 1761 1030 in-

210 1098 593 1162 terpretarentur,
620 1095 667 1139 et
693 1084 958 1139 verborum
985 1082 1398 1139 locutionumque
1425 1072 1763 1127 Hebra'arum

211 1188 321 1241 siam
352 1192 495 1251 atque
516 1177 719 1248 regulas
764 1174 1053 1238 mordicus,
1085 1180 1139 1224 ut
1175 1171 1358 1240 fertur,
1384 1172 1629 1226 tenerent,
1661 1178 1765 1221 non

212 1281 348 1335 solum
362 1277 487 1328 inter
507 1289 561 1326 se
590 1276 973 1331 consenserunt,
1005 1267 1094 1319 sed
1121 1266 1270 1317 etiam
1293 1262 1606 1330 reliquerunt
1632 1254 1766 1309 mul-

216 1384 279 1435 ta,
305 1383 405 1438 qua:
436 1374 580 1419 tanto
610 1372 724 1432 post
768 1361 990 1415 eruenda
1022 1367 1069 1410 et
1100 1354 1363 1427 prodenda
1402 1344 1766 1417 remanerent.]

224 1461 394 1532 Aquila,
425 1454 814 1526 Symmachus,
848 1450 1185 1506 Theodotion
1236 1456 1291 1501 et
1315 1444 1403 1498 alii
1449 1445 1767 1510 interpretes

231 1552 379 1618 Cruci,
401 1548 644 1617 quamvis
670 1545 885 1609 eruditi,
909 1543 1055 1597 omni
1086 1540 1286 1596 erroris
1308 1537 1550 1607 periculo
1581 1549 1767 1589 exem-

245 1648 303 1716 pti
323 1659 401 1699 non
423 1649 606 1703 erant;
640 1653 737 1693 nec
763 1637 959 1705 lingua:
993 1632 1270 1689 Hebraicze
1302 1644 1471 1699 usque
1510 1626 1646 1682 adeo
1676 1640 1771 1695 pe-

242 1738 323 1803 riti,
351 1747 454 1789 cum
486 1730 688 1785 dudum
731 1729 1082 1782 intermortua
1131 1732 1306 1787 esset,
1351 1731 1405 1774 ut
1434 1720 1618 1774 nullus
1649 1725 1771 1787 post

1862 510 2028 578 ligere
2050 511 2176 579 quid
2209 513 2441 565 maxime
2473 511 2751 582 probabile
2780 511 2832 564 in
2866 508 3069 564 Grtecis
3101 508 3443 563 versionibus
3526 536 3531 569 ;

1861 612 2027 670 esset,
2049 620 2117 659 ex
2145 619 2373 674 quarum
2408 606 2745 675 potissimum
2773 604 3061 659 collatione
3105 618 3255 657 suam
3287 602 3445 656 ador-

1862 708 2104 752 naverat.
2132 696 2245 751 Huc
2264 696 2554 751 accedebat
2582 696 2723 765 quod
2746 712 2810 752 ex
2827 695 3228 766 comparatione
3253 696 3447 749 Hiero-

1864 790 2131 861 nymiana:
2156 788 2423 842 versionis
2438 802 2557 842 cum
2578 786 2764 843 Grazca
2783 788 2926 845 LXX
2955 789 3334 856 interpretum,
3358 796 3450 841 aut

1864 881 1982 949 ejus
2010 880 2453 935 translationibus
2488 880 2710 945 Latinis,
2742 896 2845 934 non
2890 881 3078 949 exigua
3109 879 3197 933 lux
3229 880 3449 932 lectori-

1865 971 1967 1027 bus
1995 971 2295 1041 all‘ulgeret.
2326 970 2477 1026 Nune
2504 986 2633 1026 vero
2658 987 2752 1041 pro
2778 972 2983 1038 gratiis,
3014 986 3146 1040 quas
3184 970 3235 1024 ei
3278 969 3447 1024 debe-

1867 1065 2017 1126 bant,
2042 1066 2284 1119 homines
2312 1065 2543 1133 imperiti
2577 1075 2629 1118 et
2660 1064 2963 1133 pertinaces
2987 1063 3201 1117 labores
3228 1066 3345 1131 ejus
3371 1064 3451 1116 in-

1870 1159 2069 1212 famare
2096 1158 2273 1211 conati
2309 1166 2456 1211 sunt.
2486 1156 2662 1224 Quare
2712 1156 2875 1211 vero?
2907 1154 3042 1221 Quia
3070 1155 3136 1209 iis
3181 1154 3452 1209 laboribus

1868 1248 2109 1319 liquebat
2136 1264 2231 1304 eos
2271 1248 2592 1313 innumera,
2624 1250 2676 1301 in
2711 1248 2905 1301 Vetere
2937 1247 3229 1314 prrcsertim
3265 1241 3454 1300 Testa-

1871 1350 2075 1406 mento,
2102 1341 2245 1396 male
2272 1342 2460 1396 solitos
2499 1340 2873 1411 interpretari;
2903 1339 3053 1408 sique
3082 1340 3241 1408 vulgo
3271 1338 3453 1407 opinio

1873 1433 2197 1488 obtinuisset
2218 1432 2510 1501 Scriptura:
2532 1434 2809 1487 versiones
2840 1446 3027 1486 omnes
3056 1446 3177 1486 esse
3217 1446 3339 1485 cum
3363 1448 3455 1485 ar-

1874 1526 2118 1596 chetypis
2164 1524 2520 1579 conferendas
2541 1566 2555 1588 ,
2588 1524 2785 1594 quippe
2824 1539 2942 1593 qua!
2969 1522 3157 1578 fallere
3190 1531 3408 1593 possent
3436 1564 3454 1590 ,

1873 1627 2049 1670 aetum
2073 1624 2190 1670 erat
2214 1614 2282 1669 de
2304 1615 2607 1669 eruditione
2631 1614 3031 1668 innumerorum
3060 1612 3334 1667 rhetorum
3357 1611 3458 1666 La-

1873 1708 2129 1773 tinorum,
2157 1708 2242 1776 qui
2268 1722 2365 1760 nec
2396 1704 2581 1760 Graece
2622 1720 2720 1759 nec
2751 1704 3011 1759 Hebraice
3033 1703 3296 1758 sciebant.
3332 1702 3459 1756 Haec

234 1796 375 1883 eorum
404 1838 636 1878 messem
681 1819 957 1889 spicilegio
994 1818 1143 1871 locus
1170 1816 1325 1868 foret.
1352 1812 1615 1866 Praeterea
1642 1819 1769 1863 sunt
1874 1801 2034 1871 paulo
2061 1801 2353 1870 copiosiUS,
2396 1807 2580 1869 postea
2627 1813 2958 1868 nequaquam
2988 1796 3300 1867 repetenda,
3334 1811 3457 1865 per-

230 1919 357 1975 multa
384 1916 492 1969 loca
518 1914 729 1969 Veteris
756 1910 1086 1965 Testamenti
1115 1916 1207 1962 aut
1256 1916 1476 1975 propter
1504 1920 1592 1959 res
1620 1903 1765 1971 ipsas

227 2012 349 2067 nobis
366 2010 565 2079 ignotas
587 2050 603 2075 ,
628 2014 723 2061 ant
748 2014 966 2075 pr0pter
1000 2002 1215 2058 codices
1236 2000 1550 2069 antiquitate
1575 1997 1767 2067 depra-

224 2112 368 2169 vatos,
394 2101 648 2163 obscura;
680 2113 797 2163 qua:
827 2095 917 2149 alii
949 2095 1065 2148 aliis
1087 2093 1281 2147 melius
1308 2086 1644 2157 interpretari
1668 2100 1767 2139 nos

222 2210 351 2263 posse
387 2191 707 2261 conjecturis
744 2198 799 2244 et
847 2186 1387 2249 ratiocinationibus,
1437 2198 1557 2251 qua:
1604 2181 1768 2235 varias

218 2296 340 2352 sunt,
366 2284 750 2340 existimamus.
783 2280 947 2336 Multa
998 2286 1127 2355 sunt
1173 2277 1332 2332 etiam
1353 2317 1369 2344 ,
1402 2276 1452 2329 in
1481 2273 1621 2344 stylo
1653 2273 1769 2339 ipso

220 2380 423 2446 priorum
477 2376 853 2444 interpretum,
899 2385 1017 2441 quae
1045 2368 1390 2436 sequentibus
1440 2366 1617 2419 minus
1655 2362 1767 2432 pla-

218 2480 322 2525 cent
346 2478 396 2523 et
420 2466 754 2523 emendanda
784 2464 1050 2519 videntur.
1088 2460 1316 2531 Aquilaz,
1357 2458 1503 2514 verbi
1551 2456 1723 2529 gratia
1748 2495 1766 2521 ,

218 2559 566 2614 translationes
615 2556 959 2612 obscuriores
1013 2560 1199 2620 erant,
1244 2550 1386 2619 quod
1419 2550 1583 2604 verbo
1616 2558 1770 2601 tenus

216 2653 367 2707 omnia
388 2660 596 2705 vertere
624 2658 846 2705 conatus
875 2657 1040 2710 esset,
1067 2660 1228 2715 quam
1256 2653 1313 2697 ut
1340 2657 1365 2695 a
1392 2642 1577 2712 peritis
1606 2639 1772 2695 solius

220 2746 387 2815 lingua:
415 2742 616 2799 Graeca:
645 2741 867 2811 intelligi
897 2739 1095 2810 ubique
1126 2744 1365 2809 possent.
1413 2735 1656 2803 Denique
1681 2746 1772 2786 eo-

218 2852 315 2890 rum
340 2836 606 2891 dissensus
636 2844 819 2888 tantus
845 2848 951 2886 non
984 2840 1120 2898 erat,
1147 2839 1203 2883 ut
1223 2828 1290 2882 de
1317 2841 1525 2881 summa
1556 2826 1629 2878 rei
1665 2838 1772 2876 non

219 2928 575 2982 consentirent.
622 2928 689 2980 At
733 2939 1009 2979 sacrarum
1047 2921 1372 2976 Litterarum
1426 2916 1687 2981 studiosi,
1720 2921 1775 2969 et

219 3019 290 3087 qui
322 3019 522 3087 publice
566 3032 658 3072 eas
698 3016 839 3087 apud
884 3014 1199 3069 concionem
1245 3013 1689 3080 interpretantur,
1716 3008 1771 3062 in

218 3112 313 3165 sola
330 3111 402 3166 rei
426 3126 631 3166 summa
664 3126 767 3164 non
790 3110 1174 3180 acquiescunt:
1204 3107 1297 3162 sed
1324 3106 1553 3175 singula,
1589 3112 1774 3174 quate-

1829 1943 1838 1952 ,
1870 1892 2040 1944 seculi
2071 1904 2279 1953 sumus,
2317 1890 2458 1959 quod
2486 1888 2790 1944 videremus
2820 1889 3223 1963 Hipponiensem
3248 1888 3461 1959 episco-

1873 1999 1994 2051 pum
2051 1982 2395 2049 pertinaciter
2450 1980 2651 2036 homini
2690 1980 2915 2043 doctiori
2970 1992 3131 2051 atque
3190 1981 3461 2036 immerito

1871 2076 2214 2130 adversatum
2244 2074 2429 2129 fuisse.

1943 2165 2268 2235 leeroqui,
2298 2182 2420 2220 cum
2456 2167 2507 2220 in
2536 2166 2622 2230 iis,
2651 2180 2768 2235 qua:
2794 2180 2861 2221 ex
2884 2180 3027 2220 mera
3051 2164 3462 2219 ratiocinatione

1873 2259 2134 2329 pendent,
2166 2258 2497 2329 Hieronymo
2538 2256 2759 2313 inferior
2791 2273 2895 2315 non
2927 2267 3069 2312 esset
3095 2258 3460 2326 Augustinus;

1873 2353 1926 2406 in
1946 2367 2011 2405 eo
2032 2352 2336 2406 litterarum
2354 2352 2471 2419 ejus
2490 2352 2687 2420 capite,
2713 2350 2853 2420 quod
2881 2358 3087 2419 spectat
3108 2352 3302 2405 factum
3325 2349 3464 2403 Pau-

1874 2444 1933 2513 li,
1960 2445 2079 2499 sine
2109 2442 2271 2497 dubio
2290 2443 2567 2499 meliorem
2591 2457 2810 2497 causam
2830 2442 3097 2507 defendit;
3117 2440 3259 2513 quod
3285 2441 3463 2495 liben-

1877 2550 1957 2593 ter
1989 2538 2075 2591 hic
2103 2538 2476 2606 observamus,
2505 2552 2574 2592 ne
2616 2536 2946 2608 Hieronymo
2989 2544 3184 2606 praeter
3207 2534 3466 2590 meritum

1875 2630 2074 2699 favere,
2108 2630 2192 2685 vel
2220 2630 2517 2701 Augustino
2548 2646 2703 2699 :equo
2730 2631 2934 2684 facilius
2970 2628 3255 2683 adversari
3284 2628 3468 2683 videa-

1878 2739 2019 2776 IllUl‘.

1948 2814 2121 2884 Epist.
2170 2815 2273 2882 51,
2309 2814 2336 2886 §
2379 2815 2434 2869 2.
2477 2813 2668 2868 Aderat
2713 2815 2866 2868 etiam
2912 2813 3048 2883 quod
3101 2810 3235 2866 nulli
3275 2813 3469 2867 charta

1876 2908 2055 2961 adesse
2102 2917 2287 2976 potest,
2333 2919 2532 2963 tantum
2554 2908 2607 2962 in
2638 2910 2965 2963 narrantibus
2994 2908 3266 2978 gaudium,
3298 2918 3351 2961 ut
3380 2922 3470 2975 per

1876 2999 2049 3066 ipsum
2072 3001 2226 3053 etiam
2251 3000 2447 3053 vultum
2468 3001 2740 3070 oculosque
2761 3002 3096 3070 loquentium,
3116 3016 3201 3053 vos
3222 3002 3275 3052 in
3298 3000 3471 3053 cordi-

1877 3090 1969 3143 bus
1992 3108 2163 3144 eorum
2186 3092 2422 3161 scriptos,
2461 3108 2576 3145 cum
2622 3090 2868 3160 ine/fabili
2903 3090 3106 3157 lwtitia,
3141 3087 3473 3163 legeremus]

220 3221 303 3258 nus
339 3206 475 3270 licet,
508 3205 809 3274 intelligere
835 3211 1118 3258 conantur.
1153 3201 1275 3256 Haec
1314 3214 1436 3253 cum
1465 3197 1774 3253 facilialtsint

1889 3181 1996 3236 Hoc
2026 3192 2128 3243 est,
2156 3182 2263 3237 alte
2285 3184 2471 3238 eoruin
2501 3184 2772 3238 memoriae
2802 3184 3115 3251 impressos.
3152 3183 3227 3238 De
3256 3198 3359 3253 qua
3383 3183 3469 3237 lo-

219 3296 490 3365 excogitatu
518 3310 695 3350 rerum
732 3296 940 3365 peritis,
982 3294 1209 3347 obscura
1259 3303 1435 3345 tamen
1483 3299 1639 3345 erant
1668 3292 1776 3343 An-

220 3388 422 3454 gustino,
448 3386 536 3457 qui
559 3401 624 3441 ex
652 3386 837 3440 auditu
862 3385 927 3439 de
949 3384 1015 3438 iis
1036 3383 1417 3454 interpretibus
1434 3382 1773 3451 loquebatur,

220 3493 301 3533 nec
323 3494 426 3534 rem
468 3480 642 3550 ipsam
669 3478 1019 3547 introspicere
1058 3478 1173 3544 ipse
1214 3482 1442 3544 poterat.
1469 3474 1646 3540 Quare
1689 3472 1777 3539 hic

218 3586 342 3626 mere
360 3579 673 3643 σκιαμαχεῇ
692 3570 934 3640 quamvis
960 3579 1115 3624 acute
1143 3569 1419 3638 disputare
1441 3566 1543 3622 sibi
1564 3566 1777 3623 videre-

219 3670 308 3725 tur,
335 3662 625 3729 prmsertiin
658 3661 710 3715 in
742 3660 1094 3729 sequentibus
1133 3659 1332 3715 verbis.

276 3750 336 3804 Et
355 3762 437 3806 aut
468 3755 683 3806 obscura
708 3762 850 3818 sunt,
880 3761 968 3804 aut
991 3752 1286 3821 manifesta.
1317 3749 1379 3805 Si
1401 3755 1534 3811 enim
1564 3751 1779 3805 obscura

216 3854 336 3908 sunt,
358 3856 403 3899 te
429 3859 625 3915 quoque
663 3845 716 3899 in
737 3849 810 3899 eis
838 3844 955 3913 falli
988 3845 1210 3912 potuisse
1253 3844 1516 3911 creditur;
1538 3844 1584 3897 si
1610 3844 1779 3907 mani-

217 3937 357 4001 festa,
394 3938 507 3991 illos
556 3937 610 3991 in
651 3938 721 3990 eis
772 3937 886 4005 falli
932 3954 1032 3990 non
1085 3936 1308 4007 potuisse
1348 3953 1453 3990 non
1508 3933 1778 4006 creditur,]

218 4025 359 4080 Multa
380 4036 501 4081 sunt
526 4026 805 4095 utriusque
846 4026 1057 4093 generis
1095 4028 1148 4080 in
1178 4026 1361 4080 Veteri
1389 4027 1737 4082 Testamento
1761 4072 1777 4097 ,

215 4126 357 4185 atque
388 4119 437 4171 in
467 4119 700 4172 maxime
727 4118 942 4189 quidem
975 4117 1508 4188 perspicuis,qnibus
1537 4118 1781 4173 contine-

218 4218 289 4263 tur
317 4226 518 4265 summa
548 4211 821 4280 religionis
852 4220 904 4266 et
933 4211 1170 4264 histori:e
1193 4210 1451 4277 Judaicaz,
1478 4214 1783 4266 consentie-

215 4300 329 4356 bant
348 4302 515 4357 Grreci
540 4305 883 4371 interpretes.
915 4303 969 4357 ln
1004 4303 1124 4357 aliis
1153 4318 1455 4373 quanquam
1483 4303 1780 4360 attendenti

218 4402 263 4444 et
291 4395 450 4462 perito
479 4395 664 4459 claris,
694 4394 857 4447 multa
889 4403 1209 4463 supererant
1255 4394 1567 4462 explicanda
1592 4436 1607 4459 ,
1640 4394 1784 4464 quod

218 4483 403 4548 priores
427 4486 746 4554 interpretes
777 4484 1061 4553 aliquando
1091 4483 1496 4549 dormitassent,
1529 4495 1782 4555 autquae-

1880 3274 2096 3329 cutione
2128 3274 2253 3330 vide
2276 3290 2395 3344 quae
2427 3275 2588 3330 habet
2610 3275 2765 3331 Joan.
2812 3276 3053 3331 Clericus
3090 3274 3239 3329 Artis
3271 3275 3472 3331 critica:

1880 3377 2020 3435 part.
2048 3367 2083 3421 2
2112 3378 2245 3422 sect.
2282 3367 2333 3432 1,
2366 3382 2485 3435 cap.
2510 3367 2566 3435 4,
2603 3366 2629 3439 §
2657 3368 2713 3423 8.

1953 3458 2115 3526 lbid.,
2151 3457 2178 3530 §
2226 3458 2280 3513 4.
2311 3459 2432 3513 Nisi
2472 3463 2722 3530 majorem
2753 3460 2876 3514 mihi
2903 3460 3287 3533 coepiscopdtus
3311 3461 3473 3516 sarci-

1880 3572 2003 3609 nam
2030 3552 2356 3626 imponeret.]
2386 3555 2519 3609 Vide
2548 3555 2611 3607 ad
2639 3556 2797 3625 epist.
2826 3553 2954 3620 215,
2988 3556 3043 3610 4.

1956 3652 2127 3721 Epist.
2161 3650 2249 3715 55,
2278 3650 2306 3721 §
2350 3653 2401 3705 1.
2428 3649 2551 3704 Νυη
2573 3654 2707 3703 enim
2734 3665 2957 3703 errorem
2986 3650 3321 3703 scliismatis..
3351 3687 3365 3702 .
3392 3650 3475 3701 di—

1880 3758 2037 3813 gnum
2065 3743 2256 3795 honore
2281 3742 2454 3810 aliqua
2482 3741 2708 3795 existimo
2736 3757 2753 3804 ;
2776 3740 2863 3793 sed
2901 3749 3019 3792 ante
3041 3748 3089 3793 te
3109 3740 3311 3807 omnia,
3336 3740 3476 3809 quod

1882 3838 2046 3904 ipsius
2090 3835 2233 3888 nobis
2279 3835 2517 3887 humana:
2568 3834 2818 3887 societatis
2878 3834 3077 3886 vinc‘ulo
3128 3832 3475 3904 astringeris.j

1884 3927 1997 3982 lmo
2019 3939 2150 3980 vero
2179 3926 2482 3980 communis
2523 3925 2800 3993 religionis
2833 3924 3175 3988 Christianae,
3216 3940 3337 3978 nam
3369 3924 3477 3978 Do-

1888 4020 2113 4073 natistas
2140 4018 2568 4074 Christianorum
2601 4030 2828 4070 numero
2855 4015 3123 4070 habebant
3175 4015 3423 4071 catholici
3454 4034 3472 4081 ;

1885 4112 2315 4184 quandoquidem
2348 4126 2443 4167 eos
2466 4111 2533 4165 ad
2562 4109 2881 4164 catholicam
2920 4109 3215 4165 Ecclesiam
3245 4109 3477 4165 redeun-

1890 4217 1972 4262 tes
1994 4206 2219 4261 ininime
2254 4204 2678 4272 rebaptizabant.

1958 4300 2129 4370 Epist.
2162 4300 2252 4364 55,
2289 4297 2316 4368 §
2352 4299 2403 4352 1.
2452 4295 2727 4350 Publicum
2775 4296 3024 4365 ofﬁcium,
3056 4292 3185 4366 etc.]
3225 4294 3361 4349 Vide
3409 4294 3477 4349 ad

1887 4392 2047 4461 epist.
2074 4390 2164 4454 91,
2198 4390 2223 4461 §
2258 4395 2309 4444 8.

1964 4486 2136 4556 Epist.
2167 4484 2381 4549 56,§9..
2417 4480 2484 4536 In
2524 4482 2603 4535 his
2633 4481 2768 4534 enim
2809 4482 2991 4544 rebus,
3027 4481 3088 4534 de
3127 4479 3308 4547 quibus
3350 4480 3479 4533 nihil

217 4574 321 4628 dam
350 4578 577 4631 assecuti
596 4593 701 4631 non
728 4576 983 4642 fuissent;
1008 4576 1150 4645 quod
1176 4591 1364 4631 omnes
1387 4586 1782 4645 postremorum
1809 4551 1864 4613 Ῑ)
1891 4581 2016 4633 certi
2050 4578 2224 4631 statuit
2266 4576 2539 4645 Scriptura
2570 4574 2766 4639 divina,
2798 4588 2907 4625 mos
2938 4572 3117 4642 pepuli
3146 4570 3264 4636 Dei,
3294 4572 3371 4625 vel
3399 4572 3480 4624 in-

216 4669 510 4722 sreculorum
546 4669 870 4738 interpretes
903 4676 1155 4736 expertos
1184 4682 1243 4721 se
1267 4683 1387 4723 esse
1414 4668 1605 4723 merito
1636 4669 1785 4724 dicti-

221 4766 336 4812 tant.
364 4761 413 4812 In
442 4760 705 4826 obscuris,
737 4760 840 4814 hoc
854 4768 937 4815 est
960 4761 1009 4812 in
1043 4757 1110 4813 iis
1128 4774 1247 4828 quae
1274 4760 1341 4814 ab
1368 4760 1585 4814 homine
1611 4750 1786 4829 perito

223 4850 283 4904 ita
306 4853 572 4922 explanari
601 4868 708 4907 non
740 4862 985 4921 possunt,
1030 4861 1088 4905 ut
1118 4854 1257 4906 ausit
1282 4853 1554 4907 afﬁrmare
1581 4855 1785 4908 nullam

222 4942 358 4996 aliam
385 4960 538 5014 posse
582 4945 761 4999 verbis
806 4944 1033 4998 subesse
1084 4944 1431 5007 sententiam,
1464 4944 1589 5013 quid
1642 4954 1789 4999 vetat

223 5034 430 5101 plurium
460 5036 856 5107 explicationes
886 5036 1110 5090 audire?
1140 5037 1334 5089 Annon
1357 5050 1569 5105 semper
1600 5037 1670 5091 ita
1694 5052 1787 5091 so-

224 5127 284 5181 let
310 5128 416 5184 ﬁeri
442 5132 465 5184 ?
494 5133 689 5184 Annon
721 5129 1050 5197 Augustinus
1081 5128 1195 5197 ipse
1235 5127 1412 5182 varias
1462 5130 1658 5197 passim
1708 5130 1790 5183 in-

226 5222 611 5288 terpretationes
652 5220 898 5291 profert?
928 5219 1114 5274 Nullus
1168 5220 1431 5289 interpres
1476 5236 1597 5276 sese
1638 5208 1793 5292 quasi

228 5312 401 5381 erroris
430 5312 722 5366 immunem
746 5311 1006 5377 venditat,
1042 5310 1134 5365 sed
1160 5320 1312 5380 putat
1336 5321 1559 5377 tantum,
1595 5313 1646 5366 in
1676 5328 1791 5365 am-

233 5400 403 5469 biguis,
432 5402 809 5457 verisimiliora
832 5402 1076 5471 quaedam
1107 5411 1199 5456 aut
1232 5413 1377 5457 certe
1417 5418 1569 5473 teque
1600 5404 1792 5458 verisi-

237 5492 357 5546 milia
386 5510 539 5562 posse
566 5510 597 5549 a
627 5510 688 5549 se
718 5493 965 5563 proferri.
998 5494 1165 5564 Igitur
1203 5494 1361 5549 inane
1407 5505 1492 5549 est
1540 5496 1794 5551 dilemma

236 5582 686 5651 Augustinianum;
712 5584 796 5641 cui
817 5587 973 5640 aliter
996 5586 1156 5639 etiam
1181 5586 1794 5659 reposuitHieronymus

239 5677 371 5743 epist.
400 5680 465 5733 75
496 5680 549 5734 in
583 5679 685 5733 hoc
738 5690 904 5733 torno.
954 5679 1224 5734 Prmterea
1280 5680 1600 5748 singularem
1634 5684 1702 5734 ab
1730 5696 1795 5735 eo

241 5772 520 5842 ceterisque
547 5768 735 5827 Graece
760 5771 1147 5835 nescientibus,
1179 5772 1407 5841 gratiam
1445 5773 1579 5827 inire
1609 5772 1795 5829 debuit

1891 4674 2069 4726 stituta
2096 4671 2352 4741 majorum
2381 4686 2471 4740 pro
2489 4669 2597 4739 lege
2619 4668 2837 4722 tenenda
2852 4666 3014 4738 sunt.]
3034 4668 3228 4729 ﬂeete;
3253 4668 3294 4719 si
3321 4667 3479 4722 modo

1863 4831 1866 4834 ,
1894 4767 2039 4833 leges
2070 4765 2173 4817 illa:
2201 4780 2307 4817 non
2341 4765 2704 4831 imponantur,
2723 4762 2873 4830 quasi
2900 4761 3216 4815 necessaria:
3237 4760 3301 4811 ad
3330 4760 3480 4814 salu-

1897 4866 2003 4910 tem
2032 4872 2046 4921 ;
2078 4854 2217 4924 quod
2246 4855 2289 4908 si
2334 4854 2445 4919 fiat,
2496 4855 2689 4907 merito
2719 4860 3114 4922 oppugnantur,
3163 4853 3286 4921 quia
3314 4853 3481 4907 solius

1896 4959 1979 5003 est
2007 4948 2203 5003 Christi
2223 4947 2311 5016 jus
2337 4946 2615 4999 claudendi
2646 4946 2766 5000 cmli
2796 4945 2867 4998 ita
2898 4954 2955 4998 ut
2985 4958 3145 4997 nemo
3170 4942 3410 5012 aperiat,
3436 4952 3485 4997 et

1901 5041 2167 5110 aperiendi
2200 5040 2266 5092 ita
2300 5046 2358 5092 ut
2404 5052 2565 5093 nemo
2588 5037 2819 5091 claudat.
2858 5034 3023 5104 Cujus
3059 5034 3264 5104 legibus
3291 5034 3336 5088 si
3364 5036 3485 5089 aliae

1895 5134 2044 5203 quasi
2077 5132 2399 5187 necessaria:
2432 5130 2716 5194 addantur,
2744 5137 2855 5183 tum
2904 5143 3099 5181 novum
3132 5126 3486 5197 Evangelium

1897 5225 2176 5289 conﬂatur,
2210 5224 2348 5290 quod
2378 5223 2444 5277 ab
2483 5222 2731 5277 omnibus
2773 5219 3050 5289 discipulis
3091 5219 3203 5274 suis
3251 5219 3397 5288 rejici
3433 5229 3487 5273 et

1898 5316 2139 5371 Christus
2168 5322 2222 5369 et
2253 5312 2479 5381 apostoli
2511 5311 2816 5365 voluerunt.
2853 5310 3040 5365 Simile
3084 5309 3357 5379 quidpiam
3386 5308 3485 5361 ha-

1900 5410 2083 5462 bemus
2120 5410 2168 5458 in
2193 5406 2351 5473 epist.
2386 5404 2454 5458 5/:
2504 5403 2569 5457 ad
2601 5402 2934 5471 Januarium,
2971 5401 2997 5472 §
3029 5401 3062 5455 5
3088 5418 3102 5455 :
3132 5401 3283 5469 Quod
3326 5418 3487 5467 neque

1898 5509 2072 5550 contra
2099 5497 2273 5563 ﬁdem,
2304 5509 2465 5562 neque
2492 5503 2667 5545 contra
2691 5492 2851 5545 bonos
2890 5508 3055 5545 mores
3083 5508 3189 5545 esse
3228 5491 3487 5545 convinci-

1899 5600 2001 5654 tur,
2036 5586 2384 5651 indi/ferenter
2408 5596 2480 5637 est
2508 5582 2820 5649 habendum,
2844 5592 2891 5637 et
2911 5592 3118 5653 prapter
3138 5599 3333 5647 eorum,
3357 5570 3487 5636 inter

1899 5698 2024 5752 quos
2056 5680 2258 5743 viritur,
2282 5679 2570 5730 societatem
2602 5675 2891 5728 habendum
2918 5684 3011 5728 est.

1974 5773 2141 5842 Epist.
2164 5770 2253 5833 45,
2283 5768 2310 5840 §
2337 5771 2387 5823 7.
2419 5767 2583 5822 Tanto
2622 5770 2787 5838 magis
2829 5766 2959 5821 enim
2985 5767 3159 5819 timere
3195 5766 3396 5828 debuit,
3425 5781 3488 5820 ac
