3954 6364
531 349 633 404 2η

1426 342 1978 401 SUPPLEMENTUM
2022 339 2110 395 AD
2150 339 2381 397 OPERA
2424 340 2481 399 s.
2524 341 2915 403 AUGUSTINI.
3319 307 3325 311 λ
3709 355 3794 415 ets

535 484 642 539 pax
670 466 881 521 unitatis
918 465 1196 521 violaretur
1221 505 1236 531 ,
1267 473 1459 535 quanto
1505 472 1614 517 erat
1653 461 1913 531 Carthago
1950 461 2125 514 civitas
2153 461 2204 519 Α
2234 470 2444 532 tequam
2469 463 2756 533 quidquam
2775 465 2859 519 hic
2885 475 3094 521 mutare
3117 466 3793 537 aggrediamur,videndum

538 560 715 628 ampla
741 569 787 612 et
816 559 1100 613 illustris...
1130 555 1258 609 Erat
1294 555 1447 608 etiam
1469 554 1829 606 transmarinis
1852 552 2016 606 vicina
2045 566 2126 603 re-

538 651 792 723 gionibus,
823 649 956 721 etc.]
988 648 1207 712 Siciliae,
1249 649 1450 712 credo;
1484 660 1606 700 nam
1648 659 1752 698 non
1782 656 1862 698 est
1903 643 2126 697 vicinior

534 744 729 809 Italia},
763 742 951 797 Gallia:
981 752 1038 797 et
1066 741 1339 811 Hispaniae
1372 740 1666 806 littoribus,
1698 754 1856 809 quam
1884 737 2002 792 alite
2030 753 2126 791 ur-

534 835 633 892 bes
658 836 940 890 maritimae
970 834 1189 889 Africae.

611 928 785 997 Epist.
809 927 901 995 44,
928 926 1021 981 ubi
1052 927 1233 981 multis
1252 932 1435 980 narrat
1456 924 1796 980 collationem
1827 936 1978 977 suam
2005 936 2125 977 cum

540 1019 804 1075 Fortunio
834 1018 1114 1073 Donatista
1142 1058 1157 1082 ,
1189 1020 1444 1087 episcopo
1487 1009 1791 1082 Tibursico,
1837 1014 1916 1069 sic
1969 1014 2130 1068 habet

539 1110 568 1182 ξ
604 1111 667 1164 ll
704 1128 716 1162 :
744 1110 952 1163 Dictum
993 1118 1066 1163 est
1092 1109 1231 1178 quod
1260 1109 1433 1162 adhuc
1459 1124 1545 1163 eos
1588 1104 1936 1175 (Donatistas)
1967 1106 2131 1159 nostri

539 1200 835 1274 (catholici)
853 1202 1169 1271 persecuturi
1196 1210 1390 1266 essent;
1409 1199 1648 1267 nobisque
1671 1198 1867 1261 dicebat
1884 1195 2054 1250 videre
2077 1211 2129 1249 se

536 1294 717 1363 quales
768 1309 862 1347 nos
909 1308 1129 1347 essemus
1157 1292 1213 1344 in
1261 1292 1353 1344 illa
1399 1290 1746 1361 persecutione
1794 1287 2128 1359 praebituros,

535 1396 711 1441 Istrum
737 1386 1037 1440 consensuri
1060 1400 1281 1438 essemus
1312 1383 1403 1437 tali
1431 1384 1659 1449 sazuitiaz,
1680 1398 1749 1435 an
1766 1380 1967 1435 nullum
1992 1395 2130 1433 com-

537 1478 799 1533 modaturi
829 1492 1155 1532 consensum.
1186 1476 1303 1532 Non
1338 1475 1514 1531 malus
1538 1474 1817 1544 coniector
1847 1482 1962 1527 erat
1989 1472 2128 1527 For-

534 1571 742 1634 tunius,
773 1577 833 1623 ut
861 1568 1206 1623 manifestum
1229 1574 1315 1622 est
1344 1582 1413 1623 ex
1440 1566 1669 1635 epistola
1691 1564 1760 1620 89
1789 1564 1856 1618 ad
1887 1563 2127 1627 Festum,

543 1660 821 1728 octennio,
852 1670 907 1715 et
950 1660 1021 1715 95
1049 1658 1117 1714 ad
1148 1658 1513 1725 Vincentium,
1566 1657 1827 1713 decennio
1854 1664 1974 1726 post
1996 1654 2128 1710 scri-

539 1757 680 1826 ptis,
708 1755 852 1810 unde
893 1754 1196 1824 intelligere
1241 1762 1324 1809 est
1351 1767 1569 1824 gravem
1603 1751 2033 1822 persecutionem
2074 1748 2131 1801 in

2231 571 2300 611 an
2327 557 2378 609 in
2422 556 2601 626 lingua
2631 558 2905 613 Phoenicia
2939 568 3031 613 aut
3059 559 3268 614 Punica
3300 575 3406 613 vox
3439 560 3796 631 Cntzupitarmn

2231 648 2673 717 signiﬁcationem
2715 650 2977 718 obtineat,
3007 653 3089 705 cui
3119 653 3193 706 sit
3215 652 3401 721 aliqua
3431 653 3655 709 afﬁnitas
3698 675 3795 714 cum

2231 741 2592 811 appellatione
2620 740 2992 798 Monlensium.
3030 743 3084 797 ln
3116 745 3307 813 lingua
3338 754 3521 799 autem
3551 746 3797 819 Hebraica,

2231 848 2388 904 quam
2416 833 2659 889 eamdem
2692 833 2858 889 fuisse
2882 851 3001 889 cum
3027 834 3310 891 Phoenicia
3339 836 3524 891 multis
3552 852 3801 906 argumen-

2231 928 2302 982 tis
2328 935 2557 989 constat,
2588 936 2706 1014 nyp
2745 927 2931 993 ketscb,
2964 936 3087 995 aut,
3116 928 3352 998 Syriaco
3382 943 3554 991 more,
3582 938 3693 1018 φφ
3711 932 3801 988 Ιςει-

2230 1021 2379 1089 septi,
2404 1035 2433 1073 a
2464 1018 2647 1074 radice
2671 1029 2789 1098 πρ
2810 1020 3007 1090 katsab,
3039 1021 3296 1087 abscidit,
3331 1021 3598 1091 signiﬁcat
3641 1026 3803 1081 abscis—

2232 1129 2344 1166 sam
2372 1128 2656 1166 cavernam.
2679 1111 2770 1167 Sic
2798 1111 2982 1178 Jonas,
3013 1114 3063 1166 in
3092 1114 3347 1167 oratione
3376 1128 3498 1183 qua:
3516 1123 3681 1170 exstat
3702 1134 3799 1189 cap.

2233 1219 2302 1268 tt,
2332 1204 2406 1257 ait
2446 1219 2588 1258 vers.
2650 1206 2681 1258 7
2725 1220 2784 1258 se
2828 1205 3171 1261 descendisse
3218 1214 3377 1265 ειν-ππ
3423 1192 3597 1288 ’Ξείρῆ
3640 1208 3802 1267 l‘ltitsbe

2234 1296 2422 1363 harim,
2456 1299 2527 1357 εἰς
2548 1299 2784 1368 excerpo};
2809 1300 2982 1372 ὀρέων,
3006 1299 3059 1351 in
3080 1300 3339 1351 scissuras
3361 1299 3633 1363 montium,
3654 1310 3707 1355 ut
3729 1302 3802 1357 ha-

2235 1386 2366 1442 bent
2392 1386 2533 1442 LXX
2585 1390 2907 1457 interpretes
2934 1431 2950 1455 ,
2978 1390 3171 1458 quibus
3200 1389 3388 1444 verbis
3432 1390 3679 1461 intelligit
3704 1409 3803 1463 pro-

2236 1478 2397 1547 pheta
2448 1478 2741 1549 prolundas
2772 1481 2826 1534 in
2878 1480 3148 1536 radicibus
3202 1481 3477 1535 montium
3530 1484 3798 1551 speluncas.

2234 1572 2419 1637 Itaque
2451 1570 2741 1640 Cutzupita:
2769 1572 3075 1641 signiﬁcare
3113 1572 3294 1642 possit
3326 1573 3578 1628 homines
3601 1576 3682 1643 qui
3706 1592 3801 1643 spe-

2236 1664 2447 1718 luncam
2466 1664 2715 1728 adibant,
2746 1664 2889 1733 quod
2910 1664 3124 1734 egregie
3158 1666 3443 1720 consentit
3464 1680 3584 1719 cum
3609 1682 3671 1721 eo
3687 1669 3800 1736 quod

2239 1756 2308 1811 de
2337 1756 2626 1811 Donatistis
2665 1756 2851 1811 Romae
2882 1756 3353 1812 commorantibns
3404 1756 3569 1812 habet
3610 1760 3799 1827 Optatos

542 1847 853 1902 Donatistas
872 1846 1197 1902 concitatam
1229 1845 1415 1911 fuisse,
1437 1842 1893 1899 consentientibus
1924 1841 2130 1912 episco-

2237 1848 2328 1903 lib.
2361 1861 2398 1903 ll
2428 1848 2495 1902 de
2525 1848 2823 1903 Schismate
2856 1848 3258 1903 Donatistarum
3282 1866 3297 1902 :
3320 1848 3636 1918 Speluncam
3655 1867 3800 1914 quam-

537 1938 625 2005 pis
647 1936 927 1992 catholicis
954 1953 970 2002 ;
1002 1944 1058 1992 et
1078 1936 1220 1991 male
1249 1936 1471 2006 collegis
1500 1936 1786 1991 resistente
1805 1932 2127 2003 Augustino,

540 2029 863 2085 immemore
883 2043 1073 2084 eorum
1100 2042 1221 2097 qttte
1247 2027 1300 2082 in
1327 2028 1427 2082 hac
1447 2027 1738 2083 collatione
1756 2022 1990 2080 dixerat.
2020 2024 2132 2078 Nos

544 2121 866 2188 dicebamus,
913 2120 1090 2192 inquit
1122 2121 1179 2175 in
1226 2121 1468 2190 proxime
1521 2118 1871 2190 sequentibus
1923 2118 2129 2181 verbis,

545 2212 716 2268 Deum
744 2216 913 2269 videre
941 2215 1099 2269 corda
1125 2224 1303 2269 nostra
1322 2229 1437 2284 qua:
1454 2215 1558 2285 ipsi
1582 2229 1687 2267 non
1715 2219 1919 2282 possent
1944 2220 1991 2263 et
2013 2209 2134 2263 illos

542 2315 727 2360 temere
753 2307 849 2360 sibi
887 2307 1058 2360 adhuc
1109 2307 1210 2360 ista
1256 2313 1497 2369 metuere,
1532 2320 1649 2375 qua:
1676 2305 1720 2357 si
1773 2302 2077 2371 contigerint
2102 2318 2135 2354 a

539 2397 695 2450 malis
737 2399 1060 2469 contingere,
1115 2397 1294 2467 quibus
1338 2397 1613 2451 deteriores
1654 2396 1754 2463 ipsi
1784 2395 2009 2461 habent;
2044 2410 2133 2447 nec

540 2495 710 2541 tamen
730 2487 845 2542 ideo
890 2505 985 2543 nos
1013 2507 1045 2543 a
1075 2488 1333 2543 catholica
1375 2488 1731 2543 communione
1754 2504 2017 2560 segregare
2045 2487 2134 2540 de-

542 2588 675 2652 bere,
700 2588 744 2641 si
778 2586 902 2657 quid
931 2592 1083 2657 forte,
1116 2586 1261 2641 nobis
1287 2587 1480 2653 inuitis,
1510 2585 1587 2640 vel
1629 2585 1880 2652 etiam,si
1911 2584 2132 2638 valueri-

542 2696 678 2744 mus,
710 2677 1179 2732 contradicentibus
1216 2682 1413 2749 factum
1448 2677 1623 2748 fuerit,
1655 2692 1769 2729 cum
1810 2675 2133 2729 tolerantiam

538 2771 811 2841 paciﬁcum
854 2770 1221 2837 didicerimus,
1257 2768 1457 2823 dicente
1486 2767 1732 2838 Apostolo
1756 2783 1774 2820 :
1814 2767 2134 2821 sufferentes

537 2862 775 2916 invicem
826 2862 880 2916 in
910 2860 1239 2927 dilectione,
1290 2860 1568 2915 studentes
1612 2873 1827 2914 servare
1871 2858 2133 2912 unitatem

536 2951 773 3021 Spiritus
800 2952 853 3007 in
883 2951 1100 3008 vinculo
1138 2951 1305 3022 pacis.
1360 2951 1417 3008 Si
1442 2952 1517 3007 ita
1549 2966 1676 3006 vere
1724 2950 1990 3005 animatus
2034 2950 2134 3006 fuit

537 3043 871 3114 Augustinus
900 3059 966 3100 eo
995 3051 1238 3113 tempore
1262 3083 1278 3110 ,
1310 3043 1469 3097 nimis
1511 3042 1669 3098 facile
1702 3043 1754 3096 in
1805 3042 2130 3097 contrariam

537 3136 862 3192 sententiam
885 3134 1036 3200 abiit,
1069 3135 1291 3205 ejusque
1317 3135 1647 3205 collegarum
1677 3134 1814 3188 alius
1844 3132 2038 3199 fuerat,
2075 3139 2135 3187 ut

2236 1941 2356 1994 dam
2385 1942 2512 2012 {oris
2535 1958 2567 1994 a
2588 1942 2787 1995 ciuitate
2810 1941 3034 1995 cratibus
3056 1952 3328 2013 sepserunt
3356 1942 3445 1995 ubi
3464 1942 3577 2008 ipso
3613 1952 3799 2013 tempore

2236 2033 2643 2087 conventiculum
2683 2033 2867 2087 habere
2895 2034 3199 2103 potuissent,
3227 2034 3370 2087 unde
3419 2033 3702 2088 Montenses
3728 2053 3799 2103 ap-

2237 2126 2415 2196 pellati
2443 2134 2579 2180 sunt.
2616 2125 2976 2197 Hieronymus
3004 2123 3166 2181 etiam
3199 2125 3255 2180 in
3288 2125 3497 2180 Chron.
3535 2127 3601 2180 ad
3633 2142 3795 2181 annum

2236 2217 2431 2272 Christi
2457 2217 2560 2272 556
2576 2233 2606 2271 a
2620 2228 2800 2272 monte
2822 2219 2874 2271 in
2892 2233 3053 2288 quem
3069 2218 3472 2273 conveniebant
3493 2218 3661 2273 dictos
3681 2218 3797 2273 Mon-

2239 2319 2420 2365 tenses
2449 2309 2721 2364 observat.
2753 2309 2865 2365 Sub
2893 2310 3053 2365 ﬁnem
3082 2325 3217 2365 vero
3250 2310 3377 2364 libri
3405 2320 3590 2364 contra
3620 2310 3795 2364 Lucife-

2236 2404 2424 2458 rianos
2450 2446 2464 2470 ,
2493 2403 2715 2458 eosdem
2741 2411 2896 2457 vocat
2944 2394 3236 2458 Montenses
3276 2418 3374 2458 seu
3414 2401 3703 2473 Campates.
3727 2413 3797 2457 aut

2237 2495 2541 2564 Campitas;
2586 2494 2673 2550 ubi
2704 2495 2923 2565 legerim
2981 2491 3307 2563 Cutzupitaa,
3357 2510 3483 2549 nam
3519 2511 3715 2562 campus
3758 2505 3792 2548 et

2236 2604 2378 2643 mons
2406 2590 2560 2659 plane
2583 2598 2708 2643 sunt
2732 2590 2995 2659 opposita.
3025 2588 3198 2643 Simili
3227 2588 3300 2642 de
3320 2602 3507 2653 causa,
3541 2587 3789 2641 Eunomia-

2237 2683 2314 2746 ni,
2362 2691 2498 2736 teste
2523 2681 2865 2735 Theodoreto
2907 2681 3298 2735 Haereticarum
3339 2680 3590 2733 Fabular.
3624 2679 3705 2733 lib.
3732 2695 3789 2745 tv,

2236 2773 2365 2828 dicti
2394 2782 2517 2828 sunt
2548 2772 2874 2844 Troglodyta:
2891 2780 2982 2826 aut
3005 2771 3274 2843 Troglitaa,
3301 2776 3372 2835 ὡς
3387 2775 3439 2827 ἐν
3461 2775 3633 2832 οἰκίαις
3650 2773 3791 2825 λανθα-

2236 2868 2443 2927 νούσαις
2470 2869 2566 2926 τὰς
2595 2865 2840 2926 συνόδους
2875 2867 3165 2937 ποιούμενοι
3184 2905 3199 2929 ,
3230 2866 3373 2936 quod
3404 2865 3459 2917 in
3488 2863 3703 2917 domibus
3723 2879 3790 2914 oc-

2239 2960 2390 3011 cultis
2442 2968 2715 3011 conventus
2766 2973 2886 3009 suos
2936 2956 3298 3021 celebrarent;
3334 2971 3560 3026 nempe,
3590 2958 3681 3010 ἁπὸ
3714 2962 3791 3007 τῶν

2237 3051 2496 3125 τρωγλῶν,
2530 3066 2562 3102 a
2592 3050 2840 3103 cavernis.
2868 3048 3033 3117 Igitur
3055 3047 3444 3119 Scototopittea
3466 3047 3617 3102 Joan.
3647 3046 3791 3113 Bapti-

2239 3147 2324 3196 sta
2350 3140 2618 3195 Cotelerio
2659 3141 2792 3205 ﬁcti,
2846 3141 2981 3195 meri
3025 3149 3151 3194 sunt
3197 3140 3572 3205 tenebriones,
3614 3151 3730 3206 quos
3753 3136 3792 3188 in

540 3229 702 3285 docet
738 3229 898 3298 epist.
950 3228 1019 3284 89
1046 3238 1100 3283 et
1147 3227 1239 3293 95,
1270 3229 1499 3283 animus.
1533 3227 1629 3282 Est
1668 3235 1849 3282 tamen
1891 3242 1988 3281 cur
2015 3226 2134 3297 quis
2159 3217 2206 3280 C
2239 3231 2491 3286 tenebras
2519 3232 2658 3285 unde
2705 3230 3047 3300 prodierunt,
3079 3231 3460 3285 amandamus.
3494 3230 3605 3284 Non
3651 3228 3788 3296 magis

539 3323 747 3379 dubitet
766 3339 833 3377 an
864 3337 932 3378 ex
962 3322 1126 3376 animi
1156 3322 1425 3377 sententia
1450 3320 1763 3391 loqueretur
1785 3320 2131 3390 Augustinus,

539 3431 609 3470 an
632 3430 763 3470 vero
791 3428 943 3469 more
968 3418 1265 3480 oratorum,
1299 3420 1459 3483 prout
1484 3426 1726 3482 praesens
1754 3426 1914 3467 causa
1946 3422 2132 3482 postu-

535 3508 687 3564 labat
708 3524 723 3573 ;
750 3521 926 3578 neque
946 3506 1090 3561 enim
1115 3505 1397 3576 ignorabat
1416 3505 1484 3560 ab
1501 3504 1939 3575 imperatoribus,
1958 3505 2136 3560 Tbeo-

545 3602 702 3658 dosio
731 3601 1027 3671 prmsertim
1058 3609 1114 3655 et
1138 3598 1267 3654 ﬁliis
1287 3606 1413 3654 ante
1435 3613 1634 3653 annum
1666 3597 1793 3664 598,
1810 3612 1917 3667 quo
1938 3597 2136 3667 scripta

540 3705 625 3750 est
656 3695 774 3749 haec
798 3693 1036 3762 Epistola
1076 3691 1166 3757 44,
1200 3692 1336 3747 latas
1361 3691 1558 3747 multas
1587 3693 1755 3762 leges,
1799 3693 1993 3761 quibus
2022 3707 2137 3746 ma-

541 3788 796 3858 gistratus
820 3786 1151 3856 jubebantur
1196 3787 1446 3855 persequi
1482 3784 1767 3839 haereticos
1796 3785 2136 3839 conﬁscatio-

545 3884 702 3938 nibus
743 3882 1005 3947 locorum,
1047 3881 1103 3935 in
1134 3894 1253 3950 quae
1280 3889 1668 3945 convenerant,
1708 3879 1918 3934 mulctis
1948 3878 2135 3933 decem

543 3975 805 4030 librarum
836 3974 973 4040 auri,
1002 3972 1057 4027 in
1088 3972 1329 4042 singulos
1361 3971 1672 4027 sacerdotes
1704 3971 2010 4036 haereticos,
2042 3985 2139 4024 ex-

544 4071 703 4136 siliis,
736 4069 986 4137 fustibus,
1016 4076 1121 4122 etc.
1156 4066 1327 4121 Malos
1350 4066 1539 4121 harum
1569 4066 1744 4135 legum
1776 4075 2022 4121 auctores
2046 4075 2140 4120 aut

546 4162 824 4216 ministros
843 4160 1025 4215 dicere
1053 4159 1195 4214 serio
1225 4172 1391 4214 ausus
1420 4174 1528 4212 non
1571 4158 1759 4212 fuisset
1788 4157 2135 4225 Augustinus.

548 4254 819 4308 Caeterum
855 4251 944 4307 hic
985 4251 1161 4306 obiter
1213 4250 1507 4306 notandum
1555 4250 1829 4319 Pelagium
1882 4248 2045 4303 fuisse
2084 4250 2139 4302 in

547 4344 820 4401 sententia
852 4342 1279 4408 Donatistarum,
1323 4352 1381 4395 ut
1406 4342 1570 4410 liquet
1596 4356 1661 4396 ex
1695 4341 1809 4409 ejus
1834 4339 2133 4395 Comment.

548 4443 603 4495 in
634 4454 754 4503 cap.
782 4453 833 4491 tv
877 4437 1036 4506 epist.
1062 4436 1129 4491 ad
1163 4433 1398 4499 Galatas,
1431 4434 1498 4489 ad
1547 4435 1663 4489 haec
1693 4435 1897 4490 verba:
1933 4435 2034 4500 Qui
2060 4450 2140 4488 se-

551 4534 777 4587 cundum
807 4544 1014 4585 carnem
1056 4536 1206 4583 natus
1235 4536 1347 4582 erat
1376 4527 1774 4598 persequebatur
1804 4542 1918 4580 eum
1947 4528 2034 4597 qui
2062 4543 2141 4582 se-

550 4626 773 4681 cundum
804 4622 1079 4693 Spiritum.

621 4719 781 4783 lbid.,
817 4717 844 4788 §
901 4717 990 4771 15.
1024 4716 1279 4787 Majorem
1319 4712 1709 4783 caelicolarum]
1740 4713 1813 4767 De
1842 4712 2133 4777 cmlicolis,

550 4813 726 4883 deque
757 4810 859 4865 hoc
902 4810 1022 4864 loco
1053 4808 1337 4878 Augustini
1386 4807 1570 4861 multis
1613 4806 1721 4875 egit
1768 4805 1999 4861 Jacobus
2032 4804 2129 4861 Go-

551 4902 829 4957 tltolredus
855 4900 921 4955 ad
951 4900 1054 4970 leg.
1084 4900 1171 4965 19,
1196 4898 1276 4952 tit.
1309 4899 1366 4964 8,
1398 4897 1490 4952 lib.
1535 4913 1623 4952 1m
1653 4896 1852 4952 codicis
1894 4897 2139 4951 Theodo-

551 4993 709 5057 siani,
741 5008 899 5061 quem
927 4990 1077 5044 adire
1099 4989 1328 5044 lectores
1353 4998 1623 5058 peterunt.
1660 4986 1918 5041 Invidiosa
1948 5001 2135 5042 eorum

551 5084 860 5153 descriptio,
882 5081 1295 5150 conjunctioque
1318 5095 1459 5133 nunc
1476 5094 1598 5133 cum
1615 5079 1835 5146 Judaais,
1860 5094 1999 5133 nunc
2015 5094 2134 5133 cum

549 5174 870 5240 Donatistis,
905 5174 1121 5228 obstant
1143 5173 1429 5243 quominus
1460 5172 1818 5241 intelligamus
1848 5172 1977 5242 quid
2022 5187 2136 5227 sen-

549 5270 744 5327 serint.

624 5362 798 5431 Epist.
832 5362 924 5428 55,
955 5360 1056 5431 θεν..
1087 5358 1155 5414 1η
1175 5358 1296 5413 urbe
1329 5357 1491 5412 Roma
1521 5358 1890 5426 Montensium,
1915 5359 1991 5412 vel
2015 5358 2139 5413 Cut-

549 5455 842 5526 zupitarum
863 5451 1165 5508 vocabulum
1195 5449 1545 5523 propagavit]
1573 5450 1704 5505 Cum
1736 5449 1853 5505 haec
1883 5450 1953 5505 sit
1980 5450 2140 5505 lectio

550 5546 933 5616 plerorumque
970 5559 1101 5599 mss.
1154 5542 1313 5599 codd.
1350 5544 1437 5597 hic
1464 5543 1595 5597 etin
1643 5542 1780 5596 libro
1820 5542 1886 5597 de
1927 5541 2139 5598 Unitate

551 5636 833 5705 Ecclesiae,
861 5651 982 5706 cap.
1009 5640 1063 5704 5,
1090 5635 1327 5706 satisque
1355 5643 1566 5689 constet
1591 5649 1887 5704 cognomen
1912 5634 2013 5689 hoc
2039 5634 2139 5690 Do-

548 5730 867 5785 natistarum
891 5771 906 5796 ,
937 5744 1110 5799 neque
1162 5728 1408 5784 Grmcum
1451 5742 1602 5792 esse,
1634 5742 1812 5797 neque
1862 5726 2140 5792 Latinum,

551 5822 807 5881 credibile
834 5832 916 5879 est
938 5822 1005 5877 ab
1028 5822 1171 5879 Afris
1199 5822 1506 5893 impositum
1534 5819 1601 5876 iis
1624 5820 1807 5876 fuisse.
1841 5820 2025 5891 Igitur,
2049 5834 2146 5875 an-

2239 3323 2492 3378 audiendi
2522 3333 2645 3378 sunt
2675 3326 2764 3394 qui
2793 3338 2860 3377 ex
2891 3322 3225 3393 Hieronymo
3256 3322 3449 3378 volunt
3488 3321 3585 3390 legi
3624 3319 3796 3385 Campi-

2241 3427 2351 3483 tas;
2380 3417 2522 3487 quod
2554 3416 2729 3472 tanien
2761 3418 2842 3472 vir
2870 3417 3113 3473 eruditus
3158 3416 3299 3472 Lud.
3332 3417 3499 3473 Ellies
3523 3416 3591 3471 du
3627 3415 3728 3480 Pin,
3754 3414 3794 3466 in

2239 3510 2384 3566 notis
2413 3509 2479 3564 ad
2510 3502 2685 3563 locum
2714 3508 2917 3578 Optati,
2948 3508 3148 3563 mirum
3181 3508 3237 3562 in
3284 3509 3508 3563 modum
3550 3506 3796 3561 concinere

2239 3612 2392 3674 putat
2415 3601 2629 3671 Optato,
2657 3601 2747 3672 qui
2780 3600 2909 3656 dicit
2961 3616 3048 3655 eos
3074 3602 3199 3672 {oris
3234 3617 3269 3655 a
3312 3602 3517 3655 ciuitate
3542 3600 3795 3670 speluncam

2240 3694 2514 3767 quamdam
2539 3694 2765 3748 cratibus
2791 3695 3034 3763 sepiisse;
3061 3693 3187 3749 hinc
3216 3695 3365 3749 enim
3393 3707 3545 3764 aeque
3572 3688 3794 3758 Compitas

2239 3799 2305 3840 ac
2325 3785 2615 3840 Montenses
2643 3784 2749 3839 dici
2780 3785 3043 3854 potuisse.
3087 3784 3193 3841 Sed
3222 3784 3435 3841 Gallico
3476 3781 3677 3852 quidem
3703 3791 3794 3831 scr-

2241 3893 2435 3943 mone,
2486 3877 2576 3947 qui
2623 3885 2750 3932 sunt
2804 3886 2955 3932 extra
3015 3876 3178 3931 urbes
3237 3878 3493 3932 dicuntur
3548 3886 3662 3929 esse
3715 3881 3794 3919 aut

2240 3972 2490 4041 champs;
2519 3969 2708 4025 Latine
2732 3971 2840 4024 ruri
2880 3978 2973 4024 aut
2998 3970 3053 4023 in
3096 3970 3272 4040 agris;
3296 3985 3402 4025 non
3434 3971 3487 4023 in
3508 3967 3703 4035 campis,
3726 3960 3793 4030 qui

2244 4064 2517 4133 planitiem
2545 4062 2871 4132 signiﬁcant,
2901 4075 3009 4115 non
3036 4077 3149 4115 rus.
3182 4061 3356 4117 Video
3388 4060 3570 4115 Gallos
3616 4063 3793 4111 nostros

2242 4156 2513 4212 interdum
2536 4153 2797 4209 afﬁnitate
2814 4153 3010 4223 linguae
3030 4168 3141 4207 sua:
3160 4168 3285 4209 cum
3311 4153 3498 4207 Latina
3519 4147 3700 4218 decipi.
3725 4143 3792 4197 Sic

2242 4254 2297 4307 in
2330 4252 2429 4307 hac
2469 4250 2656 4306 eadem
2687 4264 2819 4305 voce
2864 4250 3065 4305 erravit
3095 4251 3175 4303 vir
3219 4249 3533 4320 ingeniosus
3567 4244 3793 4299 Robertus

2244 4343 2516 4400 Arnaldus
2543 4343 2873 4398 Andilliacus
2897 4383 2913 4409 ,
2943 4344 3037 4413 qui
3066 4340 3351 4413 Josephum
3396 4338 3593 4395 Gallice
3632 4329 3792 4389 vertit;

2244 4450 2365 4490 cum
2418 4435 2563 4491 enim
2616 4435 2828 4489 videret
2873 4433 3053 4489 vocari
3096 4435 3223 4507 μέγα
3269 4431 3471 4497 πεδίον,
3503 4434 3709 4482 tractum
3741 4416 3793 4471 ad

2246 4528 2404 4585 Jorda
2415 4544 2534 4583 nem
2557 4528 2740 4593 situm,
2760 4543 2788 4581 a
2808 4527 3012 4581 Latinis
3028 4526 3414 4596 interpretibus
3436 4535 3667 4594 magnum
3684 4528 3795 4568 cam-

2162 4596 2220 4660 D
2248 4638 2391 4691 pum,
2419 4621 2583 4677 vertit
2622 4622 2667 4676 te
2684 4621 2854 4692 grand
2868 4620 3073 4689 champ,
3104 4635 3224 4674 cum
3254 4618 3529 4675 debuisset
3548 4620 3734 4668 vertere
3754 4604 3793 4657 la

2249 4713 2445 4786 grande
2466 4728 2769 4782 compagne,
2794 4712 2882 4766 vel
2911 4713 2962 4766 ta
2986 4713 3181 4781 grande
3202 4711 3397 4781 plaine.

2320 4809 2490 4877 Epist.
2518 4807 2606 4861 71.
2639 4806 2666 4877 §
2704 4806 2758 4861 Δ.
2792 4804 3089 4859 Perdurum
3133 4807 3248 4872 erit,
3301 4808 3342 4860 si
3371 4813 3458 4857 tua
3484 4790 3791 4865 interpretatio

2249 4916 2340 4967 per
2362 4902 2551 4954 multas
2577 4901 2813 4952 ecclesias
2831 4899 3143 4969 frequentius
3169 4892 3611 4967 cmperitlectitari,
3633 4882 3749 4958 quod
3769 4896 3791 4930 α

2247 4992 2446 5047 Graecis
2482 4992 2705 5046 ecclesiis
2739 4989 2938 5044 Latina:
2979 4992 3204 5045 ecclesia:
3234 4987 3578 5049 dissonabunt,
3609 4978 3791 5033 maxime

2246 5086 2368 5156 quia
2399 5083 2553 5154 facile
2592 5084 2942 5137 contradictor
2977 5084 3313 5147 convincitur,
3345 5080 3520 5135 Grreco
3545 5072 3721 5147 prolato
3744 5064 3791 5115 li-

2245 5177 2357 5243 bro,
2405 5175 2459 5228 id
2490 5184 2562 5228 est
2614 5176 2807 5247 lingua:
2852 5174 3175 5246 notissima]
3206 5174 3324 5229 Non
3355 5171 3481 5228 tanti
3511 5173 3618 5223 erat
3637 5169 3788 5215 omnes

2246 5268 2519 5323 Ecclestas
2539 5267 2725 5322 eadem
2759 5269 3007 5323 versione
3037 5269 3134 5333 uti,
3160 5278 3218 5321 ut
3259 5274 3535 5336 propterea
3556 5256 3722 5311 vitiosa
3750 5247 3787 5296 in

2246 5368 2506 5413 aeternum
2541 5367 2860 5424 uterentur;
2906 5374 3005 5413 nec
3042 5358 3335 5429 peperisset
3371 5352 3639 5411 diversitas
3666 5337 3786 5412 (μ’Ῐώ

2245 5467 2405 5522 quam
2437 5453 2787 5517 incommodi,
2811 5452 2957 5521 quia,
2986 5461 3045 5506 ut
3065 5451 3302 5506 diximus
3323 5450 3388 5504 ad
3418 5446 3566 5517 epist.
3590 5441 3785 5522 28.69"“

2245 5559 2439 5599 sensus
2471 5558 2686 5612 semper
2703 5544 2756 5596 in
2780 5557 2989 5597 summa
3012 5542 3089 5597 rei
3110 5543 3321 5597 futurus
3340 5546 3469 5595 erat.
3490 5530 3642 5589 Hodie
3665 5521 3782 5576 vide-

2248 5650 2369 5690 mus
2396 5649 2490 5689 eos
2518 5633 2856 5689 Christianos
2885 5634 2972 5703 qui
3003 5633 3306 5688 vernaculis
3322 5623 3636 5684 versionibus
3656 5622 3778 5670 utun-

2250 5736 2359 5793 tur,
2384 5726 2630 5795 quamvis
2658 5726 2765 5778 sint
2792 5725 3042 5792 diversae,
3072 5731 3357 5794 propterea
3378 5720 3509 5774 inter
3529 5728 3581 5767 se
3603 5704 3779 5763 minimc

2252 5818 2566 5890 digladiari;
2614 5832 2734 5874 nam
2786 5832 2972 5883 eorum
3031 5818 3306 5874 dissensus
3331 5827 3432 5871 non
3480 5824 3537 5864 ex
3567 5801 3775 5858 varietate
