3954 6364
234 336 304 393 εις
857 323 1215 385 VARIORUM
1254 318 1855 381 EXERCITATIONES
1894 317 1959 375 IN
2000 319 2060 375 S.
2103 319 2473 380 AUGUSTINI
2508 320 2758 380 OPERA.

3353 328 3459 384 250

233 459 514 518 versionum.
544 452 640 508 sed
670 465 735 507 ex
757 445 1532 516 diversisinterpretationibus
1559 457 1772 497 eorum-
1799 440 1852 500 Α
1879 455 1996 494 rum
2047 449 2147 494 est.
2185 441 2264 494 Ac
2315 456 2445 495 sane
2475 456 2501 493 a
2561 441 2765 495 duobus
2798 441 3181 510 propemodum
3225 447 3459 508 saeculis.

233 555 324 608 dem
366 548 650 602 verborum
702 542 894 597 oritur.
946 542 1229 602 Prmtcrea,
1259 534 1539 604 Augustini
1591 540 1770 598 astate,

233 656 379 711 magna
398 639 627 692 varietas
652 644 768 691 erat
789 632 1101 687 Latinorum
1126 628 1369 685 codicum
1398 625 1538 695 apud
1557 624 1774 677 Latinos

234 746 271 791 et
292 735 585 788 Graecorum
616 726 756 798 apud
780 727 1017 789 Graecos,
1045 737 1163 792 quae
1194 720 1398 774 nullum
1431 726 1607 771 tamen
1639 729 1778 784 pra:-

236 827 362 883 bebat
386 823 787 885 oﬁ‘endiculum,
819 834 940 873 cum
971 830 1157 871 omnes
1188 814 1389 869 scirent
1421 810 1535 864 ﬁeri
1565 809 1652 861 vix
1679 821 1774 877 po-

239 919 385 979 tuisse,
430 922 485 966 nt
524 910 913 982 longinquitate
952 918 1252 977 temporum
1281 914 1334 960 et
1375 901 1641 972 imperitia
1686 907 1776 952 aut

238 994 477 1065 oscitantia
508 1004 870 1068 librariorum,
898 1001 1089 1055 menda
1112 1002 1164 1054 in
1192 998 1409 1054 Graecos
1435 995 1647 1050 codices
1668 1007 1777 1045 non

240 1104 527 1167 irreperent;
560 1096 612 1149 in
662 1094 882 1149 Latinos
915 1107 1061 1157 vero,
1114 1098 1310 1160 praeter
1336 1084 1598 1155 ejusmodi
1629 1098 1780 1137 men-

241 1193 307 1255 da,
329 1188 602 1257 varietates
624 1195 768 1241 ortas
785 1202 849 1241 ex
873 1186 1022 1241 vario
1045 1183 1247 1254 judicio
1269 1195 1451 1236 eorum
1475 1180 1563 1249 qui
1593 1177 1779 1233 Grieca

241 1295 413 1339 vertere
433 1281 667 1350 aggressi
710 1288 883 1335 erant.
932 1279 1045 1333 Hoc
1083 1293 1190 1332 non
1233 1275 1488 1330 difﬁtetttr
1530 1273 1778 1343 Augusti-

243 1395 323 1437 nus
338 1376 478 1446 epist.
511 1374 600 1441 7i,
632 1374 659 1445 §
685 1373 739 1428 6.
774 1373 1005 1444 Ideoque
1033 1371 1385 1426 contradictor
1412 1368 1573 1439 paulo
1621 1368 1782 1436 perti-

248 1471 394 1529 nacior
434 1480 537 1520 non
588 1475 694 1519 tam
742 1464 899 1520 facile
954 1463 1197 1518 convinci
1248 1470 1476 1531 poterat,
1509 1474 1666 1529 quam
1697 1458 1792 1537 hic.

256 1571 391 1621 narrat
410 1560 754 1630 Augustinus,
785 1558 996 1629 prolato
1033 1556 1221 1612 Graeco
1248 1555 1389 1610 LXX
1428 1556 1780 1623 interpretum

261 1655 417 1710 Codice.
437 1652 543 1707 Sed
572 1651 707 1705 adiri
727 1657 975 1719 poterant
999 1650 1087 1703 alii
1121 1647 1293 1703 Grteci
1324 1648 1664 1716 interpretes,
1692 1644 1783 1713 qui

261 1764 338 1802 non
360 1754 539 1798 tantum
589 1744 655 1797 ad
685 1742 1027 1812 intelligenda
1058 1741 1339 1805 Hebraica,
1394 1740 1489 1793 sed
1518 1748 1573 1793 et
1596 1738 1782 1793 Graeca

1877 532 2085 602 experti
2127 541 2252 586 sunt
2291 533 2583 587 Christiani
2634 534 2800 587 multo
2831 534 2998 588 satius
3045 550 3184 603 esse,
3221 538 3462 607 neglecta

1876 626 2193 681 auctoritate
2220 625 2588 694 imperitorum
2621 626 2973 691 interpretum
3002 629 3318 699 (quantasvis
3349 632 3461 687 fue-

1877 719 1984 773 rint
2006 716 2204 789 famur),
2226 718 2372 787 ipsos
2395 718 2566 773 fontes
2588 719 2735 773 adire
2753 729 2806 775 et
2831 720 3021 789 linguae
3043 722 3321 777 Hebraica:
3343 740 3467 794 pro-

1879 820 2061 889 pterea
2094 811 2196 865 sibi
2227 810 2471 881 peritiam
2500 825 2843 880 comparare;
2868 812 3009 882 quod
3051 813 3282 869 feliciter
3304 816 3466 884 patri-

1878 904 1980 959 bus
2024 903 2225 959 nostris
2270 904 2455 972 cessit,
2512 919 2634 973 nec,
2666 913 2724 959 ut
2752 920 2933 976 spero,
2968 906 3096 963 huic
3123 909 3265 964 tutati
3292 908 3467 967 infeli-

1879 996 1995 1052 cius
2027 997 2201 1051 cedet.

1950 1087 2084 1142 Ibid.
2115 1087 2235 1141 Huc
2273 1088 2486 1153 accedit,
2526 1089 2646 1157 quia
2674 1090 2831 1143 etiam
2869 1091 3087 1145 consulti
3118 1092 3326 1147 Ηώνωὶ
3353 1110 3467 1165 pos-

1881 1191 2001 1236 sunt
2032 1182 2175 1235 aliud
2202 1183 2532 1252 respondere,
2563 1192 2619 1236 ut
2648 1190 2703 1236 tu
2720 1183 2858 1236 solus
2887 1186 3201 1239 necessarius
3225 1186 3467 1250 videaris,

1887 1274 1976 1344 qui
2006 1276 2161 1327 etiam
2191 1274 2329 1342 ipsos
2378 1275 2542 1343 possis
2569 1275 2895 1334 convincere:
2924 1276 3013 1329 sed
3037 1284 3224 1341 tamen,
3252 1295 3353 1347 quo
3374 1282 3467 1350 ju-

1884 1367 1997 1419 dice
2021 1367 2207 1418 mirum
2231 1367 2275 1420 si
2297 1367 2521 1435 potueris
2538 1366 2805 1438 invenire.]
2830 1367 2952 1423 Haec
2973 1367 3186 1423 demum
3213 1379 3297 1424 est
3324 1386 3469 1426 mera

1884 1459 2105 1514 invidia.
2141 1458 2330 1526 Quidni
2362 1474 2493 1514 vero
2524 1458 2673 1515 Pmni
2706 1458 2803 1524 tui,
2834 1474 2866 1513 o
2888 1460 3200 1530 Augustine,
3236 1462 3470 1531 linguam

1886 1549 2206 1605 Hebraicam
2233 1548 2601 1617 addiseebant,
2633 1559 2692 1604 ut
2717 1549 2916 1605 ludatis
2946 1551 3172 1620 amplius
3200 1566 3308 1606 non
3339 1553 3473 1607 indi-

1886 1652 2095 1712 gerent,
2111 1657 2179 1695 nc
2196 1642 2260 1694 ad
2278 1641 2452 1695 solum
2478 1641 2861 1710 Hieronymum
2874 1642 3476 1714 essetconfugiendumt

1886 1735 1955 1787 At
1986 1734 2087 1789 hoc
2124 1733 2499 1788 difﬁcillimum
2537 1743 2675 1788 erat.
2715 1732 2829 1789 Non
2872 1732 3145 1788 difﬁcilius
3183 1751 3343 1803 quam
3377 1735 3475 1790 fuit

251 1836 358 1893 LXX
384 1837 722 1903 interpretum
744 1834 930 1902 verba,
969 1848 1163 1903 magno
1192 1832 1308 1886 usui
1328 1846 1449 1886 esse
1479 1839 1739 1899 poterant.
1814 1818 1863 1878 B
1895 1825 2114 1881 Patrum
2136 1834 2440 1881 nostrorum
2467 1827 2722 1881 memoria
2743 1868 2757 1893 ,
2794 1828 2901 1880 imo
2930 1842 3058 1882 vero
3080 1828 3248 1881 multo
3268 1829 3475 1885 facilius

301 1927 412 1982 lbid.
444 1927 682 1995 Quisquis
712 1935 879 1979 autem
910 1927 960 1979 in
988 1940 1044 1979 eo
1064 1926 1202 1994 quod
1231 1940 1293 1977 ea:
1321 1922 1541 1977 Hebrazo
1569 1921 1782 1975 transla-

240 2036 333 2077 tum
348 2033 430 2087 est,
457 2021 623 2089 aliqua
652 2018 858 2074 insolito
889 2029 1146 2090 permotus
1181 2018 1335 2088 fuerit
1362 2025 1406 2071 et
1439 2016 1558 2083 falsi
1592 2015 1782 2068 crimen

238 2116 495 2179 intenderit,
522 2117 606 2168 via:
630 2126 718 2168 aut
753 2130 978 2185 unquam
1007 2113 1076 2166 ad
1106 2112 1327 2165 IIebrwa
1356 2109 1639 2164 testimonia
1669 2122 1782 2177 per-

234 2209 449 2270 renietur,
485 2208 665 2276 quibus
705 2207 1015 2273 defendatur
1057 2202 1351 2275 objectum.‘]
1388 2203 1549 2272 Culpa
1577 2200 1782 2255 scilicet

226 2316 389 2355 eorum
410 2300 493 2370 qui
525 2298 776 2353 volebant
797 2298 1183 2367 videriegregii
1214 2297 1533 2364 interpretes
1546 2290 1783 2360 Scriptu-

226 2407 408 2454 rarum,
440 2405 569 2460 quas
591 2405 696 2443 non
728 2389 1117 2459 intelligebant,
1144 2403 1265 2442 cum
1295 2401 1365 2440 ex
1395 2386 1509 2440 sola
1535 2383 1783 2439 versione

221 2499 353 2552 saepe
376 2483 594 2537 obscura
630 2491 685 2537 et
730 2483 918 2536 vitiosa
957 2479 1272 2550 penderent.
1308 2478 1414 2533 Cur
1447 2492 1555 2532 non
1584 2476 1783 2531 dabant

224 2589 421 2642 operam
444 2574 617 2628 studio
646 2574 840 2643 linguae
865 2574 1158 2639 Hebraicae,
1182 2573 1477 2641 praesertim
1498 2571 1554 2625 in
1575 2569 1779 2636 Africa,

222 2667 309 2721 ubi
355 2668 537 2737 linguae
581 2668 796 2723 Punica:
839 2667 1075 2736 cognitio
1119 2669 1182 2720 iis
1229 2666 1367 2720 viam
1400 2664 1675 2719 muniebat
1715 2664 1779 2716 ad

220 2761 539 2827 Hebraicam,
576 2777 735 2832 quam
774 2761 823 2816 ei
854 2760 1069 2815 affinem
1100 2773 1220 2815 esse
1272 2758 1436 2824 probe
1487 2765 1691 2821 notant,
1730 2765 1784 2811 et

221 2868 363 2921 quam
389 2855 608 2922 proinde
640 2854 809 2908 multo
829 2851 1039 2908 felicius
1060 2867 1218 2922 quam
1255 2851 1613 2921 Hieronymus
1643 2848 1783 2903 didi-

220 2945 421 3013 rissent,
454 2947 555 3001 nisi
586 2946 665 3001 eis
695 2961 846 3001 mens
874 2945 1007 3000 laeva
1030 2944 1249 2999 fuisset?
1276 2944 1540 2998 Praeterea
1569 2957 1640 2996 ex
1671 2940 1785 2995 col-

219 3036 404 3091 latione
432 3038 735 3093 versionum
768 3039 999 3109 Aquilae,
1033 3038 1338 3109 Symmachi
1369 3047 1424 3091 et
1459 3036 1785 3091 Theodotio-

179 3124 196 3139 ⁸
217 3128 315 3195 nis,
344 3128 488 3185 facile
508 3130 923 3203 Hieronymiana
953 3147 982 3184 a
1011 3131 1194 3200 peritis
1216 3130 1427 3186 defendi
1455 3138 1690 3199 poterat;
1717 3129 1784 3183 ab

217 3222 459 3288 imperitis
486 3238 612 3279 vero
642 3224 779 3278 nihil
813 3233 977 3287 recte,
1006 3224 1104 3278 hac
1139 3226 1190 3277 in
1224 3238 1306 3289 re,
1341 3223 1452 3276 ﬁeri
1480 3229 1707 3292 poterat.

280 3314 403 3369 Ibid.
440 3315 589 3382 Quod
620 3316 663 3369 si
691 3316 847 3369 etiam
876 3324 1169 3385 perventum
1194 3316 1370 3386 fuerit,
1401 3324 1473 3367 tot
1499 3313 1710 3367 Latinas
1740 3320 1787 3366 et

217 3404 407 3462 Graecas
444 3410 770 3463 auctoritates
808 3410 1046 3463 damnari
1074 3410 1189 3475 quis
1224 3406 1418 3477 ferat?]
1452 3406 1786 3469 Hinc,nimi-

216 3513 346 3564 rum,
372 3500 474 3553 illa:
515 3499 772 3571 lacrymae.
832 3500 962 3554 Nam
1006 3502 1051 3555 si
1098 3500 1263 3555 semel
1303 3509 1507 3554 statuas
1553 3496 1787 3552 versioni

217 3588 349 3645 LXX
377 3592 724 3662 interpretum
750 3607 856 3647 non
887 3606 1043 3661 posse
1074 3606 1169 3660 per
1189 3591 1364 3646 omnia
1387 3589 1555 3653 credi,
1580 3597 1634 3642 et
1660 3588 1786 3641 vitia

216 3681 413 3747 inesse;
443 3684 571 3754 quid
602 3685 693 3740 ﬁet
723 3684 861 3739 fama
892 3693 968 3739 tot
995 3683 1478 3740 ecclesiasticorum
1514 3690 1785 3736 oratorum

218 3772 510 3829 Grtecorum
554 3785 606 3830 et
637 3776 970 3842 Latinorum,
996 3777 1087 3846 qui
1134 3776 1202 3831 de
1232 3777 1362 3830 locis
1391 3789 1667 3844 perperam
1707 3774 1786 3826 io-

221 3868 433 3924 tellectis
473 3879 579 3923 tam
620 3869 841 3939 c’opiose
869 3870 1237 3937 scripserunt?
1272 3869 1476 3938 Nempe
1503 3866 1787 3927 dicendum

221 3965 316 4014 erit
343 3978 431 4016 eos
459 3963 832 4033 imprudenter
862 3963 1074 4026 fecisse,
1110 3978 1231 4018 cum
1262 3962 1498 4032 aggressi
1528 3972 1683 4016 erant
1708 3959 1792 4013 in-

224 4055 489 4121 terpretari
530 4055 673 4125 quod
713 4055 879 4125 probe
909 4056 1213 4124 intelligere
1242 4070 1347 4109 non
1396 4061 1663 4123 poterant,
1696 4067 1789 4106 ne-

223 4142 387 4209 glecto
422 4146 831 4217 archetyporum
890 4144 1088 4200 studio.
1139 4145 1208 4199 At
1235 4145 1481 4199 censoria
1516 4152 1660 4210 nota,
1700 4143 1782 4196 in-

224 4235 383 4301 quies,
411 4236 839 4292 obscurabuntur
882 4238 1114 4292 maxima
1144 4237 1377 4295 Orientis
1406 4245 1459 4290 et
1482 4235 1789 4290 Occidentis

227 4321 431 4381 lumina.
462 4327 830 4384 Obscurentur
843 4343 995 4394 sane,
1020 4331 1199 4398 potius
1227 4344 1385 4399 quam
1418 4343 1600 4383 eorum
1629 4342 1787 4381 causa

228 4415 349 4470 falsa
388 4419 674 4476 defendere
721 4422 1119 4491 aggrediamur;
1169 4439 1273 4477 non
1324 4422 1467 4477 enim
1512 4420 1687 4491 agitur
1723 4421 1789 4475 de

230 4511 606 4569 existimatione
628 4516 863 4570 virorum
888 4517 1401 4586 ecclesiasticorum,
1429 4514 1524 4571 sed
1549 4515 1617 4569 de
1643 4516 1791 4569 inve-

1887 1927 1941 1973 et
1970 1917 2114 1972 Afris
2135 1926 2189 1972 et
2210 1916 2360 1988 Syris
2385 1925 2441 1971 et
2470 1918 2735 1972 Arabibus
2757 1915 3099 1985 Christianis,
3125 1936 3354 1988 quorum
3382 1922 3475 1975 litt-

1890 2026 2008 2080 guae
2036 2010 2224 2065 affines
2255 2010 2531 2065 Hebraicae
2554 2010 2804 2077 fuerunt;
2835 2026 2954 2066 cum
2976 2013 3277 2081 praesertim
3310 2014 3475 2070 habe-

1884 2113 2009 2158 rent
2034 2105 2265 2173 llexapla
2298 2103 2564 2174 Origenis.
2599 2104 2819 2171 Verum,
2870 2120 2938 2160 ne
2963 2106 3088 2176 quid
3118 2106 3472 2176 dissimulem,

1885 2196 2053 2249 multo
2083 2195 2289 2249 facilius
2321 2194 2418 2249 fuit
2441 2212 2505 2250 eo
2526 2202 2768 2265 tempore
2790 2205 2847 2251 ut
2868 2195 2971 2252 hoc
2993 2205 3180 2253 nostro
3206 2199 3348 2269 apud
3378 2200 3477 2255 im-

1886 2286 2110 2355 peritam
2138 2286 2346 2356 plebem
2369 2286 2732 2343 declamitare.

1960 2378 2093 2433 Ibid.
2124 2378 2150 2449 §
2178 2379 2231 2433 5.
2267 2379 2407 2433 Nam
2426 2379 2637 2449 quidam
2664 2385 2825 2451 frater
2852 2392 3026 2437 noster
3054 2384 3479 2455 episc0pus,cum

1887 2472 2103 2526 lectitari
2128 2472 2429 2527 instituisset
2459 2475 2511 2527 in
2536 2475 2747 2528 ecclesia
2777 2477 2858 2529 cui
2882 2485 3065 2547 prceest
3090 2480 3470 2549 interpretatio-

1887 2580 2000 2616 nem
2028 2571 2189 2626 tuam,
2220 2565 2372 2617 movit
2395 2564 2644 2633 quiddam
2675 2565 2823 2635 longe
2851 2567 3004 2621 aliter
3034 2568 3122 2621 abs
3154 2579 3201 2623 te
3230 2572 3475 2639 positum,

1885 2658 2027 2726 apud
2054 2656 2243 2710 Jonam
2294 2659 2615 2729 prophetam,
2664 2675 2814 2729 quam
2845 2670 2954 2715 erat
2972 2722 2973 2725 η
2993 2663 3221 2715 omnium
3252 2664 3479 2718 sensibus

1890 2754 2250 2821 memoriaque
2280 2754 2639 2820 inveteratum,
2667 2764 2715 2809 et
2746 2764 2815 2809 tot
2844 2766 3050 2812 aetatum
3077 2761 3479 2815 successionibus

1888 2845 2236 2899 decantatum.
2261 2845 2453 2899 Factus
2477 2856 2551 2900 est
2581 2855 2751 2901 tantus
2782 2849 3026 2902 tumultus
3052 2851 3105 2903 in
3128 2850 3288 2918 plebe.
3313 2853 3480 2905 niaxi-

1892 2953 1971 2991 me
2023 2935 2219 2991 ercis
2246 2939 2577 3007 arguentibus
2621 2949 2670 2992 et
2726 2939 3120 2996 inclamantibus
3169 2943 3479 2998 calumniam

1891 3032 2158 3103 falsitatis,
2188 3043 2243 3085 ut
2272 3042 2531 3105 cegeretur
2552 3034 2817 3104 episcOpus
2837 3035 2919 3103 (ea
2938 3036 3125 3106 quippe
3146 3037 3322 3090 civitas
3345 3037 3480 3108 erat)

1890 3120 2190 3177 Judworum
2211 3125 2555 3178 testimonium
2582 3122 2862 3196 ﬂagitem]
2890 3124 3047 3195 Atqui
3098 3129 3317 3183 minime
3343 3143 3479 3199 opus

1810 3199 1856 3262 (δ
1888 3224 2024 3280 erat,
2051 3216 2145 3269 sed
2174 3223 2376 3269 tantum
2410 3215 2724 3270 consulehdi
2749 3214 2966 3271 fuerunt
2997 3217 3086 3271 alii
3117 3216 3288 3273 Grmci
3313 3219 3478 3273 inter-

1889 3318 2071 3377 pretes
2121 3319 2174 3363 et
2214 3324 2334 3362 cum
2389 3310 2808 3381 Hieronymiana
2840 3312 3089 3366 versione
3138 3313 3472 3370 conferendi.

1891 3399 2160 3455 Praeterea
2190 3400 2315 3468 quid
2341 3400 2407 3454 ad
2453 3416 2717 3456 summam
2750 3402 3048 3472 prophetiae
3076 3402 3225 3458 Jonze
3254 3405 3481 3461 faciebat

1888 3507 1993 3546 vox
2024 3499 2194 3580 ptptp
2224 3490 2450 3561 kikajon,
2480 3506 2573 3547 seu
2601 3492 2862 3547 cucurbita
2900 3507 3019 3547 cum
3047 3493 3188 3549 LXX
3219 3494 3482 3565 interpre-

1890 3585 2050 3649 tibus,
2084 3599 2176 3637 seu
2195 3583 2386 3638 hedera
2414 3600 2534 3638 cum
2566 3583 2891 3655 Hieronymo
2921 3588 3257 3641 verteretur?
3287 3587 3481 3653 Quidni

1889 3680 2061 3749 potuit
2088 3678 2237 3733 vario
2264 3678 2424 3732 modo
2449 3693 2508 3733 ea
2532 3678 2723 3733 vocula
2751 3679 2904 3747 verti,
2925 3694 3045 3733 cum
3075 3688 3151 3734 tot
3172 3680 3292 3734 aliae
3315 3680 3482 3734 multo

1892 3770 2112 3838 majoris
2163 3771 2420 3824 momenti
2464 3786 2570 3825 non
2622 3786 2725 3825 una
2779 3772 3009 3837 ratione,
3042 3773 3159 3827 sine
3187 3774 3482 3829 offensione

1891 3862 2087 3933 plebis,
2122 3862 2561 3931 explicarentur?
2603 3863 2851 3932 Episcopi
2884 3862 3001 3929 fuit,
3032 3879 3331 3921 conscenso
3361 3882 3482 3935 sug-

1891 3965 2068 4027 gesto,
2100 3955 2215 4008 haec
2246 3969 2396 4009 suam
2425 3954 2634 4024 plebem
2663 3955 2878 4009 docere.

1964 4048 2099 4105 Ibid.
2142 4047 2331 4102 Utrum
2386 4059 2560 4100 autem
2587 4048 2667 4102 illi
2710 4048 2984 4118 imperitia,
3020 4066 3086 4102 an
3138 4050 3357 4115 malitia,
3391 4051 3483 4104 hoc

1890 4158 2002 4197 esse
2038 4143 2091 4195 in
2124 4139 2357 4194 llebrwis
2382 4140 2643 4194 codicibus
2672 4138 3066 4209 responderunt,
3089 4144 3226 4212 quod
3245 4155 3291 4197 et
3316 4142 3485 4201 Grani

1891 4242 1939 4288 et
1962 4233 2139 4289 Latini
2161 4232 2410 4286 habebant
2433 4243 2586 4303 atque
2614 4232 2867 4287 dicebant.
2891 4234 3029 4300 Quid
3058 4235 3248 4305 plura?
3268 4234 3484 4290 Coactus

1892 4336 1965 4379 est
2018 4325 2169 4378 homo
2221 4325 2355 4378 velut
2408 4324 2795 4379 mendositatem
2846 4327 3127 4396 corrigere,
3152 4328 3345 4393 volens,
3373 4338 3485 4399 post

1894 4432 2137 4487 magnum
2165 4417 2475 4485 periculum,
2499 4432 2600 4470 non
2617 4432 2877 4470 remanere
2899 4416 3007 4469 sine
3033 4416 3222 4488 plebe.]
3243 4418 3482 4485 Consuli,

1894 4518 1955 4563 ut
1979 4506 2112 4570 dixi,
2142 4506 2444 4581 debuerant
2483 4506 2655 4561 Graeci
2686 4506 2777 4560 alii
2809 4506 3153 4576 interpretes,
3186 4508 3274 4577 qui
3327 4509 3487 4564 liabe-

232 4603 403 4657 nienda
450 4606 696 4669 veritate,
746 4622 866 4676 qua:
912 4617 995 4662 est
1042 4607 1195 4662 famae
1220 4573 1457 4662 omnium
1484 4607 1786 4661 mortalium
1818 4573 1869 4632 Β
1894 4601 2023 4656 bant
2047 4602 2250 4666 κισσὸς,
2302 4599 2353 4653 id
2386 4608 2489 4665 est.
2517 4599 2726 4664 hedera.
2759 4609 2816 4655 ιιι
2843 4600 3006 4655 docet
3034 4600 3391 4672 Hieronymus
3420 4603 3487 4657 ad

232 4695 583 4762 anteferenda,
614 4698 723 4752 imo
752 4698 839 4752 hic
859 4701 1016 4754 unice
1044 4700 1352 4767 spectanda.
1376 4699 1508 4766 Quia
1530 4699 1628 4754 viri
1652 4700 1791 4753 cele-

233 4783 343 4839 bres
369 4787 563 4856 aliquid
615 4789 971 4846 defenderunt
1015 4792 1157 4862 quod
1190 4793 1376 4846 falsum
1431 4802 1535 4857 est,
1566 4809 1631 4847 an
1670 4792 1791 4847 ideo

234 4890 401 4931 verum
431 4880 531 4934 hoc
555 4881 902 4937 vocabimus?
921 4882 998 4937 An
1021 4885 1478 4954 investigationem
1498 4886 1608 4939 veri
1636 4885 1792 4939 omit-

239 4973 411 5038 temus,
435 4985 501 5025 ne
526 4972 663 5026 forte
689 4986 754 5027 eo
776 4974 990 5029 invento
1006 4975 1303 5043 cujuspiam
1328 4978 1464 5029 fama
1492 4975 1793 5029 minuatur?

238 5057 287 5112 Si
316 5062 377 5114 ita
405 5078 462 5119 se
488 5065 788 5133 gessissent
819 5081 1005 5121 omnes
1028 5066 1218 5130 Judaei,
1247 5068 1291 5119 si
1327 5069 1395 5121 ita
1421 5069 1643 5135 ethnici,
1673 5070 1794 5137 qui-

241 5148 324 5203 bus
370 5153 709 5224 Evangelium
743 5159 1053 5211 nuntiarunt
1096 5159 1346 5226 apostoli,
1378 5174 1535 5213 nemo
1565 5175 1794 5229 unquam

241 5238 505 5313 Evangelio
525 5247 863 5302 credidisset.
886 5246 940 5302 Si
973 5264 1092 5317 quae
1116 5263 1273 5317 prava
1305 5249 1637 5304 consuetudo
1681 5250 1797 5303 ino-

245 5330 453 5405 levisset,
505 5353 775 5407 nunquam
808 5348 989 5407 posset
1030 5340 1334 5405 emendari;
1358 5355 1625 5410 nunquam
1652 5345 1796 5396 enim

243 5422 411 5481 desunt
433 5429 532 5483 viri
560 5429 800 5485 celebres
823 5431 913 5499 qui
943 5446 1060 5485 eam
1088 5433 1257 5486 secuti
1285 5432 1410 5486 sint.
1462 5433 1519 5487 In
1565 5433 1795 5487 admini-

246 5520 473 5575 stratione
517 5520 828 5590 reipublicae
856 5522 1003 5576 varia
1043 5521 1308 5590 feruntur,
1342 5532 1563 5594 propter
1595 5525 1794 5578 utilita-

247 5613 333 5661 tem
372 5620 706 5679 praesentem,
745 5614 905 5669 etiam
944 5614 1124 5683 iniqua
1151 5622 1207 5668 et
1234 5615 1364 5669 falsa
1393 5632 1490 5684 pro
1520 5616 1665 5672 veris
1706 5617 1789 5685 ja-

247 5708 458 5769 ctantur;
488 5701 584 5758 sed
612 5702 671 5757 in
697 5702 762 5759 iis
792 5719 909 5774 quae
929 5704 996 5758 ad
1019 5705 1332 5775 religionem
1363 5707 1653 5775 pertinent,
1680 5709 1793 5764 sola

248 5793 415 5850 veritas
457 5796 742 5867 quaerenda
786 5807 946 5868 atque
972 5798 1028 5853 id
1057 5807 1261 5854 tantum
1292 5800 1505 5869 expedit
1531 5802 1673 5871 quod
1700 5817 1792 5858 ve-

1895 4694 2045 4749 Jonaa
2057 4709 2179 4763 cap.
2204 4708 2277 4758 tv,
2292 4692 2778 4762 quamvisfateatur
2799 4708 2906 4747 non
2923 4707 3044 4748 esse
3063 4702 3242 4762 aptam
3266 4708 3484 4762 vocem;

1897 4804 2018 4843 nam
2045 4795 2215 4874 ’(ῚῬῬ
2243 4786 2449 4856 kikajon
2479 4794 2561 4840 est
2580 4784 2722 4839 aliud
2750 4786 2945 4854 planta-
2975 4800 3143 4855 genus
3164 4787 3316 4856 cujus
3342 4786 3489 4840 Lati-

1897 4894 2024 4933 num
2052 4893 2247 4932 nomen
2296 4876 2499 4931 nullum
2532 4885 2670 4930 erat.
2696 4877 2879 4945 Itaque
2904 4878 3261 4947 Hieronymus
3282 4893 3380 4948 pro
3424 4895 3490 4933 eo

1898 4984 2097 5024 nomen
2139 4966 2416 5036 usurpavit
2464 4966 2606 5036 quod
2644 4968 2821 5022 Latini
2868 4968 3171 5037 intelligere
3218 4980 3487 5038 poterant.

1899 5061 2036 5117 Mala
2066 5076 2199 5114 sane
2223 5060 2411 5115 fuisset
2438 5059 2563 5113 Afra
2593 5058 2766 5128 plebs,
2789 5075 2910 5128 qua:
2956 5060 3161 5115 tantilla
3213 5061 3281 5115 de
3326 5076 3486 5117 causa

1886 5153 2211 5231 episcopum
2271 5166 2425 5205 suum
2469 5150 2720 5206 deserere
2769 5161 2952 5219 parata
2982 5150 3109 5217 fuit;
3151 5153 3244 5209 sed
3276 5154 3489 5208 videtur

1899 5256 2044 5307 esse,
2095 5251 2151 5296 ut
2202 5242 2369 5311 probe
2419 5241 2603 5297 olfecit
2639 5242 3016 5314 Hieronymus,
3045 5242 3236 5300 fabella
3264 5245 3485 5312 Punica,

1899 5349 2001 5403 qua
2033 5334 2307 5390 hominem
2360 5342 2565 5390 terrere
2593 5334 2760 5388 voluit
2798 5335 3153 5406 Hipponensis
3180 5339 3485 5407 episcopus.

1899 5428 2076 5498 ipsum
2108 5429 2491 5499 Hieronymum
2515 5428 2626 5496 adi,
2654 5428 2878 5496 cpistola
2906 5428 3063 5496 hujus
3079 5429 3365 5485 voluminis
3395 5431 3486 5488 75.

1973 5522 2140 5592 Epist.
2176 5522 2244 5576 78
2280 5530 2461 5575 narrat
2515 5521 2866 5590 Augustinus,
2898 5537 3017 5576 cum
3045 5521 3315 5577 accusatio
3345 5532 3489 5579 esset

1898 5615 2150 5685 obscura,
2186 5616 2401 5671 misisse
2430 5630 2488 5670 se
2519 5623 2888 5670 accusatorem
2916 5625 2970 5669 et
2996 5630 3146 5669 reum
3182 5614 3391 5681 Nolam,
3419 5615 3488 5669 ad

1897 5708 2198 5775 sepulcrum
2250 5707 2308 5763 S.
2364 5707 2580 5775 Felicis,
2614 5716 2675 5762 ut
2726 5708 2944 5773 veritas,
2991 5708 3108 5775 ejus
3135 5722 3256 5776 0pc,
3289 5723 3486 5777 cogno-

1901 5811 2172 5869 sceretur;
2206 5811 2314 5856 tum
2346 5800 2526 5857 subdit
2559 5819 2570 5854 :
2610 5800 2751 5857 Nam
2778 5809 2825 5855 et
2857 5816 2948 5855 nos
2974 5801 3202 5854 novimus
3231 5798 3481 5854 Mediola-
