3954 6364
568 328 664 384 251

1454 326 2017 386 SUPPLEMENTUM
2057 331 2147 385 AD
2184 330 2413 389 OPERA
2452 334 2508 391 S.
2550 335 2932 397 AUGUSTINI.
3682 362 3764 421 152

569 444 645 507 ni,
677 442 817 509 apud
840 442 1133 496 memoriam
1161 450 1474 509 sanctorum,
1496 442 1583 495 ubi
1604 443 1903 496 mirabiliter
1930 453 1974 497 et
2004 446 2152 499 terri-
2176 451 2230 510 Α
2256 451 2419 504 nostri
2445 451 2634 507 viribus
2664 457 2951 525 aggregari.
2980 457 3130 523 Quod
3151 460 3197 514 si
3218 460 3273 514 id
3292 477 3608 530 possessorem
3633 473 3767 548 (quip.

569 534 735 589 biliter
785 536 1038 590 dwmones
1094 537 1417 603 conﬁtentur,
1469 538 1630 606 furem
1659 538 1928 607 quemdam
1967 538 2055 607 qui
2079 539 2148 592 ad

570 643 685 679 eum
717 627 884 680 locum
908 638 1108 680 venerat
1138 636 1193 679 ut
1223 628 1414 696 falsum
1444 629 1670 695 iurando
1699 630 1971 700 deciperet,
2003 647 2146 687 com-

569 720 774 785 pulsum
804 720 960 783 fuisse
988 720 1218 786 conﬁteri
1249 720 1443 789 furtum
1471 730 1520 774 et
1552 721 1690 790 quod
1720 721 1999 775 abstulerat
2029 722 2147 775 red-

568 812 718 878 dere;
747 814 976 882 nunquid
998 830 1098 867 non
1134 824 1181 868 et
1210 816 1385 885 Africa
1411 827 1698 870 sanctorum
1723 826 2005 887 martyrum
2029 834 2146 870 cor-

567 905 776 971 poribus
804 903 955 974 plena
982 906 1095 959 est?
1134 903 1201 958 Et
1231 916 1402 961 tamen
1429 924 1679 977 nusquam
1700 908 1782 961 hic
1808 911 1994 963 scimus
2024 910 2149 965 talia

567 992 726 1065 ﬁeri.]
758 996 828 1049 At
858 1011 961 1050 non
993 997 1199 1051 minora
1226 1008 1379 1052 erant
1405 1014 1523 1068 quae
1545 999 1860 1055 dicebantur
1892 1002 2005 1061 fieri
2028 1016 2057 1056 a
2085 1002 2145 1058 S.

565 1087 838 1154 Stephano
859 1088 1092 1143 Calamus
1111 1097 1161 1142 et
1186 1089 1644 1160 Hippone-Regio,
1660 1102 1717 1146 ut
1743 1092 1907 1161 liquet
1930 1110 1995 1149 ex
2009 1109 2146 1149 enu-

564 1181 859 1234 meratione
890 1181 1272 1236 miraculorum
1300 1199 1419 1252 qua:
1441 1194 1613 1239 exstat
1641 1186 1733 1240 lib.
1768 1203 1876 1240 χχιι
1905 1188 1973 1242 de
2000 1189 2146 1243 Civio

500 1324 501 1347 ξ
562 1278 670 1324 tate
701 1272 810 1336 Dei,
846 1286 964 1341 cap.
998 1274 1050 1327 8.
1071 1272 1268 1339 Quidni
1299 1273 1459 1328 etiam
1489 1274 1628 1329 furta
1648 1276 1718 1331 ibi
1746 1280 2142 1347 retegebantur,

500 1342 501 1349 γ
561 1372 654 1417 aut
701 1364 803 1418 alia
850 1364 1054 1419 occulta
1110 1365 1374 1420 crimina?
1419 1367 1730 1435 Respondet
1770 1369 2141 1439 Augustinus:

563 1453 710 1509 Sicut
733 1456 866 1509 enim
886 1456 1024 1524 quod
1045 1457 1318 1527 Apostolus
1338 1458 1461 1512 dicit
1478 1474 1497 1511 :
1518 1457 1635 1513 Non
1658 1474 1844 1515 omnes
1863 1464 2023 1515 sancti
2046 1462 2144 1516 ba-

561 1545 690 1600 bent
730 1546 867 1601 dona
898 1549 1254 1613 curationum,
1295 1564 1393 1604 nec
1419 1564 1607 1605 omnes
1654 1552 1855 1606 habent
1885 1553 2147 1621 dijudica-

560 1635 758 1690 tionem
779 1637 1069 1707 Spirituum
1092 1657 1103 1689 :
1124 1640 1194 1692 ita
1220 1655 1310 1693 nec
1333 1641 1384 1693 in
1408 1643 1640 1695 omnibus
1665 1645 1920 1699 memoriis
1945 1657 2148 1701 sancto—

560 1742 675 1780 rum
688 1727 785 1781 ista
796 1728 910 1795 ﬁeri
926 1731 1079 1783 voluit
1093 1732 1180 1783 ille
1195 1732 1281 1801 qui
1293 1730 1472 1803 dividit
1489 1734 1695 1802 propria
1713 1735 1983 1804 unicuique
1996 1745 2148 1807 prout

2252 542 2646 625 pe_clanculum
2674 548 2896 619 gestum)
2922 550 3183 619 ignorasse
3211 557 3500 624 constiterit,
3539 542 3767 625 conducts.

2248 620 2358 687 rem
2386 638 2499 705 ejus
2525 637 2697 706 fundi,
2727 640 2772 692 si
2793 640 3045 709 ingenuus
3074 652 3168 709 est,
3200 644 3369 700 decem
3387 620 3496 703 auri
3515 653 3654 710 libras
3671 620 3769 725 ﬁsco

2251 734 2427 779 nostro
2462 727 2655 796 inferre
2681 731 3028 799 praecipimus,
3061 734 3108 787 si
3132 736 3301 789 servili
3327 739 3447 808 face
3487 742 3768 818 descendens,

2250 828 2548 887 paupertate
2570 822 2650 874 sui
2666 839 2864 891 poenam
2888 825 3085 890 damni,
3108 842 3169 881 ac
3189 829 3379 884 vilitate
3400 841 3669 905 contemnit,
3696 859 3770 898 ea.

2249 927 2335 963 sus
2358 912 2579 981 fustibus
2600 915 2950 985 deportatione
2977 918 3321 976 damnabitur.

2322 1004 2490 1072 Epigr,
2526 1006 2618 1072 91,
2653 1007 2679 1077 §
2728 1009 2777 1062 8.
2820 1008 3077 1067 Postridie
3117 1015 3299 1069 nostris
3352 1017 3419 1071 ad
3464 1020 3771 1091 imponendum

2250 1098 2463 1167 perditis
2490 1111 2698 1167 metum,
2727 1105 2865 1171 quod
2884 1105 3142 1160 videbatur
3159 1110 3298 1173 apud
3325 1110 3449 1164 Acta
3470 1114 3623 1169 dicere
3640 1121 3774 1174 uolen-

2213 1220 2217 1224 ι
2249 1192 2400 1258 tibus,
2431 1194 2636 1264 publica
2654 1199 2781 1267 jura
2808 1206 2992 1267 negata
3021 1200 3181 1270 sunt]
3213 1202 3486 1269 Nimirum,
3517 1208 3565 1261 in
3591 1212 3772 1281 singulis

2250 1284 2477 1339 urbibus
2507 1289 2881 1343 commentarii
2911 1290 3285 1347 scribebantur
3308 1312 3486 1350 rerum
3517 1303 3658 1367 paulo
3683 1321 3771 1359 ma-

2246 1378 2381 1448 joris
2434 1383 2695 1436 momenti
2721 1399 2839 1451 quas
2880 1386 3116 1453 quotidie
3142 1389 3194 1440 in
3246 1390 3308 1441 iis
3346 1392 3666 1462 gerebantur,
3705 1403 3771 1468 qui

2250 1484 2431 1540 postea
2472 1474 2537 1527 ad
2573 1476 2914 1540 proconsules
2940 1487 3031 1531 aut
3062 1479 3412 1547 imperatores
3455 1486 3769 1547 mittebantur.

2248 1566 2305 1620 Si
2337 1568 2457 1636 quis
2506 1583 2633 1638 ergo
2670 1570 2881 1637 publice
2908 1572 3175 1641 quidpiam
3202 1586 3549 1633 contestatum
3576 1596 3770 1651 cuperet,

2249 1657 2430 1712 adibat
2457 1659 2703 1715 Officium
2756 1663 3047 1731 publicum,
3082 1675 3136 1719 ut
3158 1667 3225 1721 ab
3249 1684 3315 1723 eo
3346 1670 3505 1724 verba
3529 1673 3636 1740 ejus
3659 1680 3773 1731 erci-

2250 1760 2503 1819 perentur
2547 1768 2654 1821 quo
2683 1753 2840 1809 fidem
2880 1755 3137 1812 facerent.
3170 1759 3302 1814 Vide
3330 1762 3481 1829 epist.
3510 1764 3595 1830 55,
3625 1765 3714 1831 ξι,
3736 1779 3773 1822 et

559 1820 897 1889 vult.Atquis
915 1822 1232 1890 credatpost
1247 1831 1472 1878 mortem
1489 1833 1797 1880 sanctorum
1816 1829 2055 1884 eamdem
2075 1830 2147 1884 di-
2176 1830 2224 1891 B
2252 1842 2409 1908 epist.
2440 1842 2530 1908 95,
2564 1842 2697 1911 ςη.

558 1910 817 1965 visionem
846 1912 1132 1969 obtinere?
1153 1914 1282 1979 Quis
1313 1924 1460 1984 putet
1482 1916 1566 1971 hic
1595 1918 1999 1975 cacodzemonas
2024 1922 2150 1977 reli-

558 2002 698 2068 quiis
713 2003 962 2074 martyris
977 2006 1209 2070 territos,
1228 2006 1332 2060 illic
1348 2006 1464 2062 sine
1481 2011 1838 2067 commotione
1858 2011 2049 2069 fuisse?
2072 2014 2150 2070 Ne

558 2093 685 2161 quid
710 2098 956 2162 mentiar,
982 2110 1176 2167 quanta
1199 2100 1328 2153 mihi
1350 2100 1483 2155 facta
1515 2112 1597 2156 est
1625 2103 1759 2158 ﬁdes
1784 2104 1852 2160 de
1877 2106 2149 2162 miraculis

558 2189 821 2246 Cbristiet
841 2193 1228 2262 apostolorum,
1254 2212 1373 2265 quae
1384 2198 1564 2251 omnia
1588 2199 1831 2255 veritatis
1850 2200 2043 2255 indicia
2057 2215 2148 2256 co-

559 2284 845 2351 mitantur;
876 2296 1017 2340 tanta
1052 2299 1133 2343 est
1157 2288 1225 2343 de
1252 2290 1642 2345 recentioribus
1669 2291 1985 2359 diffidentia,
2025 2308 2149 2348 cum

559 2380 852 2446 przesertim
866 2382 1228 2451 superstitioni
1250 2393 1303 2438 et
1317 2384 1466 2437 lucro
1483 2384 1825 2455 multomagis
1837 2403 1994 2456 quam
2008 2386 2150 2443 verre

567 2472 752 2524 virtuti
807 2475 1180 2543 propagandae,
1204 2491 1266 2531 ea
1299 2478 1551 2533 serviisse
1570 2479 1799 2534 videam.
1820 2482 2149 2551 Augustinus

562 2561 830 2628 ipselibro
858 2564 923 2619 de
956 2565 1087 2621 Vera
1120 2566 1413 2638 Religione,
1446 2569 1586 2641 ξω,
1638 2572 1839 2627 rariora
1866 2589 1959 2627 sua
1993 2585 2150 2631 aetate

560 2656 815 2713 miracula
832 2659 997 2718 fuisse
1018 2678 1119 2717 neu
1136 2664 1413 2721 diffitetur.
1437 2667 1559 2723 Scio
1573 2670 1674 2724 hoc
1694 2669 1865 2725 abillo
1890 2680 2149 2726 retracta-

559 2760 692 2816 tum,
717 2753 808 2808 sed
835 2755 1003 2809 miror
1022 2757 1112 2825 qui
1138 2760 1530 2825 potueritantea
1547 2761 1598 2815 in
1621 2776 1679 2816 re
1705 2762 1984 2816 notissima
2006 2763 2145 2829 falli;

560 2858 667 2897 non
710 2847 879 2901 miror
928 2848 994 2902 ad
1039 2851 1437 2907 convincendos
1465 2852 1733 2917 ethnicos,
1775 2854 2077 2911 Donatistas
2095 2863 2150 2910 et

563 2938 697 2992 alios
746 2940 1039 2996 IIaereticos
1086 2943 1342 2998 miracula
1370 2944 1589 3013 jactata,
1621 2960 1740 3016 qua:
1780 2946 1947 3002 multo
1995 2947 2146 3017 plura

555 3026 770 3082 fuerunt
797 3041 849 3084 et
880 3030 1195 3101 insigniora,
1222 3034 1268 3088 si
1298 3050 1427 3090 vere
1454 3036 1827 3107 contigissent,
1850 3054 2008 3108 quam
2039 3040 2140 3093 mi-

557 3121 735 3175 racula
757 3122 959 3177 Chrisu
986 3134 1040 3179 et
1087 3127 1474 3193 apostolorum,
1504 3129 1639 3183 adeo
1671 3139 1727 3183 ut
1754 3130 1899 3183 nulla
1930 3132 2138 3187 ratione

557 3210 659 3264 dici
686 3214 984 3280 potuissent
1012 3218 1185 3271 rarius
1216 3218 1330 3273 fieri
1372 3234 1533 3288 quam
1558 3229 1738 3275 antea.
1780 3222 1915 3275 Sunt
1941 3232 1993 3277 et
2018 3224 2135 3279 alia:
2163 3198 2212 3265 (ἶ

558 3302 792 3358 rationes
819 3305 1152 3374 suspicandi,
1184 3322 1317 3375 quas
1348 3309 1401 3362 in
1429 3309 1684 3364 brevibus
1708 3312 1850 3366 notis
1879 3328 1986 3367 non
2006 3312 2140 3369 affe-

554 3404 690 3445 ram.
722 3393 854 3447 Vide
881 3411 1000 3463 quie
1036 3396 1266 3452 diximus
1295 3398 1359 3453 ad
1381 3399 1630 3455 Confess.
1664 3401 1759 3458 lib.
1792 3420 1884 3467 vn,
1919 3402 1946 3474 §
1978 3404 2061 3460 16.

624 3486 795 3554 Epist.
820 3489 909 3558 89,
947 3490 1051 3561 θεὲ,
1082 3503 1362 3563 postquam
1394 3494 1529 3549 dixit
1555 3507 1824 3567 martyres
1852 3515 2008 3556 veros
2032 3517 2141 3557 non

553 3578 668 3633 ﬁeri
691 3595 847 3648 pmna
888 3584 983 3638 sed
1008 3598 1190 3652 causa,
1226 3585 1411 3641 addit:
1445 3586 1509 3640 Et
1540 3588 1636 3642 hoc
1664 3591 1871 3659 quidem
1899 3593 2140 3648 adversus

553 3690 636 3728 eos
659 3676 897 3744 dicerem,
930 3694 1056 3747 quos
1082 3679 1193 3733 sola
1208 3682 1371 3751 caligo
1393 3682 1618 3735 lueretici
1638 3686 1823 3737 erroris
1846 3685 2138 3753 involverat,

552 3787 644 3841 pro
672 3788 773 3841 quo
799 3774 1070 3844 sacrilegio
1119 3792 1293 3843 plenas
1321 3778 1646 3847 dignissimas
1676 3780 1891 3846 luerent,
1926 3800 2016 3837 nec
2062 3792 2142 3837 ta-

553 3883 665 3920 men
692 3852 802 3922 ulla
829 3886 1132 3939 quemquam
1157 3870 1380 3925 violenta
1407 3874 1611 3926 insania
1641 3872 1828 3929 laedere
1869 3876 2138 3935 auderent.

553 3960 806 4015 Adversus
849 3974 1020 4017 autem
1051 3965 1174 4019 istos
1202 3966 1325 4034 quid
1355 3967 1543 4037 dicam,
1592 3985 1811 4038 quorum
1838 3978 1942 4024 tam
1971 3975 2141 4043 perni-

550 4054 689 4107 ciosa
715 4056 1041 4124 perversitas,
1078 4057 1156 4111 vel
1189 4057 1498 4113 damnorum
1523 4070 1716 4115 terrore
1746 4073 2025 4131 coercetur,
2059 4068 2139 4119 vel

550 4147 760 4199 docetur
788 4147 989 4214 exsilio,
1017 4165 1171 4218 quam
1200 4150 1382 4219 ubique
1421 4152 1612 4219 di/Tusa
1640 4154 1705 4207 sit
1733 4154 1986 4220 Ecclesia,
2010 4159 2140 4211 sicut

550 4238 728 4306 futura
781 4239 1030 4308 praedicta
1081 4249 1173 4304 est,
1224 4258 1376 4309 quam
1422 4244 1621 4298 malunt
1660 4262 1958 4317 oppugnare
1985 4264 2140 4317 quam

550 4331 858 4396 agnoscere?
884 4328 904 4402 ]
948 4331 1017 4384 At
1045 4332 1247 4387 scelera
1294 4334 1380 4387 illa
1414 4336 1907 4392 circumcellionum
1935 4340 2000 4392 ad
2023 4356 2142 4410 quae

551 4420 770 4488 respicit
794 4422 1139 4493 Augustinus,
1165 4426 1296 4479 nihil
1325 4427 1391 4481 ad
1423 4443 1533 4483 rem
1560 4430 1778 4496 faciunt,
1805 4447 1976 4502 neque
1996 4433 2136 4488 enim

554 4524 774 4585 propter
795 4518 881 4572 illa
909 4520 1116 4573 scelera
1149 4536 1335 4589 ptenas
1349 4521 1568 4588 dabant,
1593 4526 1685 4578 sed
1715 4534 1929 4593 propter
1958 4526 2132 4581 schis-

551 4626 659 4673 ma,
694 4621 749 4664 ut
779 4613 893 4680 ipse
920 4612 1135 4677 fatetur,
1164 4626 1328 4683 utque
1359 4631 1424 4669 ex
1455 4616 1661 4684 legibus
1703 4618 1925 4672 Honorii
1947 4629 2134 4675 contra

552 4701 855 4760 Donatistas
878 4716 1108 4772 constat,
1125 4722 1242 4776 quae
1258 4716 1472 4763 exstant
1497 4710 1589 4763 lib.
1620 4726 1709 4765 xvr
1739 4711 1942 4766 codicis
1955 4714 2133 4769 Theo-

550 4796 779 4863 dosiani,
796 4797 883 4851 ubi
906 4806 965 4851 ut
989 4798 1248 4864 lueretici,
1267 4814 1373 4853 non
1391 4812 1444 4853 ut
1474 4800 1758 4858 facinorosi
1784 4803 2128 4860 damnantur.

549 4888 804 4954 Quaenam
848 4887 1026 4944 au'tcm
1087 4901 1270 4946 essent
1306 4909 1466 4962 preme
1511 4895 1841 4965 dignissimw,
1872 4908 1964 4951 aut
1988 4915 2134 4969 paena

548 4982 736 5046 debita,
772 4991 828 5036 ut
867 4982 1102 5051 loquitur
1154 4983 1419 5039 Honorius
1462 4986 1567 5055 leg.
1599 4987 1692 5051 29,
1724 4988 1806 5042 tit.
1840 4990 1894 5053 5,
1924 4991 2020 5043 lib.
2044 5007 2131 5045 xvr

548 5073 750 5127 codicis
797 5073 1185 5141 'I‘heodosiani,
1229 5075 1390 5131 docet
1414 5078 1743 5146 Augustinus
1784 5080 1835 5133 in
1866 5082 2021 5149 epist.
2062 5083 2129 5136 ad

552 5163 903 5232 Bonifacium,
933 5181 1052 5235 qua;
1072 5177 1155 5220 est
1184 5166 1308 5229 185,
1341 5168 1433 5222 sed
1459 5168 1665 5237 plenius
1687 5184 1939 5239 expressa
1956 5182 2039 5227 est
2066 5188 2130 5228 ea

550 5272 703 5323 paena
723 5257 775 5311 in
802 5258 920 5327 lege
946 5258 1232 5314 Theodosii
1253 5269 1438 5314 contra
1466 5276 1653 5317 omnes
1683 5264 1983 5329 hrereticos,
2011 5281 2129 5333 quae

548 5357 631 5402 est
658 5348 749 5412 21,
786 5350 866 5403 tit.
898 5350 951 5414 5,
988 5350 1081 5404 lib.
1115 5367 1202 5404 xv:
1232 5352 1352 5405 cod.
1386 5353 1591 5408 Theod.
1619 5353 1684 5407 In
1715 5355 1962 5409 luereticis
1990 5373 2128 5410 erro-

549 5439 710 5505 ribus,
742 5441 816 5493 ait
841 5440 1198 5501 Theodosius.
1234 5457 1337 5497 una
1368 5459 1489 5499 cum
1524 5445 1670 5510 ﬁliis,
1704 5445 1758 5499 in
1781 5462 1841 5500 ea
1885 5446 2000 5514 lege
2022 5449 2129 5501 lata

549 5547 689 5586 anno
719 5534 841 5597 592,
863 5551 1186 5605 quoscunque
1207 5537 1483 5589 constiterit
1504 5537 1583 5590 vel
1603 5538 1869 5591 ordinasse
1894 5538 2125 5606 clericos,

549 5623 624 5675 vel
668 5625 945 5694 suscepisse
978 5625 1194 5695 officium
1220 5628 1541 5692 clericorum,
1574 5629 1718 5683 denis
1744 5629 1887 5683 libris
1917 5634 2031 5683 auri
2058 5633 2131 5683 vi-

548 5715 689 5768 ritim
731 5714 1057 5771 mulctandes
1106 5735 1214 5772 esse
1240 5724 1532 5783 censemus;
1589 5719 1755 5774 locum
1797 5738 1918 5775 sane
1946 5722 2003 5774 in
2031 5739 2129 5789 quo

552 5808 701 5864 vetita
728 5814 1005 5869 tentantur.
1042 5813 1086 5865 si
1140 5812 1457 5867 conniventia
1509 5814 1703 5867 domini
1731 5816 1974 5883 potuerit,
2019 5814 2129 5885 ﬁsci
2170 5856 2171 5859 η

2159 4569 2214 4632 1)

2326 1935 2495 2004 Epist.
2531 1936 2619 2002 95,
2659 1936 2684 2008 §
2713 1938 2767 1991 2.
2801 1938 2861 1993 Si
2884 1942 3152 2009 quisquam
3172 1945 3432 2000 inimicum
3452 1965 3594 2003 suum
3619 1956 3774 2018 pericu-

2252 2029 2373 2082 losis
2419 2029 2641 2097 febribus
2676 2031 3026 2099 phreneticum
3071 2040 3265 2105 factum
3304 2056 3505 2095 currere
3532 2044 3697 2098 videret
3738 2049 3775 2099 iu

2251 2138 2497 2194 praeceps,
2524 2140 2691 2177 nonne
2720 2133 2827 2177 tum
2856 2127 3021 2193 potius
3054 2128 3250 2182 malum
3278 2147 3370 2197 pro
3408 2133 3539 2186 malo
3570 2136 3771 2202 redderet,

2250 2216 2297 2267 si
2335 2231 2447 2267 eum
2476 2216 2548 2268 sic
2583 2232 2788 2271 currere
2814 2219 3145 2287 permitteret,
3177 2238 3332 2290 quam
3360 2224 3403 2277 si
3449 2226 3776 2295 corripiendus:

2253 2305 2625 2375 ligandumque
2659 2308 2945 2379 θηται-αἲ]
3010 2310 3121 2365 Hac
3158 2314 3405 2382 epistola,
3460 2318 3774 2385 copiosissime

2252 2396 2483 2464 probare
2499 2398 2808 2467 aggreditur
2826 2401 3184 2471 Hipponensis
3203 2407 3485 2477 episcopus
3500 2410 3676 2465 licitam
3687 2428 3776 2468 esse

2253 2490 2676 2556 persecutionem
2691 2492 2757 2545 ad
2769 2507 2862 2548 eos
2889 2509 3025 2563 quos
3046 2496 3098 2549 in
3128 2511 3317 2553 errore
3339 2502 3531 2556 versari
3557 2514 3772 2572 putamus,

2251 2578 2317 2633 ad
2343 2580 2590 2637 veritatis
2613 2583 3001 2652 professionem
3033 2587 3402 2646 adducendos.
3434 2593 3544 2659 Qua
3567 2594 3667 2663 ejus
3686 2598 3775 2665 opis

2251 2672 2413 2727 nione
2440 2688 2560 2729 cum
2606 2674 2758 2729 multi
2787 2676 2938 2732 abusi
2992 2677 3193 2735 fuerint
3231 2691 3288 2736 et
3330 2684 3607 2739 etiamnum
3655 2686 3775 2741 hodie

2250 2765 2557 2834 abutantur,
2590 2783 2698 2822 non
2728 2768 2852 2835 erit,
2883 2780 2941 2824 ut
2964 2773 3179 2841 opinor,
3212 2776 3401 2831 inutile
3419 2779 3679 2834 ostendere
3696 2780 3776 2834 Au-

2246 2860 2517 2924 gustinum
2557 2862 2792 2929 graviter
2830 2863 2933 2918 hoc
2958 2864 3012 2919 in
3057 2870 3275 2936 negotio
3304 2885 3533 2937 errasse,
3563 2882 3613 2927 et
3636 2889 3659 2927 a
3682 2890 3775 2929 vera

2246 2953 2513 3006 sententia
2544 2952 2601 3007 in
2630 2952 2955 3011 deteriorem
3003 2959 3225 3024 abiisse;
3273 2964 3515 3031 quamvis
3542 2964 3776 3033 creteroqui

2245 3042 2479 3099 schisma
2526 3059 2589 3100 ac
2642 3048 2995 3117 pertinaciam
3048 3052 3451 3109 Donatistarum
3495 3072 3774 3127 nequaquam

2248 3134 2558 3202 probemus.
2602 3136 2763 3206 Igitur
2787 3140 3062 3207 potissima
3093 3158 3325 3213 quasque
3354 3147 3475 3216 ejus
3510 3160 3775 3217 argumenta

2244 3226 2309 3278 ad
2337 3241 2560 3282 examen
2609 3231 3004 3300 revocabimus,
3054 3242 3209 3302 prout
3239 3237 3431 3293 ordine
3460 3240 3604 3293 nobis
3630 3253 3778 3293 occur-

2245 3330 2386 3373 rent.
2421 3320 2499 3374 Ad
2533 3322 2759 3389 primum
2790 3325 3005 3393 quidem
3036 3328 3177 3396 quod
3232 3331 3447 3395 attinet,
3498 3332 3781 3400 comparatio

2244 3428 2309 3467 ex
2344 3410 2659 3481 phrenetico
2684 3416 2910 3471 deducta
2937 3420 3137 3473 nullius
3166 3431 3248 3475 est
3269 3422 3540 3491 ponderis.
3587 3424 3782 3478 Phrene-

2244 3505 2335 3558 tici
2358 3506 2497 3559 enim
2517 3505 2634 3561 sine
2654 3506 2765 3561 ullo
2788 3507 2951 3563 dubio
2967 3514 3423 3580 suntphrenetici,
3446 3524 3499 3569 et
3519 3515 3780 3569 societatem

2243 3597 2452 3651 civilem
2476 3598 2633 3665 plane
2663 3600 2993 3667 perturbant.
3025 3602 3209 3672 Itaque
3231 3604 3379 3673 leges
3396 3607 3571 3662 civiles
3594 3621 3676 3660 eos
3700 3621 3771 3660 co-

2242 3690 2413 3743 erceri
2472 3691 2745 3757 patiuntur
2788 3700 2844 3745 et
2877 3691 3084 3760 jubent,
3141 3695 3319 3750 donec
3347 3699 3513 3752 curati
3547 3697 3779 3764 pristinam

2244 3778 2601 3834 valetudinem
2640 3783 3027 3850 recuperarint.
3064 3783 3135 3839 At
3156 3785 3210 3839 in
3238 3788 3617 3843 controversiis
3642 3788 3699 3841 de
3717 3802 3780 3840 re-

2242 3875 2459 3944 ligione,
2489 3875 2541 3929 in
2563 3873 2757 3943 quibus
2781 3889 2926 3945 saepe
2951 3878 3136 3933 videas
3177 3882 3480 3937 contrarias
3511 3889 3675 3952 partes
3699 3881 3781 3932 vir-

2242 3975 2412 4021 tutum
2432 3966 2857 4023 Christianarum
2884 3985 3037 4038 atque
3065 3972 3341 4028 studiosas
3359 3975 3657 4044 legibusque
3679 3973 3780 4027 civi-

2242 4057 2381 4113 libus
2403 4059 2604 4126 pariter
2634 4058 3033 4129 obsequentes;
3090 4078 3179 4117 res
3225 4079 3336 4121 non
3376 4076 3458 4120 eSt
3496 4080 3655 4133 neque
3673 4062 3778 4117 adeo

2241 4153 2541 4219 manifesta,
2567 4162 2626 4208 ut
2651 4154 2835 4209 altera;
2858 4163 3037 4223 partes
3059 4156 3359 4212 alterarum
3391 4159 3623 4213 homines
3650 4155 3778 4224 phre-

2240 4244 2538 4299 neticorum
2570 4245 2690 4299 loco
2737 4245 2937 4302 habere
2962 4257 3191 4316 queant;
3217 4264 3319 4304 nec
3344 4250 3397 4304 in
3429 4250 3581 4304 tantis
3617 4245 3779 4302 adecti-

2242 4335 2340 4388 bus
2380 4336 2565 4404 quanti
2604 4336 2692 4393 hic
2717 4336 3217 4407 deprehenduntur,
3248 4341 3341 4395 alii
3371 4342 3587 4396 aliorum
3610 4338 3779 4407 judices

2240 4440 2362 4481 esse
2409 4434 2653 4495 possunt.
2699 4428 2987 4486 Multitudo
3029 4440 3125 4485 aut
3174 4435 3435 4501 potentia,
3466 4446 3579 4501 qua:
3604 4428 3691 4483 sibi
3713 4426 3779 4494 jus

2233 4518 2507 4588 judicandi
2550 4522 2601 4575 vi
2635 4536 2885 4590 arrogare
2919 4521 3115 4588 solent,
3144 4523 3246 4578 huc
3282 4524 3415 4579 nihil
3442 4523 3652 4584 faciunt,
3680 4531 3777 4573 cum

2240 4612 2519 4667 veritatem
2550 4628 2716 4682 penes
2741 4615 3026 4684 plerosque
3056 4623 3110 4669 et
3141 4615 3538 4684 potentissimos
3558 4614 3661 4667 fore
3679 4621 3779 4663 nus-

2240 4721 2397 4774 quam
2418 4706 2725 4774 promiserit
2750 4707 2909 4761 Deus.
2943 4708 3021 4761 Ac
3060 4722 3189 4762 sane
3229 4707 3553 4764 contrarium
3572 4700 3777 4759 statuito,

2240 4800 2443 4855 videbis
2471 4809 2522 4854 te
2548 4810 2733 4856 contra
2766 4811 2816 4854 te
2845 4800 3018 4869 ipsum
3036 4800 3330 4870 judicasse,
3358 4800 3403 4854 si
3436 4809 3665 4868 tempora
3686 4806 3777 4847 mu-

2240 4900 2449 4954 tentur;
2473 4899 2527 4944 ut
2561 4892 2784 4957 contigit
2806 4893 2965 4958 paulo
2987 4902 3105 4959 post
3146 4892 3197 4945 in
3235 4892 3438 4956 Africa,
3466 4891 3552 4945 ubi
3587 4880 3778 4941 Vandali

2238 4980 2445 5046 Ariani,
2470 4992 2520 5034 et
2546 4980 2601 5034 in
2644 4980 2820 5047 Italia,
2848 4982 2936 5035 ubi
2970 4981 3151 5045 Gothi,
3190 4983 3365 5037 eidem
3387 4981 3573 5036 baresi
3594 4974 3775 5039 addicti,

2240 5074 2397 5142 longe
2439 5073 2769 5139 potentiores
2814 5072 3051 5127 fuerunt.
3093 5074 3149 5128 Si
3177 5074 3244 5128 ad
3270 5089 3336 5129 ea
3375 5087 3543 5143 usque
3572 5076 3775 5135 tempora

2241 5165 2401 5218 vitam
2436 5164 2780 5232 produxisset
2812 5166 3162 5234 Augustinus,
3187 5165 3518 5235 vidissetque
3544 5177 3573 5216 a
3602 5158 3767 5214 Vanda

2240 5254 2302 5309 lis
2323 5254 2535 5308 Arianis
2564 5254 2707 5309 male
2727 5254 2911 5308 haberi
2935 5254 3226 5310 catholicos
3248 5254 3429 5321 Afros,
3451 5253 3596 5323 quasi
3617 5250 3779 5320 impios

2237 5363 2299 5402 ac
2335 5349 2677 5417 phreneticos,
2701 5346 2859 5401 facile
2881 5348 3142 5402 sensisset
3169 5361 3227 5402 se
3270 5347 3562 5416 periculosa
3598 5339 3773 5395 ratioci-

2240 5444 2455 5497 natione
2478 5456 2602 5497 esse
2634 5456 2787 5496 usum
2823 5448 3012 5494 contra
3044 5440 3373 5505 Donatistas,
3406 5448 3458 5493 et
3494 5436 3653 5490 denuo
3687 5440 3774 5482 cm-

2241 5536 2409 5603 pisset
2427 5532 2721 5588 defendere
2745 5533 3067 5588 sententiam
3090 5548 3249 5602 quam
3275 5546 3384 5600 prae
3415 5528 3598 5618 affectu
3636 5530 3773 5618 retra-

2239 5637 2432 5682 ctarat.
2458 5627 2589 5681 Nam
2621 5626 2819 5681 frustra
2842 5625 3168 5697 reposuisset
3193 5639 3222 5677 a
3268 5622 3377 5677 suis
3416 5616 3639 5689 partibus
3660 5616 3771 5665 veri-

2240 5730 2403 5774 tatem
2445 5732 2616 5783 stare,
2644 5720 2719 5772 uti
2751 5716 3019 5772 faciebant
3046 5716 3360 5780 Donatistas,
3396 5708 3661 5781 negassent
3690 5701 3770 5755 hoc

2238 5812 2454 5877 Ariani;
2488 5820 2682 5867 etcum
2710 5811 2919 5882 iudices
2949 5811 3002 5866 in
3034 5810 3134 5866 hae
3161 5824 3255 5865 sua
3278 5820 3439 5863 causa
3468 5804 3768 5867 θεοεηινθυπλ
