3954 6364
216 301 289 354 255
840 294 1194 352 VARIORUM
1233 286 1827 351 EXERCITATIONES
1866 290 1927 345 IN
1969 289 2025 345 S.
2071 288 2442 348 AUGUSTINI
2480 290 2728 347 OPERA.

2168 192 2239 207 r..-
2288 192 2291 193 ν
2316 191 2351 196 ν..
2363 190 2383 197 -η,
2406 190 2419 193 ι
2460 188 2461 191 π

3272 360 3287 371 κ
3307 294 3412 352 est

215 440 261 474 (ιυ
287 433 331 472 se
359 417 663 485 gessissent,
697 416 844 483 quasi
869 430 989 469 cum
1016 415 1285 485 pertinace
1335 414 1604 477 haeretica,
1649 427 1739 463 ex-
1767 407 2026 475 Altaque
2072 421 2179 459 non
2216 415 2328 459 erat
2355 420 2449 459 cur
2479 405 2803 473 Augustinus
2838 414 3148 461 vexatorum
3178 422 3413 465 amorem

217 512 616 582 probrassentque
655 510 705 562 ei
753 522 939 561 omnes
978 508 1283 561 vexationes
1322 521 1449 573 quas
1492 504 1670 557 Ariani
1711 518 1751 554 ar

215 603 440 663 catholicis
462 603 605 672 passi
630 612 784 655 erant
810 619 821 653 ε
848 598 1297 670 quemadmodum
1337 598 1422 649 hic
1450 594 1743 649 Donatistis

215 698 449 765 exprobrat
472 692 977 747 Circumcellionum
1002 690 1230 743 furores.
1260 689 1302 743 Ο
1333 687 1567 741 infelicia
1589 700 1745 754 argu-

217 796 372 850 menta,
395 799 510 854 quae
531 784 691 851 paulo
709 792 824 852 post
852 797 997 836 mera
1040 781 1364 850 sophismata
1411 779 1543 831 facta
1584 777 1739 832 sunt!

217 878 472 936 Orationes
496 874 866 943 imprudentes
890 888 954 927 ac
985 872 1221 940 fallaces,
1248 886 1363 941 quae
1385 871 1554 925 errori
1597 885 1747 939 teque

218 968 639 1044 patrocinabantur
677 981 741 1021 ac
767 965 1007 1019 veritati!

269 1062 379 1118 Ibid.
405 1059 446 1114 0
474 1061 518 1112 si
550 1058 639 1111 tibi
666 1074 862 1128 possent
895 1057 1160 1111 ostendere
1190 1073 1250 1110 ex
1278 1056 1401 1126 ipsis
1438 1054 1747 1109 Circumcel-

222 1153 419 1217 lionibus,
436 1164 586 1219 quam
608 1150 794 1202 multos
812 1149 923 1217 jam
946 1147 1222 1200 catholicos
1250 1146 1539 1214 manifestos
1566 1145 1751 1197 habea-

220 1263 304 1301 mus
332 1244 621 1297 damnantes
648 1256 792 1293 suam
830 1240 1098 1309 pristinam
1136 1238 1326 1291 vitam!
1351 1235 1483 1306 etc.'j
1527 1238 1593 1291 At
1631 1235 1750 1304 quis

221 1337 362 1396 credat
376 1332 611 1387 homines
631 1330 963 1385 facinorosos
994 1344 1099 1383 non
1124 1329 1438 1392 rationibus,
1464 1342 1594 1397 quas
1616 1340 1753 1380 sem-

223 1447 296 1503 per
311 1432 603 1497 spreverant
624 1431 910 1491 antequam
936 1422 1015 1474 vis
1041 1421 1437 1488 admoveretur,
1464 1418 1558 1471 sed
1582 1417 1753 1485 poenis

231 1520 362 1578 subito
379 1513 630 1569 adductos
660 1512 726 1566 ad
768 1512 821 1565 id
845 1509 1203 1580 profitendum
1235 1509 1373 1578 quod
1412 1508 1749 1571 damnarant,

239 1615 296 1668 ita
311 1621 398 1664 esse
416 1612 647 1659 mutatos
669 1604 866 1665 aninto,
892 1615 997 1654 non
1024 1614 1155 1653 vero
1181 1597 1576 1666 potentioribus
1599 1592 1756 1664 parti-

244 1704 401 1757 busore
435 1693 796 1765 gratificatos?
822 1691 990 1746 Valde
1040 1689 1319 1744 credulum
1363 1703 1482 1743 esse
1524 1693 1751 1756 oportet,

1846 514 1968 567 erga
2003 498 2193 551 fratres
2217 507 2553 564 compararet
2582 513 2700 552 cum
2731 512 2914 553 amore
2942 497 3127 552 divino
3152 501 3205 553 in
3229 498 3416 553 huma-

1845 607 1970 644 num
2004 606 2193 660 genus.

1916 682 2073 748 Ibid.,
2108 680 2137 753 ᾗ
2165 682 2219 737 5.
2255 680 2413 735 Putas
2444 683 2690 736 neminem
2719 682 2895 737 debere
2916 684 3025 755 cOgi
3050 683 3117 736 ad
3136 686 3417 757 justitiam,

1848 793 1962 829 cum
2001 777 2139 846 legas
2162 776 2585 848 patremfamilias
2608 778 2797 831 dixisse
2825 780 2980 832 servis
3012 796 3029 832 :
3066 780 3420 850 Quoscnnque

1849 869 2162 923 inveneritis
2209 867 2383 938 cogite
2433 869 2667 932 intrare;
2720 885 2834 921 cum
2890 871 3027 941 legas
3073 872 3223 923 etiam
3256 873 3421 940 ipsum

1852 959 2014 1027 primo
2058 958 2295 1024 Saulum,
2330 967 2504 1026 postea
2551 956 2797 1022 Paulum,
2830 960 2896 1011 ad
2936 963 3335 1029 cognoscendam
3377 974 3425 1016 et

1852 1047 2119 1101 tenendam
2165 1049 2446 1111 veritatem,
2476 1065 2661 1118 magna
2686 1048 2924 1102 violentia
2959 1050 3145 1105 Christi
3176 1056 3420 1123 cogentis,

1851 1156 1958 1194 esse
1995 1140 2335 1208 compulsum,
2369 1139 2511 1210 ete.]
2538 1144 2834 1210 Antequam
2872 1146 3201 1211 coactionem,
3234 1146 3300 1200 de
3322 1163 3423 1215 qua

1854 1246 2031 1287 sermo
2058 1245 2137 1287 est
2175 1235 2304 1287 Luc.
2351 1250 2459 1295 xxv,
2484 1234 2577 1297 ‘25,
2611 1235 3048 1303 interpretaretur
3078 1238 3421 1306 Augustinus,

1857 1324 1923 1377 de
1953 1325 2001 1377 vi
2030 1324 2169 1377 illata
2218 1325 2422 1395 legibus
2450 1332 2505 1379 et
2533 1326 2728 1393 poenis,
2761 1326 2995 1395 cogitare
3024 1328 3249 1381 debebat
3275 1344 3427 1396 para—

1855 1415 2031 1470 bolam
2054 1417 2160 1469 illic
2190 1432 2218 1470 a
2249 1416 2462 1470 Christo
2488 1417 2619 1470 tradi
2647 1417 2699 1470 in
2730 1433 2833 1486 qua
2860 1417 3189 1486 hocjubetnr
3218 1435 3423 1485 servus,

1857 1508 1945 1577 qui
1971 1508 2161 1562 frustra
2190 1517 2475 1562 vocaverat
2503 1507 2755 1563 convivas
2776 1519 2931 1563 antea
2964 1509 3236 1576 invitatos,
3260 1518 3314 1564 et
3339 1512 3429 1580 qui

1858 1599 2127 1651 liberrime
2166 1614 2285 1651 sese
2332 1608 2583 1652 venturos
2616 1609 2903 1667 negarant;
2948 1614 3120 1669 neque
3166 1599 3279 1653 haec
3310 1616 3431 1669 pars

1861 1692 2129 1758 parabolae
2173 1700 2362 1745 contra
2390 1692 2562 1761 ipsum
2601 1704 2900 1762 urgeretur.
2933 1694 3259 1763 Augustinus
3289 1697 3430 1750 enim

241 1793 305 1861 qui
319 1787 463 1843 verbis
478 1795 624 1839 metu
644 1784 869 1839 extortis
890 1792 995 1836 tam
1038 1782 1195 1836 facile
1244 1779 1403 1857 fidem
1440 1780 1617 1833 habet.
1650 1778 1756 1832 Sed
1784 1779 1832 1840 B
1860 1781 2071 1835 volebat
2093 1798 2275 1836 omnes
2293 1792 2506 1836 vocatos
2533 1784 2597 1836 ad
2634 1783 2927 1838 Ecclesium
2956 1785 3270 1840 catholicam
3293 1788 3430 1855 cogi,

231 1884 329 1940 satis
365 1879 619 1934 habebant
647 1884 937 1932 vexatores
976 1874 1087 1928 Afri
1129 1883 1305 1941 partes
1362 1870 1757 1924 Donatistarum

226 1972 458 2035 afﬂixisse,
502 1982 605 2023 nec
644 1968 869 2021 multum
920 1965 1177 2019 curabant
1229 1979 1297 2017 an
1328 1976 1512 2017 eorum
1550 1960 1759 2013 animos

221 2079 324 2120 vere
345 2069 632 2127 sanassent,
657 2060 702 2115 si
745 2058 907 2113 modo
947 2071 1169 2126 corpora
1209 2056 1439 2111 obnoxia
1479 2054 1755 2109 haberent.

219 2157 451 2210 Praterea
481 2152 676 2207 similia
702 2151 907 2219 jactare
949 2157 1197 2218 poterant
1228 2147 1429 2212 Ariani,
1468 2156 1749 2216 postquam

214 2243 486 2314 aliquandiu
509 2241 806 2298 catholicos
854 2240 995 2295 male
1035 2239 1361 2301 habuerant;
1413 2254 1534 2291 nam
1568 2239 1761 2293 multos

210 2350 265 2389 ex
297 2324 661 2388 inﬁrmioribus
684 2339 776 2386 aut
811 2331 1156 2401 aequioribus
1192 2331 1529 2385 adducebant
1557 2340 1762 2384 terrore

206 2424 561 2494 suppliciorum
582 2422 649 2477 ad
685 2422 1034 2492 abjurandam
1065 2421 1328 2492 synodum
1359 2421 1646 2475 Nicmnam.
1674 2420 1762 2474 Sic

204 2517 350 2572 ﬁebat
368 2524 423 2569 ut
442 2515 625 2584 optimi
647 2516 846 2585 quique
868 2515 960 2581 qui
982 2525 1165 2569 contra
1191 2514 1356 2569 animi
1379 2514 1760 2568 conscientiam

200 2622 346 2678 agere
366 2617 419 2662 et
438 2607 583 2676 loqui
604 2606 998 2673 detrectabant,
1032 2616 1195 2676 atque
1218 2617 1502 2676 propterea
1544 2606 1763 2660 laudan-

196 2700 264 2762 di,
292 2699 413 2753 licet
433 2699 821 2768 ceteroquinin
840 2714 1026 2755 errore
1046 2708 1415 2767 versarentur,
1442 2708 1615 2765 erant,
1639 2714 1762 2767 pes-

191 2794 320 2847 sime
348 2794 753 2859 mulctarentur;
786 2804 839 2848 et
871 2804 1058 2849 centra
1085 2802 1144 2847 ut
1186 2792 1438 2848 levissimi
1476 2793 1672 2863 quique
1701 2792 1764 2847 ac

191 2883 603 2938 dissimulatores
629 2884 960 2939 callidissimi
986 2884 1174 2938 laudes
1199 2893 1253 2939 et
1274 2898 1301 2937 a
1319 2882 1593 2938 catholicis
1614 2891 1670 2938 et
1697 2882 1764 2937 ab

188 2975 396 3029 Arianis
415 2975 695 3029 referrent.

255 3065 412 3129 Ibid.,
439 3065 467 3135 ᾗ
501 3068 553 3120 5.
587 3066 648 3121 Si
678 3075 984 3120 terrerentur
1007 3076 1053 3120 et
1076 3082 1173 3120 non
1188 3067 1509 3131 docerentur,
1531 3064 1763 3135 improba

1861 1886 1980 1924 eum
2026 1874 2075 1924 in
2111 1873 2358 1941 parabola
2389 1873 2640 1938 mendici,
2674 1873 2951 1942 duntaxat,
2985 1876 3158 1929 claudi
3216 1886 3270 1930 et
3308 1877 3434 1931 caeci

1861 1972 2156 2031 cogantur,
2218 1965 2592 2032 prmtermissis
2644 1964 2780 2017 aliis.
2857 1964 2940 2019 An
2987 1966 3206 2033 putabat
3258 1968 3435 2038 Augu-

1862 2055 2034 2107 Stinus
2051 2068 2111 2105 ea
2135 2057 2390 2108 coactione
2411 2055 2695 2123 significari
2720 2057 3109 2125 impositionem
3132 2073 3435 2126 poenarum,

1862 2145 2046 2212 quales
2073 2160 2138 2198 ex
2168 2146 2283 2214 lege
2328 2146 2615 2199 Theodosii
2662 2146 2727 2200 ad
2773 2148 2930 2215 epist.
2966 2148 3033 2203 89
3084 2150 3437 2217 protulimus?

1863 2238 1943 2288 An
1970 2236 2045 2288 sic
2071 2237 2315 2291 homines
2347 2237 2409 2290 a'd
2434 2238 2739 2291 convivium
2762 2239 2943 2293 venire
2974 2252 3235 2309 coguntur
3253 2241 3273 2280 ν
3308 2242 3437 2308 Quis

1865 2329 2035 2381 nescit
2071 2344 2163 2383 eos
2217 2331 2326 2399 cogi
2383 2329 2487 2383 dici
2539 2331 2629 2399 qui
2668 2330 2919 2399 precibus
2973 2333 3305 2400 adiguntur?
3350 2330 3439 2389 Sic

1864 2419 2029 2474 Lotus
2056 2422 2189 2476 Gen.
2223 2437 2331 2489 XIX,
2366 2423 2397 2475 5
2425 2421 2619 2476 dicitur
2646 2424 3071 2490 καταϐιάσασθαι,
3101 2427 3321 2496 coegisse
3347 2442 3440 2482 an-

1864 2516 2013 2584 gelos
2042 2525 2099 2568 ut
2126 2515 2263 2583 apud
2295 2531 2352 2569 se
2374 2523 2770 2584 pernoctarent.
2802 2515 2892 2571 Sic
2917 2516 3105 2572 Matth.
3138 2534 3250 2582 xw,
3272 2519 3362 2585 22,
3388 2528 3441 2574 et

1853 2605 2033 2661 Marc.
2061 2621 2133 2670 vr,
2164 2604 2253 2672 45,
2278 2605 2432 2660 Jesus
2476 2605 2724 2660 scribitur
2756 2608 3035 2681 ἀναγκάσαι
3077 2609 3296 2678 coegisse
3326 2609 3438 2662 dis-

1867 2697 2073 2765 cipulos
2118 2696 2383 2765 navigium
2428 2696 2654 2767 ingredi.
2689 2697 2779 2752 Sic
2824 2698 3129 2766 Luc.‘xx1v,
3160 2699 3250 2769 Q9,
3282 2700 3441 2754 disci-

1868 2790 1980 2858 puli
2012 2790 2117 2842 duo
2152 2790 2523 2843 Emmanntem
2561 2797 2747 2843 euntes
2774 2789 3022 2845 dicuntur
3057 2790 3236 2845 Jesum
3266 2815 3440 2868 παρα-

1870 2884 2165 2950 ϐιάσασθαι,
2189 2884 2410 2953 coegisse
2432 2891 2489 2936 nt
2516 2896 2698 2938 secum
2727 2892 2983 2939 coenaret.
3014 2885 3103 2940 Sic
3120 2884 3237 2940 Gal.
3264 2902 3319 2951 ιι,
3348 2885 3438 2951 “2.4,

1865 2972 2220 3043 exprobrasse
2264 2988 2321 3025 se
2351 2973 2480 3027 dicit
2510 2973 2705 3027 Paulus
2733 2974 2891 3029 Petro
2927 2975 3068 3045 quod
3109 2975 3330 3045 gentiles
3358 2991 3441 3028 co-

1867 3074 2003 3135 geret
2049 3064 2250 3132 (utitur
2295 3065 2460 3119 verbo
2507 3066 2835 3138 ἀναγκάζειν)
2856 3065 3152 3136 judaizare.
3196 3067 3250 3120 In
3298 3068 3442 3121 hisce

188 3158 331 3225 quasi
346 3158 626 3210 dominatio
648 3158 921 3211 uideretur.
953 3158 1152 3211 Rursus
1180 3160 1226 3211 si
1265 3158 1565 3211 docerentur
1583 3168 1630 3212 et
1659 3175 1764 3212 non
1869 3156 2135 3221 omnibus,
2171 3157 2309 3211 nulla
2340 3159 2418 3211 vis
2459 3156 2716 3224 adhibita,
2745 3162 2839 3212 sed
2871 3169 3073 3213 tantum
3119 3174 3324 3229 preces,
3350 3176 3443 3212 au-

188 3252 512 3315 terrerentur,
538 3254 782 3300 vetustate
803 3248 1183 3301 consuetudinis
1212 3249 1469 3315 obdurati,
1498 3250 1565 3302 ad
1585 3266 1761 3319 capes-

188 3338 395 3390 sendam
420 3339 551 3391 viam
577 3339 756 3392 salutis
780 3340 976 3409 pigrius
998 3350 1340 3406 moverentur,
1364 3341 1495 3411 etc.gl
1518 3340 1620 3395 Sed
1646 3351 1762 3395 ter-

191 3440 276 3481 ror
297 3428 612 3497 coniunctus
640 3429 900 3484 doctrinae
926 3444 1045 3485 eam
1084 3432 1433 3486 vehementer
1459 3441 1763 3501 suSpectam

189 3519 350 3585 facit;
380 3520 576 3590 quippe
596 3536 753 3590 quam
779 3531 964 3590 putant
995 3522 1262 3589 homines,
1298 3524 1399 3577 nisi
1426 3524 1474 3576 vi
1498 3533 1551 3577 et
1579 3534 1766 3579 aucto-

194 3613 348 3667 ritate
370 3614 673 3681 fuleiretur,
699 3620 890 3681 sponte
915 3628 1010 3668 sna
1032 3615 1413 3684 collapsuram,
1438 3630 1535 3670 nec
1559 3624 1765 3670 terrore

198 3704 366 3771 legum
394 3704 491 3769 uti,
514 3704 619 3759 nisi
661 3704 780 3773 quia
814 3704 1018 3761 lumine
1065 3705 1307 3761 veritatis
1349 3706 1445 3760 sibi
1491 3708 1766 3762 hominum

199 3797 395 3852 animos
414 3797 700 3851 conciliare
712 3798 1044 3866 nequitJlmc
1064 3814 1181 3867 quac
1198 3798 1424 3853 dicimus
1441 3799 1652 3854 Arianis
1669 3800 1766 3855 0b-

202 3885 405 3953 iecisset
424 3888 772 3955 Augustinus,
791 3890 833 3941 si
860 3890 1013 3955 paulo
1036 3890 1234 3943 diutius
1273 3890 1525 3956 vixisset;
1551 3891 1763 3960 quando

208 3991 292 4032 eos
315 3977 531 4033 vidisset
551 3979 738 4033 iisdem
754 3980 1090 4048 argumentis
1114 3980 1189 4033 uti
1226 3991 1412 4034 contra
1453 3982 1765 4037 catholicos.

274 4087 395 4141 Ibid.
424 4090 522 4159 gs.
549 4090 677 4153 Quis
705 4106 796 4141 nos
823 4092 983 4157 (male
1004 4091 1205 4145 editum
1236 4100 1319 4144 est
1348 4108 1448 4144 non
1494 4094 1544 4145 in
1587 4107 1770 4147 exem-

215 4177 333 4244 plari
358 4179 663 4252 Parisiensi)
688 4189 848 4248 potest
880 4182 1100 4251 amplius
1122 4198 1293 4235 amare
1316 4199 1468 4251 quam
1501 4182 1674 4235 Deus?
1704 4182 1769 4235 Et

219 4274 363 4322 tamen
387 4286 474 4323 nos
503 4287 605 4323 non
641 4270 808 4323 solum
843 4271 1023 4325 docere
1052 4273 1292 4337 suaviter,
1324 4289 1495 4325 verum
1516 4273 1667 4326 etiam
1689 4290 1771 4325 sa-

219 4358 409 4414 lubriter
441 4372 646 4427 terrere,
675 4379 776 4415 non
811 4372 990 4415 cessat.
1024 4362 1309 4431 Diligamus
1347 4364 1499 4417 etiam
1538 4365 1770 4418 inimicos

219 4460 413 4514 nostros,
437 4453 554 4521 quia
580 4451 677 4505 hoc
690 4453 890 4521 justum
907 4461 978 4505 est
1005 4461 1051 4505 et
1081 4454 1175 4506 hoc
1198 4455 1426 4525 prtecipit
1448 4455 1600 4519 Deus,
1636 4455 1772 4508 utsi-

1866 3252 2105 3312 ctoritas,
2140 3248 2466 3319 exemplum,
2498 3248 2613 3303 sine
2636 3249 2757 3303 ullis
2783 3250 2953 3320 poenis
2974 3266 2989 3315 ;
3013 3262 3066 3304 et
3107 3252 3181 3304 sic
3208 3251 3444 3305 Solemus

1812 3401 1837 3425 τ
1867 3342 1920 3394 in
1954 3342 2198 3395 omnibus
2228 3341 2397 3395 ferme
2426 3341 2617 3410 linguis
2648 3342 2811 3411 loqui.
2839 3342 2917 3397 Ad
2947 3344 3284 3400 vocationem
3317 3360 3443 3403 vero

1867 3432 2011 3487 Sauli
2050 3432 2192 3501 quod
2233 3432 2443 3497 attinet,
2468 3448 2587 3502 qua:
2616 3434 2838 3488 cmlesle
2879 3436 3191 3490 miraculum
3239 3449 3338 3501 eSI,
3365 3440 3442 3491 si-

1869 3523 2020 3577 miles
2043 3532 2186 3577 artes
2206 3523 2462 3578 adhibere
2489 3523 2534 3576 si
2560 3526 2821 3594 potuisset
2842 3526 2908 3579 ad
2930 3528 3318 3581 convertendos
3340 3528 3445 3581 Do-

1869 3616 2112 3683 natistas,
2155 3615 2289 3670 nihil
2320 3628 2435 3670 erat
2486 3632 2581 3670 cur
2634 3633 2755 3671 eum
2803 3619 2888 3673 hic
2919 3618 3340 3684 eiitrfutaremus,
3392 3631 3445 3674 et

1869 3721 2080 3761 omnem
2115 3708 2466 3776 pervicaciam
2500 3708 2656 3762 facile
2696 3710 2931 3764 vicisset.
2965 3711 3070 3764 Sed
3100 3726 3219 3764 cum
3252 3712 3445 3766 divinis

1868 3799 2140 3853 miraculis
2186 3798 2415 3853 conferri
2442 3799 2544 3852 vim
2570 3815 2598 3852 a
2641 3802 2897 3855 militibus
2947 3801 3292 3857 lictoribusve
3332 3818 3443 3856 ma-

1869 3893 2185 3962 gistratuum
2217 3891 2428 3945 allatam
2452 3908 2466 3957 ;
2489 3902 2543 3945 et
2572 3894 2693 3961 quia
2724 3892 2867 3948 Deus
2895 3894 3153 3949 miracula
3177 3896 3441 3951 interdum

1869 3982 2115 4037 adhibuit
2144 3984 2208 4037 ad
2240 3981 2487 4037 homines
2517 3984 2932 4049 convincendos,
2967 3986 3088 4038 hinc
3113 3986 3288 4054 colligi
3318 3987 3439 4040 ideo

1871 4073 2073 4127 licitum
2104 4087 2227 4127 esse
2246 4075 2296 4126 vi
2324 4074 2419 4141 uti,
2449 4087 2556 4127 non
2579 4073 2809 4143 patim'ur
2838 4074 2955 4128 sine
2981 4075 3155 4142 aliqua
3197 4076 3443 4145 indigna-

1876 4165 2036 4218 tione.
2069 4164 2205 4229 Quid
2235 4164 2376 4217 enim
2429 4164 2576 4217 hisce
2621 4164 2971 4218 dissimilius?
3020 4166 3076 4218 Si
3118 4166 3446 4235 Augustinus

1873 4258 1985 4325 ipse
2012 4256 2078 4311 ad
2108 4255 2427 4311 Vandalicas
2455 4258 2852 4324 persecutiones
2880 4258 3045 4310 vitam
3084 4260 3443 4327 produxisset,

1873 4356 1927 4403 et
1952 4350 2026 4401 sic
2066 4363 2157 4401 eas
2181 4346 2393 4401 defendi
2432 4346 2723 4401 audivisset
2771 4346 2837 4401 ab
2878 4348 3104 4410 Arianis,
3132 4350 3214 4402 vix
3247 4358 3447 4418 tempe-

1876 4456 1995 4494 rare
2028 4442 2286 4509 potuisset
2312 4442 2435 4510 quin
2473 4442 2799 4498 exclamaret
2826 4458 2919 4498 eos
2944 4442 3320 4513 blasphemare
3356 4445 3445 4516 qui

214 4558 319 4594 atus
337 4543 423 4607 ﬁlii
450 4542 622 4596 Patris
654 4544 831 4608 nostri,
865 4544 950 4613 qui
978 4544 1031 4596 in
1060 4545 1198 4597 caelis
1224 4553 1318 4609 est,
1351 4512 1438 4613 qui
1460 4547 1583 4615 facit
1612 4549 1769 4600 solem
1795 4512 1851 4574 Β
1878 4534 1996 4589 lana
2019 4544 2411 4603 compararem-

208 4650 349 4686 suum
376 4636 492 4688 oriri
520 4651 670 4706 super
693 4635 848 4688 bonos
878 4648 923 4689 et
952 4637 1136 4696 malos.
1179 4648 1226 4689 et
1268 4637 1397 4706 pluit
1422 4653 1576 4707 super
1595 4641 1766 4709 justas

204 4735 248 4778 et
273 4726 507 4796 injustas.
560 4725 666 4780 Sed
708 4727 838 4780 sicut
876 4728 972 4779 ista
1019 4726 1153 4780 dona
1192 4729 1300 4798 ejus
1351 4726 1646 4797 laudamus,
1698 4731 1771 4783 ita

197 4818 353 4870 etiam
382 4815 585 4887 ﬂagella
612 4817 723 4885 eius
759 4818 812 4869 in
852 4832 937 4869 eos
981 4833 1104 4885 quos
1145 4818 1310 4887 diligit
1341 4819 1663 4891 cogitemus.]
1692 4820 1771 4875 Ne

192 4911 309 4978 jam
331 4919 563 4976 repetam
595 4907 698 4961 hoc
736 4922 951 4976 quoque
990 4922 1108 4961 esse
1131 4922 1329 4976 anceps
1368 4909 1623 4962 auxilium
1666 4924 1770 4978 quo

194 4999 384 5054 Ariani
406 5013 554 5067 teque
575 4999 651 5051 uti
681 5000 995 5066 poterantin
1017 4998 1332 5064 catholicos,
1360 5002 1479 5068 quis
1502 5000 1663 5054 homo
1684 5016 1771 5053 au-

193 5088 444 5145 deatsibi
474 5089 561 5157 jus
588 5090 638 5142 iu
680 5088 924 5156 ejusdem
966 5097 1171 5143 natura:
1202 5090 1489 5160 participes
1532 5092 1670 5146 idem
1708 5106 1769 5146 ac

196 5182 342 5235 Deus
361 5193 629 5248 arrogare,
654 5178 756 5232 nisi
784 5178 873 5246 qui
898 5192 957 5233 se
984 5178 1255 5233 hominem
1292 5195 1410 5234 esse
1440 5180 1509 5234 sit
1539 5181 1771 5235 oblitus?

193 5272 329 5340 Quis
357 5270 497 5324 enim
524 5269 736 5337 ignorat
758 5269 903 5325 aliud
928 5270 1085 5338 plane
1108 5270 1197 5337 jus
1236 5285 1355 5325 esse
1396 5269 1667 5326 Creatoris
1715 5275 1766 5328 in

195 5368 494 5425 creaturas,
536 5360 683 5414 aliud
707 5370 1077 5415 creaturarum
1103 5361 1157 5415 in
1194 5376 1253 5416 se
1285 5362 1534 5427 invicem,
1577 5363 1765 5416 aliam-

195 5467 306 5523 que
330 5452 423 5507 Dei
450 5467 514 5506 ac
537 5452 810 5507 hominum
834 5452 1209 5508 aﬂectionem?
1233 5455 1371 5508 Deus
1396 5469 1637 5509 summus
1666 5466 1766 5521 est,

196 5548 319 5618 jure
364 5548 669 5611 creationis,
713 5548 961 5602 dominus
994 5548 1215 5602 humani
1244 5549 1481 5618 generis,
1519 5550 1769 5620 idemque

195 5639 358 5710 judex
388 5640 558 5692 omnis
587 5640 787 5693 erroris
806 5647 861 5694 et
880 5638 1105 5695 affectus
1129 5656 1321 5709 expers
1343 5659 1355 5693 :
1377 5641 1620 5695 homines
1642 5658 1769 5697 vero

200 5732 466 5797 wnservi,
504 5729 882 5799 erroribusque
909 5739 963 5787 et
987 5731 1166 5798 pravis
1204 5730 1483 5787 aﬂeetibus
1524 5731 1763 5787 obnoxii.

1946 4625 2100 4690 lbid.,
2137 4624 2163 4695 §
2198 4625 2251 4678 6.
2282 4624 2408 4679 Cum
2440 4624 2670 4698 legamus
2713 4627 2953 4681 ancillam
2976 4638 3023 4680 et
3064 4628 3227 4696 [ilium
3267 4632 3378 4699 ejus
3416 4647 3447 4685 a

1878 4720 2010 4775 Sara
2041 4735 2213 4787 passos
2232 4735 2409 4790 graues
2442 4719 2720 4787 molestias,
2753 4718 2947 4774 Paulus
2979 4732 3146 4773 tamen
3184 4719 3445 4788 apostolus

1874 4812 1998 4863 dicit
2022 4810 2158 4879 quod
2193 4809 2255 4861 ab
2283 4808 2502 4862 lsmaele
2530 4812 2926 4879 persecutionem
2955 4814 3019 4863 sit
3048 4828 3228 4878 passus
3260 4809 3441 4863 Isaac:

1873 4901 1968 4955 sed
1998 4901 2135 4954 sicut
2163 4910 2310 4966 tunc,
2346 4901 2529 4971 inquit,
2564 4902 2654 4955 ille
2698 4903 2787 4969 qui
2835 4915 2949 4956 erat
3000 4902 3290 4955 secundum
3330 4916 3448 4954 ear-

1875 5007 1996 5047 nem
2048 4992 2464 5061 persequebatur
2518 5010 2636 5046 cum
2666 4995 2753 5063 qui
2784 5002 2899 5048 erat
2950 4995 3237 5047 secundum
3275 4993 3448 5061 Spiri~

1872 5091 2021 5137 tum:
2055 5085 2123 5137 ita
2168 5092 2221 5136 et
2256 5099 2425 5146 nunc;
2472 5094 2526 5135 ut
2566 5085 2651 5153 qui
2696 5097 2904 5155 possunt
2956 5083 3239 5153 intelligant
3283 5095 3447 5155 magis

1874 5172 2153 5230 Ecclesium
2194 5177 2495 5229 catholicam
2538 5178 2931 5242 persecutionem
2973 5178 3077 5243 pati
3120 5177 3359 5245 superbia
3399 5187 3449 5231 et

1873 5271 2455 5340 impietateOcarnaliunt,
2492 5286 2617 5337 quos
2644 5268 3002 5339 temporalibus
3032 5268 3277 5324 molestiis
3298 5281 3447 5339 atque

1875 5342 2148 5417 terroribus
2174 5363 2439 5415 emendare
2468 5373 2700 5415 conatur.
2728 5362 2924 5416 Verum
2966 5363 3180 5431 quidem
3222 5372 3304 5418 est
3341 5362 3445 5417 Ila-

1870 5474 2052 5527 garam
2083 5457 2221 5511 male
2252 5456 2480 5510 habitam
2506 5470 2535 5507 a
2567 5456 2717 5522 Sara,
2746 5456 2840 5512 sed
2881 5472 2946 5511 eo
2976 5457 3061 5511 hic
3093 5472 3196 5512 non
3225 5457 3446 5524 respicit

1871 5549 2088 5616 Paulus,
2116 5562 2299 5601 verum
2321 5546 2385 5600 ad
2414 5546 2652 5600 Ismaelis
2677 5550 2939 5609 actionem
2962 5563 3080 5601 cum
3114 5549 3292 5603 Isaaco
3318 5560 3443 5614 pro-

1871 5640 2070 5695 tervius
2100 5639 2348 5704 ludentis,
2377 5652 2535 5706 quam
2559 5649 2711 5693 vocat
2737 5640 3152 5709 persecutionem,
3175 5651 3441 5708 quamque

1869 5730 2075 5786 oonfert
2091 5731 2212 5783 cum
2231 5727 2597 5797 persecutione
2620 5744 2776 5800 quam
2794 5728 3082 5785 Christiani
3104 5729 3440 5803 patiebantur
