3954 6364
520 306 618 367 255

1407 285 1955 350 SUPPLEMENTUM
1996 285 2087 343 AD
2124 283 2352 343 OPERA
2391 282 2448 340 S.
2490 282 2874 342 AUGUSTINI.
3678 294 3762 349 εδδ

522 442 554 480 a
580 422 806 486 ludatis;
837 426 889 473 et
919 431 1035 488 qum
1066 429 1171 469 non
1202 420 1319 468 erat
1365 413 1465 465 sita
1493 411 1544 464 in
1586 424 1652 465 eo
1682 408 1823 479 quod
1854 406 2098 461 viderent
2122 405 2177 467 Δ
2202 404 2475 459 sceleratis
2525 405 2852 473 hominibus.
2888 409 2938 463 in
2986 412 3354 472 moliminibus
3385 416 3767 479 Ecclcs‘iastico-

522 518 733 573 Judaeos
776 512 1033 581 superbos
1062 522 1182 562 esse
1226 522 1287 559 ac
1347 504 1648 574 pervicaces
1688 502 1863 571 (quod
1897 513 2090 566 nemo,

524 609 623 662 nisi
655 606 848 660 Pmnus
876 602 1077 665 rhetor,
1108 596 1503 665 persecutionem
1534 594 1796 661 vocarit),
1824 591 1915 645 sed
1948 591 2000 644 in
2028 603 2093 644 eo

523 699 663 765 qttod
705 698 771 750 ab
814 694 877 747 iis
906 692 1048 746 omni
1097 689 1459 743 molestiarum
1489 695 1544 740 et
1570 700 1849 755 poenarum
1894 696 2092 752 genere

523 792 881 845 afﬁcerentur.
915 781 1219 838 Absurdum
1264 788 1347 833 est
1386 778 1619 833 conferri
1658 777 1817 831 hasce
1847 788 2095 843 persecu-

525 884 714 941 tiones,
752 894 883 948 quas
913 886 1152 943 tempore
1182 873 1330 928 Pauli
1361 870 1650 926 Christiani
1681 869 1945 933 ferebant,
1974 880 2095 920 cum

524 972 802 1028 affectione
817 967 981 1024 animi
994 966 1366 1036 episcoporum
1383 972 1435 1017 et
1449 971 1764 1017 caeterorum
1780 958 2097 1013 clericorum

528 1066 802 1127 Afrorum,
822 1077 921 1130 qua
953 1073 1095 1128 agre
1121 1056 1457 1128 patiebantur
1486 1055 1585 1109 sibi
1615 1053 1909 1108 contradici
1936 1065 1964 1103 a
1994 1050 2097 1103 Do-

528 1155 765 1209 natistis.
793 1152 923 1218 Quis
950 1150 1087 1205 ferat
1132 1163 1251 1203 eum
1282 1146 1681 1218 persecutionem
1714 1143 1819 1198 dici
1853 1142 1979 1210 pati,
2014 1140 2099 1194 cui

532 1249 676 1303 dolet
702 1245 841 1316 quod
872 1258 977 1298 non
1002 1241 1305 1297 dominetur
1334 1239 1474 1303 aliis,
1497 1252 1647 1308 teque
1667 1251 1730 1291 ac
1755 1236 1982 1290 miseros
2009 1234 2101 1304 qui

544 1337 875 1394 facultatibus
901 1335 1151 1391 omnibus
1179 1332 1493 1402 spoliantur,
1520 1330 1573 1384 in
1601 1328 1849 1385 exsilium
1880 1328 2103 1381 mittun-

542 1447 644 1493 .ur,
670 1428 895 1483 fustibus
921 1424 1217 1492 caeduntur,
1251 1424 1359 1477 imo
1392 1431 1446 1477 et
1474 1420 1811 1484 occiduntur,
1838 1433 1957 1473 nam
2002 1419 2105 1472 hoc

530 1522 725 1576 factum
762 1519 926 1587 liquet
951 1531 1016 1571 ex
1057 1515 1283 1584 epistola
1316 1514 1418 1570 lOO
1448 1514 1502 1567 in
1533 1528 1633 1584 qua
1660 1513 1983 1581 Augustinus
2023 1511 2106 1564 ia-

532 1609 755 1665 tercedit
786 1624 853 1661 ne
882 1606 1108 1673 amplius
1136 1605 1262 1658 fiat?
1292 1604 1554 1658 llludebat
1580 1619 1708 1658 sane
1735 1603 1945 1657 miseris
1975 1602 2106 1671 Hip-

532 1701 784 1770 ponensis
811 1697 1013 1761 rhetor,
1056 1696 1179 1765 quia
1224 1696 1489 1750 sentiebat
1529 1696 1709 1749 omnia
1741 1695 1962 1764 impune
1989 1709 2018 1747 a
2046 1708 2108 1749 se

2198 498 2451 565 rum,qui
2476 500 2823 555 concitabant
2869 505 3204 572 magistratus
3252 509 3309 562 in
3354 512 3586 568 miseros
3613 514 3744 571 Dona

2200 589 2388 643 tistas?
2418 590 2586 645 Pudet
2628 590 2900 647 immorari
2931 596 3271 653 eonfutandis
3313 602 3581 668 ejusmodi
3627 613 3768 664 ratio-

2199 680 2587 746 cinationibus,
2613 699 2728 751 quae
2762 700 2827 739 ne
2858 685 3043 755 logica:
3067 691 3285 757 quidem
3328 694 3597 751 tironibus
3630 698 3767 759 hodie

2200 773 2651 829 condonarentur.
2669 775 2773 829 Sed
2797 785 2855 830 ut
2874 781 3165 835 concedam
3190 782 3311 837 hazc
3342 799 3509 853 posse
3530 790 3766 861 conferri,

2201 879 2270 918 an
2303 866 2580 935 quisquam
2622 868 2762 923 inter
2788 870 2944 925 Afros
2972 862 3075 926 fuit
3109 883 3215 929 tam
3244 878 3545 943 perfricat:
3582 882 3771 953 frontis,

2202 964 2261 1010 ut
2289 957 2512 1012 auderet
2538 958 2811 1026 postulare
2839 961 2907 1014 ab
2937 963 3239 1021 infelicibus
3266 968 3576 1024 Donatistis
3596 982 3651 1027 ut
3673 990 3775 1031 crc-

2203 1045 2398 1101 derent
2425 1047 2721 1104 catholicos
2746 1059 2851 1105 tam
2878 1052 3015 1109 bene
3052 1070 3177 1126 erga
3219 1073 3321 1112 eos
3350 1074 3489 1128 quos
3533 1065 3774 1124 vexabant

2206 1138 2446 1207 affectos,
2471 1156 2630 1211 quam
2656 1152 2776 1198 erat
2803 1145 2943 1200 Deus
2974 1162 3098 1217 erga
3144 1149 3407 1206 homines
3447 1168 3571 1207 cum
3603 1157 3773 1216 Filium

2205 1245 2361 1285 suum
2386 1234 2757 1289 vexatiouibus
2780 1236 3035 1305 traderet,
3062 1249 3118 1293 ut
3140 1256 3313 1311 genus
3345 1242 3643 1300 humanum
3681 1263 3775 1306 ser-

2208 1324 2388 1377 varet?
2417 1324 2558 1378 Deus
2583 1334 2728 1381 certe
2752 1342 2818 1381 ex
2858 1338 3039 1383 nostra
3067 1331 3243 1387 salute
3277 1333 3420 1388 nihil
3454 1334 3772 1408 lucrabatur;

2207 1413 2301 1468 sed
2331 1414 2443 1468 Afri
2474 1416 2710 1485 episcopi
2740 1420 3081 1486 auctoritate,
3103 1420 3374 1491 dignitate
3417 1433 3583 1493 atque
3608 1430 3771 1497 opibus

2209 1508 2276 1558 eo
2304 1504 2538 1572 majores
2568 1517 2747 1576 erant,
2779 1522 2885 1576 quo
2924 1525 3114 1580 greges
3160 1528 3353 1568 eorum
3405 1522 3774 1577 numerosiores

2212 1593 2430 1659 ﬁebant,
2461 1612 2580 1666 qua:
2614 1613 2718 1653 non
2755 1600 2943 1655 ultima
2993 1618 3151 1658 causa
3205 1606 3405 1661 barum
3463 1611 3775 1668 vexationum

2211 1686 2375 1749 fuisse
2400 1689 2631 1743 videtur.
2668 1691 2949 1747 Atrbetor
2993 1704 3178 1750 noster
3228 1712 3344 1751 non
3402 1707 3613 1755 tantum
3658 1706 3771 1769 veri,

533 1793 587 1846 in
618 1793 736 1845 mos
767 1790 1001 1858 potuisse
1031 1786 1168 1850 dici;
1215 1785 1310 1841 sed
1349 1787 1396 1840 si
1439 1786 1624 1840 Ariani
1675 1786 1985 1855 superiores
2031 1784 2101 1837 ita
2134 1775 2182 1836 B
2209 1778 2403 1834 sedne
2435 1782 2747 1837 verisimilis
2792 1785 3006 1853 quidem
3062 1787 3223 1842 ullam
3274 1790 3551 1845 rationem
3610 1792 3775 1861 habet;

535 1884 697 1939 locuti
728 1891 909 1937 essent
960 1880 1217 1935 adversus
1248 1879 1558 1943 catholicos,
1587 1894 1653 1932 an
1685 1894 1791 1933 non
1835 1879 1887 1932 bi
1915 1878 2109 1932 caelum

537 1984 693 2029 terra:
712 1973 1087 2027 miscuissent?
1114 1972 1380 2025 Prteterea
1405 1970 1547 2040 quod
1572 1970 1798 2040 primum
1819 1970 1926 2026 dici
1954 1984 2113 2042 Opor-

538 2066 658 2131 tuit,
675 2067 761 2121 hic
786 2076 840 2118 et
866 2065 1060 2134 ubique
1089 2064 1275 2117 statuit
1301 2073 1461 2133 atque
1485 2065 1709 2118 assumit
1728 2080 1823 2132 pro
1839 2073 2115 2133 comperto

540 2158 870 2226 Augustinus
887 2154 1028 2223 quod
1049 2155 1099 2207 in
1122 2154 1488 2208 controversia
1509 2162 1626 2207 erat
1651 2155 1911 2223 positum;
1937 2169 2110 2222 suam,

541 2251 813 2311 nimirum,
862 2247 1156 2301 Ecclesium
1204 2245 1367 2300 fuisse
1409 2261 1589 2311 unam,
1622 2246 1850 2301 exclusis
1899 2247 2117 2303 Donati-

553 2342 673 2408 stis,
703 2338 900 2395 Christi
936 2339 1246 2393 Ecclesiam.
1278 2339 1392 2395 Non
1422 2339 1669 2409 equidem
1701 2341 1867 2408 probo
1899 2340 2120 2395 Donati-

542 2444 745 2491 starum
782 2431 1033 2497 schisma,
1062 2430 1155 2484 sed
1198 2444 1318 2484 cum
1349 2430 1454 2484 illis
1481 2431 1801 2499 disceptanti
1829 2431 2119 2486 absurdum

545 2527 647 2581 fuit
671 2531 928 2595 perpetuo
961 2522 1011 2575 id
1040 2536 1314 2576 assumere
1344 2523 1483 2591 quod
1513 2521 1793 2592 prtefracte
1819 2522 2115 2591 negabant;

546 2626 709 2687 utque
735 2613 999 2683 intelligas
1021 2628 1181 2683 quam
1210 2616 1280 2668 sit
1306 2612 1570 2681 iniquum,
1602 2627 1741 2681 pone
1766 2613 1883 2666 loco
1913 2613 2121 2681 Augus-

548 2707 643 2761 tini
692 2705 923 2760 Arianos
948 2714 1003 2759 et
1032 2704 1114 2757 fac
1142 2716 1237 2758 eos
1280 2703 1477 2757 similia
1525 2703 1795 2766 dicentes;
1840 2712 1948 2757 tum
1990 2718 2121 2758 vero

544 2796 750 2851 videbis
793 2794 1002 2849 Arianis
1049 2793 1189 2848 idem
1234 2793 1503 2862 obiectum
1551 2795 1615 2849 iri
1661 2795 1801 2865 quod
1830 2794 2121 2848 Donatistae

546 2883 841 2955 Augustino
869 2882 1218 2953 objiciebant.
1252 2883 1509 2952 Quaenam
1530 2892 1710 2940 autem
1739 2884 1855 2940 haec
1883 2893 1965 2940 est
1994 2884 2078 2940 lex
2105 2901 2120 2939 :

547 2977 674 3031 Cum
700 2992 780 3030 res
821 2991 945 3029 mea:
973 2976 1259 3044 superiores
1287 2986 1455 3042 erunt,
1486 2985 1592 3030 tum
1620 2978 1745 3030 mihi
1784 2980 1845 3030 de
1888 2980 2122 3044 (equitate

546 3080 592 3124 et
620 3070 824 3123 veritate
866 3084 1034 3122 causa:
1061 3084 1187 3123 mea:
1196 3070 1477 3138 judicium,
1511 3072 1705 3138 frustra
1728 3071 2122 3124 reclamantibus

2215 1884 2315 1924 nec
2341 1884 2472 1939 opus
2500 1880 2636 1940 erat,
2671 1888 2789 1928 cum
2828 1875 2976 1931 hisce
3019 1880 3240 1947 argutiis
3284 1882 3519 1937 minime
3558 1898 3772 1941 cessuros

2216 1960 2457 2027 mulctte,
2483 1977 2749 2029 carceres,
2786 1967 2999 2034 exsilia,
3031 1985 3178 2025 mors
3208 1984 3522 2028 manerent.

2288 2052 2446 2119 lbid.,
2483 2054 2511 2124 §
2536 2055 2592 2109 8.
2627 2055 2689 2110 Si
2716 2072 2911 2127 semper
2933 2069 3060 2113 esset
3091 2062 3359 2119 laudabile
3404 2068 3774 2133 persecutionem

2218 2148 2325 2217 pati
2344 2192 2357 2217 ,
2386 2150 2631 2217 sufﬁceret
2661 2149 2883 2205 Domino
2910 2153 3076 2207 dicere
3104 2169 3122 2206 :
3168 2156 3323 2210 Beati
3357 2158 3449 2226 qui
3484 2162 3776 2226 persecutio-

2219 2254 2343 2293 nem
2389 2241 2681 2308 patiuntur,
2726 2256 2814 2295 nec
2841 2244 3075 2311 adderet,
3109 2246 3342 2317 'p‘ropter
3384 2249 3775 2320 justitiam.]At

2222 2326 2513 2383 Donatista:
2555 2340 2733 2400 partes
2790 2346 2914 2388 suas
2956 2336 3236 2392 catholicis
3288 2353 3399 2393 non
3456 2341 3775 2408 praeferebant

2222 2418 2500 2484 duntaxat,
2542 2423 2662 2491 quia
2706 2426 3101 2490 persecutionem
3132 2430 3491 2498 patiebantur,
3523 2433 3615 2489 sed
3655 2436 3773 2502 quia,

2223 2519 2283 2564 ut
2308 2513 2518 2581 quidem
2554 2517 2831 2583 putabant,
2865 2518 2968 2573 hoc
2991 2520 3154 2575 ﬁebat
3180 2524 3424 2589 iustitia,
3453 2526 3555 2579 hoc
3574 2535 3666 2594 est,
3693 2528 3775 2579 vir-

2224 2604 2353 2659 tutis
2381 2620 2578 2670 causa;
2611 2608 2751 2675 quod
2787 2610 2993 2665 nollent
3019 2612 3073 2666 id
3102 2613 3280 2669 facere
3312 2616 3462 2682 quod
3508 2617 3606 2671 sibi
3648 2618 3773 2671 illici-

2225 2706 2338 2749 tum
2364 2712 2495 2771 _esse
2525 2700 2588 2753 ac
2619 2697 2727 2754 Deo
2754 2697 3041 2770 displicere
3090 2706 3407 2761 credebant.
3441 2708 3517 2762 Ea
3562 2718 3639 2763 est
3672 2726 3774 2765 sane

2225 2788 2389 2843 animi
2411 2789 2622 2846 affectio
2644 2787 2926 2863 laudanda,
2959 2798 3119 2850 etiam
3152 2798 3207 2851 in
3237 2800 3583 2856 errantibus:
3603 2810 3652 2855 ut
3674 2817 3774 2856 con-

2226 2887 2309 2936 tra
2329 2881 2662 2954 vituperandi
2685 2885 2774 2955 qui
2792 2885 2859 2940 ab
2876 2886 3056 2942 invitis
3074 2896 3417 2963 extorquent
3439 2902 3496 2945 ut
3523 2892 3573 2946 id
3590 2892 3774 2957 faciant,

2226 2981 2373 3028 metu
2393 2975 2949 3048 suppliciorum,quod
2973 2980 3214 3036 illicitum
3245 2999 3371 3038 esse
3391 2993 3609 3052 putant;
3623 2999 3775 3056 quam-

2228 3065 2312 3118 vis
2335 3066 2477 3120 enim
2505 3068 2809 3135 quodinviti
2840 3069 3043 3125 faciunt
3070 3081 3258 3129 natura
3287 3091 3388 3130 sua
3415 3087 3617 3132 rectum
3637 3086 3775 3142 esset,

545 3164 871 3228 adversariis,
902 3164 1230 3228 attribuitor;
1260 3164 1304 3217 si
1332 3181 1540 3218 numero
1579 3174 1626 3217 et
1665 3166 1969 3219 auctoritate
2010 3166 2118 3218 vino
2147 3145 2194 3210 ο
2224 3154 2337 3210 Βθο
2365 3170 2470 3212 non
2500 3166 2680 3225 posset
2706 3174 2810 3213 non
2838 3159 3141 3230 displicere,
3164 3166 3253 3232 qui
3279 3181 3387 3219 non
3415 3168 3529 3221 vult
3554 3181 3641 3222 ore
3658 3166 3776 3220 duu-

545 3273 653 3319 car,
686 3256 989 3308 adversariis
1026 3254 1151 3307 meis
1180 3254 1316 3306 idem
1349 3258 1513 3321 facere
1542 3254 1677 3322 quod
1719 3254 1819 3322 feci
1847 3271 1910 3308 ne
1932 3255 2078 3307 liceto
2098 3256 2123 3308 ?

545 3346 685 3413 Quid
714 3346 838 3415 fingi
866 3354 1043 3415 potest
1068 3343 1333 3413 iniquius?
1366 3345 1442 3398 Eo
1481 3354 1659 3399 tamen
1689 3345 1911 3399 tendunt
1931 3346 2121 3413 plerae-

548 3454 652 3507 que
699 3452 886 3492 onlnes
928 3436 1369 3490 ratiocinationes
1399 3436 1697 3505 Augustini,
1726 3446 1781 3491 et
1824 3437 2122 3505 praesertim

548 3540 853 3598 sequentes,
874 3543 1008 3597 quas
1039 3543 1143 3581 non
1165 3526 1490 3582 exscribam.

622 3621 774 3685 lbid.,
809 3620 837 3691 §
866 3622 921 3674 7.
948 3620 1130 3689 Aspice
1169 3620 1320 3673 etiam
1354 3629 1581 3689 tempora
1613 3619 1751 3673 Novi
1790 3619 2120 3686 Testamenti,

548 3714 754 3783 quando
776 3713 893 3782 jam
917 3712 1031 3781 ipsa
1075 3710 1412 3764 mansuetudo
1454 3710 1683 3764 caritatis
1728 3728 1830 3765 non
1873 3714 2040 3766 solum
2070 3714 2123 3765 in

548 3804 698 3858 corde
725 3812 835 3857 erat
869 3801 1137 3870 servanda,
1165 3817 1335 3855 verum
1370 3803 1522 3855 etiam
1547 3804 1602 3857 in
1622 3804 1734 3857 luce
1768 3803 2122 3869 monstranda,

546 3896 752 3965 quando
794 3893 940 3948 Petri
968 3893 1177 3965 gladius
1204 3894 1257 3947 in
1285 3896 1519 3964 vaginam
1552 3905 1814 3948 revocatur
1833 3911 1865 3947 a
1900 3894 2120 3959 Christo,

546 3998 593 4043 et
619 3988 899 4042 ostenditur
942 4004 1043 4040 non
1092 3986 1323 4041 debuisse
1368 3986 1433 4039 de
1484 3988 1668 4057 vagina
1705 3988 1881 4051 eximi,
1912 4004 2004 4041 nec
2031 4004 2122 4056 pro

550 4078 807 4148 Cltristo.]
836 4078 891 4133 Si
918 4078 1036 4147 quis
1064 4077 1147 4131 his
1180 4077 1328 4132 lectis
1355 4078 1580 4132 ulterius
1605 4093 1711 4132 non
1743 4088 2010 4148 pergeret,
2041 4079 2121 4132 fa-

549 4172 652 4225 cile
671 4170 919 4224 crederet
965 4169 1078 4223 baec
1122 4182 1242 4223 esse
1271 4169 1433 4223 verba
1462 4170 1749 4224 Donatistae
1793 4169 2122 4224 ostendentis

549 4260 763 4314 illicitas
795 4274 917 4313 esse
945 4272 1129 4326 poenas
1156 4259 1478 4327 temporales
1508 4259 1561 4312 in
1603 4259 1763 4313 rebus
1803 4260 1869 4313 ad
1910 4262 2123 4329 religio-

551 4368 671 4407 nem
694 4352 1257 4421 pertinentibus,quod
1286 4352 1393 4406 sint
1419 4353 1584 4406 indoli
1616 4362 1772 4423 atque
1802 4354 2009 4424 ingenio
2030 4356 2123 4409 do-

551 4444 735 4497 ctrina:
759 4442 1079 4511 evangelica:
1112 4443 1265 4511 plane
1285 4445 1589 4498 contrariae.
1616 4445 1684 4497 At
1701 4444 1824 4499 hinc
1849 4458 2124 4501 consecta-

550 4534 687 4588 rium
735 4547 953 4603 prorsus
1002 4533 1272 4587 diversum
1324 4533 1557 4589 deducit.
1597 4534 1799 4603 Nempe
1844 4537 1954 4589 vult
2002 4537 2125 4603 inde

550 4625 754 4695 colligi,
786 4634 845 4679 ut
874 4625 1011 4679 Deus
1043 4624 1202 4679 Pater
1230 4624 1446 4679 tradidit
1467 4624 1659 4679 Filium
1689 4641 1840 4680 suum
1867 4629 2124 4696 supplicio

551 4719 745 4781 crucis,
778 4732 879 4771 nec
910 4728 1084 4771 tamen
1119 4718 1291 4770 minus
1320 4726 1403 4769 est
1435 4717 1738 4771 misericors
1763 4735 1775 4770 :
1800 4719 1877 4771 sic
1904 4734 1999 4774 nec
2027 4721 2125 4773 Ec-

553 4810 731 4863 clesiae
760 4808 1024 4862 Africana:
1050 4808 1383 4862 crudelitatis
1414 4817 1588 4861 notam
1615 4809 1748 4862 inuri
1781 4825 1956 4879 posse,
1985 4813 2123 4881 quod

555 4899 854 4952 Denatistas
886 4898 1159 4952 lictoribus
1189 4897 1500 4965 plectendos
1532 4899 1792 4965 traderet;
1825 4917 1946 4955 nam
1973 4916 2124 4971 spec-

553 4992 769 5046 tandum
814 4991 899 5043 hic
930 5005 1050 5044 esse
1081 4990 1317 5043 animum
1358 4991 1698 5056 tradentium,
1726 4994 1814 5062 qui
1846 4996 1911 5048 ad
1947 5011 2129 5050 emen-

555 5084 821 5137 dationem
864 5080 1177 5134 traditorum
1230 5080 1501 5137 tendebat.
1544 5081 1708 5152 Igitur
1751 5085 1990 5152 quamvis
2037 5102 2129 5141 ca-

558 5173 740 5227 tholici
780 5188 882 5227 non
930 5172 1084 5225 aliter
1123 5185 1184 5225 se
1230 5183 1479 5239 gererent
1527 5189 1588 5227 ac
1620 5188 2006 5243 persecutores,
2034 5194 2127 5232 eos

558 5276 733 5318 tamen
781 5279 886 5318 non
940 5278 1059 5317 esse
1114 5263 1311 5318 illicitae
1362 5268 1748 5332 persecutionis
1786 5270 2123 5324 incusandos.

557 5355 849 5418 Discamus,
880 5355 1068 5423 inquit,
1110 5358 1292 5423 frater,
1324 5358 1378 5410 in
1406 5359 1741 5413 similitudine
1771 5377 1977 5431 operum
2020 5363 2126 5415 (lis-

557 5460 760 5498 cernere
787 5445 982 5497 animos
1012 5448 1350 5516 operantium,
1386 5467 1473 5503 nec
1517 5452 1704 5505 clausis
1746 5454 1906 5505 oculis
1934 5454 2124 5508 calum-

556 5537 835 5599 uiemur,et
858 5535 1117 5589 benevolos
1147 5555 1236 5605 pro
1258 5542 1547 5594 nocentibus
1580 5559 1893 5596 accusemus.
1918 5545 1983 5598 At
2021 5548 2125 5613 pri-

557 5643 701 5681 mum
734 5627 858 5697 quid
889 5628 1065 5683 simile
1094 5640 1177 5684 est
1218 5633 1410 5687 actioni
1459 5635 1551 5688 Dei
1582 5636 1834 5702 patientis
1861 5637 2124 5692 volentem

556 5721 748 5777 Filium
779 5736 935 5777 suum
983 5722 1177 5790 occidi,
1219 5723 1272 5778 in
1308 5724 1531 5782 salutem
1566 5726 1783 5781 humani
1832 5729 2064 5798 generis,
2094 5746 2125 5787 a

2230 3255 2384 3299 taxat
2430 3248 2556 3313 coli,
2608 3249 2703 3303 sed
2747 3250 3081 3318 potissimum
3131 3254 3334 3323 animo,
3370 3272 3474 3310 nec
3519 3258 3584 3311 ab
3627 3258 3778 3311 invitis

2230 3338 2516 3409 quidquam
2546 3341 2758 3411 accipit.

2300 3430 2436 3485 Ibid.
2463 3429 2595 3485 Item
2624 3432 2669 3485 si
2718 3449 2915 3504 semper
2944 3445 3071 3490 esset
3118 3438 3374 3508 culpabile
3414 3442 3776 3509 persecutionem

2229 3524 2419 3592 facere,
2452 3539 2553 3576 non
2580 3524 2825 3593 scriptum
2849 3538 2976 3582 esset
3002 3530 3055 3583 in
3074 3533 3267 3585 sanctis
3295 3532 3467 3587 Libris
3488 3551 3508 3587 :
3526 3534 3776 3588 Detrahen-

2231 3621 2341 3666 tem
2388 3615 2631 3682 proximo
2676 3631 2774 3670 suo
2821 3620 3051 3685 occulte,
3083 3621 3225 3677 hunc
3278 3617 3769 3696 persequebanalio

2228 3705 2434 3773 quando
2454 3723 2573 3778 ergo
2600 3719 2649 3761 ct
2676 3710 2765 3779 qui
2784 3725 2897 3762 eam
2922 3713 3115 3781 patitur
3135 3715 3359 3782 injustas
3391 3728 3486 3783 est,
3510 3727 3556 3771 et
3580 3718 3662 3787 qui
3685 3732 3774 3768 eam

2229 3799 2355 3867 facit
2398 3802 2571 3869 justus
2599 3811 2692 3855 est.
2718 3801 2914 3858 Verum
2958 3820 3062 3859 non
3101 3806 3185 3860 hic
3214 3809 3281 3863 de
3325 3811 3515 3879 quavis
3559 3826 3768 3879 persecu-

2230 3890 2385 3953 tione,
2421 3893 2521 3947 hoc
2548 3902 2646 3959 est,
2663 3896 2936 3964 quibusvis
2960 3902 3133 3967 poenis
3158 3904 3362 3973 agitur;
3395 3906 3489 3959 sed
3512 3905 3577 3961 de
3605 3921 3659 3959 ea
3679 3915 3773 3958 tan-

2230 3990 2342 4034 tum
2368 3997 2485 4050 quae
2522 3984 2580 4037 ﬁt
2620 3996 2837 4054 propter
2874 3988 3143 4059 dogmata,
3195 4008 3302 4049 non
3347 4005 3569 4064 propter
3607 3995 3769 4049 delicta

2227 4076 2419 4142 quibus
2450 4080 2792 4144 perturbatur
2818 4082 3051 4139 societas
3078 4088 3276 4153 civilis,
3300 4099 3355 4143 et
3383 4090 3451 4145 de
3479 4091 3662 4160 quibus
3684 4102 3770 4141 non

2229 4178 2297 4217 ex
2327 4165 2610 4236 religiosis,
2658 4171 2752 4224 sed
2783 4186 2849 4225 ex
2894 4174 3140 4229 civilibus
3193 4178 3399 4248 legibus
3447 4196 3611 4250 paena:
3655 4178 3767 4233 sumi

2229 4267 2473 4324 possunt.
2505 4258 2561 4311 ln
2592 4260 2710 4315 loco
2738 4264 2927 4332 psalmi
2953 4281 3005 4331 c,
3036 4268 3092 4333 5,
3125 4279 3205 4324 est
3226 4273 3441 4339 quidem
3472 4275 3522 4327 in
3553 4272 3769 4327 versione

2229 4349 2373 4403 LXX
2419 4351 2769 4421 interpretum
2810 4356 3027 4425 ἐδίωκον,
3063 4363 3417 4430 persequebar,
3448 4363 3541 4418 sed
3586 4372 3637 4415 ut
3675 4361 3765 4429 jam

2228 4451 2377 4497 recte
2396 4457 2488 4497 eos
2521 4446 2745 4500 vertisse
2781 4457 3096 4514 statuamus,
3127 4468 3234 4506 non
3280 4465 3363 4510 est
3404 4457 3489 4510 hic
3532 4467 3693 4508 sermo
3714 4452 3769 4505 de

2151 4512 2203 4573 ί)
2230 4533 2477 4601 dogmate
2505 4544 2874 4603 controverso,
2921 4541 3016 4596 sed
3044 4543 3112 4598 de
3142 4546 3429 4614 calumnia,
3477 4547 3574 4601 hoc
3597 4553 3689 4608 est,
3715 4543 3769 4595 dc

2230 4636 2469 4694 peccato,
2502 4628 2643 4696 quod
2673 4632 2759 4697 qui
2785 4634 3071 4688 committit
3117 4648 3393 4704 peccatum
3423 4653 3542 4693 esse
3583 4635 3766 4690 diffiteri

2230 4736 2334 4773 non
2365 4730 2558 4789 potest.
2592 4724 2706 4779 Rex
2753 4725 2919 4781 David
2947 4743 3013 4783 eo
3042 4730 3097 4783 in
3140 4732 3257 4785 loco
3286 4734 3398 4787 Deo
3436 4732 3699 4801 pollicetur
3720 4742 3767 4780 sc

2229 4814 2478 4869 daturum
2509 4832 2726 4886 operam
2751 4825 3007 4879 'utomnes
3020 4826 3436 4885 calumniatores
3456 4845 3485 4882 a
3512 4832 3765 4894 conspeclu

2228 4920 2327 4960 suo
2373 4908 2551 4975 ejiciat
2578 4927 2592 4962 :
2622 4910 3001 4983 Deira/tentem,
3036 4919 3205 4987 inquit
3248 4922 3381 4975 clam
3425 4921 3643 4993 proximo
3668 4931 3761 4978 suo,

2234 4996 2433 5063 tollam,
2463 4999 2649 5053 elatum
2678 5002 2840 5057 oculis
2864 5016 2912 5057 et
2937 5017 3128 5062 vastum
3154 5011 3323 5065 animo
3341 5028 3440 5066 non
3466 5000 3760 5079 feram.Quid

2232 5090 2348 5142 lucc
2396 5089 2593 5144 faciunt
2640 5094 2706 5147 ad
2754 5099 3177 5165 persecutionem
3227 5103 3498 5159 hominum
3546 5102 3759 5168 dogmata

2231 5181 2498 5249 quaepiam
2530 5182 2669 5237 bona
2713 5186 2818 5241 ﬁde
2846 5191 3236 5258 amplexorum,
3271 5210 3369 5250 nec
3398 5190 3665 5259 cmteroqui
3687 5187 3759 5239 ἀρε

2232 5266 2487 5327 teriorum
2520 5289 2749 5342 morum,
2781 5295 2937 5349 quam
2967 5292 3089 5337 sunt
3138 5284 3326 5354 reliqui
3354 5285 3528 5341 cives?
3560 5278 3760 5336 lloccinc

2234 5371 2318 5416 cst
2365 5364 2719 5434 Scripturam,
2751 5378 2807 5422 ut
2858 5371 3031 5436 decet,
3079 5372 3436 5444 interpretari,
3477 5390 3539 5427 an
3591 5378 3758 5424 temeto

2234 5459 2471 5528 arripere
2520 5463 2829 5519 vocabulum
2884 5468 3022 5523 male
3066 5471 3415 5534 intellectum,
3466 5477 3518 5521 ut
3564 5456 3757 5517 videaris

2234 5548 2433 5618 aliquid
2455 5550 2654 5617 dicere,
2681 5570 2800 5608 cum
2828 5571 3010 5611 revera
3039 5560 3171 5614 nihil
3201 5562 3378 5616 dicas?

2306 5641 2439 5695 lbid.
2472 5644 2779 5699 Uccidcrunt
2815 5648 2958 5717 impii
2987 5654 3287 5722 prop/tetas;
3308 5655 3580 5709 occiderunt
3603 5641 3753 5710 impior

2233 5742 2279 5788 et
2307 5736 2585 5805 praplietaa.
2615 5737 2884 5806 Quasnam
2938 5754 3157 5829 propter
3206 5763 3381 5806 meras
3408 5744 3657 5819 opiniones
3679 5746 3748 5788 οε·
