3954 6364
154 363 240 418 957
811 360 1168 421 VARIORUM
1208 361 1809 419 EXERCITATIONES
1849 361 1911 416 IN
1952 362 2009 418 S.
2052 362 2419 421 AUGUSTINI
2457 363 2708 421 OPERA.

3295 364 3400 420 258

151 475 358 533 ciderint
382 474 974 545 prophetat,debuisset
1002 476 1184 532 dicere
1209 477 1568 547 Augustinus;
1594 493 1717 533 nam
1745 484 1796 542 Α
1823 477 2004 532 mirari
2031 494 2137 534 non
2172 494 2390 549 possum
2419 481 2511 551 qui
2543 480 2872 551 Augustinus
2898 486 3005 535 tam
3050 479 3289 538 futilibus
3313 496 3399 537 ra-

152 571 189 624 si
218 583 342 639 quos
384 568 684 624 occiderint
713 578 934 639 propter
962 569 1102 625 male
1134 567 1293 636 facta,
1339 586 1406 626 ex
1455 571 1571 641 lege
1605 571 1721 639 ipsa

151 660 295 717 Mosis
323 669 493 716 morte
522 660 830 731 plectenda,
865 661 967 717 hoc
996 662 1132 716 nihil
1157 661 1281 717 facit
1306 662 1371 717 ad
1395 662 1719 726 Donatistas,

154 764 228 810 aut
252 754 379 809 alios
434 753 689 810 similiter
724 764 990 810 errantes.
1022 754 1293 811 Praeterea
1330 754 1721 809 ostendendum

162 844 618 916 luissetquidquid
663 844 908 901 fecerunt
952 846 1228 916 prophetae
1273 844 1326 899 id
1354 846 1554 900 licitum
1605 859 1725 900 esse

167 938 251 994 sub
302 936 451 991 Novo
481 937 851 1003 Testamento,
884 951 1006 991 nam
1057 937 1159 991 hoc
1202 944 1456 1006 pernegat
1482 935 1725 990 Christus

160 1028 498 1086 disertissimis
570 1028 751 1082 verbis
807 1027 937 1081 Luc.
988 1042 1063 1093 Ix,
1112 1027 1221 1094 55,
1281 1026 1373 1091 56,
1413 1042 1514 1081 nec
1544 1041 1728 1095 quern-

164 1138 293 1195 quam
342 1120 544 1190 legibus
588 1136 619 1173 a
660 1120 874 1174 Christo
926 1120 1045 1174 latis
1080 1119 1287 1173 solvere
1322 1128 1495 1187 potest
1547 1120 1727 1185 Augu—

168 1213 275 1269 stini
302 1210 612 1263 auctoritas.
643 1207 1084 1279 Flagellaverunt,
1121 1208 1313 1276 inquit,
1356 1205 1530 1260 Judaei
1577 1205 1729 1259 Citri-

166 1301 519 1369 stum,Juda:os
549 1303 832 1372 ﬂagellauit
858 1313 905 1355 et
927 1300 1179 1355 Christus.
1206 1301 1367 1369 Quasi
1392 1316 1518 1355 vero
1545 1301 1727 1371 ﬂagel-

176 1404 283 1456 latio
305 1401 387 1455 illa
407 1414 505 1469 qua
534 1399 777 1453 Christus
802 1399 1032 1469 pecudes
1057 1399 1234 1469 pOIius
1262 1413 1423 1467 quam
1469 1398 1718 1452 homines

174 1496 319 1566 ejecit
343 1508 371 1547 e
398 1492 624 1561 templo,
650 1494 819 1561 possit
846 1491 1080 1546 conferri
1108 1507 1228 1546 cum
1260 1490 1461 1545 crudeli
1493 1491 1729 1560 ﬂagella-

181 1587 300 1639 tioue
314 1596 455 1652 quam
478 1582 726 1636 Christus
752 1596 939 1651 passus
962 1590 1047 1636 est
1068 1597 1096 1634 a
1121 1581 1590 1636 RomanisJudzeis
1607 1598 1727 1651 gra-

190 1676 484 1733 tificantibus!
518 1676 624 1729 Aut
656 1675 986 1746 Augustinus
1020 1675 1175 1731 valde
1197 1676 1485 1745 spernebat
1512 1675 1725 1744 ingenia

198 1771 551 1835 Donatistarum,
568 1770 762 1839 quibus
780 1784 840 1823 se
863 1768 1128 1839 ejusmodi
1155 1768 1650 1823 ratiocinatiouibus
1665 1780 1728 1821 os

1828 571 2060 627 tionibus
2086 572 2153 625 ad
2185 574 2610 641 persecutionem
2642 572 2968 643 probandam
2995 589 3059 629 ac
3077 574 3401 630 laudandam

1827 662 2015 718 adduci
2059 664 2312 731 potuerit,
2345 680 2443 719 nec
2474 666 2671 721 viderit
2698 681 2820 722 eam
2847 682 2966 722 cum
2997 667 3221 723 caritate
3247 666 3404 722 Chri-

1826 757 1995 810 Stiana
2018 757 2316 813 consistere
2341 758 2491 813 nullo
2507 758 2666 814 modo
2692 775 2871 829 posse.
2904 760 3133 828 Allecto,
3162 769 3221 816 ut
3240 769 3402 832 puto,

1828 847 2129 902 obcaecatus
2160 858 2261 902 est.

1901 938 2056 1004 lbid.,
2094 938 2120 1009 §
2156 940 2240 993 l7.
2281 938 2373 993 His
2402 950 2521 1010 ergo
2558 942 2797 1010 exemplis
2828 959 2860 996 a
2890 944 3095 1014 collegis
3124 944 3247 999 meis
3291 960 3405 1015 pro-

1830 1030 2008 1095 positis
2038 1031 2183 1084 cessi.
2222 1029 2361 1083 Nam
2406 1048 2516 1085 mea
2562 1032 2796 1101 primitus
2842 1036 3088 1089 sententia
3128 1053 3228 1089 non
3278 1045 3405 1098 erat,

1829 1123 1927 1175 nisi
1955 1124 2206 1176 neminem
2235 1123 2302 1176 ad
2330 1125 2579 1181 unitatem
2601 1124 2793 1177 Christi
2813 1142 2919 1179 esse
2938 1128 3242 1199 cegendum,
3260 1126 3408 1179 verba

1830 1229 1937 1265 esse
1966 1215 2240 1284 agendum,
2285 1215 2632 1285 disputatione
2661 1216 3015 1285 pugnandum,
3056 1219 3253 1272 ratione
3301 1219 3410 1270 vin-

1830 1303 2068 1367 cendum,
2093 1320 2155 1357 ne
2204 1306 2352 1373 ﬁctos
2392 1304 2672 1359 catholicos
2719 1307 3013 1361 haberemus
3041 1326 3167 1377 quos
3211 1319 3411 1377 apertos

1830 1393 2095 1447 haereticos
2124 1396 2479 1467 noveramus.]
2509 1396 2577 1450 Ut
2598 1397 2926 1464 Augustinus
2953 1407 3109 1452 norat
3131 1414 3193 1453 ex
3228 1400 3410 1453 rheto-

1833 1485 1940 1538 rica
1966 1486 2321 1549 institutione,
2339 1488 2389 1540 id
2411 1488 2590 1542 dicere
2610 1505 2703 1556 pro
2719 1491 3067 1558 temporibus,
3082 1491 3221 1559 quod
3240 1506 3415 1546 causa:

1835 1578 2178 1645 postulabant
2204 1597 2216 1631 :
2242 1580 2312 1633 ita
2354 1580 2513 1633 etiam
2546 1596 2642 1649 pro
2686 1582 3013 1650 temporibus
3056 1582 3263 1638 videtur
3291 1599 3417 1637 seu-

1832 1670 1989 1724 sisse.
2014 1670 2143 1736 Quis
2168 1674 2310 1725 enim
2355 1672 2563 1725 dubitat
2602 1672 2751 1743 quin,
2788 1674 2831 1726 si
2864 1673 3120 1727 Ecclesia:
3150 1674 3417 1729 Africanae

1834 1777 1863 1815 a
1905 1765 2278 1831 persecutione
2323 1764 2729 1819 abhorruissent
2759 1775 2813 1820 et
2846 1767 3121 1834 petiissent
3146 1768 3213 1820 ab
3239 1766 3420 1820 Hono-

192 1864 415 1917 obstruere
442 1875 602 1929 posse
652 1861 936 1931 sperabat;
970 1869 1062 1914 aut
1091 1861 1261 1915 multo
1303 1861 1560 1929 majorem
1592 1858 1728 1913 ﬁdu-
1758 1854 1809 1917 B
1837 1854 1917 1909 rio
1945 1869 2000 1910 ut
2036 1857 2420 1926 abrogarentur
2448 1859 2596 1928 leges
2618 1868 2805 1915 contra
2836 1860 3162 1927 Donatistas,
3203 1871 3420 1916 contra-

183 1954 294 2008 ciam
313 1952 479 2006 habuit
508 1953 560 2005 in
590 1952 778 2006 edictis
826 1951 1050 2007 Honorii
1078 1967 1235 2021 quam
1264 1952 1318 2005 in
1368 1951 1610 2022 pondere
1635 1964 1726 2005 ra-

178 2048 373 2099 tionum.
399 2043 485 2099 Sic
510 2058 725 2113 quoque
772 2043 948 2113 pergit
976 2062 989 2096 :
1023 2044 1231 2097 Traditi
1264 2054 1381 2097 sunt
1424 2043 1642 2114 apostoli
1664 2042 1727 2096 ab

175 2138 429 2192 hominibus
471 2138 707 2208 potestati
748 2136 1007 2200 humanae,
1042 2138 1365 2191 tradiderunt
1414 2146 1462 2189 et
1508 2136 1730 2207 apostoli

172 2231 377 2284 homines
405 2231 638 2300 potestati
666 2230 898 2285 Satanae.
923 2229 1004 2285 Tu
1026 2245 1241 2300 quoque
1279 2228 1594 2285 tradidisses
1624 2232 1728 2283 Do-

174 2322 397 2386 natistas,
423 2322 465 2375 si
523 2323 809 2389 potuisses,
863 2322 1113 2391 potestati
1168 2320 1409 2386 Satanae;
1462 2320 1557 2375 sed
1608 2320 1731 2389 quia

165 2428 273 2467 eum
295 2412 430 2466 dicto
458 2411 765 2467 audientem
813 2425 923 2465 non
955 2411 1212 2477 habuisti,
1243 2411 1523 2466 lictoribus
1555 2411 1733 2465 trade-

163 2504 279 2569 bas;
306 2505 441 2558 inter
468 2519 587 2573 quae
619 2504 912 2559 maximum
940 2513 1025 2559 est
1067 2504 1378 2559 discrimen.
1410 2505 1543 2559 Nam
1568 2504 1731 2558 homo

159 2608 371 2663 nequam
398 2609 539 2662 saepe
564 2593 880 2650 innocentes
903 2594 1181 2650 lictoribus
1198 2595 1438 2661 tradidit,
1459 2611 1732 2665 nunquam

156 2702 273 2741 vero
300 2688 539 2753 Satanae;
570 2688 663 2757 qui
692 2687 896 2743 nemini
928 2698 1079 2757 paret
1117 2689 1217 2743 nisi
1248 2690 1297 2743 ei
1328 2689 1414 2743 cui
1447 2689 1588 2744 Deus
1609 2703 1733 2744 eum

153 2782 382 2851 subjicit,
416 2797 513 2838 nec
539 2796 570 2835 a
594 2781 707 2837 Deo
744 2782 995 2852 cuiquam
1035 2783 1342 2850 subjicitur,
1376 2782 1479 2837 nisi
1507 2796 1734 2836 summ

154 2875 360 2928 virtutis
393 2874 506 2929 viro
550 2882 607 2929 et
654 2881 923 2944 potestate
967 2873 1297 2928 edendorum
1349 2872 1730 2928 miraculorum

153 2967 427 3022 instructo.

210 3061 345 3117 Ibid.
378 3060 405 3132 §
432 3060 485 3116 9.
508 3060 634 3114 Non
661 3061 917 3115 invenitur
943 3060 1259 3130 exemplum,
1292 3058 1604 3128 inquiebant
1632 3059 1734 3112 Do-

154 3156 381 3224 natistae,
420 3156 477 3209 in
521 3154 825 3226 evangelicis
869 3163 915 3209 et
954 3153 1248 3223 apostolicis
1279 3151 1511 3217 Litteris,
1540 3152 1737 3221 aliquid

1832 1947 1967 2001 riam
2010 1962 2225 2002 causam
2253 1950 2470 2017 c0piose
2500 1961 2850 2019 peroraturus
2884 1950 3110 2006 luisset?
3138 1954 3249 2023 Ego
3289 1968 3419 2007 sane

1832 2040 1983 2093 nullo
2006 2041 2166 2095 modo
2191 2041 2377 2095 dubito
2392 2042 2518 2111 quin
2535 2043 2579 2095 si
2595 2043 2746 2097 illum
2767 2044 2905 2113 apud
2922 2044 3188 2099 Vaudalos
3208 2054 3419 2099 vexata:

1832 2131 1900 2185 ab
1925 2130 2133 2186 Arianis
2160 2132 2416 2187 Ecclesia:
2446 2132 2712 2188 Africanae
2764 2150 2978 2190 causam
3031 2136 3212 2192 dicere
3256 2152 3419 2205 opor-

1834 2224 2041 2287 tuisset,
2067 2224 2350 2279 contrariis
2397 2225 2553 2294 plane
2582 2242 2708 2281 usus
2737 2238 2880 2283 esset
2909 2231 3259 2298 argumentis,
3293 2244 3421 2298 qua-

1835 2313 1904 2368 lia
1935 2315 2062 2369 olim
2092 2314 2383 2371 Christiani
2413 2320 2551 2386 apud
2596 2317 2844 2374 ethnicos
2890 2320 3269 2387 adhibuerant,
3298 2338 3419 2377 cum

1834 2408 1902 2462 ab
1934 2409 1997 2462 iis
2036 2411 2173 2465 male
2204 2410 2549 2465 haberentur.
2584 2411 2681 2466 llic
2710 2412 2853 2467 enim
2886 2414 3211 2483 Augustinus
3238 2430 3305 2469 an
3336 2430 3423 2470 res

1835 2500 1905 2554 sit
1935 2516 2029 2567 per
2054 2517 2114 2556 se
2152 2503 2333 2572 iniqua
2362 2521 2465 2557 non
2500 2505 2779 2573 expendit,
2812 2506 2905 2561 sed
2940 2516 3139 2561 tantum
3184 2525 3250 2563 an
3278 2509 3424 2564 utilis

1835 2591 2109 2647 videretur
2158 2593 2411 2649 Ecclesia:
2456 2596 2757 2661 Africanae;
2806 2600 2977 2665 qualis
3028 2601 3228 2655 utilitas
3276 2602 3421 2657 nulla

1837 2682 2046 2749 fuisset,
2071 2685 2114 2738 si
2139 2684 2279 2740 forte
2309 2686 2580 2741 Honorius
2607 2690 2828 2744 lavisset
2854 2691 3166 2746 Donatistis.

1909 2776 2039 2830 Ibid.
2069 2776 2173 2831 Sed
2198 2776 2308 2831 haec
2329 2780 2502 2848 opinio
2533 2796 2646 2833 mea
2675 2782 2920 2850 (nempe,
2949 2782 3099 2837 [ictos
3123 2784 3421 2841 catholicos

1837 2869 2209 2938 persecutione
2240 2869 2390 2937 ﬁeri)
2416 2887 2517 2923 non
2541 2872 2996 2925 contradicentium
3024 2874 3307 2939 verbis,sed
3336 2877 3424 2929 de-

1838 2962 2234 3015 monstrantium
2266 2964 2609 3031 superabatur
2635 2966 2899 3033 exemplis.
2935 2965 3075 3019 Nam
3101 2969 3267 3039 primo
3299 2970 3425 3023 mihi

1839 3055 2192 3124 apponebatur
2236 3055 2413 3108 civitas
2443 3072 2575 3118 mea,
2603 3073 2715 3124 qua:
2739 3074 2854 3109 cum
2905 3067 3007 3111 tota
3038 3069 3165 3113 esset
3197 3061 3251 3113 in
3282 3070 3426 3129 parte

1838 3143 2053 3211 Donati,
2085 3145 2154 3199 ad
2203 3148 2452 3201 unitatem
2498 3147 2804 3203 catholicam
2848 3150 3026 3205 timore
3067 3152 3235 3222 legum
3264 3154 3425 3224 impe-

157 3250 365 3313 positam
395 3266 425 3301 a
446 3247 655 3319 regibus
703 3256 851 3301 teme
894 3263 986 3317 pro
1017 3245 1248 3299 Ecclesia
1277 3256 1453 3298 contra
1500 3246 1733 3299 inimicos

1842 3240 2050 3291 rialium
2082 3256 2323 3294 conversa
2350 3251 2445 3309 est,
2472 3260 2624 3308 quam
2651 3260 2783 3297 nunc
2813 3245 3038 3299 videmus
3067 3246 3141 3299 ita
3165 3249 3321 3317 hujus
3344 3265 3427 3303 ve-

160 3340 409 3395 Ecclesite.
443 3341 678 3411 Reponit
699 3340 1027 3411 Augustinus
1059 3355 1073 3391 :
1109 3338 1235 3405 Quis
1273 3348 1421 3408 negat
1462 3356 1563 3391 non
1598 3340 1739 3392 inve-

166 3432 282 3485 niri?
310 3432 413 3488 Sed
443 3433 670 3486 nondum
698 3432 1004 3500 implebatur
1029 3430 1119 3483 illa
1147 3428 1453 3499 praphetia:
1480 3430 1546 3483 Et
1568 3445 1732 3497 nunc,

168 3540 319 3593 reges,
338 3526 638 3595 intelligite;
658 3523 950 3579 erudimini
976 3522 1067 3592 qui
1089 3521 1346 3591 judicatis
1369 3530 1589 3587 terram,
1605 3520 1735 3593 etc.]

167 3616 277 3670 Vult
305 3619 553 3673 nimirum
574 3616 903 3687 Augustinus
933 3614 1207 3669 Christum
1240 3622 1293 3669 et
1323 3613 1600 3681 apostolos
1629 3627 1736 3667 non

171 3725 281 3765 usos
303 3711 519 3765 brachio
551 3708 819 3773 saeculari,
854 3715 911 3761 ut
942 3706 1259 3775 loquuntur,
1300 3704 1366 3756 ad
1407 3703 1735 3757 coercendos

168 3817 226 3856 ac
268 3803 569 3870 plectendos
614 3802 863 3857 inimicos
911 3799 1184 3863 Ecclesiae,
1235 3798 1358 3868 quia
1392 3798 1524 3851 nulli
1571 3805 1738 3851 erant

171 3910 310 3964 reges
334 3895 421 3964 qui
444 3895 523 3950 eis
557 3895 821 3949 faverent.
860 3891 1025 3957 Quasi
1057 3905 1187 3945 vero
1217 3904 1279 3945 ea
1321 3904 1428 3943 non
1458 3887 1620 3943 luerit
1642 3904 1737 3943 na-

174 3987 265 4040 tiva
315 3987 514 4041 indoles
569 3986 720 4055 regni
746 3983 971 4050 Christi,
1009 3983 1151 4053 quod
1198 3982 1314 4051 ipse
1354 3990 1585 4036 testatur
1622 3996 1730 4034 non

175 4094 280 4134 csse
308 4081 451 4151 hujus
472 4076 1035 4148 mundi,quamobrem
1061 4074 1359 4145 legionibus
1390 4074 1608 4127 minime
1640 4072 1734 4126 de-

174 4171 497 4225 fendebatur!
522 4172 607 4224 An
638 4186 744 4225 non
776 4169 952 4238 potuit
978 4166 1247 4231 Christus,
1276 4166 1319 4220 si
1343 4166 1620 4229 voluisset,
1654 4166 1735 4219 in-

173 4275 363 4333 gentem
409 4266 617 4333 c0piam
663 4262 967 4317 Judaeorum
1016 4261 1085 4315 ad
1128 4274 1276 4313 arma
1322 4273 1540 4324 vocare,
1573 4268 1631 4312 ut
1674 4273 1735 4313 se

182 4367 401 4411 tueretur
440 4366 627 4411 contra
678 4354 946 4419 inimicos,
978 4364 1032 4407 et
1074 4351 1217 4423 quod
1254 4350 1459 4406 viribus
1488 4348 1735 4404 humanis

188 4448 354 4503 deerat
378 4447 428 4503 vi
452 4446 632 4502 divina
665 4444 1045 4500 miraculorum
1086 4442 1341 4511 perfacile
1387 4441 1656 4511 supplere,
1688 4440 1735 4495 si

178 4539 238 4594 ita
269 4540 370 4594 Deo
393 4540 566 4594 visum
599 4537 822 4593 fuisset?
846 4536 992 4590 ldem
1021 4535 1091 4591 de
1117 4536 1379 4605 apostolis
1402 4534 1623 4589 dixeris.

1841 3340 1961 3383 δίνας
1982 3332 2321 3385 animositatis
2344 3335 2619 3403 perniciem
2640 3336 2902 3402 detestari,
2927 3348 2981 3391 ut
3003 3340 3055 3392 in
3079 3356 3140 3393 ea
3165 3357 3427 3410 nunquam

1842 3425 2003 3493 fuisse
2030 3425 2326 3497 credatur.]
2367 3428 2546 3484 Facile
2574 3430 2792 3499 quidem
2816 3432 2929 3486 fieri
2959 3442 3133 3501 potest
3159 3444 3215 3489 ut
3244 3436 3427 3491 adole-

1841 3526 2056 3572 scentes
2082 3527 2135 3572 et
2164 3519 2359 3587 puellae
2384 3524 2708 3576 sententiam
2743 3524 3025 3579 vexatione
3064 3537 3298 3594 mutent;
3331 3528 3427 3583 sed

1840 3610 2213 3666 difficillimum
2243 3623 2325 3669 est
2349 3624 2404 3668 ut
2429 3616 2743 3685 grandiores
2783 3628 2909 3673 natu
2940 3630 2993 3674 et
3018 3620 3428 3689 perspicacioris

1843 3704 2040 3772 ingenii
2071 3704 2315 3759 homines
2346 3708 2631 3772 alieniores
2658 3710 2826 3764 multo
2854 3727 2958 3765 non
2989 3712 3426 3767 fiantado'ctrina

1841 3812 1960 3865 qua:
1984 3798 2063 3851 eis
2094 3798 2143 3850 vi
2170 3799 2450 3866 ingeritur.
2485 3801 2668 3869 Itaque
2688 3818 2810 3856 cum
2843 3804 2895 3856 hi
2937 3804 3119 3859 dicunt
3147 3814 3290 3859 metu
3316 3820 3425 3875 pa:-

1840 3904 2027 3943 narum
2046 3904 2105 3944 se
2125 3892 2280 3946 aliter
2305 3893 2526 3959 sentire,
2544 3904 2822 3963 propterea
2845 3895 2992 3966 digni
3017 3898 3121 3952 ﬁde
3152 3913 3257 3953 non
3279 3910 3423 3954 sunt.

1841 3983 1909 4035 At
1940 3982 2104 4037 altera
2138 3991 2290 4050 tetas,
2326 3984 2556 4052 inquies,
2585 4001 2702 4055 qua:
2733 3986 2966 4042 schisma
2994 4005 3101 4044 non
3130 3990 3280 4056 vidit,
3314 4001 3426 4046 est-

1840 4091 1944 4145 que
1974 4077 2026 4129 in
2049 4077 2332 4131 catholicis
2360 4078 2571 4147 placitis
2597 4079 2842 4149 educata,
2871 4081 3009 4136 haud
3032 4084 3190 4140 aliter
3220 4100 3283 4139 ea
3313 4101 3427 4140 am-

1840 4166 2114 4235 plectitur,
2147 4184 2307 4238 quam
2339 4170 2383 4223 si
2426 4170 2627 4225 nullum
2674 4187 2904 4241 unquam
2950 4175 3179 4231 schisma
3212 4177 3424 4234 fuisset.

1840 4260 1956 4315 Non
1987 4260 2237 4329 diffiteor,
2262 4261 2357 4316 sed
2402 4264 2668 4318 contendo
2710 4264 2985 4323 schismati
3017 4269 3176 4326 ﬁnem
3224 4273 3426 4342 imponi

1838 4357 2218 4411 vexationibus
2247 4358 2459 4411 nonnisi
2500 4358 2678 4428 inique
2707 4368 2868 4432 atque
2895 4363 3188 4420 inhumane
3232 4382 3424 4436 posse;

1840 4448 2011 4517 iisque
2044 4449 2248 4503 artibus
2278 4464 2385 4503 non
2428 4449 2591 4505 modo
2621 4451 2855 4508 schisma
2903 4471 2967 4510 ex
3002 4460 3293 4525 pertinacia
3336 4472 3429 4517 aut

1842 4540 2109 4608 imperitia
2137 4550 2339 4605 ortum,
2373 4542 2467 4596 sed
2496 4551 2548 4596 et
2569 4557 2782 4599 omnem
2810 4548 3047 4603 veritatis
3069 4552 3426 4619 cognitionem

237 4633 388 4698 lbid.,
415 4632 441 4703 §
473 4634 558 4687 ll.
587 4632 676 4686 Sic
725 4630 1049 4700 Rogatistas,
1080 4630 1169 4699 qui
1222 4629 1453 4683 schisma
1501 4630 1568 4683 ab
1614 4628 1745 4697 ipsis
1771 4613 1825 4673 D
1851 4631 1961 4685 tolli
1994 4649 2006 4684 :
2038 4641 2095 4684 ut
2123 4632 2291 4699 liquet
2316 4633 2401 4686 vel
2434 4633 2599 4701 ipsius
2630 4635 2826 4690 Africae
2851 4640 3119 4708 exemplo,
3137 4613 3198 4695 in
3227 4658 3329 4712 qua
3362 4659 3431 4698 ne

180 4728 449 4782 Donatistis
480 4726 738 4787 fecerant,
771 4723 1061 4792 alloquitur
1088 4740 1099 4774 :
1133 4721 1367 4775 Mitiores
1406 4720 1611 4791 quidem
1638 4736 1745 4774 esse

180 4820 415 4882 ridemini,
434 4818 554 4887 quia
575 4832 688 4869 cum
711 4814 1193 4870 Circumcellionum
1215 4814 1604 4867 immanissimis
1632 4829 1745 4882 gre-

183 4911 311 4981 gibus
336 4925 435 4963 non
463 4908 679 4969 savitis;
705 4907 795 4960 sed
826 4906 972 4958 nulla
1003 4906 1181 4970 bestia,
1209 4908 1253 4957 si
1288 4906 1541 4957 neminem
1570 4903 1745 4956 vulne-

181 5013 261 5069 ret,
291 5011 552 5069 propterea
579 5004 845 5050 mansueta
870 4996 1080 5059 dicitur,
1112 4995 1237 5065 quia
1272 4996 1445 5049 dentes
1475 5003 1521 5046 et
1548 5009 1744 5063 ungues

182 5113 267 5149 non
298 5096 455 5149 habet.
480 5095 675 5149 Saevire
700 5110 787 5149 vos
812 5095 949 5147 nolle
970 5094 1161 5158 dicitis,
1183 5109 1274 5162 ego
1311 5108 1410 5144 non
1438 5106 1583 5160 posse
1608 5091 1745 5143 arbi-

186 5200 298 5252 tror,
322 5185 465 5257 etc.]
490 5187 608 5243 Non
632 5189 763 5243 satis
794 5187 1039 5242 novimus
1069 5186 1393 5255 Rogatistas,
1420 5200 1518 5239 nec
1549 5200 1739 5238 eorum

184 5283 330 5337 libros
380 5283 661 5348 habemus,
692 5291 752 5336 ut
782 5282 1146 5351 intelligamus
1189 5282 1461 5351 quomodo
1491 5293 1744 5348 persecu-

184 5374 361 5430 tionem
386 5384 789 5445 oppugnarent;
823 5375 920 5430 sed
962 5374 1311 5443 intelligimus
1341 5372 1496 5428 facile
1534 5372 1741 5427 immite

183 5466 268 5522 hoc
311 5477 362 5521 et
394 5467 743 5521 inhumanum
784 5482 904 5522 esse
931 5482 1279 5536 responsum,
1308 5467 1574 5536 valdeque
1608 5466 1739 5520 alie-

182 5575 291 5614 num
314 5574 340 5612 a
368 5559 779 5615 mansuetudine
804 5576 966 5630 quam
1000 5576 1111 5628 prae
1138 5575 1196 5615 se
1222 5561 1363 5614 ferre
1391 5561 1603 5615 solebat
1633 5564 1740 5615 Au-

180 5653 420 5723 gustinus.
451 5652 551 5720 Qui
582 5654 723 5707 enim
752 5661 978 5707 noverat
1007 5667 1195 5707 eorum
1226 5653 1474 5718 animos?
1514 5654 1593 5706 An
1632 5669 1739 5707 non

179 5756 369 5817 poterat
389 5745 501 5799 ﬁeri
525 5755 582 5799 ut
608 5762 670 5801 ex
696 5747 874 5800 animo
897 5746 965 5801 ab
978 5746 1125 5799 omni
1144 5746 1514 5815 persecutione
1541 5745 1741 5798 abhor-

179 5836 374 5899 rerent?
422 5836 599 5893 Facile
638 5855 765 5895 sane
811 5840 912 5894 hoc
949 5839 1078 5895 mihi
1126 5836 1449 5908 persuadeo,
1481 5836 1570 5904 qui
1615 5836 1746 5894 satis

1850 4741 1984 4779 unus
2015 4726 2232 4796 quidem
2264 4736 2532 4796 superest,
2562 4742 2592 4782 a
2623 4729 2864 4798 pluribus
2903 4734 3137 4799 saeculis,
3171 4734 3431 4790 Christia-

1848 4833 1971 4873 nus.
1994 4818 2275 4884 Nimirum,
2295 4818 2863 4878 Muhammedanorum
2882 4827 3027 4880 furor
3047 4828 3298 4883 exstinxit
3323 4830 3431 4887 illic

1849 4909 2161 4979 religionem
2191 4910 2578 4979 Christianam,
2610 4913 2873 4971 similibus
2913 4920 3117 4973 artibus
3149 4922 3211 4975 iis
3239 4908 3430 4992 quibus

1847 5002 2091 5057 evulsum
2128 5003 2301 5056 luerat
2347 5003 2475 5058 olim
2530 5004 2761 5062 schisma
2804 5009 3225 5069 Donatistarum.
3273 5016 3432 5085 Igitur

1850 5106 1955 5148 non
1980 5103 2094 5148 erat
2126 5094 2267 5162 quod
2297 5093 2366 5149 de
2388 5106 2582 5151 eventu
2606 5098 2931 5166 gloriaretur
2962 5104 3306 5176 Augustinus,
3340 5109 3431 5179 qui

1847 5186 2086 5239 omnium
2120 5186 2466 5241 versationum
2500 5202 2595 5256 par
2616 5200 2719 5243 est.

1921 5277 2076 5343 lbid.,
2100 5277 2126 5348 §
2150 5278 2235 5332 18.
2254 5277 2353 5332 His
2380 5279 2611 5333 omnibus
2637 5280 2821 5335 harum
2850 5283 3018 5356 legum
3040 5297 3223 5355 terror,
3255 5294 3434 5360 quibus

1846 5371 2233 5439 promulgandis
2254 5386 2404 5449 rcges
2427 5371 2650 5425 serviunt
2674 5373 2893 5429 Domino
2913 5379 2965 5432 in
2990 5382 3187 5449 timore,
3212 5384 3285 5437 ita
3311 5403 3430 5456 pru-

1848 5462 1968 5531 Ῑυὶι,
2001 5473 2056 5515 ut
2102 5479 2234 5515 nunc
2260 5462 2351 5514 alii
2381 5463 2593 5515 dicant:
2623 5462 2743 5516 Jam
2775 5467 2871 5520 hoc
2890 5470 3304 5540 volebamus,scd
3326 5477 3434 5530 Deo

1848 5554 2060 5623 gratias,
2095 5556 2183 5623 qui
2210 5555 2352 5608 nobis
2375 5555 2687 5609 occasionem
2737 5559 2952 5626 praebuit
2965 5567 3080 5634 jam
3100 5568 3314 5638 jamque
3355 5571 3435 5637 fa—

1848 5645 2018 5699 ciendi
2045 5655 2092 5696 et
2122 5645 2426 5698 dilationum
2468 5649 2695 5701 morulas
2735 5656 3039 5721 amputavit,
3070 5657 3209 5729 etc.]
3239 5659 3314 5715 Ne
3347 5678 3434 5715 re-

1850 5750 2025 5807 petam
2072 5754 2164 5792 eos
2208 5738 2294 5806 qui
2329 5740 2396 5790 ita
2431 5738 2787 5806 loquebantur
2818 5745 3065 5815 indignos
3109 5751 3272 5806 fuisse
3311 5753 3435 5819 fide,

1848 5824 2046 5895 dicam,
2072 5828 2330 5899 ejusmodi
2356 5838 2639 5885 sermones
2662 5830 2895 5903 auditos,
2939 5838 3243 5909 ubicunque
3267 5844 3313 5898 vi
3342 5861 3435 5899 su-

2452 5940 2489 5953 ἀἱ
