3954 6364
520 357 627 411 259

1415 342 1971 402 SUPPLEMENTUM
2012 344 2103 398 AD
2140 342 2373 399 OPERA
2413 343 2473 398 S.
2516 340 2903 398 AUGUSTINI.
3676 346 3769 408 260

520 468 699 537 ρει-ξω·
726 464 902 533 aliqua
935 470 1095 517 causa
1125 460 1264 514 facta
1294 467 1397 527 est,
1432 459 1731 523 hominum,
1779 474 1994 527 nempe,
2030 458 2106 511 vi-
2136 456 2187 520 Α
2213 459 2490 527 separatim
2528 459 2694 512 vivens
2716 498 2733 525 ,
2783 458 2837 511 id
2877 467 2949 511 est
2974 458 3139 511 altera
3181 458 3355 512 anima
3378 500 3395 525 ,
3432 461 3564 528 etc.)
3596 460 3771 533 Nempe

519 559 685 614 ctoris
713 557 949 611 favorem
981 552 1329 607 ambientium
1359 560 1413 604 et
1442 562 1753 620 paratorum
1793 549 2004 619 quidvis
2034 548 2109 601 fa-

519 665 644 705 cere
666 660 719 703 et
761 647 889 717 pati,
918 656 973 698 ut
1012 644 1352 698 facultatibus
1382 644 1493 697 suis
1535 644 1818 712 tranquille
1862 642 2108 696 frueren-

520 750 628 796 tur.
664 742 905 809 Denique
934 753 1038 791 non
1070 738 1225 805 capio
1254 737 1345 806 qui
1378 737 1447 790 ita
1470 736 1781 791 ratiocinari
1808 736 2112 805 possetAu-

519 836 785 904 gustinus,
817 833 906 901 qui
936 830 1195 885 credebat
1234 829 1482 883 homines
1506 830 1572 883 ad
1603 829 1768 882 Deum
1803 829 1914 882 sola
1943 826 2109 895 gratia

524 927 753 991 interna,
784 933 840 979 et
868 924 1053 979 electis
1101 924 1232 977 solis
1278 922 1623 977 concedenda
1665 922 1929 988 converti,
1964 932 2016 976 et
2045 923 2110 976 ad

520 1019 685 1071 vitam
725 1027 983 1071 aeternam
1024 1016 1238 1070 adduci.
1267 1016 1402 1081 Quid
1434 1016 1577 1069 enim
1621 1016 1792 1084 magis
1820 1015 2048 1069 alienum
2080 1030 2110 1067 a

519 1110 685 1180 gratia
719 1110 918 1171 divina,
951 1124 1111 1178 quam
1143 1108 1377 1174 mulctte,
1411 1107 1620 1171 exsilia,
1654 1107 1867 1175 aliaque
1910 1108 2113 1175 suppli-

518 1202 634 1255 cia?
660 1203 788 1267 Quis
821 1202 999 1255 dicere
1045 1201 1330 1265 sustineat,
1366 1200 1454 1268 qui
1485 1199 1646 1253 modo
1679 1198 1882 1266 pudore
1932 1198 2112 1265 aliquo

520 1302 787 1359 teneatur,
820 1308 920 1347 nec
947 1306 1161 1346 omnem
1192 1291 1467 1361 religionis
1499 1291 1854 1345 reverentiam
1878 1289 2109 1354 exuerit,

525 1384 729 1437 irritam
763 1383 922 1452 plane
964 1397 1086 1437 esse
1127 1382 1280 1437 verbi
1310 1380 1476 1434 divini
1527 1380 1983 1449 praedicationem,
2017 1394 2115 1432 nec

526 1476 753 1546 gratiam
785 1475 1021 1528 divinam
1062 1489 1182 1528 cum
1216 1488 1278 1527 ea
1309 1472 1580 1541 conjungi,
1612 1471 1713 1526 nisi
1741 1470 1963 1525 accedat
1993 1485 2115 1539 per-

530 1568 778 1622 secutio?
802 1567 955 1633 Quod
978 1568 1023 1621 si
1046 1566 1222 1619 divina
1246 1566 1414 1634 gratia
1443 1564 1663 1618 minime
1686 1573 1963 1632 exspectet
1985 1578 2111 1631 per-

522 1660 874 1724 secutionem,
912 1669 969 1712 ut
998 1655 1210 1712 animos
1257 1656 1531 1709 hominum
1580 1654 1807 1717 molliat,
1842 1655 1969 1723 quid
2016 1654 2115 1708 hac

524 1765 659 1819 opus
681 1762 784 1815 est,
797 1749 1012 1820 quando
1034 1749 1199 1816 gratia
1231 1746 1409 1799 divina
1433 1746 1551 1800 sine
1580 1745 1960 1816 persecutione
1985 1759 2116 1799 con-

2216 548 2433 615 putabat
2464 551 2786 618 Augustinus
2817 552 3055 603 omniutn
3089 549 3366 605 hominum
3390 553 3594 608 animos
3613 556 3773 626 aliquo

2216 642 2374 693 modo
2405 638 2455 694 in
2490 642 2677 695 Adami
2722 644 2900 696 animo
2933 643 3126 709 fuisse,
3153 644 3275 712 quia
3310 660 3377 698 ex
3399 659 3465 698 eo
3493 652 3641 700 erant
3665 664 3773 716 pro-

2217 735 2411 803 pagati.
2438 734 2568 788 Vide
2590 735 2655 789 de
2679 734 2873 789 Libero
2899 733 3137 789 Arbitrio
3164 734 3257 789 lib.
3288 752 3346 789 ιιι
3373 750 3496 804 cap.
3524 738 3613 805 20,
3643 738 3665 809 ἓ
3697 742 3772 795 56.

2218 824 2342 879 Haec
2391 825 2521 879 mira
2568 836 2650 880 est
2698 827 2911 896 opinio,
2958 836 3013 881 ut
3059 835 3114 881 et
3154 827 3291 880 ratio
3333 844 3435 897 qua
3477 831 3777 897 quaestiones

2219 914 2478 971 Bonifacii
2510 918 2688 971 solvit.
2722 918 2932 973 Faciles
2974 932 3093 973 esse
3132 920 3372 988 oportuit
3402 919 3492 988 qui
3521 921 3570 973 in
3608 921 3778 978 talibus

2223 1009 2497 1077 responsis
2528 1010 2933 1078 aequieverunt.

2290 1101 2448 1169 Ibid.,
2484 1100 2511 1171 §
2543 1104 2596 1156 9.
2646 1101 2707 1156 Si
2737 1105 2868 1155 enim
2896 1114 3213 1157 sacramenta
3258 1104 3521 1174 quandam
3563 1106 3781 1160 similitu-

2217 1193 2390 1246 dinem
2438 1210 2612 1247 earum
2643 1210 2815 1246 rerum
2843 1212 3059 1265 quarum
3088 1204 3410 1248 sacramenta
3437 1206 3553 1247 sunt
3582 1213 3675 1250 non
3704 1200 3781 1250 Ita-

2225 1282 2427 1346 berent,
2458 1284 2667 1337 omnino
2688 1292 3008 1339 sacramenta
3040 1302 3142 1339 non
3187 1294 3374 1338 essent.
3404 1283 3488 1338 Ex
3515 1287 3607 1339 hac
3634 1301 3780 1342 autem

2219 1374 2555 1429 similitudine
2608 1376 2904 1445 plerumque
2933 1377 3087 1429 etiam
3112 1378 3343 1445 ipsorum
3387 1391 3558 1429 rerum
3596 1381 3780 1432 nomina

2216 1466 2496 1533 accipiunt.
2533 1466 2679 1521 Sicut
2706 1484 2826 1536 ergo
2859 1470 3131 1521 secundum
3156 1468 3428 1539 quemdam
3458 1468 3685 1536 modum,
3711 1489 3780 1525 sa-

2218 1567 2534 1612 cramentum
2569 1562 2801 1628 corporis
2833 1558 3022 1615 Christi
3051 1578 3236 1632 corpus
3262 1560 3455 1616 Christi
3487 1572 3592 1627 est;
3630 1581 3777 1619 sacra-

2219 1659 2444 1702 mentum
2492 1653 2758 1723 sanguinis
2814 1652 3004 1705 Christi
3049 1655 3262 1726 sanguis
3312 1653 3504 1708 Christi
3552 1667 3622 1709 est
3662 1672 3679 1709 :
3724 1659 3781 1711 ita

2219 1750 2593 1793 sacramentum
2623 1743 2747 1807 ﬁdei
2792 1743 2917 1812 ﬁdes
2945 1742 3063 1816 est.]
3094 1744 3171 1798 De
3210 1757 3547 1800 sacramento
3591 1747 3779 1801 Eucha—

525 1843 725 1897 vertit‘l
753 1844 823 1896 At
865 1841 1179 1907 Donatistae,
1214 1839 1445 1909 inquies,
1480 1854 1583 1891 non
1630 1838 1921 1891 audiebant
1951 1836 2114 1890 ratio-
2145 1836 2192 1899 Β
2220 1834 2419 1901 ristire,
2476 1849 2562 1890 res
2616 1836 2852 1890 difficilis
2894 1852 2997 1890 non
3046 1847 3129 1892 est
3173 1837 3487 1902 intellectu;
3544 1837 3633 1893 sed
3683 1842 3781 1908 quis

526 1950 624 1990 nes
668 1933 1082 1997 catholicorum,
1141 1933 1242 1986 nisi
1290 1940 1573 1999 postquam
1620 1940 1764 1983 metu
1818 1930 1869 1982 in
1925 1928 2117 1982 horum

526 2025 787 2081 ecclesias
818 2026 1037 2079 adducti
1069 2033 1213 2077 sunt.
1276 2022 1475 2075 Verum
1509 2036 1686 2075 annon
1719 2022 1963 2090 legebant
2013 2020 2119 2074 No-

524 2134 648 2171 vum
676 2114 1120 2171 Testamentum?
1152 2116 1232 2167 An
1261 2112 1433 2182 gratia
1483 2113 1660 2166 divina
1706 2113 1987 2180 conjuncta
2018 2126 2115 2181 po-

522 2211 628 2264 tius
674 2209 769 2262 fuit
796 2222 917 2262 cum
947 2206 1105 2260 dictis
1155 2214 1210 2259 et
1248 2204 1463 2272 scriptis
1494 2206 1768 2270 Afrorum,
1805 2218 1963 2272 quam
1994 2217 2117 2256 cum

525 2302 688 2356 verbo
717 2299 931 2355 divino?
962 2298 1063 2365 Qui
1095 2297 1212 2352 haec
1243 2297 1412 2365 probe
1444 2296 1747 2364 expendent
1778 2293 1934 2347 facile
1959 2294 2119 2348 intel-

526 2393 695 2464 ligent
735 2393 1016 2449 affectibus
1043 2392 1129 2445 hic
1170 2390 1339 2445 multo
1369 2390 1486 2458 plus
1515 2389 1694 2442 datum
1735 2388 1921 2453 fuisse,
1955 2403 2117 2457 quam

526 2485 806 2554 cupiditati
859 2482 1164 2537 adducendi
1212 2481 1347 2535 alios
1403 2480 1470 2534 ad
1522 2481 1789 2533 saniorem
1838 2487 2071 2532 mentem
2100 2520 2116 2544 ,

525 2578 919 2647 episcoposque
950 2574 1111 2629 Afros
1145 2573 1406 2628 ecclesias
1445 2585 1569 2625 suas
1593 2571 1749 2640 plebe
1779 2569 2115 2632 refertiores,

525 2682 861 2737 quaecunque
904 2668 1117 2720 tandem
1170 2676 1334 2728 esset,
1366 2664 1604 2733 cupiisse
1651 2663 1854 2717 videre.
1882 2662 2009 2716 Haec
2052 2660 2120 2716 de

526 2760 900 2828 persecutione
942 2757 1075 2811 satis
1102 2770 1375 2827 superque
1405 2764 1551 2810 sunt.

594 2849 752 2916 Ibid.,
806 2850 832 2920 §
885 2849 977 2901 Ἡ.
1040 2847 1331 2901 Historians
1383 2846 1561 2898 doctus
1616 2860 1863 2914 magnum
1920 2843 2119 2913 aliquid

523 2942 801 3015 invenisti.]
845 2943 1143 2997 Historicus
1187 2941 1274 2994 hic
1318 2948 1401 2994 est
1436 2938 1770 3014 πολυΐστωρ,
1821 2937 1910 3008 qui
1954 2937 2122 2989 multa

524 3040 681 3092 novit.
718 3036 853 3090 Vide
884 3045 996 3088 not.
1027 3034 1093 3087 ad
1126 3032 1217 3087 lib.
1252 3032 1320 3086 de
1347 3031 1476 3086 0rd.
1514 3047 1583 3097 tt,
1623 3046 1742 3099 cap.
1777 3031 1863 3083 1‘2.

596 3130 819 3199 Ibid.,§
872 3127 959 3182 55.
1004 3127 1119 3179 Hoc
1158 3142 1315 3197 genus
1366 3126 1653 3178 litterarum
1706 3124 1849 3194 (libri
1897 3122 2113 3189 Hilarii,

2226 1926 2488 1994 intelligat
2532 1936 2900 1996 susceptorem
2938 1929 3157 1983 infantis
3190 1929 3522 1997 baptizandi,
3566 1946 3678 1985 cum
3706 1944 3782 2001 pro

2223 2016 2423 2071 infante
2475 2018 2830 2085 responderet
2879 2020 3060 2080 credo.
3097 2021 3196 2073 hoc
3229 2020 3370 2074 velle
3402 2035 3418 2076 :
3450 2021 3747 2089 baptismum
3768 2064 3781 2089 ,

2226 2106 2309 2159 vel
2338 2116 2734 2162 sacramentum
2780 2108 2900 2163 lidei
2931 2109 3201 2178 suscipio?
3227 2110 3363 2177 Quis
3391 2125 3496 2164 non
3526 2111 3658 2165 videt
3694 2108 3781 2181 pri-

2227 2217 2372 2256 mum
2408 2202 2691 2256 formulam
2733 2203 2880 2257 illam
2917 2205 3188 2274 antiquam
3221 2204 3473 2272 baptismi
3503 2220 3617 2259 esse
3656 2206 3781 2260 iustis

2224 2301 2389 2347 tutam
2434 2295 2487 2348 in
2528 2311 2682 2348 usum
2711 2294 3047 2361 adultorum,
3080 2296 3170 2364 qui
3206 2295 3309 2350 soli
3352 2297 3576 2361 primum
3612 2297 3779 2366 baptis«

2222 2402 2368 2441 mum
2417 2388 2820 2458 suscipiebant,
2864 2389 3060 2445 deinde
3102 2390 3418 2444 translatam
3447 2390 3601 2446 etiam
3635 2391 3693 2443 ad
3718 2390 3781 2444 in-

2224 2479 2435 2535 fantes)?
2464 2480 2644 2537 Satius
2676 2482 2862 2538 fuisset
2892 2497 3084 2537 novam
3116 2483 3309 2537 horum
3341 2498 3499 2537 causa
3530 2482 3775 2539 instituere

2223 2570 2536 2638 formulam;
2570 2573 2713 2641 quod
2750 2574 2795 2627 si
2848 2573 3043 2629 factum
3069 2583 3247 2639 esset,
3285 2575 3355 2628 ad
3383 2582 3487 2628 tam
3515 2584 3706 2629 coactas
3736 2583 3780 2629 et

2223 2665 2332 2717 veri
2373 2662 2644 2718 absimiles
2698 2664 2933 2720 rationes
2978 2665 3337 2735 Augustinum
3386 2665 3659 2735 confugere
3690 2666 3770 2718 mi-

2223 2757 2367 2811 nime
2398 2772 2620 2812 necesse
2652 2758 2859 2813 fuisset.

2296 2852 2466 2919 Epist.
2489 2852 2611 2917 100,
2636 2852 2661 2922 §
2684 2853 2733 2906 l.
2757 2851 2958 2923 Corrigi
2985 2868 3067 2906 eos
3090 2852 3352 2923 cupimus,
3377 2868 3479 2905 non
3502 2852 3685 2913 necari;
3708 2865 3778 2902 nec

2224 2946 2550 3016 disciplinam
2592 2948 2728 2999 circa
2758 2961 2841 2999 eos
2888 2944 3079 3015 negligi
3109 2946 3379 3011 volumus,
3420 2961 3509 2997 nec
3551 2943 3777 3012 suppliciis

2223 3035 2404 3103 quibus
2435 3035 2578 3108 digni
2608 3044 2723 3089 sunt
2748 3033 3013 3107 exerceri]
3044 3036 3186 3103 Lege
3222 3052 3421 3105 nempe
3453 3036 3654 3091 Honorii
3681 3034 3774 3087 data

2226 3142 2317 3180 vm
2347 3127 2561 3181 calend.
2595 3128 2917 3181 Decembres
2938 3141 3079 3181 anno
3101 3127 3206 3182 408
3228 3143 3354 3197 quae
3376 3136 3459 3181 est
3477 3126 3566 3189 44,
3590 3126 3662 3180 tit.
3684 3124 3772 3179 Sde

524 3223 774 3291 Cypriani
813 3228 866 3275 et
909 3220 1138 3272 aliorum
1181 3216 1420 3284 Patrum)
1464 3215 1527 3269 ab
1566 3216 1866 3268 auctoritate
1909 3215 2119 3268 canonis
2144 3216 2190 3279 C
2225 3218 2523 3282 Hmreticis,
2557 3219 2648 3272 lib.
2686 3234 2771 3271 xvi
2802 3218 3007 3272 codicis
3031 3218 3401 3273 Theodosiani
3433 3218 3498 3273 ad
3530 3218 3766 3281 Donatum,

526 3310 942 3382 distinguendum
971 3318 1067 3364 est.
1105 3308 1226 3361 Non
1257 3308 1389 3360 enim
1411 3308 1483 3360 sic
1507 3308 1745 3377 leguntur
1773 3315 2013 3375 tanquam
2041 3307 2118 3359 ita

528 3421 590 3458 ea:
619 3405 690 3457 eis
737 3403 1082 3456 testimonium
1123 3401 1438 3471 proferatur,
1478 3410 1535 3451 ut
1575 3407 1752 3452 contra
1794 3400 1978 3451 sentire
2012 3414 2117 3451 non

526 3497 719 3558 liceat,
770 3495 931 3548 sicubi
992 3494 1120 3564 forte
1167 3492 1317 3546 aliter
1367 3500 1686 3560 sapuerunt,
1736 3505 1889 3559 quam
1933 3493 2118 3543 veritas

529 3584 801 3657 postulat.]
845 3586 973 3639 Haec
1018 3584 1198 3638 aureis
1254 3582 1446 3637 litteris
1495 3581 1777 3636 scribenda
1828 3590 2008 3635 essent
2060 3580 2117 3635 in

530 3685 705 3732 lroute
738 3692 960 3739 operum
984 3676 1320 3745 singulorum
1350 3674 1589 3739 Patrum,
1616 3688 1732 3741 quae
1763 3672 2013 3737 eduntur,
2050 3687 2118 3727 ne

528 3768 821 3823 auctoritas
864 3782 1050 3821 eorum
1102 3767 1312 3820 veritati
1362 3764 1694 3833 praeferatur.
1742 3763 1850 3818 Nos
1903 3777 2119 3833 quoque

530 3862 632 3917 hoc
667 3862 790 3930 jure
836 3875 960 3929 erga
1004 3860 1177 3928 ipsum
1218 3858 1574 3926 Augustinum
1608 3857 1688 3909 usi
1716 3870 1935 3919 sumus,
1976 3853 2120 3922 quod

533 3953 841 4007 hominibus
882 3954 936 4005 in
975 3950 1221 4005 homines
1252 3950 1473 4004 minime
1513 3949 1724 4002 afﬂatos
1755 3956 2012 4017 perpetuo
2050 3947 2120 4001 sit

531 4059 752 4100 necesse
780 4053 884 4097 est.
917 4044 1129 4098 Similes
1157 4058 1277 4097 cum
1308 4041 1476 4110 ipsius
1504 4040 1806 4111 Augustini,
1838 4049 1949 4095 tum
1980 4039 2117 4093 alio-

529 4154 648 4199 rum
674 4138 968 4192 sententias
1006 4138 1225 4207 collegit
1256 4138 1413 4191 Edm.
1457 4135 1771 4190 Albertinus
1795 4177 1811 4204 ,
1859 4134 1912 4188 in
1952 4134 2116 4190 Praef.

530 4228 649 4282 libri
680 4228 747 4282 de
773 4228 1129 4282 Eucltaristia.

605 4319 847 4389 Epistola
886 4320 985 4387 96,
1032 4320 1059 4391 §
1113 4320 1166 4372 2.
1224 4318 1327 4373 Ille
1364 4320 1566 4388 quidem
1620 4318 1819 4372 Paulus
1852 4325 2120 4387 postquam

528 4411 799 4481 episcopus
828 4411 992 4481 factus
1021 4420 1123 4478 est,
1163 4412 1548 4463 renuntiaturus
1579 4412 1685 4463 suis
1712 4410 1943 4461 omnibus
1971 4408 2119 4461 rebus

526 4513 732 4573 propter
756 4506 1057 4557 immensum
1080 4505 1339 4555 cumulum
1372 4502 1627 4570 ﬁscalium
1655 4501 1959 4567 debitorum,
1984 4497 2115 4570 etc.]

2222 3309 2540 3378 supplicium
2568 3309 2886 3379 exigendum
2930 3310 2995 3364 de
3023 3310 3319 3366 Donatistis
3348 3310 3662 3380 praecipitur,
3694 3306 3772 3361 illis

2223 3404 2365 3457 enim
2396 3413 2449 3457 et
2476 3404 2675 3458 Judrcis
2700 3406 3008 3458 memoratis
3039 3424 3051 3458 :
3087 3403 3153 3459 In
3182 3422 3269 3459 eos
3292 3407 3466 3475 igitur,
3500 3403 3683 3473 inquit,
3707 3399 3775 3468 qui

2221 3494 2416 3560 aliquid
2435 3494 2573 3563 quod
2596 3495 2660 3546 sit
2688 3495 2953 3547 catholica:
2979 3505 3128 3549 secta:
3150 3497 3492 3561 contrarium,
3522 3496 3776 3547 adversum-

2221 3601 2317 3655 que
2362 3587 2658 3639 tentaverint
2706 3588 3018 3655 supplicium
3041 3591 3202 3659 justo!
3235 3586 3672 3641 animadversionis
3702 3598 3777 3635 es-

2226 3678 2394 3741 promi
2424 3678 2774 3748 prarcipimus.
2809 3679 2887 3733 Ad
2924 3694 3043 3749 quae
3078 3679 3239 3734 verba
3260 3723 3275 3749 ,
3320 3680 3442 3734 vide
3467 3680 3577 3734 Jac.
3608 3674 3777 3730 Gotho-

2224 3769 2451 3825 frcdum.
2500 3771 2554 3824 Si
2587 3771 2928 3826 distinctione
2978 3772 3257 3838 adhibita,
3285 3772 3501 3842 juberet
3549 3767 3779 3824 Honorius

2223 3875 2316 3915 eos
2338 3862 2425 3930 qui
2448 3863 2765 3917 seditionem
2791 3865 3272 3935 movissentjusto,
3302 3882 3366 3921 ex
3392 3865 3591 3935 legibus
3614 3862 3780 3915 Roma-

2224 3954 2325 4015 nis,
2354 3953 2559 4022 judicio
2587 3954 2777 4023 plecti;
2802 3955 2947 4024 parci
2973 3971 3101 4009 vero
3129 3955 3195 4010 iis
3218 3959 3308 4025 qui
3335 3958 3511 4026 quiete
3534 3954 3777 4010 vixissent,

2222 4053 2275 4098 et
2328 4044 2443 4097 sola
2494 4045 2747 4114 opinione
2806 4060 2965 4111 prava
3016 4055 3359 4111 tenerentur,
3407 4062 3511 4100 non
3539 4050 3671 4099 esset
3702 4052 3781 4092 cur

2222 4152 2341 4189 eum
2370 4138 2823 4204 vituperaremus.
2850 4137 2983 4189 Dum
3009 4138 3151 4191 enim
3180 4138 3411 4206 publicae
3441 4128 3782 4206 tranquillitati

2222 4227 2625 4295 consuluisset,
2681 4226 3032 4283 humanitatis
3079 4237 3132 4283 et
3176 4229 3557 4285 imbecillitatis
3611 4219 3783 4293 ingenii

2224 4321 2462 4383 humani,
2494 4328 2553 4374 ut
2586 4335 2680 4389 par
2708 4332 2853 4387 erat,
2884 4322 3147 4376 rationem
3177 4323 3474 4377 habuisset.
3522 4319 3663 4375 Nunc
3703 4330 3782 4370 au-

2223 4422 2326 4466 tem
2357 4413 2549 4467 miscet
2575 4412 2678 4467 ima
2707 4415 2962 4481 summis,
2993 4415 3301 4486 similesque
3329 4415 3399 4470 de
3423 4412 3708 4470 errantibus
3732 4420 3784 4459 ac

2223 4504 2291 4559 de
2339 4504 2613 4559 seditiosis
2664 4519 2852 4573 poenas
2885 4508 3022 4560 sumi
3054 4507 3189 4560 vult.
3226 4505 3553 4579 Augustinus
3596 4510 3784 4572 quoque

534 4594 859 4665 Confugerat
898 4595 965 4649 ad
1017 4597 1407 4665 episcopatum,
1450 4594 1600 4662 quasi
1654 4592 1719 4645 ad
1770 4593 2008 4662 asylum,
2052 4595 2317 4660 neDltic
2353 4605 2595 4650 errantes
2624 4610 2744 4649 cum
2796 4597 3070 4652 sceleratis
3123 4598 3345 4666 miscet,
3394 4595 3681 4666 promiscue
3705 4599 3784 4640 eos

530 4698 748 4758 propter
773 4689 951 4743 debita
986 4690 1039 4741 in
1067 4702 1337 4741 carcerem
1369 4686 1823 4754 compingeretur.

603 4780 773 4851 Epist.
806 4780 898 4848 97,
933 4778 960 4849 §
990 4780 1044 4832 2.
1077 4777 1329 4831 Noverint
1350 4777 1541 4829 inimici
1574 4776 1819 4831 Ecclesia:
1841 4777 1973 4847 leges
2001 4775 2121 4831 illas

526 4886 641 4941 qua:
667 4872 731 4924 de
768 4871 920 4923 idolis
971 4868 1357 4937 confringendis
1387 4876 1433 4920 et
1474 4866 1725 4921 hwreticis
1773 4869 2116 4938 corrigendis,

528 4963 634 5015 vivo
684 4961 971 5029 Stilicone,
1014 4958 1069 5011 in
1108 4959 1340 5029 Africam
1388 4958 1557 5013 missae
1582 4966 1733 5025 sunt,
1773 4975 1836 5012 ea:
1864 4960 2124 5013 voluntate

527 5055 850 5126 imperatoris
886 5052 1108 5123 piissimi
1147 5064 1192 5105 et
1228 5051 1517 5120 fidelissimi
1560 5051 1905 5123 constitutas.]
1950 5053 2120 5107 Nimi-

527 5161 670 5214 rum,
698 5161 819 5200 cum
852 5143 1125 5199 Honorius
1162 5142 1469 5197 mortalium
1500 5155 1645 5198 esset
1683 5142 2078 5198 inﬁrmissimus
2103 5186 2118 5212 ,

528 5241 875 5294 vehementer
922 5238 1182 5293 timebant
1220 5236 1471 5291 catholici
1517 5252 1585 5291 ne
1626 5236 1767 5291 forte
1811 5236 2009 5291 ethnici
2059 5249 2123 5290 ac

534 5333 825 5389 Donatista:
854 5334 1060 5402 sequius
1087 5333 1376 5404 quodpiam
1400 5335 1720 5404 rescriptum
1744 5335 2121 5403 impetrarent.

533 5426 822 5479 Historiam
872 5427 1061 5481 harum
1091 5427 1267 5496 legum
1296 5427 1421 5482 vide
1447 5428 1543 5482 lib.
1571 5442 1621 5481 Vl
1655 5426 1787 5481 Vitae
1815 5424 2121 5494 Augustini,

534 5531 655 5586 quae
686 5527 864 5572 exstat
894 5527 1039 5573 tomo
1069 5517 1139 5573 XI
1169 5504 1330 5589 hujus
1355 5520 1639 5585 editionis,
1670 5528 1726 5573 et
1751 5519 1803 5571 in
1839 5518 1978 5572 notis
2004 5516 2120 5571 Jac.

535 5608 847 5665 Gothofredi
878 5610 946 5665 ad
974 5614 1057 5665 tit.
1090 5612 1123 5666 5
1153 5612 1246 5666 lib.
1284 5628 1375 5665 xvi
1403 5613 1603 5667 codicis
1633 5610 2015 5664 Theodosiani.

610 5701 779 5772 Epist.
811 5702 902 5771 98,
928 5702 954 5774 §
982 5706 1031 5758 1.
1059 5703 1186 5759 Ideo
1207 5721 1269 5759 ea:
1289 5705 1449 5758 Adam
1477 5706 1633 5757 traxit
1657 5703 1793 5772 quod
1813 5702 2126 5756 sacramenti

536 5795 677 5851 illius
732 5798 901 5869 gratia
943 5799 1220 5857 solveretur
1251 5840 1267 5865 ,
1330 5804 1450 5871 quia
1499 5798 1730 5853 nondum
1772 5805 1895 5881 erat
1948 5796 2126 5853 anima

2224 4689 2481 4753 damnat,
2514 4700 2567 4744 et
2611 4690 2814 4759 pariter
2847 4705 2944 4759 pro
2975 4690 3040 4744 iis
3071 4706 3139 4745 ne
3165 4691 3479 4747 occidantur
3508 4679 3781 4741 intercedit.

2226 4779 2449 4835 Videtur
2479 4795 2601 4835 esse
2629 4781 2804 4850 aliqua
2837 4782 3007 4849 prima
3039 4780 3217 4837 fronte
3250 4798 3312 4837 ea
3343 4783 3396 4836 in
3421 4795 3482 4835 re
3507 4774 3783 4833 misericor-

2224 4874 2337 4937 dia;
2397 4873 2492 4927 sed
2520 4886 2707 4927 vereor
2738 4890 2807 4928 ne
2840 4874 3007 4945 magis
3038 4874 3233 4930 famam
3264 4870 3643 4932 misericordiae
3678 4876 3785 4931 cap‘

2229 4972 2405 5019 tarent
2453 4962 2565 5019 Afri
2595 4979 2752 5034 quam
2787 4980 2906 5020 eam
2943 4966 3193 5022 virtutem
3224 4982 3291 5023 ex
3321 4967 3497 5021 animo
3537 4959 3782 5015 colerent;

2227 5072 2345 5111 cum
2376 5056 2522 5125 quia,
2553 5064 2613 5109 ut
2643 5056 2776 5123 dixi,
2811 5057 3113 5112 Donatistas
3145 5072 3335 5114 omnes
3354 5056 3541 5114 eodem
3569 5052 3679 5106 loco
3705 5044 3785 5097 ha-

2228 5147 2457 5212 bebant;
2509 5155 2620 5201 tum
2652 5151 2773 5218 quia
2799 5193 2815 5219 ,
2859 5151 3021 5205 etiam
3071 5151 3203 5207 citra
3250 5159 3511 5213 mortem,
3553 5144 3785 5199 immtmes

2228 5250 2381 5294 erant
2404 5241 2552 5311 leges
2575 5242 2865 5298 Theodosii
2898 5253 2952 5298 et
2977 5244 3207 5299 filiorum
3230 5246 3283 5301 in
3306 5245 3530 5299 miseros
3544 5231 3783 5292 homines,

2230 5334 2405 5402 qualis
2438 5342 2520 5388 est
2561 5344 2748 5404 quarta
2779 5338 2861 5388 tit.
2891 5334 2947 5401 6,
2996 5350 3097 5404 qua
3127 5338 3383 5402 sancitur,
3415 5333 3553 5387 inter
3578 5323 3672 5379 alia

2228 5426 2455 5495 quisquis
2502 5433 2613 5493 post
2644 5424 2753 5480 hazc
2794 5426 2948 5495 fuerit
2980 5427 3319 5495 rebaptizasse
3357 5424 3607 5480 detectus,
3638 5404 3784 5481 judici
3836 5482 3837 5485 η

2228 5520 2317 5589 qui
2337 5520 2612 5590 provincia:
2636 5520 2872 5587 pra’sidet
2888 5518 3159 5587 oﬂ'eratur,
3181 5530 3236 5574 ut
3264 5518 3561 5591 facultatum
3589 5499 3784 5560 omnium

2228 5611 2575 5679 publicatione
2608 5611 2882 5664 mulctatus
2902 5652 2917 5677 ,
2948 5612 3136 5682 inopia:
3166 5627 3392 5681 penam,
3422 5620 3520 5675 qua
3549 5602 3598 5652 in
3628 5600 3781 5686 Pf’i’f‘

2231 5714 2375 5754 tuum
2415 5696 2687 5771 afficiatur,
2718 5701 3012 5769 expendat;
3047 5704 3206 5772 item,
3251 5711 3307 5758 ut
3333 5700 3420 5770 qui
3447 5713 3477 5751 e
3496 5683 3781 5772 supradictis

2230 5798 2426 5855 iterare
2452 5795 2718 5869 baptisma
2746 5811 2853 5855 non
2880 5796 3177 5867 timuerint,
3199 5805 3290 5855 aut
3310 5792 3399 5867 qui
3425 5767 3776 5848 consentiendo
