3954 6364
193 356 262 411 261
838 347 1193 407 ῩΑιὶιυιὶΗΜ
1234 346 1736 404 EXE-RCITATION
1749 348 1777 402 Ε

1894 346 1934 402 Ν
1974 349 2034 403 S.
2075 348 2445 406 AUGUSTINI
2482 348 2732 405 OPERA.

3327 353 3434 409 262

194 476 269 531 hoc
292 470 483 525 facinus
505 470 718 539 prepria
751 470 907 539 hujus
934 470 1203 525 societatis
1231 470 1585 537 permissionc
1628 484 1732 521 non
1766 473 1818 531 Α
1842 483 2069 534 sensum,
2095 472 2498 539 comparantium
2515 470 2808 537 semetipsos
2824 468 3146 537 sibimetipsis
3173 469 3299 541 (hoc
3327 479 3432 539 est,

194 564 557 631 damnaverint,
591 566 765 619 sciant
796 580 898 625 non
928 563 1094 618 solum
1132 562 1355 617 testandi
1396 564 1491 616 sibi
1519 604 1533 626 ,
1573 578 1746 615 verum

193 660 468 732 adipiscendi
503 658 701 727 aliquid
731 659 822 712 sub
855 659 1021 728 specie
1065 658 1357 711 donationis
1382 656 1457 710 vel
1482 657 1750 726 agitando-

193 769 277 809 rtmt
327 759 681 805 contr-actuum
730 753 782 804 in
829 763 1130 821 perpetuum
1175 751 1373 815 capiant
1426 750 1748 817 denegatam,

195 851 268 905 nisi
299 864 463 915 praete
505 848 689 900 mentis
725 862 950 900 errorem
990 847 1265 900 reverenda
1296 845 1535 898 adversus
1564 852 1753 896 rectam

199 944 318 1011 ﬁdem
342 939 557 991 consilio
580 939 865 992 emendatio
889 938 1191 991 correxerit.
1221 936 1428 1002 Quanta
1451 935 1755 989 calamitate

200 1032 761 1089 afticerentDonatistas
788 1030 1056 1100 ejusmodi
1079 1031 1224 1100 leges
1250 1029 1577 1084 exsecutioni
1605 1042 1757 1080 man-

201 1130 343 1189 datae,
397 1139 518 1193 quae
564 1124 683 1176 aliis
724 1123 929 1193 legibus
968 1122 1381 1191 diligentissime
1421 1118 1754 1189 prmcipitur,

201 1230 353 1272 omnes
374 1214 531 1269 facile
566 1214 893 1281 intelligunt.
926 1214 1086 1283 Igitur
1107 1212 1349 1267 Africani
1382 1213 1620 1282 episcopi
1649 1226 1755 1263 non

202 1318 323 1364 erant
350 1317 627 1373 propterea
669 1306 959 1360 admodum
1014 1305 1428 1369 misericordes,
1482 1305 1621 1373 quod
1664 1318 1758 1356 cos

205 1399 342 1456 occidi
370 1398 596 1461 nollent,
630 1398 719 1465 qui
776 1406 883 1449 tam
931 1397 1072 1450 male
1108 1395 1465 1456 habebantur,
1511 1402 1567 1447 ut
1608 1392 1761 1447 multi

208 1500 394 1547 mortem
418 1490 544 1542 vita:
578 1487 914 1557 praaferrent.
946 1486 1076 1551 Quis
1101 1489 1271 1541 nescit
1304 1500 1371 1538 an
1403 1500 1508 1538 non
1538 1483 1763 1537 mallent

213 1584 357 1637 videre
394 1580 691 1648 locupletes
727 1580 1029 1633 Donatistae
1057 1577 1157 1632 sibi
1181 1578 1472 1646 vectigales
1494 1577 1545 1630 in
1582 1577 1760 1631 eccle-

221 1678 311 1737 siis,
332 1688 468 1742 quam
515 1686 612 1725 eos
638 1672 688 1724 in
730 1670 988 1739 sepulcris
1023 1671 1199 1738 jacere
1247 1669 1401 1723 bonis
1434 1667 1563 1724 fisco
1594 1670 1765 1723 ascri-

234 1764 478 1836 ptis‘tNihil
513 1764 783 1832 indignius
813 1772 895 1816 cst
919 1762 1235 1816 Christianis
1274 1776 1432 1830 quam
1458 1761 1762 1830 persecutio

228 1873 342 1928 quam
361 1855 443 1922 qui
474 1856 701 1922 probant
740 1853 951 1922 quidvis
981 1862 1202 1921 possunt
1229 1852 1481 1920 probare.

278 1950 421 2015 Epist.
450 1948 573 2011 105,
603 1947 629 2017 §
655 1947 709 2013 5,
735 1946 803 2001 de
824 1948 1138 2016 presbytero
1160 1950 1247 2013 qui
1276 1945 1572 1999 catholicus
1594 1946 1766 2001 laetus

156 2024 160 2033 ’
222 2050 311 2095 erat
336 2058 346 2091 :
379 2039 542 2105 Quare
568 2039 713 2090 illum
740 2039 890 2091 vestri
919 2037 1169 2106 persecuti
1196 2047 1342 2099 sunt,
1393 2046 1438 2090 et
1481 2053 1606 2105 pene
1633 2037 1769 2090 occi-

218 2136 411 2197 dissent,
454 2132 549 2184 nisi
595 2131 689 2184 Dei
741 2146 921 2183 manus
964 2146 1053 2199 per
1093 2128 1322 2182 homines
1359 2130 1767 2197 supervenientes
1814 2116 1819 2125 ⁴

212 2226 438 2278 violentias
480 2241 656 2277 eorum
697 2224 1106 2293 compressisset,
1152 2222 1282 2293 etc.]
1338 2222 1478 2287 Quin
1535 2223 1769 2290 pessime

212 2317 404 2371 fecerint
428 2316 718 2371 Donatista:
740 2330 899 2369 nemo
922 2314 1159 2379 dubitet;
1182 2323 1236 2369 et
1260 2325 1478 2383 propter
1499 2312 1768 2381 ejusmodi

212 2410 440 2463 violentias
472 2423 658 2477 ptenas
681 2408 832 2461 luere
862 2406 1152 2471 debebant,
1186 2415 1242 2458 at
1272 2420 1378 2459 non
1412 2414 1633 2475 propter
1654 2405 1771 2472 opi-

215 2504 396 2556 niones.
420 2502 671 2553 Attamen
701 2498 880 2552 omnia
910 2496 1017 2551 illis
1047 2497 1494 2566 ignoscebantur,
1520 2498 1563 2549 si
1610 2495 1770 2550 modo

212 2594 417 2647 redirent
460 2592 525 2644 ad
568 2591 861 2645 Ecelesiam
885 2589 1204 2643 catholicam
1227 2628 1242 2653 ,
1275 2596 1330 2642 ut
1360 2589 1528 2657 liquet
1555 2602 1621 2642 ex
1653 2587 1772 2657 lege

210 2684 286 2749 «Η,
313 2685 388 2737 tit.
412 2684 443 2737 5
465 2683 562 2738 lib.
590 2698 675 2736 ενι
702 2682 903 2737 codicis
935 2680 1313 2735 Tlieodosiani.

268 2775 411 2838 lbid.,
438 2774 463 2845 ᾗ
496 2775 548 2828 6.
595 2773 663 2826 Et
690 2784 856 2827 tamen
895 2773 1019 2841 quid
1051 2780 1123 2824 est
1151 2772 1330 2824 melius
1363 2770 1594 2842 proferre
1630 2786 1774 2825 veras

211 2869 544 2936 imperatorum
579 2866 842 2934 jussiones
874 2881 965 2935 pro
1012 2864 1244 2927 unitate,
1294 2880 1359 2916 an
1390 2862 1551 2933 falsas
1599 2862 1775 2915 indul-

211 2961 379 3030 gentias
400 2976 490 3028 pro
514 2960 841 3028 peruersitate
858 3000 872 3024 ,
902 2956 1037 3026 quod
1058 2972 1143 3010 vos
1175 2956 1364 3025 fecistis
1382 2996 1398 3021 ,
1425 2964 1471 3010 et
1509 2956 1774 3007 mendacio

212 3065 348 3106 vestro
371 3052 532 3105 subito
560 3060 720 3103 totam
740 3049 969 3115 Africam
988 3045 1298 3117 implestis?]
1321 3046 1436 3100 Non
1464 3055 1585 3100 erat
1614 3048 1779 3101 mise-

212 3146 273 3198 ris
299 3144 721 3212 cxprobrandum
752 3140 1057 3209 bujusmodi
1090 3139 1451 3203 mendacium,
1483 3140 1527 3192 si
1554 3139 1777 3192 menda-

188 3236 330 3288 -cium
380 3236 611 3295 fuisset;
667 3233 760 3288 sed
813 3232 981 3285 nimio
1034 3230 1233 3285 affectu
1285 3231 1587 3285 obcaecatus
1631 3228 1853 3295 falle-C

211 3327 346 3380 batur
385 3328 731 3398 Augustinus,
760 3340 883 3379 nam
925 3333 985 3377 ut
1005 3325 1313 3387 observavit
1343 3323 1585 3377 eruditus
1609 3324 1778 3377 Bene-

212 3420 421 3474 dictinus
465 3422 519 3473 in
555 3419 670 3473 Vita
722 3418 1003 3488 Augustini
1047 3418 1141 3471 lib.
1174 3434 1243 3481 vr,
1277 3433 1395 3486 cap.
1428 3418 1481 3482 7,
1528 3416 1555 3487 ἓ
1595 3418 1660 3482 2,
1713 3432 1779 3471 ex

212 3516 413 3570 concilio
455 3515 778 3583 Carthagine
826 3528 956 3567 xvnt
1002 3511 1252 3566 calendas
1282 3511 1447 3565 Julias
1496 3512 1622 3565 anui
1674 3510 1781 3566 410

214 3606 403 3675 habito,
452 3616 663 3662 constat
713 3620 779 3659 eo
819 3615 1064 3675 tempore
1092 3604 1210 3673 lege
1239 3616 1454 3658 cautum
1500 3604 1661 3657 fuisse
1713 3618 1780 3657 ne

218 3704 334 3767 quis,
368 3700 467 3755 nisi
491 3700 661 3754 libera
685 3699 960 3752 voluntate
979 3738 994 3762 ,
1024 3696 1341 3750 Christianae
1370 3694 1646 3765 religionis
1669 3694 1782 3749 cul-

218 3798 313 3845 tum
340 3794 775 3861 amplecteretur.
808 3790 941 3844 Eum
966 3788 1131 3842 adito.

288 3884 445 3953 Epist.
470 3883 595 3949 120,
623 3883 651 3953 §
676 3883 728 3936 5.
753 3882 895 3935 Absit
920 3891 974 3934 ut
994 3881 1110 3934 ideo
1137 3879 1421 3945 credamus,
1449 3896 1510 3933 ne
1535 3881 1786 3935 rationem

218 3975 533 4044 accipiamus,
573 3974 678 4027 sive
716 3988 1047 4044 quwramus;
1092 3986 1209 4024 cum
1239 3973 1391 4024 etiam
1437 3970 1644 4025 credere
1685 3987 1787 4025 non

221 4082 457 4130 possemus
482 4110 496 4134 ,
549 4068 651 4121 nisi
690 4064 968 4119 rationales
996 4066 1195 4118 animas
1224 4065 1541 4119 haberemus.
1580 4063 1647 4119 Ut
1669 4082 1787 4136 ergo

222 4157 269 4209 in
291 4158 581 4227 quibusdam
609 4158 762 4212 rebus
787 4159 854 4209 ad
877 4157 1162 4210 doctrinam
1187 4157 1463 4209 salutarem
1489 4157 1790 4224 pertinenti-

224 4247 306 4302 bus
324 4292 337 4317 ,
361 4267 484 4319 quas
511 4252 714 4304 ratione
744 4249 975 4302 nondum
1003 4250 1260 4319 percipere
1292 4247 1516 4301 valemus
1534 4288 1548 4311 ,
1580 4249 1668 4301 sed
1695 4250 1790 4301 ali-

224 4344 407 4408 quando
434 4343 735 4405 ualebimus,
768 4342 896 4409 ﬁdes
928 4341 1182 4411 prwcedat
1224 4340 1473 4393 rationem
1501 4381 1514 4405 ,
1558 4356 1658 4407 qua
1702 4356 1793 4394 cor

226 4438 491 4503 mandetur,
524 4451 580 4490 ut
610 4453 811 4506 magna:
837 4436 1053 4490 rationis
1083 4436 1255 4503 capiat
1281 4444 1325 4488 et
1357 4438 1581 4506 perferat
1600 4435 1789 4499 lucem,

227 4528 311 4581 hoc
330 4532 493 4600 utique
518 4530 734 4582 rationis
756 4526 875 4598 est.]
907 4527 1047 4581 Nihil
1077 4528 1277 4591 verius,
1304 4527 1549 4595 quamvis
1573 4543 1679 4581 non
1710 4529 1792 4579 in-

1853 568 1909 613 ut
1937 559 2168 623 videtur,
2193 560 2259 615 de
2281 561 2504 614 aliorum
2531 562 2711 615 animo
2730 562 2988 631 judicium
3022 575 3085 615 ex
3124 576 3220 614 suo
3258 562 3439 616 animo

1853 651 2109 722 ferentes)
2137 669 2237 706 non
2268 653 2473 708 divitias
2499 654 2782 719 dimisisse,
2819 657 2906 710 sed
2937 656 3003 709 ad
3031 653 3233 709 divitias
3265 656 3443 709 videor

1854 746 2067 800 venisse.
2088 745 2190 800 Via:
2201 747 2329 800 enint
2349 749 2589 819 vigesima
2608 750 2861 819 particula
2886 765 2964 802 res
2987 766 3095 803 mea
3112 758 3325 819 paterna
3339 750 3445 803 exi-

1854 838 2054 890 stimari
2071 849 2255 907 potest,
2280 842 2332 892 in
2349 843 2728 909 comparatione
2742 841 3051 904 pratdioram
3064 841 3307 904 ecclesiae,
3330 857 3447 912 qua:

1858 946 1994 982 nunc
2022 939 2074 983 ut
2103 930 2343 985 dominus
2372 933 2633 985 existimor
2659 932 2965 1004 possidere.]
2992 932 3164 987 Nolim
3198 934 3337 995 male
3382 935 3448 989 de

1857 1020 2169 1090 Cujusquam
2199 1023 2380 1076 animo
2413 1023 2540 1076 mihi
2567 1023 2748 1091 ignoto
2775 1023 3036 1092 judicare,
3063 1024 3158 1079 sed
3188 1040 3293 1077 non
3326 1040 3447 1093 pos-

1859 1128 1979 1166 sum
2020 1128 2125 1166 non
2160 1113 2282 1167 hinc
2313 1114 2631 1180 observare,
2663 1130 2729 1167 ex
2772 1114 3065 1168 mutatione
3094 1116 3255 1169 sortis
3299 1115 3450 1169 laical.

1862 1204 1914 1258 in
1946 1205 2382 1267 ecclesiasticam,
2416 1206 2554 1259 male
2576 1204 2755 1274 colligi
2776 1205 3029 1261 meliores
3056 1220 3177 1260 esse
3201 1206 3453 1261 ecclesia-

1863 1296 2028 1349 sticos
2056 1311 2214 1365 quam
2240 1297 2437 1363 laieos;
2472 1312 2592 1350 cum
2621 1298 2670 1349 in
2701 1296 2787 1351 illa
2825 1297 3137 1359 mutatione,
3170 1312 3271 1366 qua
3305 1298 3454 1367 quis-

1867 1389 2005 1457 piam
2048 1389 2247 1442 mavult
2276 1390 2387 1443 lieri
2418 1388 2649 1443 clericus
2676 1404 2835 1456 quam
2867 1404 3086 1442 uxorem
3120 1388 3345 1453 ducere,
3378 1390 3454 1442 la-

1865 1481 2106 1551 boreque
2165 1497 2263 1535 suo
2304 1482 2435 1546 sibi,
2466 1481 2679 1549 conjugi
2716 1491 2768 1535 et
2801 1480 2982 1534 liberis
3008 1495 3074 1534 ex
3101 1496 3161 1533 ca
3192 1482 3455 1549 susceptis

1865 1575 2060 1629 victum
2086 1590 2349 1645 quaerere,
2366 1591 2471 1628 non
2495 1575 2744 1643 exiguum
2764 1589 2906 1642 saepe
2929 1574 2997 1627 sit
3018 1575 3246 1627 lucrum.
3272 1572 3455 1641 Neque

1868 1667 2010 1722 enim
2045 1670 2176 1721 tanti
2206 1677 2288 1723 est
2321 1669 2520 1722 habere
2552 1683 2775 1721 uxorein
2811 1682 2931 1720 cum
2960 1681 3063 1735 qua
3101 1666 3458 1729 concumbas,

1867 1764 2049 1832 quanti
2068 1763 2234 1816 multo
2254 1760 2502 1815 ditiorem
2523 1776 2662 1823 esse,
2682 1758 3218 1829 tranquillioremque
3240 1769 3293 1812 et
3314 1773 3461 1811 com-

1792 1852 1844 1916 B
1873 1856 2170 1910 modiorem
2202 1856 2366 1909 vitam
2400 1870 2588 1923 agere;
2625 1870 2692 1909 ne
2726 1852 2834 1921 jam
2885 1856 3068 1921 loquar
3094 1852 3161 1906 de
3209 1851 3463 1921 dignitate

1871 1949 2356 2003 ecclesiasticarum
2374 1947 2538 2016 quiad
2558 1948 2922 2015 episcopatum
2945 1947 3344 2013 perveniebant.
3365 1944 3463 1998 Fa-

1871 2050 1987 2096 teor
2012 2055 2167 2109 posse
2192 2055 2310 2095 esse
2333 2048 2387 2094 et
2416 2039 2579 2094 fuisse
2598 2038 2740 2092 viros
2763 2037 2851 2105 qui
2876 2052 2967 2091 eas
2986 2052 3135 2103 opes,
3154 2037 3465 2104 dignitates-

1871 2147 1975 2203 que
2002 2148 2109 2186 non
2141 2132 2486 2193 ambiverint,
2514 2136 2767 2198 recteque
2797 2128 2860 2182 iis
2892 2126 2972 2181 usi
3001 2126 3222 2193 fuerint;
3255 2137 3309 2180 at
3340 2143 3464 2194 prn-

1873 2225 2014 2279 fccto
2038 2224 2178 2293 quod
2206 2223 2331 2277 talia
2366 2220 2697 2291 praetulerint
2730 2222 2849 2273 vitae
2877 2220 3098 2288 privata:
3122 2229 3172 2272 ct
3199 2220 3463 2281 obscurm,

1873 2334 1980 2372 non
2015 2326 2190 2387 potest
2218 2317 2320 2371 dici
2369 2326 2546 2370 ortum
2578 2330 2645 2369 ex
2674 2317 2851 2368 animo
2878 2313 3182 2367 divitiarum
3215 2320 3268 2367 et
3300 2312 3469 2364 Inmo-

1873 2427 1994 2466 rum
2027 2419 2309 2479 spretore;
2342 2424 2440 2463 nec
2469 2418 2752 2477 propterea
2780 2407 2990 2461 caeteris
3018 2405 3323 2458 hominibus
3345 2412 3470 2458 sunt

1877 2504 2217 2573 praeferendi,
2263 2519 2361 2559 nec
2393 2502 2644 2557 laudandi
2674 2502 2814 2569 quod
2852 2501 3118 2557 beatiores
3147 2509 3203 2555 et
3234 2500 3466 2553 honora-

1878 2598 2046 2652 tiores
2081 2612 2200 2652 esse
2229 2598 2345 2651 aliis
2376 2597 2664 2650 voluerint.

1954 2691 2111 2755 lbid.,
2147 2690 2211 2743 de
2241 2690 2461 2743 Piniano
2492 2706 2504 2738 :
2530 2684 2595 2740 In
2626 2684 2851 2756 qualibet
2881 2694 3050 2738 autem
3080 2684 3299 2737 maxime
3326 2682 3469 2749 Afri-

1876 2798 2123 2837 canarum
2168 2783 2530 2847 ecclesiarum,
2562 2779 2645 2833 hic
2674 2787 2869 2840 noster,
2908 2794 3008 2830 non
3050 2777 3163 2829 dico
3193 2776 3471 2845 presbyter,

1877 2876 1967 2929 sed
2002 2876 2271 2944 epist‘Opus
2319 2875 2421 2937 sit,
2468 2880 2794 2941 comparatus
2855 2868 3081 2940 pristinis
3132 2865 3309 2938 opibus
3366 2868 3475 2920 suis

1880 2967 2077 3021 etiamsi
2114 2966 2286 3019 animo
2339 2963 2654 3016 dominantis
2703 2970 2900 3033 egeret,
2945 2960 3301 3029 pauperrimus
3356 2958 3472 3011 erit.

1882 3057 2052 3111 Multo
2084 3073 2201 3127 ergo
2244 3056 2491 3123 liquidius
2540 3062 2585 3106 et
2617 3052 2846 3106 securius
2878 3053 2926 3105 in
2957 3050 3051 3103 hoc
3081 3060 3287 3102 amatur
3323 3047 3475 3101 (Inri-

1881 3151 2051 3204 stiana
2080 3159 2373 3219 paupertas,
2401 3148 2452 3199 in
2481 3161 2581 3215 quo
2613 3145 2760 3197 nulla
2783 3160 2952 3196 rerum
2974 3143 3279 3214 ampliorum
3306 3148 3473 3209 potest

1885 3246 2060 3317 putari
2112 3241 2413 3314 cupiditas.]
2470 3241 2668 3295 Verum
2713 3241 2814 3293 hoc
2869 3256 2972 3293 non
3012 3240 3306 3309 agebatur,
3353 3253 3476 3291 nam

1884 3337 2077 3389 Albina
2112 3351 2216 3388 non
2242 3334 2568 3402 querebatur
2592 3333 2757 3385 lilium
2785 3347 2938 3385 suum
2973 3331 3086 3399 rapi
3114 3347 3144 3383 a
3168 3330 3319 3400 plebe
3353 3331 3509 3398 llip-.

1885 3426 2137 3497 ponensi,
2165 3434 2218 3478 nt
2250 3424 2507 3478 Pinianus
2525 3422 2686 3475 ditior
2709 3421 2895 3487 fieret;
2918 3422 3011 3476 sed
3041 3423 3162 3490 quia
3193 3421 3344 3474 dives
3365 3429 3480 3474 erat

1886 3528 1939 3572 et
1964 3516 2223 3581 liberalis,
2250 3513 2502 3584 sperabat
2527 3512 2677 3582 plebs
2710 3511 2849 3575 fore,
2870 3511 2913 3565 si
2940 3512 3236 3582 presbyteri
3258 3525 3480 3563 numere

1887 3608 2028 3675 apud
2050 3624 2110 3663 se
2134 3609 2464 3677 fungeretur,
2495 3613 2552 3657 ut
2572 3613 2820 3673 erogaret
2842 3617 2972 3671 opes
2990 3617 3115 3657 suas
3134 3602 3477 3670 pauperibus,

1888 3701 2006 3756 sive
2040 3711 2241 3755 sortem
2279 3700 2394 3768 ipse
2424 3705 2684 3761 servaret,
2720 3695 3029 3766 fructusque
3055 3695 3161 3749 illis
3190 3695 3481 3760 divideret,

1889 3792 2003 3847 sive
2028 3800 2228 3846 sortem
2263 3791 2436 3860 ipsam
2481 3791 2640 3844 simul
2674 3804 2735 3844 ac
2761 3787 2927 3843 semel
2950 3787 3250 3855 largiretur.
3286 3786 3483 3840 Exem-

1891 3887 2033 3953 plum
2080 3884 2343 3951 cjusmodi
2378 3883 2676 3953 largitionis
2708 3882 3012 3951 przcbuerat
3042 3880 3293 3932 Paulinus
3325 3878 3485 3932 Nola-

1892 3991 2013 4041 nus,
2044 3976 2197 4044 cujus
2240 3974 2375 4029 Vitae
2419 3989 2538 4043 cap.
2570 3975 2602 4029 8
2632 3973 2685 4027 in
2723 3973 2811 4027 ed.
2857 3972 3089 4027 Parisina
3136 3970 3260 4023 anni
3317 3969 3477 4035 l685,

1894 4071 2032 4125 vide.
2059 4070 2114 4126 Si
2132 4071 2283 4139 plebs
2300 4067 2678 4139 Hipponensis,
2699 4076 2858 4138 prout
2876 4066 3249 4136 suspicabatur
3265 4063 3483 4129 Albina,

1895 4177 1960 4217 eo
1987 4164 2169 4216 animo
2200 4161 2572 4232 presbyterum
2618 4159 2898 4214 Piuianum
2949 4158 3144 4212 habere
3172 4155 3403 4224 cupivit,
3433 4163 3487 4208 et

1896 4254 2152 4308 seditiose
2174 4253 2487 4323 postulavit,
2514 4251 2614 4306 fuit
2640 4254 2752 4306 haec
2783 4251 3034 4305 seditiosa
3065 4248 3399 4316 mendicitas,
3433 4254 3487 4301 et

1898 4347 2219 4417 periculosa,
2251 4346 2448 4416 quippe
2469 4362 2590 4415 qua:
2613 4346 2766 4400 uxori
2789 4345 2961 4398 virum
2997 4342 3259 4412 rapiebat,
3289 4351 3344 4393 ut
3371 4339 3487 4407 ejus

1896 4440 2084 4509 spoliis
2140 4439 2443 4501 frueretur,
2501 4453 2607 4491 non
2656 4453 2806 4490 amor
2856 4435 3066 4490 virtutis
3104 4433 3332 4488 Piniani.
3382 4431 3493 4484 Nec

1897 4535 2059 4587 audet
2080 4533 2182 4587 hoc
2214 4531 2369 4601 plane
2394 4546 2590 4600 negare
2628 4530 2958 4599 Augustinus
2987 4528 3233 4598 quamvis
3274 4526 3493 4579 simulet

227 4621 437 4691 telligam
459 4620 729 4692 quomodo
748 4620 849 4674 hoc
868 4620 920 4673 in
938 4618 1278 4673 concordiam
1302 4619 1467 4688 redigi
1493 4629 1790 4687 queatcum
1816 4614 1871 4677 D
1900 4640 1959 4679 se
1990 4640 2092 4677 non
2126 4623 2427 4692 intelligere
2456 4638 2553 4677 cur
2586 4624 2949 4692 suSpicaretur
2977 4620 3200 4682 Albina;
3234 4616 3325 4672 sed
3366 4630 3490 4684 pro-

226 4726 285 4766 eo
306 4714 434 4783 quod
457 4714 585 4767 alibi
614 4713 775 4768 habet
793 4713 859 4766 de
884 4709 1223 4765 auctoritate.
1262 4709 1392 4764 Vide
1420 4719 1531 4763 not.
1564 4711 1631 4764 ad
1659 4722 1789 4764 tom.

228 4806 265 4867 l,
297 4807 383 4861 lib.
413 4808 478 4862 de
502 4808 699 4873 Quant.
728 4806 944 4871 animae,
974 4804 1001 4874 §
1030 4804 1117 4857 l2.
1142 4804 1308 4858 Nemo
1338 4805 1495 4859 etiam
1526 4820 1630 4859 non
1662 4821 1794 4874 pro-

228 4896 312 4952 bet
337 4900 467 4968 quod
499 4909 584 4954 est
616 4899 643 4969 §
675 4900 727 4952 6.
764 4897 909 4953 Sicut
937 4913 1040 4950 non
1074 4898 1190 4950 ideo
1220 4897 1367 4951 debes
1396 4913 1594 4951 omnem
1639 4900 1797 4951 vitare

231 5005 511 5059 temonem,
524 4995 647 5063 quia
665 5001 739 5045 est
760 5002 805 5046 et
826 5006 992 5045 sermo
1012 4990 1173 5059 falsus
1191 5006 1209 5043 :
1222 4996 1294 5043 ita
1310 5007 1411 5043 non
1433 4990 1581 5044 debes
1596 5005 1796 5044 omnem

234 5087 378 5141 vitare
404 5090 683 5151 rationem,
712 5086 832 5155 quia
861 5094 934 5138 est
959 5094 1005 5136 et
1032 5085 1168 5153 falsa
1193 5085 1344 5138 ratio.
1378 5084 1673 5153 Augustino
1702 5099 1797 5138 ne-

235 5182 337 5233 scio
356 5179 476 5250 quid
499 5196 566 5235 ex
594 5177 1061 5243 Academicorum,
1082 5191 1211 5243 quos
1226 5177 1457 5231 maxime
1483 5175 1798 5232 adolescens

236 5272 441 5326 miratus
466 5272 659 5335 fuerat,
687 5268 903 5340 ingenio
920 5268 1165 5334 adhaesit;
1185 5285 1513 5339 quascunque
1547 5270 1689 5325 enim
1716 5284 1782 5324 ve

238 5365 463 5421 risimilia
494 5367 677 5419 animo
706 5363 824 5432 ejus
850 5376 969 5416 sese
1006 5362 1263 5431 objiciunt
1289 5363 1493 5431 arripit,
1524 5374 1804 5417 consecta-

230 5458 420 5513 riorum
464 5458 704 5514 omnium
738 5470 1033 5523 eorumque
1069 5470 1187 5524 quae
1231 5455 1359 5509 alibi
1390 5454 1525 5508 dixit
1555 5469 1797 5509 securus.

236 5551 318 5607 Sic
354 5570 410 5609 se
455 5552 675 5617 Cicero,
711 5550 763 5604 in
809 5563 915 5618 quo
946 5549 1173 5619 legendo
1219 5558 1419 5603 tantum
1450 5559 1661 5616 tempus
1706 5549 1801 5602 tri-

239 5657 412 5715 verat,
448 5646 694 5719 gerebat.
725 5647 859 5704 Vide
907 5643 1131 5699 Joannis
1178 5643 1374 5699 Clerici
1430 5644 1798 5711 Quaestionum

237 5742 751 5815 llieronymianarum
779 5752 1043 5797 octavam.

299 5839 461 5910 Epist.
500 5839 628 5911 126,
658 5837 685 5909 §
712 5838 763 5893 7.
794 5836 905 5908 Ego
944 5831 1164 5907 quippe,
1207 5831 1483 5890 secundum
1521 5832 1805 5888 multorum

1905 4716 2188 4788 pemodum
2218 4713 2418 4769 fatetur
2445 4714 2593 4767 hisce
2624 4714 2803 4767 verbis
2837 4730 2850 4765 :
2882 4711 2946 4765 Et
2974 4713 3017 4766 si
3040 4712 3229 4780 fuerint
3256 4709 3334 4761 illi
3358 4708 3493 4760 mul-

1903 4810 2110 4863 titudini
2141 4810 2367 4878 permisti
2390 4809 2568 4878 inopes
2606 4805 2684 4861 rel
2714 4807 2961 4874 mendici,
2990 4805 3077 4874 qui
3124 4802 3278 4856 simul
3299 4801 3494 4854 clama-

1906 4902 2058 4967 bant,
2106 4911 2151 4954 et
2198 4902 2262 4954 de
2288 4908 2451 4953 vestra
2492 4898 2767 4953 venerabili
2812 4896 3153 4951 redundantia
3194 4894 3493 4964 indigentia:

1905 5008 2009 5046 sua:
2032 4990 2438 5062 supplementum
2463 4991 2754 5061 sperabant,
2786 5005 2875 5041 nec
2906 4990 3021 5053 ista,
3054 4994 3109 5039 ut
3141 4985 3379 5049 arbitror,
3404 5000 3495 5037 cu-

1907 5087 2097 5155 piditas
2128 5083 2296 5151 turpis
2316 5090 2413 5137 est.
2438 5084 2615 5150 Turpe
2638 5096 2742 5135 non
2776 5090 2857 5134 est
2886 5079 3126 5133 modeste
3152 5076 3492 5142 mendicare,

1908 5185 1951 5237 si
1980 5179 2318 5238 alitervitam
2339 5186 2645 5233 sustentare
2660 5189 2914 5244 nequeas;
2934 5172 3025 5228 sed
3044 5181 3196 5241 turpe
3212 5179 3295 5227 est
3320 5170 3493 5223 minas

1908 5274 2219 5339 intendere,
2257 5281 2313 5326 ut
2350 5284 2516 5339 genus
2545 5269 2668 5322 vita:
2700 5269 2943 5333 imponas
2983 5262 3218 5329 homini,
3250 5276 3357 5331 quo
3399 5258 3496 5313 tibi

1909 5366 2189 5421 facultates
2204 5363 2481 5433 largiatur,
2508 5373 2607 5414 nec
2628 5357 2846 5413 ferenda
2874 5357 2923 5411 in
2946 5353 3176 5411 ecclesia
3204 5352 3322 5408 talis
3347 5366 3499 5407 men-

1910 5458 2123 5512 dicatio.

1983 5546 2136 5611 lbid.,
2167 5546 2195 5616 §
2219 5545 2271 5599 8.
2295 5544 2475 5599 Restat
2496 5556 2634 5611 ergo,
2661 5539 2853 5610 inquit,
2878 5544 2933 5591 ut
2956 5538 3049 5592 iste
3064 5536 3291 5608 pecunite
3307 5532 3499 5602 turpis-

1910 5644 2066 5696 simus
2079 5639 2359 5707 appetitus,
2379 5653 2441 5688 ea;
2463 5634 2667 5703 obliquo
2688 5633 2740 5687 in
2773 5633 2982 5686 clericos
3012 5641 3057 5685 et
3080 5631 3298 5683 maxime
3322 5628 3374 5679 in
3398 5625 3498 5693 epi-

1911 5733 2405 5803 scopumdirigatur.
2429 5728 2538 5783 Nos
2551 5729 2685 5781 enim
2698 5726 2843 5781 rebus
2865 5725 3091 5779 ecclesiae
3103 5719 3361 5777 dominari
3385 5719 3495 5771 exi-

1913 5830 2204 5893 stimamur,
2236 5822 2531 5897 nus_0pibus
2562 5818 2833 5892 fruimur.]
2864 5818 3158 5890 Propterea
3187 5808 3499 5869 credibiliter
