3954 6364
518 250 625 307 265

1410 249 1965 308 SUPPLEMENTUM
2004 250 2096 305 AD
2134 248 2358 307 OPERA
2400 250 2459 308 S.
2502 250 2892 310 AUGUSTINI.
3690 255 3779 313 264

520 368 759 439 potuisse
788 366 891 453 hoc
911 368 963 425 in
997 367 1392 439 Hipponensem
1413 370 1615 425 clerum
1637 369 1744 425 dici
1769 368 1965 425 fatetur
1995 371 2104 423 Au-
2128 371 2181 429 Α
2206 368 2669 434 verisimilitudine,
2706 386 2827 424 vera
2858 383 2961 422 esse
2985 382 3087 421 non
3107 375 3296 438 potest.
3329 364 3537 421 Rursus
3564 367 3609 421 si
3634 374 3781 425 mani-

520 464 794 534 gustinus;
821 462 962 533 quod
985 472 1161 518 tamen
1190 476 1376 518 verum
1407 477 1530 519 esse
1559 472 1837 534 pernegat,
1855 463 2105 533 iuratque

520 568 581 610 se
626 555 770 610 nulla
818 553 1061 626 pecunia
1111 553 1404 624 cupiditate
1450 554 1803 611 sordidatum.
1853 554 2004 623 Quod
2053 553 2106 609 ei

521 647 683 702 credo
711 646 778 703 de
806 646 944 717 ipso,
976 646 1071 702 sed
1116 645 1465 701 vehementer
1488 646 1735 715 suspicor
1764 662 1793 700 a
1836 644 2105 701 nonnullis

521 754 588 793 ex
611 738 756 792 clero
778 736 1034 793 inferiore
1055 736 1343 792 utilitatem
1367 738 1613 792 ecclesia
1639 744 1930 806 spectatam
1962 750 2102 801 esse,

521 845 639 898 qua
670 838 773 883 tam
805 828 1026 884 divitem
1077 828 1449 899 presbyterum
1478 830 1724 898 accipere
1756 843 1861 881 non
1898 834 2106 896 poterat

522 922 638 976 sine
665 921 1055 987 emolumento;
1086 920 1229 990 quod
1260 920 1436 989 aliquo
1466 919 1628 974 modo
1649 921 1807 974 etiam
1841 917 2108 987 redunda-

521 1014 611 1067 bat
636 1013 691 1067 in
714 1012 1020 1067 universum
1046 1013 1300 1082 populum
1325 1011 1750 1081 Hipponensem,
1782 1025 1901 1064 cum
1926 1008 2107 1077 cujus-

519 1104 600 1158 vis
632 1104 784 1159 liberi
816 1114 870 1159 et
888 1103 1123 1173 episcopi
1156 1113 1208 1158 et
1239 1102 1541 1172 presbyteri
1573 1103 1687 1156 fieri
1714 1110 1952 1173 possent.
1977 1100 2108 1166 Qua

520 1195 741 1250 omnino
768 1195 950 1251 nescio
977 1210 1073 1249 cur
1100 1194 1403 1249 dissimulet
1431 1193 1781 1263 Augustinus,
1804 1208 1925 1247 cum
1960 1191 2107 1260 plebs

522 1302 629 1340 non
661 1286 862 1341 soleret
902 1286 1210 1340 tumultuari
1238 1295 1297 1339 ut
1337 1300 1536 1355 pauper
1561 1283 1825 1354 quispiam
1865 1284 2106 1353 peregri-

521 1394 622 1434 nus
649 1379 926 1449 presbyter
955 1380 1126 1433 lieret.
1162 1376 1252 1433 Sic
1282 1378 1445 1431 multa
1483 1392 1678 1431 arcana
1699 1377 1827 1431 olim
1858 1375 2108 1429 dissimu-

521 1472 627 1525 lata
660 1482 783 1525 sunt
813 1472 865 1523 in
898 1472 1155 1525 honorem
1202 1469 1460 1523 Ecclesia
1481 1509 1496 1534 ,
1526 1484 1644 1536 qua
1672 1469 1717 1521 si
1754 1479 1879 1521 nota
1903 1476 2103 1530 essent,

522 1580 628 1619 non
658 1564 793 1617 ultra
824 1562 1184 1632 apostolorum
1218 1570 1461 1630 tempora
1505 1560 1755 1629 exempla
1792 1560 1915 1613 vita
1954 1557 2109 1612 Chri-

522 1657 709 1711 stiana
736 1656 985 1709 omnibus
1018 1653 1256 1707 numeris
1282 1653 1522 1708 absoluta
1560 1653 1698 1708 forte
1723 1667 2102 1722 quareremus.

2208 462 2493 532 festissima
2517 473 2766 533 certaque
2790 461 2981 516 rationi
3010 461 3143 515 velut
3172 459 3575 529 Scripturarum
3602 475 3784 517 sancta-

2206 571 2322 609 rum
2348 556 2588 627 objicitur
2613 556 2912 619 auctoritas,
2940 570 3041 608 non
3072 554 3315 625 intelligit
3345 554 3440 623 qui
3463 552 3561 606 hoc
3588 552 3723 623 facit,
3748 568 3785 610 et

2208 662 2311 701 non
2340 645 2727 717 Scripturarum
2760 644 2975 699 illarum
2996 662 3229 711 sensum,
3257 645 3330 699 ad
3367 661 3521 713 quem
3547 657 3787 715 penetrare

2207 756 2310 793 non
2337 741 2524 810 potuit,
2563 742 2651 794 sed
2683 756 2833 793 suum
2869 740 3040 809 potius
3066 738 3239 809 objicit
3283 738 3522 803 veritati;
3558 754 3645 791 nec
3671 745 3787 809 quod

2208 835 2262 887 in
2286 835 2381 900 eis,
2411 833 2501 887 sed
2523 833 2662 903 quod
2686 835 2739 887 in
2765 834 2930 903 seipso
2960 833 3097 887 velut
3119 850 3210 903 pro
3233 833 3309 887 eis
3333 832 3529 886 invenit
3556 832 3788 903 apponit.]

2210 930 2383 981 Aurea
2410 924 2529 979 hac
2551 935 2633 980 est
2664 925 2870 995 regula,
2910 940 2937 977 a
2963 940 3067 995 qua
3092 926 3137 979 si
3168 940 3334 980 nemo
3362 923 3559 986 abiret,
3588 933 3640 979 et
3667 923 3789 979 Scri-

2213 1029 2384 1088 ptura
2403 1034 2499 1073 sua
2519 1019 2810 1074 auctoritas
2832 1019 3171 1089 legitimaque
3199 1017 3507 1081 sententia,
3535 1026 3589 1071 et
3620 1016 3787 1071 rationi

2209 1126 2304 1166 sua
2334 1111 2627 1167 indubitata
2656 1112 2854 1167 veritas
2876 1120 3169 1166 constaret.
3198 1110 3358 1165 Nunc
3390 1125 3543 1176 vero,
3571 1110 3686 1179 quia
3712 1128 3789 1167 ne-

2210 1205 2448 1275 gligitur,
2476 1204 2638 1260 modo
2667 1204 2960 1275 Scriptura
2990 1204 3153 1268 ﬁdes,
3183 1203 3352 1258 modo
3376 1202 3608 1256 rationis
3634 1204 3788 1258 lumen

2219 1298 2462 1362 vacillat;
2493 1308 2585 1352 aut
2613 1297 2755 1352 inter
2781 1312 2840 1352 se
2862 1312 2983 1367 qua
3012 1296 3301 1351 dissentire
3332 1303 3616 1363 nequeunt
3650 1296 3789 1364 turpi-

2213 1401 2292 1445 ter
2312 1391 2742 1445 committuntur.
2779 1389 3080 1458 Optandum
3100 1398 3247 1444 esset
3273 1388 3507 1456 hujusce
3529 1402 3639 1441 sua:
3660 1405 3788 1457 regu-

2213 1485 2277 1539 la
2305 1485 2359 1539 in
2400 1484 2791 1538 controversiis
2828 1483 3131 1551 Pelagianis
3154 1498 3464 1539 memorem
3495 1483 3657 1538 fuisse
3698 1486 3786 1539 Au-

2212 1579 2505 1647 gustinum.
2529 1576 2666 1632 Vide
2694 1577 2760 1632 ad
2788 1593 2877 1647 ep.
2912 1577 3035 1631 120.

2286 1672 2457 1741 Epist.
2483 1671 2608 1737 M9,
2641 1671 2668 1742 §
2694 1673 2746 1726 5.
2776 1670 2919 1727 Unus
2941 1670 3155 1725 habebat
3178 1670 3431 1734 (Gracus
3461 1669 3652 1739 codex)
3678 1672 3785 1739 quod

594 1750 765 1818 Epist.
798 1750 921 1813 155,
960 1748 986 1818 §
1019 1749 1070 1805 1.
1126 1748 1259 1801 Mihi
1303 1747 1601 1802 sollicitudo
1641 1746 1864 1799 maxima
1904 1747 2111 1799 incussa

2218 1771 2262 1816 et
2293 1762 2465 1815 Latini
2493 1741 2654 1816 nostri
2679 1762 2956 1829 :Domine,
2988 1764 3217 1833 perdens
3248 1764 3321 1816 de
3358 1773 3504 1817 terra
3536 1762 3785 1832 dispertire

522 1852 615 1907 est,
644 1857 708 1895 ne
736 1842 869 1911 forte
900 1841 1182 1896 sublimitas
1214 1852 1303 1894 tua
1334 1849 1534 1894 censeat
1560 1856 1642 1893 eos
1670 1848 1813 1892 tanta
1841 1838 2006 1908 legum
2032 1854 2112 1890 se-

520 1934 731 1987 veritate
758 1934 1082 2001 plectendos,
1113 1942 1166 1985 ut
1194 1934 1368 2002 qualia
1386 1933 1613 2002 fecerunt
1647 1932 1773 1984 talia
1800 1928 2108 2001 patiunturJ

523 2024 890 2079 Marcellinum
935 2033 1053 2079 orat
1095 2039 1162 2078 ne
1186 2024 1662 2078 Circumcelliones
1711 2023 2110 2077 Donatistarum

524 2116 709 2181 cadis,
734 2124 792 2170 ut
812 2116 907 2183 ait,
934 2126 987 2170 et
1007 2116 1235 2170 aliorum
1258 2116 1523 2170 scelerum
1546 2131 1668 2169 reos
1691 2116 1863 2182 capite
1888 2114 2109 2184 plectat.

522 2207 629 2263 Sed
661 2224 756 2263 cur
798 2224 907 2263 non
952 2209 1237 2264 intercedit
1267 2224 1363 2278 pro
1396 2208 1459 2262 iis
1500 2209 1588 2277 qui
1633 2207 1899 2276 opinionis
1944 2207 2112 2260 solius

520 2315 680 2355 causa
704 2300 843 2355 male
866 2299 1221 2363 habebantur,
1239 2315 1375 2370 quos
1399 2298 1611 2357 mollius
1638 2299 1817 2353 haberi
1844 2313 1937 2366 par
1958 2298 2111 2351 erat?

526 2391 749 2461 Nempe,
809 2392 1031 2458 famam,
1062 2401 1119 2446 ut
1142 2394 1252 2460 jam
1282 2391 1407 2446 alibi
1444 2392 1698 2459 diximus,
1728 2390 2112 2446 misericordia

523 2498 587 2537 ex
621 2482 904 2552 insignium
928 2497 1144 2538 reorum
1192 2476 1363 2537 salute
1413 2483 1685 2552 captabat.
1738 2482 1872 2538 Vide
1927 2492 1980 2537 et
2026 2497 2113 2537 se-

523 2585 778 2645 quentem
806 2576 1110 2645 epistolam.

595 2667 766 2736 Epist.
800 2668 935 2735 158,
975 2667 1001 2737 §
1052 2668 1150 2735 19,
1183 2666 1249 2721 de
1288 2666 1514 2737 Apuleio
1546 2667 1899 2723 Madaurense
1949 2684 1961 2718 :
2003 2664 2113 2721 Pro

519 2771 691 2814 statua
730 2761 825 2814 sibi
854 2762 991 2831 apud
1028 2760 1244 2815 Coeuses
1274 2760 1519 2827 locanda,
1554 2778 1616 2816 ea:
1642 2778 1743 2829 qua
1781 2762 1981 2815 civitate
2020 2760 2113 2813 ha-

520 2853 665 2906 bebat
704 2869 945 2921 uxorem,
984 2854 1228 2908 adversus
1281 2854 1737 2909 contradictionem
1775 2855 2113 2924 quorumdam

521 2946 706 2998 civium
735 2943 1005 3016 litigaret.]
1038 2945 1313 3001 Adnotant
1342 2946 1680 3001 Benedictini
1704 2946 1949 3001 undecim
1977 2959 2109 3000 mss.

522 3039 720 3094 habere
763 3038 1009 3108 Ucenses,
1042 3039 1278 3109 quinque
1322 3038 1564 3105 Oeenses,
1597 3039 1734 3093 duos
1764 3024 2007 3093 Cdenses.
2042 3040 2113 3093 At

2215 1869 2339 1919 eos;
2400 1855 2556 1919 alius,
2584 1856 2715 1909 sicut
2756 1856 2864 1924 ipse
2912 1857 3125 1924 posuisti
3158 1872 3177 1909 :
3220 1871 3248 1909 a
3286 1857 3477 1924 paucis
3516 1856 3582 1909 de
3631 1855 3784 1927 terra.)

2216 1950 2388 2005 Locus
2418 1959 2592 2004 exstat
2620 1949 2759 2019 psal.
2784 1965 2893 2017 xvi,
2928 1949 2994 2003 14
3019 1991 3034 2013 ,
3067 1965 3133 2004 ex
3162 1947 3439 2003 divisione
3482 1946 3619 2001 LXX
3650 1948 3781 2001 inter-

2216 2050 2424 2111 pretum
2482 2040 2879 2109 respondetque
2927 2039 3258 2109 Augustinus
3314 2039 3548 2093 Paulino
3598 2053 3779 2092 sensum

2216 2136 2409 2191 horum
2441 2137 2723 2205 quarenti.
2755 2135 2890 2190 liinc
2921 2136 3225 2205 intelligere
3261 2137 3534 2205 potuisset
3562 2137 3778 2205 Augusti-

2216 2244 2340 2296 nus,
2368 2245 2526 2299 quam
2562 2229 2899 2285 necessarius
2938 2240 3056 2285 erat
3086 2230 3242 2284 labor
3274 2230 3611 2299 Hieronymi,
3638 2232 3779 2286 denuo

2216 2322 2565 2377 convertendi
2616 2322 2923 2389 Scripturas
2972 2322 3176 2377 Veteris
3221 2323 3562 2379 Testamenti
3602 2341 3661 2379 ex
3700 2325 3777 2379 [le-

2216 2412 2412 2468 braicis
2444 2413 2701 2468 fontibus.
2732 2412 2867 2467 Cum
2900 2415 3042 2468 enim
3073 2414 3344 2469 haberent
3366 2416 3457 2468 alii
3492 2416 3608 2469 libri
3637 2415 3775 2471 Graeci

2217 2512 2574 2572 ΔΠΟΛΛΥΩΝ,
2601 2508 2844 2575 perdens,
2870 2504 2962 2559 alii
3000 2513 3077 2560 An
3104 2515 3371 2571 ΟΛΙΓΩΝ,
3418 2521 3636 2576 quorum
3661 2507 3775 2576 prius

2216 2608 2296 2653 est
2320 2598 2375 2653 in
2406 2598 2687 2663 Vaticano,
2716 2600 2985 2668 posterius
3017 2599 3067 2652 in
3093 2600 3470 2654 Alexandrino
3499 2599 3769 2668 exemplari,

2217 2698 2271 2744 et
2301 2690 2380 2744 sic
2412 2690 2584 2743 Latini
2618 2705 2831 2760 quoque
2864 2691 3163 2755 variarent;
3197 2699 3379 2744 utram
3412 2690 3676 2745 lectionem
3698 2690 3771 2743 eli-

2216 2795 2343 2849 gere
2381 2781 2574 2850 potuit,
2626 2796 2731 2835 non
2774 2782 3021 2851 inspecto
3050 2784 3351 2852 archetypo
3383 2781 3595 2836 codice?
3629 2782 3675 2834 Si
3700 2794 3772 2849 po-

2217 2872 2411 2926 tuisset
2464 2886 2586 2926 eum
2644 2873 2851 2941 legere,
2902 2871 3127 2926 vidisset
3175 2872 3320 2925 verti
3365 2886 3551 2949 vocem
3602 2879 3769 2927 arma

2217 2964 2491 3028 mimthim,
2513 2963 2655 3033 quod
2682 2974 2766 3018 est
2793 2981 2824 3015 a
2855 2964 3186 3029 mortalibus;
3214 2963 3361 3018 unde
3381 2962 3669 3031 collegisset
3691 2962 3768 3029 prio

2218 3069 2362 3107 mum
2394 3052 2537 3107 LXX
2577 3055 2899 3123 interpretes
2930 3054 3122 3122 legisse
3162 3062 3331 3113 amt:
3376 3053 3615 3117 met/tim,
3656 3050 3763 3106 occi-

523 3145 682 3184 nemo
710 3129 980 3184 dubitabit
1028 3131 1154 3199 quin
1182 3130 1416 3200 quinque
1446 3130 1521 3184 illi
1553 3130 1661 3185 sint
1687 3130 2108 3197 emendatiores,
2141 3113 2188 3178 C
2220 3145 2353 3199 deus
2375 3186 2390 3211 ,
2421 3144 2565 3215 quod
2617 3113 3085 3215 est-participi,“
3123 3145 3334 3213 hiphil;
3388 3145 3579 3200 deinde
3606 3113 3785 3198 ,ecum.

521 3225 611 3291 qui
648 3223 859 3292 Apuleii
892 3223 1209 3293 Apologiam
1232 3223 1451 3293 legerit,
1483 3225 1571 3278 ubi
1600 3225 1782 3279 multis
1809 3224 1875 3279 de
1915 3223 2115 3292 nuptiis

490 3297 502 3307 ’
522 3315 632 3368 suis
652 3329 773 3369 cum
798 3314 1100 3370 Pudentilla
1122 3314 1315 3370 Oeensi
1338 3315 1515 3370 vidua.
1550 3316 1915 3383 Quamobrem
1948 3317 2114 3370 miror

522 3420 629 3460 non
664 3405 951 3460 admissam
986 3406 1123 3460 hanc
1156 3406 1441 3461 lectionem
1480 3406 1532 3460 in
1562 3417 1895 3461 contextum.

599 3498 771 3567 Epist.
806 3498 928 3565 Nl,
962 3499 988 3569 §
1020 3497 1074 3550 5.
1109 3496 1413 3552 Communia
1442 3500 1696 3552 malorum
1742 3516 1846 3553 non
1890 3501 2115 3553 maculat

523 3592 743 3661 aliquem
765 3592 1155 3661 participatione
1182 3602 1647 3659 sacramentorum,
1672 3594 1761 3646 sed
1786 3593 2117 3646 consensione

523 3681 824 3754 [actorum]
852 3682 992 3737 Nihil
1026 3685 1222 3750 verius;
1252 3700 1373 3739 nam
1403 3686 1525 3739 dum
1560 3686 1735 3755 palam
1768 3685 1895 3740 licet
1915 3686 2117 3755 impro-

524 3776 656 3830 bare
688 3776 858 3843 facta,
898 3776 963 3830 iis
997 3776 1218 3831 minime
1245 3777 1595 3832 maculamur.
1621 3777 1728 3833 Sed
1753 3793 1849 3832 cur
1879 3778 1980 3832 hoc
2007 3794 2116 3833 non

523 3869 845 3924 extendatur
872 3870 1033 3925 etiam
1076 3870 1141 3925 ad
1168 3870 1451 3941 dogmata?
1487 3873 1737 3927 Attamen
1772 3880 1988 3941 promer
2029 3888 2115 3926 er-

524 3974 676 4013 rores
707 3974 843 4028 quos
865 3959 1124 4015 damnare
1156 3961 1325 4028 licuit,
1360 3976 1461 4017 nec
1486 3977 1581 4017 eos
1612 3963 1788 4032 magni
1820 3964 2113 4030 momenti,

527 4050 965 4119 frequentissime
987 4051 1253 4117 homines,
1278 4054 1567 4123 cateroqui
1592 4054 1811 4109 minime
1842 4055 1968 4109 mali
1990 4064 2117 4110 sunt

526 4144 891 4198 ecclesiastica
921 4145 1176 4201 societate
1204 4146 1383 4214 ejeCti.
1712 4144 1717 4149 ’

596 4234 767 4304 Epist.
802 4236 980 4306 M3,§
1013 4240 1067 4289 2.
1098 4235 1292 4292 Fateor
1332 4253 1411 4291 me
1439 4254 1501 4292 ea:
1539 4254 1714 4293 eorum
1761 4255 1969 4293 numero
2009 4254 2116 4293 esse

522 4328 699 4379 conari
720 4327 809 4397 qui
834 4328 1148 4396 proﬁciendo
1169 4328 1419 4398 scribunt,
1443 4338 1487 4382 et
1516 4330 1784 4384 scribendo
1813 4330 2108 4399 proﬁciunt.

528 4415 679 4470 Unde
720 4419 765 4470 si
806 4417 1002 4488 aliquid
1026 4419 1280 4474 incautius
1322 4419 1399 4473 vel
1433 4420 1690 4473 indoctius
1720 4438 1753 4473 a
1782 4437 1861 4474 me
1891 4421 2113 4490 positum

2218 3252 2328 3290 non
2360 3250 2481 3290 esse
2510 3251 2628 3290 eam
2661 3238 2965 3290 versionem
2994 3277 3009 3303 ,
3057 3237 3198 3306 quod
3237 3237 3327 3290 hic
3356 3251 3461 3290 non
3511 3234 3760 3289 ostendam.

2218 3330 2586 3401 Hieronymus
2617 3339 2795 3385 tamen
2823 3330 2986 3385 etiam
3032 3330 3193 3384 habet
3231 3329 3322 3383 hic
3352 3331 3439 3398 qui
3462 3330 3636 3382 mortui
3653 3336 3765 3389 sunt,

2219 3421 2315 3476 sed
2358 3421 2555 3477 frustra
2578 3467 2592 3491 ,
2644 3431 2701 3477 ut
2728 3423 3058 3477 recentiores
3090 3422 3425 3492 interpretes
3457 3422 3582 3476 satis
3626 3427 3765 3475 osten-

2223 3514 2440 3570 derunt.

2291 3604 2451 3671 lbid.,
2479 3605 2506 3675 §
2538 3604 2591 3658 4.
2636 3605 2789 3673 Quod
2824 3622 2938 3660 vero
2970 3608 3195 3674 sequitur
3218 3624 3237 3660 :
3262 3608 3495 3663 Saturati
3532 3614 3649 3661 sunt
3673 3618 3759 3671 por-

2220 3696 2365 3763 cina,
2388 3697 2503 3766 jam
2529 3696 2653 3767 quid
2684 3696 2809 3749 mihi
2830 3714 2892 3751 ea:
2917 3699 3010 3751 hoc
3038 3698 3293 3752 videretur
3319 3700 3519 3766 aperui.
3542 3697 3638 3753 Sed
3661 3695 3763 3764 quod

2220 3788 2310 3841 alii
2353 3788 2550 3841 codices
2581 3787 2771 3841 habent
2800 3799 2846 3842 et
2873 3790 3035 3843 verius
3065 3790 3251 3843 habere
3280 3791 3594 3860 perhibentur
3618 3788 3764 3858 (satu-

2220 3878 2321 3931 rati
2370 3888 2499 3932 sunt
2542 3877 2708 3948 ﬁliis)
2737 3880 2859 3948 quia
2889 3875 3218 3951 diligentiam
3251 3883 3558 3951 exemplaria
3600 3896 3675 3949 per
3696 3893 3763 3929 ac-

2221 3980 2397 4025 centus
2422 3979 2597 4025 notam
2628 3972 2857 4042 ejusdem
2878 3969 3045 4026 erci
3071 3975 3206 4027 verbi
3239 3975 3607 4046 ambiguitatem
3624 3970 3762 4023 Grata

2220 4063 2476 4130 scribendi
2520 4079 2659 4115 more
2702 4063 3023 4130 dissolvunt,
3060 4064 3327 4118 obscurius
3372 4073 3445 4118 est
3470 4063 3673 4132 quidem,
3696 4056 3761 4109 sed

2222 4156 2448 4210 electiori
2463 4156 2727 4209 sententia:
2747 4157 2941 4209 videtur
2956 4156 3127 4225 aptius
3144 4154 3457 4227 convenire.]
3488 4155 3581 4210 Alii
3610 4163 3761 4215 nempe

2219 4247 2437 4303 codices
2470 4246 2739 4302 habebant
2766 4250 2867 4301 ὑῶν
2897 4264 3191 4318 porcorum,
3218 4259 3313 4304 aut
3338 4250 3521 4320 porcis,
3544 4246 3623 4299 alii
3649 4244 3759 4301 υἱῶν,

2219 4341 2469 4409 ﬁliorum,
2497 4348 2590 4394 aut
2636 4340 2783 4410 ﬁliis,
2811 4357 2929 4411 qua
2960 4344 3171 4411 putavit
3208 4343 3556 4414 Augustinus,
3584 4354 3666 4407 pro
3689 4346 3759 4387 sua

2223 4431 2416 4500 lingua
2441 4431 2645 4487 Graca
2674 4435 2865 4503 peritia
2884 4473 2899 4498 ,
2945 4434 3163 4489 dilierre
3200 4445 3403 4489 tantum
3433 4441 3642 4491 accentu,
3666 4438 3758 4479 cum

525 4518 631 4575 est,
669 4508 805 4577 quod
832 4525 931 4562 non
960 4510 1126 4563 solum
1161 4510 1223 4561 ab
1264 4510 1381 4563 aliis
1422 4511 1508 4579 qui
1551 4510 1720 4563 videre
1764 4510 1819 4563 id
1867 4520 2109 4579 possunt,

2220 4522 2472 4577 dill‘erant
2512 4525 2688 4579 littera
2720 4524 2762 4579 ι.
2787 4525 2890 4579 Alii
2920 4534 3098 4581 tamen
3124 4528 3325 4583 habent
3354 4540 3489 4580 nunc
3516 4524 3649 4577 ὑείων
3668 4532 3758 4585 ρον·

523 4603 705 4655 merito
736 4602 1163 4671 reprehendatur,
1188 4619 1359 4657 rerum
1399 4606 1551 4657 etiam
1580 4621 1612 4656 a
1636 4622 1714 4658 me
1741 4606 1874 4675 ipso,
1907 4608 2027 4675 quia
2066 4617 2114 4661 et

522 4712 614 4765 ego
641 4696 819 4749 saltem
846 4696 1015 4749 videre
1043 4696 1217 4761 debeo,
1251 4697 1295 4749 si
1324 4697 1577 4767 proﬁcio;
1605 4713 1695 4750 nec
1725 4699 2017 4751 mirandum
2040 4708 2115 4753 est

523 4805 615 4842 nec
641 4788 949 4856 dolendum;
974 4788 1063 4843 sed
1091 4788 1262 4856 potius
1284 4788 1651 4855 ignoscendum
1677 4798 1830 4859 atque
1849 4790 2116 4859 gratulan-

522 4881 681 4946 dum,
724 4897 826 4934 non
865 4880 987 4948 quia
1014 4888 1244 4933 erratum
1283 4888 1387 4944 est,
1447 4878 1535 4933 sed
1571 4880 1690 4949 quia
1720 4880 2111 4953 improbatum]

524 4972 649 5025 llac
671 4971 831 5026 habet
851 4971 1203 5041 Augustinus,
1232 4970 1598 5040 explicaturus
1622 4972 1797 5026 locum
1827 4974 2115 5042 quemdam

522 5060 785 5117 librorum
812 5078 1032 5119 suorum
1054 5063 1121 5118 de
1144 5062 1339 5118 Libero
1363 5058 1625 5130 Arbitrio,
1658 5080 1776 5135 qua
1798 5081 1927 5123 sane
1953 5083 1981 5121 a
2014 5084 2114 5123 ne-

522 5157 669 5209 mine
698 5157 791 5225 qui
813 5171 919 5210 non
950 5156 1019 5210 sit
1047 5170 1268 5225 prorsus
1298 5156 1509 5226 iniquus
1540 5158 1828 5227 improbari
1852 5152 2113 5229 possunt.

524 5244 629 5297 Sed
661 5248 828 5299 miror
856 5262 964 5300 non
989 5247 1177 5316 attingi
1210 5247 1310 5300 alia
1342 5248 1580 5317 ejusdem
1604 5253 1783 5320 operis
1813 5253 1958 5319 loca,
1995 5268 2116 5323 qua

525 5336 754 5391 iudicavi
793 5338 845 5391 in
877 5338 1429 5395 animadversionibus
1455 5343 1521 5397 ad
1556 5346 1771 5399 tertium
1796 5347 1912 5413 ejus
1932 5348 2111 5415 operis

527 5428 742 5484 librum.
783 5429 947 5485 Miror
976 5442 1029 5487 et
1057 5432 1250 5488 similia
1279 5435 1573 5491 sentientes
1602 5446 1709 5492 tam
1741 5441 1934 5495 acerbe
1964 5439 2118 5494 dam-

528 5531 707 5576 ιιειιοε.

600 5612 752 5680 lbid.,
786 5615 812 5685 §
847 5616 898 5669 7.
931 5616 992 5671 Si
1019 5618 1152 5671 enim
1177 5621 1309 5675 ratio
1340 5632 1518 5676 contra
1542 5626 1831 5679 divinarum
1866 5625 2109 5699 Scriptu-

525 5722 705 5763 rarum
727 5712 1080 5768 auctoritatem
1100 5716 1354 5790 redditur,
1379 5720 1655 5789 quamlibet
1681 5731 1832 5777 acuta
1861 5724 1947 5789 sit,
1974 5723 2111 5794 fallit

2223 4616 2373 4670 cinis.
2417 4616 2612 4672 Veram
2664 4618 2877 4687 quidem
2932 4618 3214 4674 lectionem
3266 4619 3456 4690 partim
3500 4613 3636 4676 vidit,
3664 4618 3755 4662 nam

2221 4726 2305 4768 eSt
2336 4713 2601 4769 Hebraice
2630 4722 2765 4772 ora:
2794 4715 2973 4769 banim
3000 4760 3015 4785 ,
3066 4716 3165 4785 ﬁlii
3191 4759 3205 4781 ,
3257 4716 3352 4771 sed
3399 4730 3519 4769 casu
3546 4725 3601 4764 ac
3628 4716 3753 4777 prava

2219 4806 2527 4874 conjectura
2554 4845 2572 4872 ,
2619 4820 2837 4861 sensum
2888 4808 3030 4860 enim
3078 4808 3242 4862 habet
3287 4808 3442 4876 plane
3478 4790 3751 4857 alientunab

2221 4896 2325 4952 hoc
2369 4896 2507 4951 loco.
2564 4896 2641 4951 De
2692 4897 3043 4966 sequentibus
3086 4894 3605 4968 interpretationibus
3650 4880 3751 4941 nihil

2225 4990 2444 5055 addam,
2475 5004 2598 5044 nam
2627 4990 2757 5044 satis
2782 4990 2954 5060 liquet
2977 5007 3043 5045 ex
3076 4992 3462 5047 recentioribus
3488 4982 3650 5057 quanti
3672 4978 3751 5030 sint

2226 5080 2507 5136 facienda.
2553 5081 2783 5136 Paucula
2840 5092 3043 5137 tantum
3092 5083 3423 5139 observanda
3476 5067 3751 5138 dusi,ut|i-

2224 5181 2416 5241 queret
2458 5187 2554 5227 eos
2598 5173 2652 5228 in
2682 5173 2919 5229 tenebris
2949 5175 3227 5231 ambulare
3254 5176 3341 5246 qui
3370 5174 3489 5230 olim
3517 5165 3747 5221 voluerunt

2229 5264 2392 5320 Vetus
2444 5266 2849 5321 Testamentum
2899 5269 3014 5322 sine
3062 5268 3341 5323 llebraica
3385 5267 3563 5333 lingua
3605 5249 3746 5320 εοὶζηί·

2226 5358 2370 5413 tione
2399 5358 2767 5430 interpretari.
2800 5360 2966 5416 Multo
2996 5363 3227 5428 rectius,
3259 5358 3393 5430 quod
3421 5349 3649 5410 modestia
3675 5354 3743 5438 p0:

2220 5452 2477 5517 Stulabat,
2509 5454 2833 5519 tacuissent;
2872 5455 2967 5509 sed
3011 5456 3099 5525 qui
3148 5449 3469 5523 excogitandi
3498 5461 3552 5499 ac
3578 5431 3741 5532 dicendi

2224 5545 2534 5600 facultatem
2564 5547 2799 5617 aliquam
2828 5548 2971 5601 nacti
2999 5558 3153 5602 erant
3181 5548 3427 5618 putabant
3455 5555 3509 5595 se
3533 5537 3589 5591 de
3611 5539 3739 5583 omni-

2220 5637 2320 5693 bus
2352 5636 2535 5692 dicere
2564 5653 2739 5706 posse.

2217 5732 2243 5797 ίε
2290 5726 2463 5798 lapis"
2494 5727 2615 5798 1⁵⁷»
2651 5728 2677 5800 §
2705 5730 2761 5786 2ο
2804 5729 2867 5789 δί
2896 5732 3081 5802 quieris
3122 5742 3293 5791 utrum
3333 5732 3381 5786 in
3410 5726 3499 5781 hac
3522 5721 3606 5776 vita
3625 5710 3733 5781 quit-
