3954 6364
134 391 218 450 gas
765 369 1116 427 VARIORUM
1157 366 1758 423 EXERCITATIONES
1799 364 1864 420 IN
1902 365 1962 419 S.
2005 353 2652 443 AUGUSTINLOPERA.

3247 361 3353 414 266

135 514 259 570 quam
281 497 344 546 ita
363 495 566 562 justum:
593 483 900 554 permotione
925 481 1182 552 proﬁciat,
1213 489 1266 531 ut
1290 479 1371 530 hic
1408 478 1516 531 sine
1555 476 1662 529 ullo
1689 477 1742 537 Α
1770 476 1870 529 hoc
1899 474 2117 529 minime
2146 475 2369 544 negabat
2396 474 2664 544 Pelagius,
2696 480 2752 526 ut
2784 471 2965 527 multis
2991 471 3227 527 ostendit
3250 472 3354 526 Pe-

135 567 243 645 rivat
280 583 469 636 omnino
516 583 749 646 peccato;
796 573 1001 627 attende
1045 572 1166 640 quid
1210 569 1394 622 dixerit
1439 567 1664 620 Joannes

136 675 388 749 apostolus,
431 684 569 734 quem
618 665 870 718 Dominus
907 665 1037 716 inter
1087 662 1365 730 discipulos
1411 659 1667 726 praecipue

137 766 336 836 diligebat
378 777 395 814 :
433 759 488 813 Si
518 757 832 820 dixerimus,
866 755 1052 821 inquit.
1095 753 1219 822 quia
1251 761 1530 820 peccatum
1562 766 1667 804 non

137 863 372 916 habemus,
403 866 498 905 os
528 851 671 916 ipsos
697 847 1015 914 decipimus,
1047 843 1170 914 etc.]
1220 844 1341 897 llme
1382 841 1672 911 respondet

137 947 419 1017 Augustinus
461 940 736 1010 quaestioni
783 938 1013 991 tHilarii
1061 938 1110 989 in
1157 933 1506 989 antecedente
1553 932 1669 999 epi-

139 1044 239 1096 sluln
258 1078 271 1098 ,
295 1037 375 1089 ubi
403 1033 529 1088 dicit
558 1031 816 1098 quosdam
850 1027 1188 1082 Christianos
1217 1025 1360 1079 varia
1391 1022 1670 1091 Syracusis

141 1135 311 1190 docere,
339 1135 388 1179 et
428 1123 654 1189 primum
685 1121 898 1188 quidem
928 1135 1076 1188 posse
1114 1134 1221 1172 esse
1261 1117 1518 1170 hominem
1564 1116 1672 1168 sine

139 1231 319 1292 peccato.
354 1216 516 1282 Cujus
559 1213 824 1282 dogmatis
875 1211 960 1264 hic
1009 1219 1092 1264 est
1139 1223 1367 1271 sensus,
1398 1206 1670 1260 hominem

139 1317 278 1366 vivere
305 1309 413 1362 sine
442 1317 665 1374 peccato
705 1321 810 1358 non
851 1314 1104 1372 Oportere
1147 1303 1286 1356 inter
1322 1300 1672 1369 impossibilia

139 1402 322 1464 cettseri,
345 1398 482 1468 quod
516 1413 622 1451 non
653 1404 829 1465 potest
858 1394 1074 1464 negari;
1103 1409 1221 1446 cum
1253 1407 1339 1445 res
1364 1406 1457 1446 sua
1486 1401 1672 1444 natura

140 1513 218 1552 non
258 1494 316 1546 sit
362 1489 713 1556 impossibilis
739 1531 751 1551 ,
784 1497 875 1551 et,
909 1488 952 1540 si
993 1488 1059 1540 ab
1101 1486 1406 1540 hominibus
1454 1483 1674 1536 minime

144 1593 404 1656 pratsleltlr,
455 1582 632 1650 possit
684 1581 872 1634 saltem
933 1579 1106 1648 gratia
1167 1577 1348 1631 divina
1412 1575 1672 1644 pnes-tari.

151 1681 349 1732 Praterea
392 1673 684 1726 videndum
728 1673 849 1740 quid
881 1672 1204 1739 intelligatur
1231 1685 1360 1722 voce
1391 1679 1672 1738 peccatum,

158 1785 240 1823 tiam
275 1765 395 1818 forte
429 1763 682 1831 Pelagius
737 1763 961 1828 ejusque
1012 1759 1260 1827 discipuli
1303 1758 1677 1826 intelligebant

1771 566 1943 621 tavius
1973 567 2090 621 loco
2121 578 2438 620 memorato.

1841 655 2040 726 lbid.,§
2061 657 2143 710 Η.
2189 656 2338 722 Quod
2365 669 2535 710 autem
2563 657 2738 710 dicunt
2758 658 3002 728 infantem
3029 665 3190 710 morte
3217 671 3353 726 pra:-

1769 755 1969 800 ventum
1997 763 2098 799 non
2127 746 2434 815 baptizatum
2463 749 2625 818 perire
2651 765 2751 802 non
2777 765 2940 818 posse,
2972 749 3209 816 quoniam
3242 748 3348 798 sine

1771 845 1973 904 peccato
2004 838 2249 897 nascitur,
2279 855 2381 890 non
2409 838 2502 889 Itoc
2529 838 2653 890 dicit
2684 839 2955 905 Apostolus
2999 877 3014 892 .
3039 876 3055 891 .
3086 878 3099 891 .
3130 879 3141 890 .
3173 879 3186 892 .
3227 838 3350 890 dicit

1771 921 1904 980 enim
1952 928 2040 981 ille
2083 928 2260 980 doctor
2301 931 2524 998 gentium
2556 945 2573 981 :
2604 929 2706 983 Per
2733 946 2895 984 unum
2930 933 3198 984 hominem
3231 946 3353 998 pec-

1771 1031 1948 1074 catum
1980 1022 2198 1076 intravit
2224 1024 2275 1076 in
2307 1024 2560 1077 mundum
2589 1033 2642 1077 et
2671 1039 2766 1093 per
2802 1033 3073 1092 peccatum
3107 1039 3269 1089 mors,
3301 1033 3356 1076 et

1772 1112 1845 1166 ita
1869 1115 1919 1166 in
1951 1130 2136 1169 omnes
2167 1115 2408 1171 homines
2435 1117 2770 1184 pertransiit,
2800 1120 2850 1170 in
2879 1133 2984 1187 quo
3013 1134 3199 1172 omnes
3228 1133 3354 1186 pec-

1773 1205 2072 1276 caverunt.]
2098 1205 2203 1261 Sed
2252 1209 2393 1262 hunc
2421 1209 2595 1262 locum
2626 1207 2777 1262 Pauli
2808 1210 3076 1276 pertinere
3105 1211 3170 1263 ad
3198 1209 3352 1264 adul-

1777 1306 1859 1352 tos
1896 1307 2098 1352 tantum
2128 1299 2218 1368 qui
2255 1309 2532 1368 peccatum
2568 1299 2760 1354 Adami
2793 1301 3066 1355 imitantur
3102 1301 3354 1356 ostende-

1776 1396 1901 1440 runt
1929 1387 2126 1442 dudum
2153 1389 2250 1444 viri
2275 1390 2593 1457 dortissimi,
2633 1406 2733 1446 nec
2766 1392 3090 1460 Augustinus
3121 1407 3349 1460 unquam

1777 1478 2019 1546 probavit
2067 1480 2361 1535 infantibus
2408 1481 2730 1550 baptismum
2782 1483 3052 1552 pra'scribi
3080 1499 3107 1535 a
3138 1483 3353 1537 Christo

1777 1582 1868 1628 aut
1895 1575 2173 1644 apostolis,
2210 1591 2274 1629 ne
2316 1586 2556 1646 pereant.
2591 1577 2706 1630 Alia
2755 1592 2856 1632 non
2888 1578 3059 1632 dicam
3091 1593 3208 1646 quze
3254 1579 3354 1631 hac

1777 1665 1845 1719 de
1874 1682 1933 1721 re
1969 1667 2106 1722 dicta
2157 1679 2279 1722 sunt
2307 1686 2334 1722 a
2363 1669 2494 1724 viris
2541 1669 2949 1736 eruditissimis;
2993 1687 3165 1740 neque
3209 1671 3352 1725 enim

1776 1760 1956 1813 scribo
2001 1762 2212 1816 scholas
2260 1763 2606 1834 theologicas,
2641 1765 2735 1819 sed
2784 1766 2973 1820 breves
3018 1766 3355 1820 animadver-

155 1874 224 1913 non
249 1856 425 1909 leviora
457 1854 657 1907 delicta
685 1853 932 1905 humana:
972 1851 1294 1904 inﬁrmitatis
1317 1890 1331 1912 ,
1362 1865 1480 1916 quae
1506 1865 1537 1903 a
1568 1850 1676 1904 Deo
1703 1841 1753 1901 B
1779 1854 1976 1908 siones.
2028 1854 2139 1908 lloe
2170 1871 2330 1910 unum
2371 1857 2543 1911 dicam
2573 1872 2636 1912 eo
2682 1857 3036 1912 conﬁdentius
3082 1859 3166 1914 hic
3211 1858 3355 1927 loqui

149 1965 421 2021 nequaquam
473 1949 834 2016 imputantur,
868 1946 960 2000 sed
1004 1961 1066 1999 ea
1094 1961 1212 2012 qua:
1241 1959 1343 1996 non
1375 1943 1678 1997 consistunt

145 2060 231 2100 eum
278 2043 504 2094 omnium
570 2040 824 2092 virtutum
881 2037 1304 2091 Christianarum
1372 2033 1674 2098 habitibus;

146 2138 230 2190 sine
254 2132 427 2202 quibus
457 2130 702 2199 peccatis
732 2129 962 2197 apostoli
993 2127 1192 2195 aliique
1236 2126 1409 2179 sancti
1439 2127 1537 2178 viri
1577 2126 1676 2178 ali-

145 2225 328 2296 quandiu
372 2224 567 2277 saltem
616 2222 818 2275 vixisse
865 2220 1134 2274 videntur.
1180 2218 1306 2272 \‘ide
1354 2234 1470 2286 quae
1520 2217 1680 2271 habet

145 2319 259 2371 loan.
290 2314 579 2369 Garnerius
627 2329 694 2368 ex
748 2313 838 2365 lib.
887 2312 1088 2380 Pelagii
1119 2311 1185 2364 de
1217 2309 1412 2363 Natura
1438 2349 1452 2372 ,
1488 2309 1538 2361 in
1584 2323 1678 2375 ap-

144 2409 320 2478 pendice
346 2407 407 2459 ad
439 2405 668 2459 dissert.
702 2403 755 2468 6,
786 2414 838 2456 et
865 2401 1058 2455 ibidem
1093 2400 1387 2469 fragmenta
1417 2397 1675 2453 leestii.

147 2500 239 2552 Haec
261 2512 367 2551 cum
394 2497 672 2565 pensitare
718 2493 994 2549 debuisset
1033 2493 1381 2561 Augustinus,
1417 2489 1679 2544 invidiose

145 2591 252 2644 illico
273 2590 650 2656 interpretatur
680 2586 1104 2639 enuntiationem
1124 2584 1495 2652 Pelagianam;
1527 2582 1679 2652 quasi

143 2682 404 2750 simpliciter
449 2680 718 2742 dixisset,
763 2693 885 2733 esse
933 2677 1174 2731 homines
1209 2676 1300 2746 qui
1342 2691 1447 2732 non
1493 2690 1680 2744 pecca-

144 2786 259 2839 rcnt;
293 2789 403 2828 cum
435 2776 501 2827 de
534 2773 876 2844 possibilitate
904 2777 1106 2824 tantum
1129 2812 1144 2838 ,
1183 2780 1241 2823 tit
1267 2769 1573 2824 scholastici
1602 2769 1681 2820 lo-

143 2879 352 2940 quuntur,
399 2878 538 2938 agat.
598 2865 755 2921 Aliud
810 2865 968 2934 plane
1015 2874 1098 2920 eSt
1148 2864 1328 2918 dicere
1379 2877 1525 2932 posse
1566 2861 1680 2928 ﬁeri

144 2964 404 3032 quidpiam,
464 2963 616 3016 aliud
673 2962 783 3026 ﬁeri
833 2976 1024 3014 revera.
1081 2957 1244 3012 Forte
1295 2971 1362 3010 ne
1411 2956 1478 3009 de
1533 2954 1679 3008 omni

145 3057 312 3122 quidem
385 3063 730 3124 peccatorum
809 3066 1006 3122 genere
1095 3048 1444 3119 loquebantur
1519 3042 1678 3100 Pela-

145 3162 268 3213 gtant.

1780 1945 2157 2014 Augustinum,
2190 1949 2475 2018 quominus
2504 1949 2730 2015 probare
2761 1960 2969 2019 poterat
2997 1968 3115 2020 qua:
3147 1952 3232 2006 hic
3259 1952 3356 2005 ha-

1783 2037 1890 2091 bet.
1938 2038 2110 2092 Locus
2157 2039 2308 2094 Pauli
2355 2041 2514 2096 Rom.
2547 2058 2578 2092 v
2606 2043 2888 2097 obscurior
2929 2052 3009 2096 est
3053 2057 3209 2112 quam
3239 2051 3354 2096 uta

1783 2139 1888 2182 tam
1920 2131 2211 2197 proletario
2257 2134 2550 2200 interprete
2575 2135 2829 2203 explicari
2862 2135 3058 2203 possit;
3099 2135 3237 2204 quod
3267 2133 3357 2190 vel

1780 2234 1843 2274 cx
1877 2234 2132 2288 sequente
2162 2223 2622 2279 animadversione
2653 2226 2896 2294 liquebit.

1855 2311 2087 2378 Epistola
2119 2311 2240 2368 164.
2275 2314 2342 2367 Et
2369 2313 2643 2368 Dominum
2668 2317 2868 2385 quidem
2892 2334 3042 2370 carne
3071 2319 3357 2386 mortiﬁca-

1782 2410 1888 2454 tum
1906 2405 2100 2458 venisse
2125 2406 2178 2458 in
2207 2405 2462 2476 infernum
2487 2409 2609 2460 satis
2629 2416 2845 2462 constat.
2871 2408 3050 2479 Neque
3075 2414 3208 2462 enim
3230 2426 3355 2464 con—

1783 2495 1967 2548 tradici
1996 2505 2176 2565 potest,
2211 2500 2290 2551 vel
2318 2500 2600 2569 prophetia:
2625 2516 2741 2570 qua:
2767 2503 2896 2555 dixit
2924 2518 2940 2553 :
2971 2501 3218 2570 quoniam
3250 2516 3358 2557 non

1781 2583 2124 2653 derelinques
2150 2589 2381 2642 animam
2411 2605 2583 2644 meam
2615 2593 2667 2644 in
2694 2591 2928 2657 inferno;
2971 2594 3106 2662 quod
3124 2609 3190 2652 ne
3209 2593 3357 2647 aliter

1781 2679 2046 2747 quisquam
2077 2697 2256 2746 sapere
2282 2680 2511 2747 auderet,
2539 2683 2591 2735 in
2615 2683 2819 2736 Actibus
2848 2685 3196 2750 apostolorum
3223 2685 3357 2765 idem

1783 2767 1967 2822 Petrus
2009 2772 2255 2841 exponit;
2298 2773 2376 2825 vel
2402 2775 2627 2844 ejusdem
2667 2774 2805 2828 Petri
2846 2775 2949 2828 illis
2978 2776 3136 2830 verbis
3176 2777 3357 2847 quibus

1781 2875 1896 2912 eum
1925 2862 2105 2914 asserit
2132 2901 2148 2926 ,
2199 2863 2425 2918 solvisse
2454 2863 2645 2918 inferni
2679 2865 2912 2926 dolores,
2948 2867 2998 2918 in
3031 2867 3221 2934 quibus
3251 2867 3356 2921 im-

1783 2952 2036 3020 possibile
2067 2962 2183 3008 erat
2209 2969 2330 3009 eum
2369 2955 2558 3009 teneri.
2595 2955 2721 3022 Quis
2761 2973 2882 3028 ergo
2907 3004 2919 3024 ,
2965 2959 3065 3012 nisi
3103 2959 3354 3028 infidelis,

1781 3047 2036 3117 negaverit
2069 3049 2226 3118 fuisse
2253 3050 2394 3120 apud
2421 3051 2610 3120 inferos
2631 3051 2886 3107 Christum
2904 3052 2949 3124 ?]
2988 3055 3081 3109 Vel
3126 3055 3250 3111 hinc
3278 3057 3358 3110 iu-

1784 3140 2022 3209 telligere
2054 3141 2180 3196 licet
2205 3158 2360 3210 quam
2389 3143 2743 3210 periculosum
2774 3146 2844 3199 sit
2863 3145 3191 3213 Scripturam
3221 3149 3358 3203 velle

195 3237 336 3304 lhid.,
388 3239 414 3309 §
455 3241 509 3292 li.
565 3238 672 3293 Sed
709 3237 833 3301 isti,
884 3237 1080 3304 inquit,
1129 3246 1380 3301 utcunque
1427 3213 1751 3286 tolerandic
1786 3231 2163 3301 interpretari,
2213 3236 2258 3288 si
2307 3236 2624 3289 necessariis
2647 3237 2902 3290 subsidiis
2933 3237 3216 3294 destitutus
3251 3241 3356 3305 sis;

145 3341 260 3394 sunt,
298 3333 494 3400 quando
525 3333 705 3384 dicunt
745 3332 819 3383 vel
865 3346 970 3383 esse
1012 3330 1090 3382 vel
1134 3329 1292 3396 fuisse
1327 3327 1408 3379 hic
1435 3327 1675 3392 aliquem,

147 3432 288 3484 preter
322 3438 474 3474 unum
523 3430 759 3473 sanctum
788 3428 1099 3482 sanctorum,
1137 3419 1222 3486 qui
1250 3416 1447 3470 nullum
1477 3415 1678 3468 haberet

147 3514 304 3566 omnino
327 3524 612 3582 peccatum.
635 3513 792 3582 Atqui
821 3513 919 3566 hoc
946 3527 1051 3565 non
1080 3510 1345 3577 dicebant,
1369 3519 1426 3562 ut
1453 3509 1678 3562 vidimus

148 3605 928 3675 adsuperiorem’qumstionem.
977 3601 1123 3656 Illud
1163 3618 1300 3666 vero,
1350 3601 1522 3671 pergit
1552 3601 1680 3669 llip-

150 3695 348 3759 ponensis
385 3698 692 3763 cpiscopus,
719 3694 855 3762 quod
885 3695 1059 3746 dicunt
1088 3693 1311 3760 sul/icere
1335 3691 1529 3744 homini
1557 3691 1679 3743 libe-

148 3803 227 3836 runt
252 3788 499 3839 arbitrium
531 3789 603 3838 ad
631 3786 886 3838 dominica
914 3791 1168 3851 praecepta
1189 3781 1470 3851 implenda,
1485 3782 1680 3835 etiamsi

148 3876 214 3928 hri
235 3881 382 3948 gratia
407 3889 451 3932 et
478 3879 712 3949 Spiritus
738 3878 899 3930 sancti
940 3878 1073 3930 dono
1112 3875 1178 3928 ad
1225 3892 1380 3944 opera
1421 3875 1550 3927 l'ona
1580 3891 1679 3928 non

144 3971 385 4036 adjuvetur,
431 3971 644 4023 omnino
690 3970 1229 4023 anathematizandum
1271 3978 1418 4022 estet
1449 3969 1680 4020 omnibus

144 4062 522 4114 exsecrationibus
571 4059 946 4113 detestandum.
998 4059 1119 4113 Haec
1167 4059 1324 4112 habet
1353 4058 1419 4113 de
1451 4058 1550 4111 hoc
1577 4058 1678 4110 do-

144 4161 301 4215 gmate,
332 4153 606 4207 hominem
636 4151 876 4205 mandata
924 4150 1017 4203 Dei
1054 4151 1205 4219 [acile
1228 4150 1496 4212 custodire,
1526 4151 1572 4201 si
1599 4165 1679 4201 ve-

146 4243 187 4293 1η
200 4259 214 4304 .'
246 4260 340 4314 quo
364 4247 694 4316 signiﬁcatur
728 4247 888 4300 homo
919 4246 1005 4315 qui
1037 4245 1101 4298 ad
1143 4245 1408 4298 saniorem
1443 4253 1677 4297 mentem

145 4337 281 4392 redire
304 4340 445 4403 velit,
481 4354 647 4408 posse
673 4337 962 4392 emendare
991 4351 1167 4390 mores
1205 4350 1350 4401 suos,
1381 4344 1434 4388 et
1467 4343 1681 4388 eontra-

147 4429 228 4482 iios
264 4431 509 4484 virtutum
561 4430 773 4484 habitus
819 4428 1156 4493 contrahere,
1187 4443 1294 4495 quo
1340 4427 1480 4479 facto
1507 4423 1677 4478 facilis

147 4519 221 4572 erit
246 4522 611 4575 mandatorum
643 4521 733 4574 Dei
763 4519 1095 4583 observatio;
1137 4527 1192 4571 at
1228 4533 1331 4571 non
1364 4519 1521 4571 unico
1561 4518 1680 4586 qui-

1785 3323 2013 3389 pritnum
2047 3325 2188 3379 enim
2235 3326 2284 3378 in
2323 3343 2382 3378 ea
2415 3327 2680 3381 invenitur
2709 3329 2849 3397 quod
2882 3345 2986 3383 non
3017 3340 3133 3397 est,
3164 3332 3360 3390 deinde

1783 3415 1979 3470 acerbe
2005 3415 2326 3471 damnantur
2356 3419 2445 3486 qui
2489 3435 2606 3474 eam
2637 3423 2826 3477 melius
2854 3423 3176 3494 intelligunt.
3209 3427 3360 3482 Post-

1784 3522 1940 3573 quam
1973 3509 2116 3562 enim
2165 3520 2366 3563 temere
2395 3512 2656 3580 quispiam
2703 3514 2930 3568 credidit
2979 3515 3029 3568 id
3076 3518 3361 3586 perspicue

1785 3613 1904 3653 esse
1935 3600 1984 3652 in
2016 3601 2292 3668 Scriptura
2322 3601 2462 3671 quod
2496 3618 2600 3655 non
2645 3613 2727 3657 est
2751 3649 2766 3672 ,
2815 3604 2969 3659 facile
3008 3605 3226 3660 datnnat
3266 3624 3361 3663 eos

1785 3691 1873 3758 qui
1907 3706 2011 3743 non
2043 3707 2161 3747 esse
2191 3702 2397 3760 putant.
2426 3694 2516 3748 Sic
2547 3696 2868 3763 Augustinus
2897 3712 2955 3750 se
2978 3697 3143 3765 gessit
3176 3700 3276 3752 hoc
3307 3700 3360 3754 in

1786 3783 1923 3836 loco.
1980 3783 2112 3836 Cum
2159 3785 2300 3838 enim
2350 3785 2400 3837 in
2447 3800 2693 3839 sermone
2741 3785 3164 3860 Chrisﬁanorum
3218 3790 3360 3845 illius

1786 3875 1885 3930 arvi
1915 3875 2103 3930 Latine
2139 3876 2469 3947 loquentium
2485 3877 2756 3947 infernum
2787 3878 3361 3950 erinfcrisigniﬁcaret

1788 3967 1960 4020 locum
2011 3969 2062 4020 in
2093 3985 2198 4038 quo
2245 3969 2616 4023 damnatorum
2664 3970 2936 4024 hominum
2977 3972 3140 4026 animi
3173 3989 3358 4042 pinnas

1785 4061 1946 4125 dant;
1989 4063 2108 4130 quia
2155 4063 2356 4116 invenit
2399 4063 2605 4129 psalmo
2632 4079 2720 4129 xv,
2758 4065 2842 4126 10,
2878 4064 2997 4117 Non
3044 4065 3361 4131 derelinquas

1784 4155 2009 4205 animam
2053 4169 2213 4206 meam
2253 4154 2306 4206 in
2336 4154 2538 4220 inferno
2558 4193 2571 4215 ,
2599 4155 2687 4219 qui
2721 4156 2866 4206 locus
2898 4153 3110 4208 Christo
3141 4172 3168 4208 a
3202 4157 3362 4210 Petro

1753 4253 2017 4312 .aptatur,
2058 4245 2310 4298 continuo
2349 4244 2671 4298 existimavit.
2723 4247 2861 4312 (nec
2907 4245 3087 4310 Solus,
3123 4262 3189 4300 ne
3233 4248 3361 4312 quid

1788 4338 2118 4392 dissimulem
2151 4379 2166 4400 ,
2212 4338 2305 4391 scd
2341 4353 2439 4388 una
2471 4351 2591 4389 cum
2641 4336 2936 4389 innumeris
2973 4337 3088 4389 aliis
3116 4338 3132 4404 )
3163 4338 3362 4392 Christi

1788 4431 2020 4484 animum
2067 4431 2118 4483 in
2170 4431 2342 4483 locum
2386 4431 2770 4497 suppliciorum
2803 4429 3182 4495 descendisse,
3233 4432 3357 4485 dum

1785 4536 1979 4590 corpus
2010 4521 2127 4589 ejus
2154 4521 2203 4572 in
2229 4521 2473 4589 sepulcro
2499 4520 2719 4587 jaceret.
2743 4520 2941 4573 Deinde
2965 4521 3112 4588 quisi
3147 4523 3356 4586 impios,

148 4611 240 4666 dem
279 4627 566 4682 momento,
600 4613 752 4682 quasi
781 4614 971 4668 sceleri
1000 4613 1089 4665 diu
1130 4620 1398 4672 assuetus,
1443 4609 1584 4662 illico
1612 4607 1679 4662 ad
1712 4594 1765 4654 Ι)
1789 4615 1876 4682 qui
1908 4613 2063 4667 aliter
2090 4616 2368 4677 sentirent,
2397 4613 2649 4665 traduxit.
2672 4611 2864 4664 Verum
2897 4625 3021 4665 ante
3049 4615 3224 4667 omnia
3252 4624 3362 4667 sla-

148 4716 368 4758 summum
396 4705 612 4759 virtutis
641 4705 862 4773 gradum
889 4701 1187 4772 transgredi
1220 4707 1527 4770 posset,sed
1560 4713 1682 4752 sen—

148 4791 241 4848 sim.
268 4795 410 4862 Quod
439 4796 658 4850 additur
684 4798 794 4849 sine
821 4795 987 4864 gratia
1017 4791 1135 4856 Dei,
1165 4793 1307 4845 nulla
1341 4791 1682 4844 distinctione

147 4886 364 4954 adhibita,
395 4890 817 4958 id‘pernegabat
861 4888 1103 4956 Pelagius
1129 4930 1144 4952 ,
1195 4887 1285 4954 qui
1331 4884 1681 4952 multiplicem

148 4979 330 5040 gratiam
358 4981 450 5034 Dei
481 4979 822 5049 agnoscebat,
843 4987 902 5031 ut
925 4977 1160 5031 ostendit
1186 4975 1406 5045 Dionys.
1433 4975 1682 5028 Petavius

152 5065 298 5136 Dogm.
317 5071 529 5139 Theol.,
557 5081 687 5124 tom.
713 5071 798 5134 lll,
825 5070 915 5125 lib.
938 5070 1006 5124 de
1027 5070 1226 5123 Hmresi
1251 5068 1455 5137 Pelag.,
1479 5083 1598 5138 cap.
1622 5067 1677 5122 9..

152 5159 200 5208 At
237 5161 438 5216 nolebat
484 5164 770 5218 admittere
817 5178 938 5216 eam
983 5163 1208 5230 gratiam
1255 5163 1518 5215 internam
1550 5177 1677 5231 qua,

151 5251 278 5304 veluti
319 5255 496 5308 afﬂatu
540 5256 768 5323 quodam
809 5253 1158 5316 ineluctabili,
1189 5267 1284 5306 seu
1313 5253 1395 5306 cui
1427 5253 1680 5306 resistere

154 5354 233 5392 non
275 5345 499 5412 licebat,
552 5348 701 5414 pauci
727 5346 940 5414 quidam
985 5346 1138 5399 electi
1168 5345 1234 5399 ad
1265 5345 1419 5398 ﬁdem
1452 5345 1682 5397 adduce-

155 5427 330 5488 bantur.
357 5437 506 5504 Quod
536 5454 600 5493 ex
626 5439 921 5506 Scriptura,
952 5453 1056 5491 non
1084 5436 1344 5506 ambiguis
1376 5435 1525 5499 locis,
1559 5450 1681 5502 pro-

156 5522 348 5580 bandum
377 5530 468 5582 fuit
488 5530 1098 5598 Augustino,antequam
1121 5527 1499 5582 incenderetur
1535 5535 1681 5583 tanto

157 5613 267 5677 zelo,
294 5620 373 5687 qui
404 5621 518 5673 sine
564 5637 807 5675 amarore
859 5637 962 5674 non
1008 5620 1125 5674 luit.
1168 5619 1300 5672 Nam
1327 5619 1466 5686 quod
1501 5621 1688 5686 probat

160 5701 360 5774 indigere
385 5711 618 5765 homines
649 5730 751 5785 non
784 5723 984 5765 tantum
1017 5709 1297 5779 prueptis
1320 5709 1509 5772 Dei,ut
1539 5717 1687 5762 recte

160 5796 306 5853 vivant
325 5842 338 5865 ,
385 5804 472 5856 sed
503 5814 555 5858 et
574 5807 837 5874 adjutorio
866 5809 918 5858 in
965 5805 1168 5874 legibus
1194 5815 1526 5872 unaquaquam
1559 5802 1684 5871 sito,

399 5899 660 5962 PATBOL.
698 5898 950 5962 XLVII.

1789 4705 2043 4760 tuendum
2079 4704 2292 4758 Petrum
2325 4719 2433 4756 non
2475 4703 2785 4771 quresivisse
2833 4702 2884 4755 in
2932 4703 3046 4756 loco
3091 4705 3274 4771 psalmi
3307 4703 3361 4758 id

1789 4797 1930 4864 quod
1963 4795 2181 4848 minime
2209 4806 2318 4856 est;
2361 4796 2586 4860 ideoque
2615 4811 2678 4847 ex
2712 4795 2827 4848 loco
2859 4796 3040 4861 psaltze
3073 4795 3363 4866 intelligen-

1790 4887 1889 4941 dus
1925 4886 2131 4950 Petrus,
2161 4902 2310 4954 aequo
2337 4901 2400 4939 ac
2451 4887 2646 4953 psaltes
2678 4901 2738 4940 ex
2772 4901 3020 4940 sermone
3051 4887 3219 4950 Petri;
3264 4903 3362 4943 nec

1790 4978 1931 5030 ullus
1957 4985 2040 5032 est
2069 4979 2209 5030 inter
2233 4992 2327 5030 eos
2347 4977 2642 5038 dissensus,
2661 4978 2900 5044 quamvis
2925 4993 3043 5030 cum
3068 4981 3363 5047 Augustino

1791 5069 1935 5123 nullo
1981 5069 2137 5121 modo
2182 5071 2431 5122 sentiant.
2482 5069 2586 5122 Nec
2629 5069 2844 5120 dubium
2895 5077 2976 5121 est
3020 5073 3145 5137 quin
3177 5070 3363 5125 Petrus

1789 5162 2091 5218 recitaverit
2122 5163 2292 5215 locum
2323 5161 2580 5214 llebraice
2609 5169 2698 5212 aut
2728 5159 3150 5228 Chaldaire,qua
3187 5161 3362 5230 lingua

1791 5253 2054 5306 utebatur.
2083 5251 2169 5305 Sic
2199 5261 2374 5304 autem
2402 5251 2598 5304 habent
2632 5251 2786 5303 verba
2816 5250 2998 5317 psaltaz
3023 5253 3072 5303 in
3101 5251 3360 5307 Hebraico

1789 5348 1972 5402 codice
2006 5365 2019 5400 :
2067 5345 2186 5400 Non
2215 5346 2467 5414 relinques
2492 5346 2716 5396 animam
2743 5360 2900 5396 meant
2929 5345 3156 5414 sepulcro
3185 5328 3364 5416 (Satn-J7

1790 5439 2017 5511 lischol),
2040 5454 2131 5492 nec
2146 5440 2350 5505 patieris
2370 5445 2599 5489 sanctum
2617 5445 2758 5486 tuum
2775 5435 2938 5488 videre
2963 5437 3360 5504 corruptionem.

1791 5529 1962 5586 Voces
1990 5531 2203 5599 quidem
2233 5529 2403 5580 anima
2432 5541 2540 5578 mea
2567 5525 2788 5592 perinde
2819 5537 2942 5579 sunt
2971 5541 3034 5580 ac
3059 5541 3168 5595 ego,
3194 5525 3362 5578 idem-

1793 5636 1897 5691 que
1941 5629 2134 5674 sonant
2176 5633 2238 5672 ac
2289 5619 2339 5670 in
2389 5617 2558 5670 altero
2589 5615 2832 5670 membro
2857 5625 3062 5670 sanctus
3109 5626 3242 5670 tuus.
3286 5618 3362 5671 lta

1790 5714 2000 5776 solent,
2048 5721 2104 5764 ut
2146 5725 2333 5763 omnes
2382 5717 2576 5761 norunt
2601 5749 2614 5772 ,
2647 5709 2788 5776 loqui
2824 5709 3053 5763 Hebraei.
3089 5707 3200 5762 Vox
3231 5725 3362 5764 vero

1788 5789 1931 5868 imit,
1967 5813 2219 5871 perpetuo
2261 5803 2450 5870 lingua:
2499 5801 2767 5854 llebraicre
2798 5817 2895 5854 usu
2921 5844 2934 5862 ,
2985 5801 3240 5870 signiﬁcat
3269 5811 3361 5859 aut

2887 5894 2926 5952 9
