3954 6364
490 364 501 381 .-
586 326 683 386 967

1468 324 2024 389 SUPPLEMENTUM
2064 328 2156 385 AD
2193 326 2424 382 OPERA
2462 326 2520 383 S.
2561 325 2952 384 AUCUSTINI.

582 444 909 514 sepulcrum,
952 453 1043 501 aut
1071 446 1244 503 locum
1284 446 1516 517 aliquem
1544 447 1645 502 sub
1673 455 1832 503 terra:
1858 444 2164 518 superﬁcie,
2193 446 2249 504 Δ
2274 440 2416 498 Petri
2447 458 2632 514 parum
2660 444 2988 512 attendisse,
3022 459 3091 501 ex
3133 458 3235 516 qua
3263 446 3551 524 intelligere
3574 466 3777 528 potuisset

581 545 677 591 aut
691 547 838 593 certe
859 544 1055 593 statum
1082 553 1144 593 ac
1166 538 1527 595 conditionem
1544 549 1901 609 mortuorum,
1924 553 2176 609 quaecun-

582 645 691 701 que
737 631 845 698 sit,
879 647 1146 702 nunquam
1181 633 1353 689 locum
1387 634 1716 704 peculiarem
1749 635 2016 690 malorum
2047 648 2174 703 sup-

578 724 733 795 plicis
780 726 1123 793 attributum;
1180 735 1237 781 ut
1284 729 1530 785 examine
1584 730 1824 785 locorum
1876 730 1929 783 in
1979 728 2173 797 quibus

581 821 819 875 occurrit
855 821 1094 891 liquebit.
1128 820 1300 877 Graeci
1325 838 1453 878 vero
1480 824 1800 893 interpretes
1831 824 1918 893 qui
1949 823 2175 894 Septua-

578 912 723 981 ginta
755 912 1026 979 dicuntur,
1056 922 1110 969 et
1135 914 1421 985 gentilibus
1452 930 1561 971 non
1600 932 1705 971 una
1738 916 1793 971 in
1840 932 1897 972 re
1944 931 2065 973 sese
2094 925 2174 971 at-

578 1010 991 1073 temperarunt,
1042 1016 1320 1062 verterunt
1368 1023 1581 1078 semper
1625 1008 1773 1084 ᾅδης,
1822 1019 1913 1063 aut
1939 1011 2168 1076 θάνατον,

575 1108 848 1166 nunquam
877 1099 1054 1169 τάφον,
1088 1100 1401 1167 sepulcrum,
1438 1116 1557 1170 qua:
1602 1107 1783 1155 tamen
1812 1101 2025 1172 propria
2054 1110 2170 1156 erat

572 1188 721 1242 vocis
764 1188 1102 1259 significatio.
1154 1192 1335 1261 Itaque
1380 1191 1467 1246 hic
1515 1193 1673 1248 etiam
1716 1202 2169 1249 verteruntz‘Oux

575 1280 953 1352 ἐγκαταλείψεις
990 1286 1079 1341 τὴν
1105 1281 1285 1353 ψυχήν
1329 1304 1427 1353 μου
1457 1287 1529 1345 εἰς
1556 1282 1700 1357 ᾅδην,
1732 1283 1843 1339 οὐδὲ
1878 1284 2055 1347 δώσεις
2084 1288 2170 1341 τὸν

573 1369 713 1426 ὅσιόν
738 1392 831 1427 σου
861 1372 980 1428 ἰδεῖν
1008 1372 1297 1450 διαφθοράν.
1330 1377 1459 1441 Quae
1485 1376 1663 1430 versio
1695 1377 2032 1431 incommoda
2059 1386 2164 1447 est,

574 1478 700 1517 nam
732 1463 892 1532 liquet
923 1464 1024 1519 hoc
1050 1465 1184 1520 velle
1210 1468 1612 1535 psalten,sensu
1640 1469 1977 1533 translatitio,
1996 1468 2166 1524 Deum

574 1569 681 1609 non
711 1571 989 1625 passurum
1022 1566 1080 1611 ut
1106 1557 1465 1626 occideretur,
1500 1575 1622 1614 nam
1664 1559 1951 1631 relinquere
1991 1562 2165 1631 sepul-

575 1662 682 1713 cro,
710 1662 801 1703 aut
826 1652 933 1718 pati
968 1649 1135 1704 videre
1162 1653 1571 1722 corruptionem,
1606 1662 1689 1708 est
1712 1654 1891 1710 sinere
1917 1655 2165 1709 vulnera-

576 1748 686 1794 tum
712 1742 1033 1811 quempiam,
1066 1750 1158 1797 aut
1186 1743 1327 1798 niaIe
1355 1742 1601 1798 aﬂ‘ectum
1635 1746 1792 1799 mori.
1829 1745 1954 1800 Haec
1983 1755 2160 1801 tamen

2278 535 2563 591 locutionis
2610 538 2728 608 ejus
2774 552 3011 594 sensum.
3040 538 3157 595 Non
3192 555 3328 612 nego
3366 546 3493 602 alios
3521 553 3660 624 vulgo
3682 565 3778 617 seri.

2276 637 2458 699 ptores
2488 629 2895 686 Ecc'lesiasticos
2938 630 3127 686 hocin
3174 634 3385 702 negotio
3430 638 3651 701 similiter
3671 651 3782 709 alter.

2276 736 2465 788 rasse,
2510 722 2577 778 de
2620 738 2728 794 quo
2774 724 3005 795 symboli
3049 724 3330 796 apostolici
3374 728 3664 801 interpretes
3696 758 3784 801 sunt

2275 815 2635 884 consulendi,
2689 817 2830 872 inter
2878 832 3011 887 quos
3058 818 3263 875 eminet
3306 819 3456 878 Joan.
3498 825 3784 906 Pearsonius;

2274 909 2368 963 sed
2422 924 2527 965 non
2574 911 2751 966 minus
2794 920 2878 967 est
2927 912 3117 968 falsum
3178 913 3280 969 hoc
3325 915 3787 989 interpretamentum

2272 1002 2416 1072 quod
2444 1012 2551 1058 tam
2582 1014 2957 1061 asseveranter
3003 1007 3209 1077 profert
3249 1006 3590 1078 Hipponensis
3630 1021 3787 1088 episco-

2272 1110 2402 1165 pus,
2444 1097 2535 1167 qui
2566 1097 2682 1154 haec
2730 1100 2890 1155 habet
2937 1100 3002 1154 ad
3052 1101 3422 1173 explicandum
3464 1107 3714 1168 obscurum
3736 1116 3788 1171 lo~

2272 1201 2393 1243 cum
2424 1188 2441 1242 I
2468 1188 2582 1245 Pet.
2617 1207 2671 1245 ιιι
2696 1233 2709 1255 ,
2746 1190 2833 1247 18.
2884 1193 2979 1258 Qui
3011 1193 3077 1248 ad
3120 1209 3241 1249 eum
3293 1196 3647 1268 confugiebant
3681 1212 3789 1276 quasi

2271 1280 2336 1333 ad
2364 1282 2662 1351 oraculum,
2699 1285 2785 1339 ubi
2813 1286 3071 1355 agebatur
3089 1287 3459 1358 interpretatio
3482 1292 3749 1365 Scriptura,
3768 1304 3789 1356 ii

2270 1372 2512 1442 profecto
2544 1376 2853 1431 nesciebant
2884 1378 3011 1450 quid
3039 1380 3111 1434 sit
3136 1379 3465 1451 Scripturam
3498 1387 3790 1458 interpretari.

2342 1466 2476 1523 Ibid.
2510 1466 2537 1539 §
2580 1469 2633 1523 7.
2680 1469 2765 1525 Ne
2801 1472 2940 1540 ipsos
2989 1473 3193 1542 quidem
3233 1475 3420 1545 inferos
3465 1480 3650 1548 uspiam
3687 1484 3791 1539 Scri-

2271 1567 2542 1627 pturarum
2569 1561 2622 1614 in
2650 1560 2780 1617 bono
2805 1564 3094 1635 appellatos
3123 1568 3271 1636 potui
3309 1565 3589 1649 invenire]
3614 1572 3669 1633 At
3695 1581 3795 1654 lingu

2270 1652 2509 1719 Grotius,
2538 1654 2623 1707 vir
2650 1655 2788 1710 haud
2819 1658 2979 1727 paulo
3009 1658 3246 1729 doctior,
3278 1664 3564 1739 meliorque
3596 1652 3795 1743 interpres

2274 1744 2600 1815 Scripturze,
2629 1750 2833 1804 nullum
2866 1751 3052 1813 locum
3082 1756 3326 1814 invenire
3357 1762 3525 1830 potuit
3560 1763 3641 1839 ubi
3666 1767 3706 1822 in
3725 1785 3795 1823 ma-

573 1831 759 1900 verba,
794 1848 955 1888 sensu
984 1835 1227 1904 proprio,
1258 1835 1447 1890 melius
1486 1836 1542 1891 in
1570 1835 1844 1891 Christum
1874 1836 2161 1907 quadrant,
2198 1823 2243 1883 Β
2270 1836 2376 1891 lam
2409 1847 2614 1907 partem
2660 1850 2930 1908 sumatur,
2985 1860 3085 1900 nec
3114 1862 3214 1903 nos
3244 1847 3425 1907 etiam.
3471 1852 3590 1910 Vide
3618 1832 3792 1917 Crotium

574 1940 731 1995 quem
763 1926 902 1982 Deus
945 1942 1132 1997 passus
1178 1942 1285 1983 non
1324 1937 1407 1985 est
1452 1932 1504 1983 in
1552 1931 1801 2000 sepulcro
1839 1930 1927 1985 diu
1956 1930 2157 2000 jacere,

572 2033 750 2089 neque
780 2019 833 2073 in
864 2036 929 2075 eo
958 2024 1250 2092 corrumpi.
1274 2022 1632 2089 Quamobrem
1663 2023 1852 2078 Petrus
1882 2023 2067 2078 Actor.
2102 2040 2160 2090 II,

573 2110 664 2179 27,
715 2128 838 2167 eum
885 2113 1059 2168 locum
1090 2114 1158 2170 de
1202 2118 1597 2172 resurrectione
1626 2116 1827 2172 Christi
1856 2132 1885 2171 e
1913 2118 2165 2187 sepulcro

574 2219 733 2275 agere
758 2206 1119 2279 ostendit.iSic
1138 2208 1373 2277 loquitur
1398 2210 1689 2279 Apostolus
1712 2224 1852 2265 vers.
1873 2210 1943 2264 24
1965 2225 1979 2263 :
2002 2211 2164 2275 Quem

573 2294 715 2351 Deus
743 2299 999 2352 suscitavit
1024 2341 1039 2366 ,
1090 2298 1271 2353 solutis
1313 2301 1575 2355 doloribus
1612 2302 1803 2372 inferni
1843 2302 1958 2373 (τοῦ
1989 2300 2159 2375 ᾅδου),

574 2390 720 2461 iuxta
758 2394 892 2459 quod
940 2390 1251 2461 impossibile
1294 2402 1400 2447 erat
1447 2394 1606 2449 teneri
1646 2393 1793 2447 illum
1832 2394 1896 2447 ab
1923 2410 1998 2448 eo.
2035 2394 2164 2463 Qua:

573 2480 771 2536 locutio
815 2483 1093 2551 desumpta
1122 2493 1205 2538 est
1230 2500 1289 2540 es
1328 2486 1519 2556 psalm.
1551 2502 1699 2553 xvut,
1746 2486 1800 2555 5,
1832 2488 1920 2542 ubi
1951 2488 2031 2543 sic
2062 2488 2165 2542 Da-

572 2575 661 2630 vid
699 2593 711 2626 :
757 2574 976 2630 Dolores
1011 2577 1199 2646 inferni
1238 2580 1256 2638 ί
1278 2562 1401 2639 “me:
1446 2564 1578 2642 than
1624 2583 1763 2651 quod
1819 2590 1993 2651 potest
2032 2584 2164 2651 verti

573 2670 769 2725 dolores
792 2679 846 2726 et
885 2677 1032 2743 funes
1074 2672 1333 2744 sepulcri)
1373 2675 1814 2733 circumdederunt
1844 2692 1941 2739 me,
1972 2693 2164 2745 prmoc-

572 2774 881 2836 cupaverunt
925 2781 1023 2818 me.
1078 2765 1209 2820 Cum
1260 2765 1451 2821 Petrus
1492 2766 1845 2841 Jerosolymaa
1873 2766 2165 2823 Chaldaice

571 2854 898 2923 loqueretur,
929 2870 1088 2925 quam
1121 2856 1355 2924 linguam
1385 2856 1557 2913 Judari
1582 2873 1792 2926 omnes,
1822 2867 2018 2928 praeter
2038 2858 2167 2915 Hel-

572 2944 789 3000 lenistas
814 2987 829 3012 ,
863 2947 1234 3018 intelligebant
1257 2991 1272 3017 ,
1305 2950 1493 3006 eadem
1542 2950 1661 3007 haec
1704 2950 1866 3006 verba
1907 2952 2161 3022 protulit;

572 3049 633 3089 ac
663 3037 885 3105 proinde
931 3038 1202 3097 intellexit
1240 3043 1446 3096 vincula
1497 3046 1704 3112 mortis,
1748 3060 1867 3113 qua:
1894 3053 2018 3099 sunt
2047 3045 2163 3100 sine

572 3129 730 3185 dubio
781 3130 1147 3201 intelligenda.
1215 3134 1347 3189 Nam
1396 3139 1641 3206 quamvis
1688 3121 1867 3200 :n‘nn
1900 3139 2163 3210 signiﬁcet

2268 1929 2334 1983 ad
2364 1930 2553 1986 Matth.
2587 1948 2694 1997 xvn,
2724 1933 2815 1999 18,
2848 1944 2903 1989 et
2933 1937 3065 1995 Luc.
3096 1955 3206 2008 κη,
3240 1941 3333 1997 25.

2340 2022 2580 2091 Epistola
2616 2024 2744 2093 ωδ,
2780 2027 2806 2098 §
2852 2027 2902 2081 5.
2946 2029 3125 2085 Certus
3154 2033 3307 2088 etiam
3334 2052 3447 2091 sum
3475 2040 3679 2099 animum
3702 2047 3794 2099 nulla

2268 2113 2367 2168 Dei
2394 2114 2551 2184 culpa
2576 2158 2590 2181 ,
2638 2118 2780 2171 nulla
2807 2118 2905 2173 Dei
2928 2118 3243 2193 necessitate,
3274 2126 3354 2181 uel
3380 2146 3502 2198 sua,
3541 2133 3623 2187 sed
3646 2138 3796 2206 prapria

2266 2207 2533 2268 voluntate
2561 2210 2612 2262 in
2644 2219 2907 2277 peccatum
2938 2231 3042 2269 esse
3069 2217 3353 2287 collapsam
3378 2262 3392 2286 ,
3424 2222 3549 2295 etc.]
3584 2224 3795 2293 Quomodo

2269 2299 2385 2355 htec
2411 2301 2622 2370 possint
2647 2318 2767 2358 cum
2799 2318 3019 2375 peccato
3048 2310 3325 2381 originali,
3357 2322 3418 2368 ut
3441 2330 3577 2370 nunc
3600 2332 3625 2370 a
3647 2317 3797 2374 theolo-

2266 2391 2348 2460 gis
2396 2392 2737 2467 explicatur,
2789 2400 3088 2457 consistere
3136 2403 3355 2471 nescio,
3410 2422 3530 2463 nam
3576 2410 3711 2465 animi
3754 2427 3797 2467 eo
3872 2466 3873 2485 η

2267 2484 2454 2539 infecti
2503 2503 2606 2541 non
2660 2501 2885 2558 possunt
2936 2493 3041 2549 dici
3091 2497 3303 2568 prapria
3354 2500 3604 2557 voluntate
3641 2517 3797 2558 eoesse
3872 2506 3873 2561 ξ

2267 2576 2570 2647 inquinati,
2623 2598 2712 2636 nec
2760 2583 2871 2638 ulla
2918 2588 3215 2644 necessitate
3264 2590 3317 2649 iu
3349 2590 3402 2646 id
3431 2603 3681 2663 peccatum
3714 2610 3797 2657 esse
3872 2574 3873 2635 Ῠ

2269 2669 2529 2737 prolapsi.
2557 2666 2612 2727 Si
2638 2673 2841 2731 dixeris
2872 2677 2957 2732 hic
2988 2679 3055 2735 de
3082 2681 3277 2737 actuali
3310 2695 3527 2754 peccato
3555 2685 3648 2756 agi,
3674 2696 3798 2743 osten-

2268 2759 2503 2816 dendum
2535 2763 2637 2818 erit
2677 2781 2774 2821 cur
2798 2768 3038 2841 iniquum
3068 2776 3157 2838 sit,
3190 2774 3260 2828 ad
3292 2774 3397 2831 hoc
3424 2786 3677 2847 peccatum
3699 2778 3798 2848 quod

2267 2855 2495 2922 attinet,
2523 2870 2799 2927 peccatum
2830 2861 2884 2917 id
2914 2862 3097 2919 haberi
3127 2868 3270 2935 quod
3301 2883 3406 2923 non
3434 2871 3631 2943 propria
3659 2870 3797 2925 velun-

2270 2954 2400 3015 tate,
2440 2950 2537 3005 sed
2580 2954 2900 3009 necessitate
2934 2956 3180 3027 imposita
3210 2958 3542 3027 admittitur;
3580 2962 3639 3016 ad
3666 2977 3797 3032 pecca-

2270 3047 2381 3095 tum
2424 3058 2552 3099 vero
2599 3046 2821 3116 originis
2850 3051 2990 3119 quod
3027 3063 3257 3122 spectat,
3289 3071 3397 3109 non
3429 3057 3570 3111 item.
3617 3054 3705 3111 Sed
3729 3056 3798 3109 Au-

2268 3134 2515 3201 gustinus
2539 3176 2556 3201 ,
2604 3144 2659 3189 ut
2705 3140 2917 3208 propria
2957 3142 3215 3199 voluntate
3240 3186 3258 3212 ,
3301 3162 3406 3204 nec
3432 3148 3537 3203 ulla
3573 3148 3797 3202 necessitate

572 3221 736 3275 etiam
766 3224 990 3290 dolores,
1031 3234 1266 3283 attamen
1298 3230 1461 3284 verba
1487 3230 1679 3286 solvere
1709 3242 1762 3287 et
1791 3234 1948 3287 teneri
1987 3243 2164 3289 osten-

2271 3228 2794 3295 peccassehomines
2826 3208 3282 3311 intelligerentur,
3328 3255 3394 3296 eo
3424 3240 3747 3311 propendebat
3765 3246 3801 3292 ut

571 3319 702 3370 dunt
746 3316 815 3373 de
856 3320 1083 3375 vinculis
1127 3323 1245 3392 agi;
1289 3325 1441 3391 isque
1479 3334 1564 3380 est
1603 3326 1766 3380 etiam
1813 3328 1997 3396 psalttc
2042 3341 2165 3383 sen-

574 3422 687 3472 sus,
717 3419 775 3464 ut
805 3425 1034 3480 sequens
1064 3413 1368 3468 membrum
1396 3416 1651 3471 ostendit.
1704 3417 1811 3472 Sed
1842 3419 2011 3472 Lucas
2044 3433 2167 3474 ver-

572 3498 708 3553 sioui
735 3498 935 3555 Graecae
965 3514 1232 3571 assuetus,
1270 3513 1323 3560 et
1350 3507 1594 3562 scribens
1622 3510 1672 3561 in
1703 3510 1926 3579 gratiam
1950 3510 2165 3567 Graeco-

572 3607 725 3659 rum,
754 3594 996 3649 adhibuit
1041 3596 1364 3653 locutionem
1398 3599 1541 3655 LXX
1576 3602 1947 3673 interpretum.
1982 3605 2166 3661 Voluit

572 3699 701 3754 ergo
728 3686 918 3741 Petrus
952 3688 1115 3742 Deum
1167 3692 1388 3746 solvisse
1429 3691 1643 3748 vincula
1693 3696 1881 3750 mortis
1907 3736 1921 3762 ,
1970 3698 2164 3765 quibus

573 3780 744 3834 teneri
775 3780 1042 3836 Christum
1090 3796 1186 3851 par
1228 3799 1333 3838 non
1382 3794 1517 3841 erat.
1552 3785 1676 3841 Scio
1705 3787 2044 3860 Augustinum
2082 3788 2166 3845 di-

571 3886 693 3927 cere
720 3874 770 3927 in
799 3876 1146 3945 sequentibus
1183 3894 1197 3931 :
1241 3878 1394 3947 facile
1420 3896 1526 3935 esse
1555 3881 1817 3937 intellectu
1842 3885 1918 3938 sic
1960 3886 2163 3941 dolores

570 3964 761 4034 inferni
781 3966 973 4020 solutos
998 3984 1125 4037 esse,
1150 3971 1582 4039 quemadmodum
1609 3976 1735 4028 solvi
1764 3990 1972 4044 possunt
1996 3978 2163 4047 laquei

570 4046 881 4123 cenantium,
911 4076 975 4113 ne
998 4070 1219 4128 teneant,
1250 4080 1352 4117 non
1376 4066 1500 4135 quia
1540 4076 1827 4122 tenuerunt.
1854 4070 1959 4125 Sed
1987 4071 2160 4140 primo

569 4147 912 4204 falsissimum
964 4161 1046 4207 est
1095 4168 1318 4224 usquam
1367 4141 1494 4217 Sunt
1537 4159 1841 4230 signiﬁcare
1872 4162 2155 4232 infernum,

571 4238 674 4294 hoc
703 4250 785 4295 est
833 4242 1007 4298 locum
1058 4247 1442 4317 suppliciorum
1467 4291 1483 4317 ,
1531 4260 1585 4305 et
1623 4251 1737 4319 ipsa
1786 4254 1966 4321 psallat
1999 4259 2157 4312 verba

569 4334 859 4388 ostendunt
899 4336 1100 4391 vincula
1140 4342 1315 4393 mortis
1357 4356 1477 4396 esse
1529 4342 1904 4413 intelligenda;
1964 4348 2158 4406 deinde

570 4423 659 4477 ubi
689 4425 827 4481 Deus
874 4427 1067 4483 dicitur
1092 4431 1300 4485 solvisse
1331 4432 1533 4487 dolores
1582 4435 1768 4505 inferni
1793 4477 1810 4503 ,
1858 4454 1925 4494 ne
1953 4440 2155 4498 Christi

568 4516 742 4570 anima
768 4532 861 4573 eos
889 4520 1150 4576 sentiret?
1189 4522 1483 4593 Nusquam.
1547 4526 1737 4582 Petrus
1787 4530 2021 4602 loquitur
2067 4535 2153 4593 hic

2270 3318 2519 3375 crederet
2542 3322 2749 3378 animas
2775 3340 2966 3382 omnes
2995 3328 3161 3385 fuisse
3189 3331 3243 3388 in
3269 3334 3447 3391 anima
3479 3333 3803 3402 Adami,atque

2270 3428 2336 3468 ex
2363 3430 2425 3471 ea
2457 3427 2777 3489 propagatas
2801 3459 2817 3485 ,
2850 3429 2909 3475 ut
2938 3421 3049 3492 jam
3078 3425 3206 3481 alibi
3235 3428 3673 3493 observavimus,
3698 3425 3801 3497 quod

2270 3509 2401 3562 satis
2426 3520 2610 3580 aperte
2643 3510 2669 3582 §
2699 3513 2765 3568 IO
2791 3514 3027 3571 ostendit
3053 3536 3067 3571 :
3092 3518 3190 3577 Dic
3216 3521 3369 3588 mihi,
3396 3523 3580 3594 inquit,
3607 3523 3647 3579 si
3667 3522 3801 3577 attinnt

2267 3599 2575 3670 singillatim
2604 3603 2825 3675 singulis
2867 3607 3118 3679 hodieque
3153 3615 3483 3671 nascentibus
3509 3616 3651 3685 ﬁunt,
3683 3613 3749 3667 ubi
3770 3613 3804 3665 in

2269 3696 2493 3761 parvulis
2541 3710 2780 3768 peccent,
2812 3711 2866 3757 ut
2903 3705 3169 3777 indigeant
3212 3709 3270 3764 in
3308 3720 3618 3766 sacramento
3657 3708 3803 3763 Christi

2267 3790 2563 3847 remissione
2611 3798 2844 3866 peccati,
2888 3810 3151 3868 peccantes
3188 3802 3242 3857 in
3285 3804 3474 3874 Adam,
3516 3819 3576 3859 ex
3613 3819 3696 3871 quo
3720 3815 3806 3853 caro

2266 3894 2553 3955 propagata
2580 3896 2656 3941 est
2684 3891 2914 3961 peccati;
2958 3904 3050 3949 aut
3078 3895 3123 3950 si
3151 3913 3253 3952 non
3287 3908 3515 3969 peccant,
3544 3914 3637 3968 qua
3652 3896 3805 3965 iustitia

2267 3972 2525 4032 Creatoris
2566 3978 2638 4032 ita
2683 3992 2891 4050 peccato
2935 3984 3229 4057 obligantur
3273 3991 3475 4058 alieno,
3526 4006 3631 4049 cum
3665 3985 3805 4043 exinde

2265 4074 2566 4142 prapagatis
2598 4075 2835 4130 membris
2857 4080 3160 4136 mortalibus
3184 4082 3509 4152 inseruntur,
3539 4092 3591 4139 ut
3619 4098 3709 4146 eas,
3735 4078 3805 4132 niti

2264 4178 2355 4231 per
2382 4161 2664 4220 Ecclesium
2686 4165 2983 4226 sub'ventum
3004 4174 3184 4243 fuerit,
3201 4174 3469 4233 damnatio
3491 4183 3803 4245 consequatur;

2264 4274 2380 4313 cum
2408 4260 2462 4313 in
2489 4277 2665 4315 earum
2713 4276 2960 4334 potestate
3000 4285 3103 4325 non
3144 4272 3239 4337 sit,
3291 4281 3349 4327 ut
3376 4274 3450 4329 eis
3494 4272 3642 4342 possit
3678 4267 3805 4340 grati“

2264 4350 2501 4422 baptismi
2544 4355 2797 4411 subveniri
2824 4400 2839 4425 ,
2871 4367 2977 4416 etc.
3018 4361 3125 4419 Se‘tI
3156 4365 3248 4434 qui
3275 4365 3473 4421 animae
3498 4364 3714 4421 omnium
3737 4359 3806 4413 Ito-

2262 4442 2467 4499 minum
2499 4445 2698 4502 luerint
2726 4450 2778 4505 in
2809 4451 3003 4510 Adami
3031 4455 3448 4523 anima,utcum
3478 4472 3539 4513 ea
3560 4452 3805 4528 peccarint,

2261 4553 2367 4594 non
2396 4539 2603 4598 facilius
2630 4543 2968 4616 intelligitur,
3012 4549 3562 4623 sbsurdissimumque
3597 4558 3673 4606 est
3695 4560 3806 4602 com-

2807 4602 2836 4616 ..
2953 4602 2967 4616 .
3020 4602 3561 4623 η---η---η--ν--τν

568 4625 673 4665 non
720 4612 787 4667 de
836 4613 941 4667 ulla
990 4615 1253 4684 ejusmodi
1300 4620 1511 4675 actione
1545 4621 1677 4686 Dei,
1722 4624 2061 4695 impedientis
2088 4602 2238 4688 neB
2263 4642 2527 4693 mentum.
2559 4637 2743 4709 Itaque
2790 4642 2961 4699 satius
3007 4647 3180 4701 multo
3223 4647 3417 4703 luisset
3454 4647 3715 4716 diligenter
3734 4654 3806 4695 es-

570 4700 818 4759 Christus
865 4708 1124 4776 supplicia
1175 4710 1546 4768 damnatorum
1596 4724 1887 4787 pateretur,
1944 4723 2039 4777 sed
2086 4724 2155 4783 de

568 4797 681 4852 sola
714 4802 1107 4857 resurrectione
1137 4803 1364 4872 Christi;
1404 4825 1571 4877 quem,
1615 4811 1803 4883 inquit,
1833 4814 1969 4869 Deus
1995 4820 2157 4875 susci-

567 4892 709 4956 tavit,
745 4893 1017 4960 ἀνέστησε,
1040 4897 1240 4961 solutis,
1263 4908 1391 4964 etc.,
1425 4909 1583 4971 atque
1613 4903 1685 4959 ita
1713 4908 1886 4976 pergit
1924 4925 1936 4960 :
1981 4908 2154 4966 David

508 5048 511 5051 δ
566 4984 698 5034 enim
726 4984 848 5038 dicit
876 4986 929 5038 in
954 5003 1067 5040 eum
1085 4988 1242 5057 (psal.
1269 5006 1376 5059 xu,
1399 4994 1454 5057 8,
1472 5010 1534 5047 ex
1562 4996 1825 5053 divisione
1846 5000 2124 5073 chraica)

566 5072 902 5129 Providebuni
943 5076 1215 5135 Dominum
1246 5083 1297 5137 in
1335 5096 1605 5154 conspectu
1646 5106 1754 5145 meo
1779 5107 1990 5164 semper,
2024 5114 2149 5165 quo-

565 5166 704 5217 niam
730 5183 761 5218 a
788 5169 1006 5223 dexteris
1034 5172 1158 5226 milii
1186 5185 1281 5241 est,
1305 5192 1366 5228 ne
1394 5194 1708 5235 commoveor
1895 5186 2147 5251 Quoniam

563 5273 663 5310 non
707 5258 1022 5330 derelinques
1048 5266 1270 5320 animum
1310 5284 1476 5325 meam
1500 5314 1513 5337 ,
1547 5284 1649 5329 etc.
1680 5276 1837 5344 Tum,
1872 5296 2010 5335 vers.
2035 5284 2097 5338 51
2127 5300 2142 5338 :

566 5347 844 5405 Providens
872 5352 1068 5409 locutus
1102 5368 1175 5411 est
1202 5360 1264 5413 de
1284 5366 1648 5421 resurrectione
1669 5366 1878 5436 Christi,
1912 5376 2033 5443 quia
2056 5392 2145 5430 ne-

560 5456 656 5507 que
683 5442 950 5499 derelictus
981 5458 1053 5501 est
1082 5450 1133 5503 in
1164 5453 1385 5523 inferno,
1415 5473 1572 5528 neque
1592 5476 1710 5514 caro
1739 5464 1851 5533 ejus
1879 5466 2001 5521 vidit
2027 5485 2143 5523 cor-

562 5535 868 5599 ruptionem.
916 5537 1071 5597 Hunc
1121 5542 1298 5599 Jesum
1338 5552 1601 5607 suscitavit
1644 5552 1803 5625 Deus,
1856 5567 1958 5614 elc.
2010 5561 2145 5619 Hinc

560 5626 845 5682 manifesm
874 5630 1040 5701 liquet
1070 5637 1424 5706 Augustinum
1455 5659 1560 5699 non
1608 5653 1815 5703 tantum
1846 5652 2141 5721 ignorantia

564 5718 757 5789 lingua:
788 5721 1063 5783 chraica:
1092 5729 1281 5801 dogma
1314 5750 1377 5789 ex
1412 5736 1687 5806 Scriptura
1726 5742 1969 5801 hausisse
1999 5750 2140 5818 quod

508 5887 515 5891 '
560 5809 611 5866 in
641 5827 701 5867 ea
748 5829 1080 5889 nequaquam
1129 5834 1244 5891 est,
1286 5829 1379 5884 scd
1433 5832 1591 5887 etiam
1640 5836 1829 5892 seriem
1883 5843 2138 5899 orationis

2262 4729 2496 4796 pendere
2523 4730 2638 4787 loca
2669 4733 2964 4804 Scriptum
2983 4775 3000 4805 ,
3030 4752 3101 4794 ex
3133 4740 3330 4808 quibus
3358 4737 3616 4810 ejusmodi
3639 4735 3804 4805 opinio-

2261 4839 2357 4880 nes
2383 4825 2605 4883 ﬂuxisse
2633 4830 3011 4901 censeban’tur,
3045 4841 3100 4889 et
3126 4832 3289 4891 liti'em
3320 4851 3385 4891 sc
3414 4845 3645 4891 naturam
3671 4827 3804 4898 bapti-

2259 4918 2396 4982 smi;
2438 4920 2580 4988 quod
2608 4920 2655 4976 si
2683 4923 2915 4991 penitius
2945 4924 3147 4982 factum
3196 4928 3418 4995 fuisset,
3464 4922 3805 4984 intellexissent

2258 5008 2384 5064 boni
2417 5011 2517 5067 viri
2568 5026 2669 5080 se,
2720 5023 3003 5086 postquam
3054 5018 3106 5072 in
3156 5020 3435 5090 Scriptura
3481 5015 3803 5091 quzesivissent

2257 5101 2399 5170 quod
2432 5102 2485 5158 in
2525 5119 2590 5159 ea
2624 5121 2729 5161 non
2775 5116 2897 5175 est,
2951 5108 3421 5179 inexplicabilibus
3470 5107 3800 5165 difﬁcultatum

2256 5194 2544 5251 niaeandris
2593 5197 2869 5255 intricatos
2916 5200 3107 5268 fuisse;
3150 5218 3251 5260 nec
3282 5204 3539 5260 articulos
3574 5198 3803 5255 ﬁdeicsse

2256 5293 2362 5342 tam
2398 5287 2554 5344 facile
2580 5305 2646 5344 ex
2675 5290 2808 5347 locis
2835 5293 3079 5348 obscuris
3107 5296 3436 5365 eliciendos,
3481 5304 3635 5366 atque
3661 5291 3800 5357 imPO‘

2253 5380 2460 5436 nendos
2502 5379 2821 5439 Christianis
2867 5397 3077 5443 terrore
3120 5388 3523 5445 anathemstum
3567 5397 3617 5442 et
3660 5378 3800 5439 omnis

2253 5473 2467 5541 generis
2514 5489 2795 5544 poenarum
2836 5493 2852 5531 :
2902 5480 3360 5549 quemadmodum
3402 5482 3595 5539 factum
3637 5487 3710 5535 est
3750 5485 3799 5527 e0

2254 5572 2498 5636 tempore
2526 5568 2596 5623 ab
2620 5567 2879 5625 Ecclesiis
2906 5573 3197 5632 Africanis.

2323 5659 2483 5727 lbid.,
2514 5659 2542 5732 ς
2569 5660 2657 5717 10.
2702 5664 2961 5730 Quoniam
2989 5666 3150 5738 igitur
3176 5685 3341 5741 neque
3362 5670 3428 5724 de
3449 5668 3557 5724 Deo
3577 5672 3799 5737 possemut

2250 5751 2416 5807 dicere
2435 5754 2571 5821 quod
2595 5755 2672 5809 vel
2690 5765 2839 5827 cogat
2860 5759 3061 5814 animus
3082 5761 3197 5830 ﬁeri
3222 5763 3547 5831 peccatrices,
3568 5759 3639 5813 vel
3653 5754 3799 5827 puniat

2250 5847 2574 5913 innocentes;
2618 5864 2777 5918 neque
2816 5866 3003 5921 negare
3031 5852 3114 5923 fas
3143 5854 3285 5910 nobis
3324 5864 3403 5912 est
3442 5870 3528 5909 eas
3571 5864 3675 5922 qua:
3710 5847 3795 5900 sine

3699 351 3775 414 ut
