3954 6364
176 378 275 439 Ξέὸθ

830 376 1181 435 VARIORUM
1223 376 1821 435 EXEBCITATIONES
1858 378 1921 435 IN
1962 380 2019 437 S.
2061 376 2431 436 AUGUSTINI
2470 378 2725 437 OPERA:

3351 375 3417 429 70

176 489 346 547 Christi
368 501 682 548 sacramento
729 492 792 545 de
821 491 1115 559 corporibus
1145 491 1385 556 exierint,
1415 491 1565 545 etiam
1608 507 1730 560 par-
1756 496 1806 555 Α
1836 492 2217 557 custodiuntur,
2242 494 2505 563 patiuntur
2526 501 2668 547 tanta
2688 505 2802 561 qua:
2825 489 3026 554 nolunt,
3060 488 3217 543 donec
3243 489 3302 541 iis
3326 489 3424 541 ad-

176 585 385 637 miorum
408 626 422 649 ,
469 584 674 637 nonnisi
712 584 765 635 in
803 584 1178 636 damnationem
1217 583 1387 647 trahi;
1432 582 1637 636 obsecro
1670 591 1735 646 te,

173 678 406 746 quomodo
425 677 531 731 hac
570 677 745 746 opinio
783 676 1072 746 defenditur
1115 692 1219 746 qua
1256 676 1531 728 creduntur
1555 675 1741 727 anima:

173 785 268 820 non
294 785 355 822 ea:
395 769 487 823 illa
532 784 637 823 una
667 769 817 837 primi
862 768 1079 822 hominis
1119 768 1232 836 ﬁeri
1270 783 1464 833 omnes,
1494 766 1581 821 sed
1612 767 1742 821 sicut

171 858 256 913 illa
282 877 380 913 una
407 862 497 914 uni
521 903 535 928 ,
584 863 657 914 ita
686 860 902 931 singulis
933 859 1219 933 singulw?]
1256 858 1627 915 Certissimum
1658 866 1745 915 est

169 965 195 1002 a
224 952 325 1006 Deo
355 966 526 1022 neque
569 954 775 1006 animas
806 952 925 1021 cogi
965 963 1023 1006 ut
1049 953 1159 1007 sint
1189 952 1534 1021 peccatrices,
1569 965 1743 1022 neque

170 1038 317 1109 plecti
364 1046 711 1109 innocentes;
756 1045 896 1099 Deus
942 1045 1085 1099 enim
1135 1053 1248 1109 est,
1298 1044 1415 1099 sine
1450 1043 1643 1109 dubio,
1692 1050 1748 1097 et

168 1134 451 1190 sanctitatis
472 1151 657 1190 amans
669 1145 725 1190 et
740 1136 951 1203 justus;
972 1145 1027 1190 at
1044 1136 1398 1207 Augustinum
1422 1136 1748 1204 oportuisset

162 1228 388 1294 proferre
410 1228 582 1283 locum
606 1230 833 1298 aliquem
857 1229 1145 1298 Scriptum
1167 1245 1232 1284 ex
1260 1243 1365 1297 quo
1390 1227 1588 1297 liquido
1618 1242 1749 1282 con-

158 1326 259 1373 stet
282 1321 568 1375 infantibus
594 1322 898 1376 necessario
928 1320 1230 1389 impositum
1258 1334 1379 1375 esse
1403 1319 1748 1389 baptismum,

156 1411 224 1463 ita
246 1419 303 1464 ut
341 1411 458 1468 sine
497 1425 563 1465 eo
594 1410 933 1476 damnentur,
983 1411 1155 1480 qualis
1185 1412 1330 1465 locus
1361 1410 1534 1465 nullus
1555 1419 1659 1464 est.
1684 1410 1753 1465 Ut

155 1502 292 1556 enim
320 1503 611 1558 concedam
633 1504 826 1558 adultis
847 1503 1184 1558 credentibus
1214 1502 1534 1572 baptismum
1568 1515 1753 1555 neces-

160 1597 291 1649 sario
315 1596 538 1664 imponi,
564 1596 712 1664 quasi
740 1596 1155 1650 Christianitatis
1183 1595 1443 1665 publicam
1469 1595 1755 1663 professio-

168 1700 280 1747 nem
306 1701 368 1741 ac
392 1696 679 1753 tesseram;
712 1703 815 1742 non
846 1688 971 1741 ideo
988 1688 1226 1757 sequitur
1253 1688 1411 1741 etiam
1440 1685 1637 1761 imponi
1668 1684 1753 1737 in-

176 1775 406 1831 fantibus.
428 1778 560 1831 Nam
586 1788 663 1843 ut,
683 1780 929 1848 quamvis
951 1778 1083 1834 ﬁdes
1100 1779 1401 1848 promiscue
1421 1778 1488 1833 ab
1510 1774 1755 1832 omnibus

1842 584 1908 637 sit
1947 583 2179 637 voluntas
2219 584 2530 655 suscipiendi
2578 584 2744 653 aperis
2793 582 2929 636 boni.
2960 580 3063 636 Sed
3094 580 3180 649 qui
3224 578 3295 632 ita
3328 594 3421 632 co-

1842 682 2039 743 guntur
2065 674 2144 744 (ut
2165 688 2428 745 ponamus
2451 688 2568 729 esse
2590 674 2681 743 qui
2704 688 2828 729 vere
2853 681 3114 741 coguntur
3136 669 3425 741 dignitates

1843 776 1897 821 et
1924 780 2051 835 opes
2077 766 2467 821 ecclesiasticas
2498 767 2739 835 accipere
2764 807 2780 832 ,
2829 780 2950 819 cum
2994 774 3148 819 antea
3179 759 3424 834 nollent)

1845 866 2034 928 putant
2059 858 2219 912 etiam
2250 858 2349 928 ipsi
2377 859 2740 927 episcopatum
2772 870 2891 912 esse
2919 872 3045 926 opus
3078 855 3295 920 bonum;
3327 868 3427 911 nec

1848 967 1968 1007 eum
1998 951 2267 1020 refugiunt
2294 992 2310 1014 ,
2339 950 2490 1019 quasi
2523 950 2720 1003 malum
2748 948 3021 1019 quidpiam
3050 989 3064 1015 ,
3096 948 3188 1002 scd
3221 955 3427 1001 tantum

1849 1044 1988 1115 quod
2018 1046 2066 1099 ei
2098 1046 2247 1101 oneri
2278 1054 2425 1099 recte
2456 1043 2675 1098 ferendo
2721 1043 2955 1111 impares
2984 1057 3042 1097 se
3068 1043 3327 1110 judicent.
3360 1040 3430 1094 At

1851 1135 2142 1192 Donatistae
2192 1136 2390 1191 malum
2426 1152 2520 1206 per
2564 1152 2621 1190 se
2671 1149 2825 1201 esse,
2875 1149 2938 1191 ac
2969 1135 3079 1189 Deo
3124 1134 3427 1202 displicere,

1852 1232 2094 1301 quamvis
2125 1245 2185 1286 ea
2216 1231 2267 1284 in
2296 1245 2355 1285 re
2383 1237 2658 1296 errarent,
2688 1228 2950 1299 putabant
2994 1227 3047 1281 id
3089 1228 3229 1297 quod
3256 1228 3433 1281 facere

1853 1323 2210 1391 cogebantur;
2253 1337 2354 1376 nec
2383 1319 2758 1376 vexationibus
2785 1319 2941 1372 aliter
2966 1327 3023 1371 ut
3051 1317 3309 1371 sentirent
3337 1317 3432 1370 ad-

1855 1413 1977 1468 duci
2026 1425 2287 1483 poterant.
2340 1415 2521 1484 ltaque
2572 1413 2702 1468 nihil
2745 1413 2811 1467 ad
2856 1428 2968 1466 rem
3000 1411 3099 1464 hoc
3129 1411 3431 1477 exemplum

1856 1504 2001 1570 facit,
2033 1522 2131 1561 nec
2156 1506 2440 1560 adhibetur
2468 1506 2534 1559 ab
2565 1505 2884 1575 Augustino,
2924 1504 3022 1556 nisi
3064 1518 3213 1556 more
3245 1518 3433 1556 eorum

1856 1598 2133 1653 rhetorum
2163 1599 2357 1667 quibus
2388 1600 2519 1652 satis
2545 1608 2628 1652 est
2660 1598 2739 1651 vel
2768 1597 3036 1651 levissima
3070 1594 3434 1649 verisimilitu-

1860 1690 1998 1747 diuis
2027 1692 2215 1745 umbra
2246 1705 2303 1744 ut
2328 1677 2430 1744 sibi
2461 1700 2605 1744 recte
2645 1690 2951 1743 ratiocinari
2982 1688 3296 1752 videantur;
3336 1700 3434 1740 cu-

1855 1783 2087 1851 jusmodi
2126 1782 2432 1836 hominibus
2466 1782 2625 1837 nimis
2660 1788 2967 1835 scatuerunt
3011 1794 3105 1848 per
3130 1780 3295 1832 multa
3333 1792 3434 1831 sae-

174 1867 410 1936 esigatur,
431 1871 503 1922 ita
525 1883 589 1923 ea
622 1870 735 1923 loca
759 1870 1146 1939 intelliguntur,
1161 1878 1218 1924 ut
1240 1870 1572 1939 explicentur
1595 1868 1663 1923 de
1686 1867 1755 1921 iis
1781 1857 1831 1918 Β
1856 1874 1973 1928 cuia
2012 1872 2329 1928 Christiana;
2370 1872 2623 1926 Ecc|esim
2644 1915 2657 1938 ,
2699 1872 2792 1927 sed
2837 1871 3129 1940 praesertim
3175 1870 3265 1923 illo
3293 1884 3429 1923 mvo.

176 1963 251 2025 qui
282 1970 405 2014 sunt
432 1962 557 2016 ﬁdei
581 1976 823 2032 capaces,
847 1978 954 2016 non
974 1963 1041 2018 de
1067 1962 1379 2028 infantibus,
1405 1961 1496 2032 qui
1525 1960 1747 2016 credere

177 2066 270 2105 non
297 2064 523 2121 possunt
551 2062 676 2108 ante
720 2054 939 2109 rationis
967 2069 1123 2109 usum
1148 2072 1160 2107 :
1188 2055 1267 2108 sic
1292 2053 1536 2123 quamvis
1565 2059 1748 2107 essent

179 2145 431 2212 generalia
474 2156 740 2215 precepts
789 2145 856 2200 de
902 2146 1242 2214 suscipiendo
1282 2145 1351 2199 ab
1375 2144 1627 2199 omnibus
1654 2143 1748 2197 ba-

182 2237 376 2305 ptismo,
421 2246 604 2292 essent
649 2252 863 2311 semper
897 2252 1016 2291 cum
1044 2237 1362 2306 exceptione
1401 2235 1747 2311 intelligenda

187 2327 240 2382 de
262 2328 322 2381 iis
349 2328 402 2381 in
430 2343 657 2396 quorum
694 2308 961 2398 potestate
1006 2337 1090 2384 est
1120 2327 1405 2397 baptizari;
1446 2342 1551 2381 non
1582 2327 1650 2381 de
1676 2308 1746 2381 iis

187 2422 230 2473 in
255 2435 473 2489 quorum
503 2429 766 2489 potestate
795 2436 901 2475 non
934 2429 1034 2475 est.
1077 2421 1145 2474 At
1186 2421 1514 2489 Augustinus
1540 2432 1765 2476 morem.

187 2509 418 2565 Ecclesiae
446 2511 649 2580 profert
678 2511 704 2582 ᾗ
732 2512 796 2565 21
817 2551 832 2575 ,
861 2511 946 2565 ubi
987 2520 1255 2580 propterea
1285 2527 1399 2564 cum
1427 2511 1746 2579 baptizandis

186 2602 389 2669 paruulis
413 2602 679 2670 festinatur
709 2611 755 2655 et
780 2604 1021 2669 curritur,
1048 2604 1168 2673 quia
1191 2603 1299 2656 sine
1339 2603 1493 2655 dubio
1522 2602 1749 2656 creditur

186 2696 316 2748 aliter
334 2711 418 2748 eos
440 2697 491 2748 in
510 2693 713 2749 Christo
734 2696 978 2765 viviﬁcari
999 2697 1203 2749 omnino
1225 2712 1325 2749 non
1346 2712 1514 2763 posse.
1549 2695 1743 2749 Verum

182 2800 265 2841 cur
294 2787 343 2841 id
385 2787 664 2842 crederent
688 2786 975 2842 Christiani
1026 2788 1223 2841 nullam
1273 2792 1328 2841 in
1378 2787 1744 2855 apostolorum

180 2878 377 2947 scriptis
404 2888 605 2933 certam
634 2881 897 2934 rationem
926 2880 1165 2934 invenire
1192 2893 1504 2948 possumus;
1548 2893 1647 2933 nec
1675 2893 1744 2932 ex

178 2972 545 3027 consuetudine
571 3012 586 3037 ,
616 2981 707 3027 aut
736 2973 986 3041 opinione
1008 3013 1023 3038 ,
1055 2988 1172 3041 quae
1219 2972 1478 3041 imperitis
1502 2985 1653 3038 atque
1683 2984 1747 3026 ac

179 3068 352 3133 peritis
379 3077 549 3122 ortum
576 3082 729 3122 suum
762 3067 962 3122 debere
990 3067 1184 3137 potuit,
1224 3066 1349 3121 licet
1376 3066 1568 3135 dogma
1589 3066 1746 3119 Chri-

178 3158 355 3213 stianus
385 3159 501 3213 fidei
532 3160 817 3229 colligere;
860 3158 1156 3227 prmaertim
1187 3174 1308 3212 cum
1344 3157 1744 3212 difﬁcultatibus

1850 1967 2150 2035 Optandum
2182 1975 2327 2021 esset
2356 1980 2451 2020 eos
2482 1965 2571 2033 qui
2596 1965 2805 2033 publice
2833 1978 3046 2017 causam
3071 1962 3436 2016 Ecclesiarum

1849 2059 2182 2129 suscipiunt,
2220 2058 2380 2129 paulo
2410 2058 2703 2112 studiosius
2735 2056 3029 2110 dialecticas
3058 2062 3113 2108 et
3146 2053 3435 2108 rhetoricae

1849 2151 2103 2205 severiori
2131 2165 2350 2218 operam
2382 2150 2542 2214 dare,
2587 2164 2653 2202 ne
2684 2157 2761 2202 tot
2791 2146 3116 2215 sophismata
3157 2159 3219 2200 ac
3246 2144 3434 2199 inanes

1851 2244 2092 2298 nhaleras
2118 2243 2409 2312 plebecula:
2433 2241 2787 2297 venditarent.

1978 2354 2252 2410 llENRlCI
2295 2356 2381 2409 DE
2420 2354 2622 2410 NORIS
2662 2350 3323 2409 ANIMADVERSIONES.

2412 2486 2465 2527 IN
2504 2486 2675 2531 Βριετ.
2705 2485 2895 2527 CLXXV.

1849 2587 1927 2644 Cl.
1953 2604 2012 2643 ao
2032 2587 2320 2641 doctissim
2332 2587 2439 2641 uiro
2459 2587 2679 2641 Antonio
2692 2587 3011 2657 Magliabeco
3032 2585 3332 2642 Florentino
3350 2585 3420 2641 Γ.

1982 2681 2241 2735 Henricus
2263 2681 2325 2735 de
2349 2680 2530 2745 Neris,
2563 2679 2865 2734 Veronensis
2877 2679 3299 2749 Augustinianus.

1917 2794 2051 2849 Cum
2107 2794 2258 2849 Pisas
2305 2809 2526 2865 pergere
2596 2794 2969 2859 destinassem,
3021 2804 3073 2848 et
3095 2794 3203 2862 jam
3269 2794 3428 2867 sche-

1851 2886 1946 2940 das
2016 2901 2080 2941 ac
2125 2886 2441 2940 litterarium
2477 2886 2887 2939 instrumentum
2912 2885 3248 2955 collegissent
3283 2902 3296 2949 ;
3350 2885 3429 2938 in.

1845 2980 2088 3033 stitutum
2139 2986 2360 3046 repente
2430 2979 2563 3046 iter,
2606 2978 2689 3032 vir
2749 2978 3065 3043 clarissime,
3122 2980 3429 3043 rcmoraris,

1845 3072 2110 3141 simulque
2177 3071 2541 3140 longissimam
2608 3071 3089 3141 peregrinationem
3164 3071 3429 3139 injungis,

1844 3166 2035 3236 jubens
2090 3178 2148 3221 ut
2206 3167 2256 3219 in
2300 3166 2530 3220 Africam
2579 3165 2829 3220 ocissime
2877 3167 3262 3231 transmittam,
3334 3164 3431 3217 ibi-

178 3264 282 3316 qua:
311 3250 444 3304 solvi
473 3227 744 3319 nequeunt
782 3250 1009 3305 laboret.
1045 3249 1297 3317 Quamvis
1332 3263 1439 3303 non
1480 3249 1616 3303 male
1652 3249 1744 3303 ba-
1772 3227 1818 3292 ο
1844 3227 1955 3329 ξμιε
2010 3258 2354 3328 plurimarum
2403 3257 2635 3324 urbium,
2691 3272 2821 3327 quas
2877 3266 3083 3326 tempus
3136 3227 3267 3311 edas
3298 3298 3313 3321 ,
3370 3269 3431 3310 ac

177 3342 434 3407 ptizentur
462 3342 688 3397 infantes
715 3383 730 3407 ,
762 3350 998 3405 attamen
1029 3343 1081 3395 id
1123 3342 1191 3396 ab
1217 3340 1473 3410 apostolis
1504 3340 1702 3395 factum
1730 3379 1747 3407 ,

177 3441 224 3484 ct
248 3433 459 3501 quidem
492 3450 558 3489 ne
588 3435 852 3504 baptismo
882 3432 1123 3489 destituti
1152 3434 1556 3501 damnarentur,
1601 3433 1750 3488 nullo

177 3523 252 3577 vel
279 3526 502 3579 minimo
530 3526 729 3581 Indicio
755 3535 983 3581 constat.
1060 3533 1070 3547 ‘

236 3615 398 3683 lbid.,
434 3616 573 3688 ξεί.
604 3617 845 3688 Quisquis
866 3617 1009 3671 nobis
1051 3618 1237 3671 dixerit
1260 3632 1562 3688 qumquam
1588 3616 1643 3670 in
1666 3632 1747 3671 re-

175 3710 478 3763 surrectione
505 3719 823 3763 mortuorum
855 3710 1097 3779 viviﬁcari
1141 3725 1285 3777 posse
1314 3710 1413 3763 nisi
1440 3710 1496 3763 in
1522 3707 1744 3773 Christo,

174 3807 411 3867 tanquam
456 3804 610 3871 pestis
655 3802 938 3855 communis
969 3801 1089 3868 ﬁdei
1115 3802 1439 3855 detestandus
1478 3799 1607 3871 est.]
1641 3802 1745 3857 Sed

173 3894 293 3958 quid
323 3896 424 3950 sibi
450 3897 564 3950 vult
589 3897 644 3949 in
670 3894 912 3949 Christo?
941 3895 1000 3950 Si
1028 3906 1235 3967 propter
1255 3906 1346 3951 aut
1377 3913 1465 3964 per
1487 3896 1746 3950 Christum

172 3982 457 4055 intelligas,
481 4003 669 4042 verum
692 3995 804 4053 est;
845 3986 940 4043 sed
970 3989 1089 4058 quis
1114 3987 1215 4042 hoc
1244 3987 1493 4057 negavit?
1530 3987 1743 4056 Pergit:

171 4076 299 4132 Item
346 4084 570 4151 quisquis
618 4082 805 4136 dixerit
841 4084 979 4152 quod
1017 4084 1071 4135 in
1112 4081 1315 4136 Christo
1357 4081 1745 4151 viviﬁcabuntur

174 4173 319 4224 etiam
344 4176 543 4241 parvuli
565 4176 653 4245 qui
675 4176 784 4229 sine
807 4174 1110 4229 sacramenti
1136 4177 1247 4246 ejus
1268 4174 1655 4243 participatione
1683 4172 1746 4225 de

174 4264 269 4316 tito
295 4277 496 4337 exeunt,
526 4267 611 4320 hic
640 4271 865 4338 profecto
904 4277 952 4321 et
986 4279 1163 4321 contra
1202 4268 1533 4337 apostolicam
1560 4266 1747 4337 pris-di-

176 4358 418 4412 cstionem
446 4361 576 4413 venit
601 4402 616 4427 ,
647 4370 692 4413 et
721 4369 875 4413 totam
925 4360 1231 4413 condemnat
1271 4357 1553 4412 Ecclesium
1574 4400 1589 4423 ,
1639 4366 1741 4412 etc.

180 4444 271 4501 Ubi
318 4453 541 4518 apostoli
591 4451 659 4505 de
704 4451 990 4506 infantibus
1038 4451 1140 4505 hoc
1171 4451 1563 4520 prmdicarunt?
1600 4448 1741 4503 Nus-

181 4552 350 4604 quam.
372 4543 443 4597 De
465 4543 718 4597 Ecclesia:
746 4543 1131 4598 consuetudine
1154 4543 1260 4612 jam
1290 4543 1541 4597 diximus.
1560 4542 1743 4611 itaque

181 4638 275 4684 tam
306 4633 455 4689 lacile
481 4645 641 4703 pestes
662 4636 948 4688 communis
969 4635 1089 4704 ﬁdei
1111 4650 1217 4689 non
1244 4643 1367 4689 sunt
1394 4634 1621 4690 habendi
1651 4634 1743 4704 qui

182 4734 355 4780 contra
382 4729 636 4783 sentiunt.
670 4730 835 4783 Atrox
867 4730 967 4782 hoc
1009 4738 1089 4783 est
1117 4727 1413 4783 convicium
1449 4726 1506 4781 in
1531 4742 1624 4782 eos
1649 4728 1738 4796 qui

183 4814 453 4887 Scripturis
478 4820 725 4875 convinci
756 4829 1042 4889 nequeunt.

136 4928 148 4943 λ
246 4911 467 4978 Epistula
505 4915 631 4978 175,
682 4914 708 4983 §
743 4914 797 4969 2.
842 4914 948 4968 Sed
984 4931 1146 4985 neque
1185 4915 1282 4970 hoc
1321 4924 1470 4985 putas
1516 4914 1604 4967 tibi
1629 4912 1741 4982 ﬁeri

194 5003 426 5071 debuisse,
465 5009 589 5077 quia
628 5008 879 5061 neminem
916 5009 1172 5062 existimas
1209 5009 1489 5078 cogendum
1524 5022 1631 5061 esse
1671 5007 1740 5059 ad
1776 5024 1777 5027 ‘

196 5094 416 5170 bonum]
463 5100 657 5162 llecte;
709 5114 830 5152 nam
863 5099 1061 5154 bonum
1107 5114 1227 5155 esse
1255 5116 1358 5154 non
1393 5108 1567 5170 potest
1596 5098 1739 5169 quod

191 5185 238 5240 ﬁt
263 5203 291 5241 a
318 5199 524 5254 coacto;
570 5189 710 5243 Deus
756 5191 896 5243 enim
927 5205 1033 5245 non
1059 5191 1255 5260 accipit
1298 5192 1438 5245 dicta
1483 5202 1573 5245 aut
1602 5191 1739 5244 facta

126 5310 132 5323 ’
188 5279 363 5347 quibus
383 5284 586 5337 animus
617 5298 723 5336 non
754 5282 925 5338 adest.
949 5283 1048 5351 Qui
1071 5285 1461 5354 elecmosynam
1484 5283 1574 5336 dat
1603 5283 1742 5337 iuvi-

186 5382 281 5439 tus,
308 5375 413 5429 Deo
456 5376 624 5445 magis
654 5391 759 5429 non
804 5376 975 5445 placet
999 5393 1154 5444 quam
1193 5378 1280 5446 qui
1312 5392 1428 5431 eam
1462 5376 1742 5445 przefracte

178 5478 349 5538 negat.
392 5469 635 5522 Attamen
683 5480 866 5522 contra
914 5478 1096 5524 censet
1141 5470 1498 5539 Augustinus,
1548 5470 1636 5538 qui
1665 5468 1743 5523 sic

178 5573 355 5618 contra
384 5560 713 5615 Donatistam
748 5561 1098 5616 ratiocinator
1133 5580 1147 5615 :
1190 5562 1404 5615 Attende
1441 5561 1563 5631 quid
1605 5559 1742 5630 Apo-

178 5656 335 5712 stolus
377 5656 558 5710 dixerit
606 5674 625 5711 :
663 5654 763 5721 Qui
793 5657 1156 5726 episcopatum
1199 5655 1505 5723 desiderat,
1540 5654 1739 5708 bonum

179 5766 308 5822 Opus
330 5753 678 5822 concupiscit,
708 5761 752 5806 et
785 5761 951 5804 tamen
974 5759 1077 5803 tam
1107 5749 1276 5815 multi,
1313 5757 1367 5801 ut
1394 5748 1743 5818 episcopatum

180 5846 445 5915 suscipiant
487 5854 717 5900 tenentur
758 5845 935 5912 inviti,
977 5843 1344 5914 perducuntur,
1385 5838 1741 5909 includuntur,

1854 3350 2200 3405 barbarorum
2255 3350 2381 3404 olim
2411 3349 2559 3404 furor
2588 3351 2800 3415 evertit,
2854 3349 3133 3403 ruderibus
3181 3346 3432 3402 eruendis
3468 3392 3491 3401 -

1851 3442 2115 3495 insudem.
2146 3441 2347 3497 Scribis
2374 3443 2517 3495 enim
2542 3450 2595 3496 te
2625 3456 2793 3510 nuper
2822 3441 3079 3509 Lugduno
3110 3441 3257 3495 Marii
3298 3439 3430 3493 Mer-

1849 3533 2049 3589 catoris
2091 3533 2298 3588 libellos
2324 3533 2665 3603 amplissimis
2695 3532 2837 3589 notis
2866 3548 2896 3589 ει
2924 3533 3128 3591 Joanne
3170 3530 3432 3589 Garnerio

1852 3624 2146 3681 illustratus
2171 3625 2462 3696 accepisse,
2488 3640 2551 3681 ac
2581 3626 2835 3695 gratulari
2872 3634 2925 3681 te
2956 3626 3093 3680 felici
3119 3624 3429 3679 Mercatoris

1851 3718 2005 3784 sorti,
2037 3719 2125 3788 qui
2177 3734 2297 3773 cum
2323 3734 2416 3786 per
2455 3718 2733 3773 duodecim
2773 3719 2967 3772 saecula
3022 3718 3284 3781 latuisset,
3331 3715 3432 3772 hoc

1847 3826 1988 3864 anno
2016 3811 2129 3864 orbi
2157 3811 2417 3865 litterario
2446 3813 2672 3883 primum
2700 3811 2949 3874 innotuit,
2972 3810 3210 3878 ejusdem
3234 3809 3432 3863 libellis

1848 3903 2083 3974 Parisiis,
2114 3903 2398 3967 Bruxellis,
2431 3912 2483 3956 et
2516 3904 2703 3970 partim
2732 3903 2889 3955 etiam
2914 3902 3116 3955 Patavii
3148 3915 3249 3953 una
3272 3901 3426 3954 simu-

1847 3997 1899 4051 in
1954 3998 2123 4051 lucem
2164 3996 2392 4051 emissis.
2438 3995 2667 4049 Videsne
2708 4010 2882 4049 seram
2932 3995 3292 4062 posteritatem
3328 3993 3429 4045 do-

1847 4089 2204 4143 ctissimorum
2227 4075 2461 4141 virorum
2491 4102 2673 4140 curam
2704 4101 2913 4157 gerere,
2946 4102 3079 4155 quos
3124 4100 3221 4139 nec
3275 4085 3426 4153 longe

1848 4188 1976 4235 tetas
2004 4195 2233 4250 unquam
2277 4180 2478 4243 obruit,
2534 4179 2626 4232 sed
2666 4194 2697 4232 e
2736 4177 3179 4232 bibliothecarum
3226 4178 3431 4245 anguli:

1848 4274 1900 4327 in
1931 4288 2119 4327 manus
2149 4281 2307 4342 atque
2335 4286 2426 4325 ora
2451 4272 2722 4325 hominum
2755 4269 3078 4338 postliminio
3108 4269 3232 4323 licet
3253 4285 3431 4323 erunt-

1848 4365 2011 4433 punt?
2039 4365 2204 4419 Addis
2227 4365 2419 4433 legisse
2446 4374 2494 4417 te
2518 4364 2568 4417 iu
2598 4362 2835 4431 ejusdem
2868 4362 3111 4416 Garnerii
3143 4376 3307 4433 opere
3336 4377 3430 4417 no-v

1849 4466 1947 4520 tas,
1972 4472 2103 4526 quas
2125 4456 2481 4510 dissertatione
2502 4456 2536 4508 ‘2
2567 4457 2629 4507 dc
2661 4455 2883 4523 Synodis
2914 4454 2966 4505 in
2988 4437 3158 4507 causa.
3191 4452 3430 4523 Pelagia-

1847 4565 2028 4602 norum
2060 4548 2246 4601 habitis
2272 4548 2460 4601 vivente
2488 4546 2550 4602 S.
2579 4546 2861 4616 Augustino
2894 4546 2945 4597 in
2992 4552 3268 4614 utramque
3316 4546 3428 4614 epi-

1849 4643 2084 4712 graphen
2141 4642 2434 4696 litterarum
2474 4638 2663 4710 synodi
2718 4636 3149 4705 Carthagincnsis
3178 4646 3231 4690 et
3273 4636 3427 4690 Mite-

1847 4735 2039 4787 vitante
2094 4747 2235 4787 anno
2282 4732 2386 4785 416
2430 4741 2612 4784 contra
2661 4727 2973 4795 Pelagianos
3015 4730 3427 4791 celcbratarum,

1849 4824 2110 4880 exaravit.
2137 4823 2239 4879 Ubi
2257 4839 2374 4893 qua:
2404 4838 2490 4876 me
2516 4823 2728 4891 assequi
2778 4821 3077 4876 nullatenus
3130 4836 3285 4890 posse
3326 4822 3427 4874 du-

1852 4915 1977 4970 dum
2005 4915 2096 4969 tibi
2124 4930 2219 4983 per
2249 4914 2453 4967 litteras
2482 4911 2930 4981 signiﬁcaveram,
2958 4926 3063 4965 non
3094 4913 3251 4964 modo
3289 4911 3427 4965 idem

1848 5008 2077 5075 scriptor
2102 5006 2344 5070 tentavit,
2370 5004 2465 5059 sed
2492 5006 2675 5068 etiam,
2699 5012 2757 5057 ut
2799 5003 2899 5057 sibi
2942 5004 3228 5071 persuasit,
3272 5005 3427 5071 plane

1849 5098 2095 5153 confecit.
2123 5097 2332 5152 Etenim
2365 5111 2483 5150 cum
2531 5095 2800 5166 synodicae
2827 5094 3017 5148 littera:
3065 5095 3130 5147 ad
3173 5094 3229 5149 S.
3273 5095 3427 5149 Inito-

1850 5191 2085 5245 centium
2114 5190 2420 5259 pontiﬁcem
2452 5188 2505 5241 in
2538 5187 2826 5255 epigraphe
2845 5186 3057 5239 nomina
3090 5194 3290 5242 tantum
3316 5189 3427 5257 epi-

1849 5300 2156 5355 scoporum,
2186 5270 2290 5338 non
2321 5298 2449 5338 vero
2474 5283 2633 5337 etiam
2685 5282 2993 5336 eorumdem
3036 5282 3190 5337 sedes
3234 5287 3426 5353 praele-

1850 5388 1991 5444 rant,
2034 5386 2089 5430 ut
2131 5392 2199 5431 ex
2246 5376 2481 5445 epistolis
2520 5375 2589 5428 90
2618 5382 2672 5427 ct
2714 5374 2783 5428 92
2838 5375 2974 5428 inter
3015 5374 3425 5443 Augustiuianas

1851 5480 2027 5541 patet,
2082 5468 2587 5536 Garneriuminquis
2626 5467 2858 5520 animum
2900 5481 3002 5519 non
3048 5465 3425 5536 despondisse,

1849 5564 1944 5619 sed
1972 5579 2037 5619 ex
2066 5564 2351 5618 collatione
2379 5560 2780 5629 Carthaginiensi
2820 5570 2945 5613 ante
2983 5560 3423 5630 quinquennium,

1849 5671 2040 5723 nempe
2069 5669 2211 5710 anno
2245 5654 2347 5708 Ml
2383 5661 2586 5721 coacta,
2637 5652 2871 5707 omnium
2906 5651 3015 5705 fere
3050 5651 3256 5705 illorum
3286 5665 3426 5719 pra:-

1849 5750 2019 5804 sulum
2049 5748 2236 5811 urbes,
2284 5760 2506 5815 quarum
2557 5744 2723 5799 sacris
2752 5744 2806 5798 id
2839 5743 3095 5813 temporis
3124 5749 3428 5812 praeerant,

1850 5842 2175 5908 designasse.
2224 5838 2447 5903 Fateor,
2480 5838 2564 5894 vir
2616 5837 2947 5901 doctissime,
2971 5837 3021 5891 in
3051 5851 3168 5891 eam
3213 5848 3301 5889 me
3323 5848 3423 5905 ρει-
