3954 6364
548 342 649 398 271

1435 334 1994 396 SUPPLEMENTUM
2036 297 2127 389 Αἱ)
2166 335 2395 391 orsus
2437 336 2493 391 s.
2540 339 2927 396 AUGUSTINI.
3670 348 3747 405 cm

549 461 677 513 riter
699 456 1094 527 cogitationem,
1127 453 1362 522 utprobe
1394 453 1568 519 noris,
1601 451 1729 506 olim
1778 449 1995 511 abiisse,
2040 448 2375 509 at-Astola:
2454 450 2686 505 brevitas
2746 453 2942 520 patitur
3005 462 3060 504 ut
3121 466 3214 520 per
3276 452 3448 507 inania
3508 462 3748 525 exspatier,

548 566 650 619 que
675 550 848 604 eidem
875 547 1021 615 operi
1053 544 1246 599 acriter
1274 543 1466 613 stylum
1522 542 1833 605 intendisse,
1877 555 1994 593 cum
2023 537 2126 592 Pe-

549 645 809 712 lagianam
836 641 1105 695 historiam
1147 636 1543 691 concinnarem.
1596 634 1790 688 Verum
1840 632 1963 685 licet
2009 629 2125 697 plu-

548 737 805 787 rimorum
827 734 1195 799 episcoporum
1221 729 1377 781 sedes
1399 742 1464 781 ex
1498 724 1706 780 laudata
1735 724 2015 779 collatione
2037 721 2130 773 de-

548 825 818 889 ducerem,
880 837 996 875 cum
1057 821 1214 889 longe
1267 820 1496 887 plurium
1552 816 1710 871 urbes
1751 816 1945 885 ignotae
1997 810 2127 865 mihi

548 931 764 984 prorsus
804 913 1111 975 evaderent,
1147 925 1361 964 manum
1404 924 1434 964 e
1461 907 1638 961 tabula
1666 906 1861 968 amovi,
1892 903 2017 957 dum
2049 900 2129 955 di-

548 1008 729 1061 vinare
758 1008 931 1075 potius
958 1019 1113 1073 quam
1139 1001 1408 1071 quidpiam
1439 1015 1522 1053 me
1566 998 1675 1052 veri
1704 992 2128 1051 scribereintel-

547 1100 786 1169 ligerem.
816 1097 966 1163 Quod
990 1110 1139 1159 vero
1167 1108 1341 1147 meum
1366 1105 1577 1161 quoque
1604 1104 1664 1143 ea
1696 1087 1761 1142 de
1791 1103 1847 1140 re
1871 1084 2129 1155 judicium

546 1190 808 1260 postulas,
844 1187 1085 1257 quamvis
1127 1183 1459 1255 gravioribus
1510 1181 1653 1236 curis
1694 1179 1960 1232 distentus
1996 1176 2129 1240 sim,

549 1294 603 1336 ut
642 1298 743 1337 nec
773 1280 897 1335 inde
930 1278 1190 1332 machinis
1225 1290 1255 1328 a
1293 1286 1559 1343 quoquam
1583 1270 1737 1325 evelli
1772 1269 1990 1337 possim,
2018 1265 2132 1319 ani-

548 1374 948 1430 madversiones
978 1371 1029 1425 in
1054 1367 1296 1425 Garnerii
1327 1375 1479 1420 notas
1503 1365 1704 1418 calamo
1726 1362 1795 1415 ad
1821 1360 1923 1414 alia
1942 1373 2134 1428 prope-

550 1478 702 1523 rante
733 1465 1063 1536 scriptitavi;
1122 1476 1291 1530 neque
1341 1458 1482 1513 enim
1512 1454 1721 1524 jubenti
1744 1452 1858 1515 tibi,
1894 1451 1979 1505 cui
2009 1451 2131 1519 plu-

548 1559 737 1614 rimum
769 1558 958 1618 debeo,
1009 1551 1264 1621 refragari
1286 1563 1520 1619 possum.
1551 1546 1663 1599 Erit
1694 1544 1744 1598 id
1778 1558 1971 1596 novum
2003 1556 2133 1595 mea:

548 1668 669 1721 erga
700 1660 751 1705 te
788 1646 1141 1703 observantia:
1164 1651 1533 1712 argumentum
1553 1639 1790 1708 ,-quippe
1823 1634 1911 1706 qui
1950 1635 2134 1688 volens

548 1758 607 1799 ea
659 1755 918 1810 exsequor
964 1753 1081 1806 quae
1133 1736 1236 1790 alio
1281 1737 1595 1804 imperante,
1649 1745 1754 1784 non
1796 1729 1969 1783 dicam
2001 1726 2135 1780 invi-

2300 541 2571 597 Auneuus
2628 545 3105 599 CAR'I‘IIAGINENSIS.
3178 543 3425 597 Successit
3494 544 3750 617 Cenelhlio,

2227 649 2315 685 seu
2344 630 2594 699 Genedio,
2618 644 2671 687 ut
2690 644 2884 687 constat
2905 651 2967 688 ea;
2986 636 3253 704 Augustini
3284 635 3489 705 epistola
3524 638 3632 703 165,
3659 645 3755 694 scri-

2228 734 2314 794 pta
2358 742 2445 777 an.
2501 724 2641 789 “2;
2691 727 2740 777 in
2776 742 2877 794 qua
2922 737 3090 780 tamen
3120 724 3406 779 Genet/ilius
3430 729 3599 780 dicitur
3622 730 3754 785 beate

2231 818 2525 882 memoriae,
2554 834 2665 870 cum
2692 828 2856 871 tamen
2878 818 3113 871 Aurelius
3136 820 3328 871 sederet
3365 820 3541 883 adhuc,
3570 820 3657 873 imo
3682 833 3758 876 tre-

2230 909 2393 961 decim
2450 918 2561 976 post
2597 910 2745 962 annis
2790 912 2987 977 synodo
3034 908 3291 978 Africana:
3344 910 3646 976 prtesederit,
3688 931 3756 969 an.

2230 1002 2358 1056 425.
2377 1000 2631 1055 Baronius
2651 1003 2810 1074 igitur
2831 1002 3001 1055 audiri
3029 1019 3128 1054 non
3158 1010 3318 1069 potest
3346 1000 3641 1056 Genethlium
3679 1008 3759 1059 Au-

2231 1093 2359 1146 relio
2384 1094 2707 1146 substituens.
2764 1094 2981 1148 Rectius
3030 1092 3245 1147 fecisset
3295 1093 3339 1147 si
3380 1108 3475 1147 nec
3520 1094 3782 1151 audivisset

2234 1185 2519 1240 Baronium
2547 1187 2810 1241 dicentem
2843 1195 3190 1241 memoratam
3222 1187 3493 1255 epistolam
3525 1186 3618 1241 165
3655 1192 3760 1243 scri-

2234 1287 2376 1347 ptam
2405 1277 2567 1334 fuisse
2592 1280 2659 1332 ab
2685 1279 2978 1349 Augustino
3017 1295 3157 1333 anno
3182 1280 3306 1343 “2,
3354 1295 3471 1334 cum
3512 1280 3687 1335 Cirtam
3711 1284 3759 1336 ad

2235 1371 2497 1441 synodum
2531 1381 2792 1441 pergeret.
2824 1372 3040 1427 Certum
3095 1382 3176 1426 est
3215 1370 3477 1426 laudatam
3530 1373 3759 1443 epistolam

2237 1479 2341 1516 non
2399 1478 2517 1518 esse
2577 1464 2828 1532 scriptam
2858 1476 2979 1532 post
3024 1479 3220 1518 annum
3275 1465 3378 1520 597
3408 1478 3559 1527 ,nam
3605 1465 3759 1521 ibidem

2238 1554 2549 1609 Ambrosius
2606 1555 3014 1611 Mediolanensis
3068 1555 3243 1610 adhuc
3296 1568 3559 1624 superStes
3599 1572 3759 1611 memo-

2238 1657 2408 1699 ratur.
2463 1646 2675 1702 Etenim
2720 1662 2839 1701 cum
2885 1648 3212 1716 Augustinus
3256 1648 3369 1701 haec
3403 1648 3545 1701 initio
3596 1650 3761 1713 premi-

2239 1738 2418 1803 sisset,
2434 1736 2765 1804 Fortunium,
2784 1754 2932 1809 quem
2944 1738 3283 1792 Tubursicum
3300 1738 3485 1792 habetis
3500 1739 3759 1808 episcopum,

548 1849 661 1899 tus,
680 1836 770 1890 sed
794 1834 937 1889 nulla
968 1832 1121 1900 plane
1150 1829 1355 1883 ratione
1376 1836 1701 1896 praestarem.
1765 1823 1828 1877 Et
1856 1832 1911 1876 ut
1952 1820 2126 1890 magni
2160 1824 2207 1884 Β
2234 1848 2324 1901 ρετ
2354 1832 2582 1884 eamdem
2603 1833 2873 1899 mimum,
2906 1847 3194 1900 quanquam
3224 1831 3639 1900 {cuman-555m,
3679 1847 3760 1883 cm

547 1926 827 1982 voluminis
861 1927 912 1979 in
943 1936 1131 1977 manus
1159 1920 1383 1975 subinde
1410 1916 1697 1988 recipiendi
1732 1915 1987 1969 molestia:
2007 1913 2123 1967 exi-

547 2023 730 2093 maris,
754 2018 868 2087 ipsa
916 2014 1157 2072 Garnerii
1217 2012 1376 2067 verba
1407 2012 1691 2082 praemitto,
1752 2008 1946 2075 quibus
1972 2015 2124 2058 nota-

548 2117 717 2170 tiones
738 2111 1012 2169 censorias
1055 2108 1356 2177 suppositas
1413 2105 1578 2175 leges.
1632 2103 1897 2156 Cancrum
1947 2112 2122 2165 operae

548 2207 775 2273 pretium
798 2202 925 2258 duxi
969 2199 1291 2270 epigraphen
1328 2196 1578 2265 Epistolaz
1607 2192 1876 2265 synodica:
1909 2190 2121 2244 Patrum

550 2296 1005 2367 proconsularium
1035 2309 1103 2346 ex
1131 2291 1284 2345 titulo
1302 2290 1457 2359 epist.
1481 2288 1550 2343 90
1578 2286 1716 2355 apud
1770 2284 2123 2354 Augustinum

551 2391 872 2457 exscriptam
906 2388 1162 2440 inserere.

625 2481 843 2535 Domino
868 2479 1150 2546 beatissimo
1180 2483 1226 2528 et
1263 2470 1706 2527 honorandissimo
1754 2468 1904 2538 fratri
1951 2476 2125 2519 sancto

552 2572 845 2627 Innocentio
868 2585 1033 2641 papw,
1060 2567 1318 2629 Aurelius,
1352 2561 1408 2616 Μ
1412 2562 1617 2625 undius,
1663 2561 1973 2613 Rusticanus
1991 2598 2005 2620 ,
2034 2556 2128 2609 Fi-

552 2667 767 2730 dentius,
801 2662 1081 2732 Eugarius,
1134 2657 1407 2718 Antonius,
1467 2652 1760 2715 Palatinus,
1809 2650 2123 2710 Adeodatus,

556 2756 873 2819 Vincentius,
898 2751 1207 2811 Publianus,
1244 2746 1512 2809 Theasius,
1565 2743 1743 2805 Tutus,
1781 2740 2124 2806 Panthonius,

563 2848 749 2911 Victor,
786 2846 1088 2908 Restitutus,
1114 2839 1375 2901 Rusticus,
1401 2834 1830 2896 Fortunatianus,
1865 2832 1996 2883 alius
2024 2830 2125 2882 Re-

551 2942 757 2994 stitutus
782 2980 795 3001 ,
849 2938 1109 3003 Ampelius
1133 2974 1148 2999 ,
1212 2932 1420 2985 Animus
1441 2970 1457 2994 ,
1510 2926 1665 2980 Felix
1697 2970 1709 2993 ,
1763 2926 2080 2978 Donatianus
2109 2964 2127 2988 ,

552 3033 866 3094 Adeodatus,
904 3029 1163 3089 Octavius,
1205 3025 1494 3083 Serotinus,
1540 3019 1850 3091 Majorinus,
1906 3017 2132 3071 Post/iu-

552 3123 775 3186 mianus,
809 3118 1096 3189 Trispulus,
1134 3116 1329 3177 Victor,
1359 3115 1488 3165 alius
1516 3110 1712 3177 Victor,
1741 3110 1976 3172 Lencius,
2014 3107 2131 3160 Ma-

2226 1924 2294 1977 ad
2312 1925 2588 1977 Cirtensem
2608 1923 2891 1977 Ecclesiam
2920 1938 3257 1994 pergeremus,
3282 1921 3473 1989 experti
3489 1937 3665 1985 sumus,
3682 1922 3761 1974 haec

2224 2017 2296 2070 ait
2330 2034 2341 2067 :
2372 2015 2592 2080 Quazsivi
2619 2015 2683 2067 ab
2733 2030 2790 2068 eo
2837 2024 3009 2067 utrum
3039 2014 3239 2083 justum
3278 2021 3324 2065 et
3353 2011 3674 2065 Christianum
3691 2028 3760 2078 ρκ-

2229 2115 2357 2161 taret
2404 2108 2699 2176 episcopum
2743 2104 3136 2157 Mediolanensis
3184 2101 3428 2156 Ecclesia:
3476 2101 3760 2154 Ambrosium.

2226 2197 2511 2271 Cogebatur
2543 2199 2712 2266 utique
2739 2212 2949 2267 negare,
2974 2195 3107 2262 quod
3138 2196 3235 2271 ille,
3250 2197 3326 2247 vir
3357 2193 3652 2247 Christianus
3670 2200 3761 2244 esset

2226 2303 2272 2345 et
2296 2288 2463 2362 {ustus
2486 2293 2639 2361 :quia
2654 2290 2697 2344 si
2721 2291 2980 2361 fateretur,
3004 2290 3175 2341 statim
3192 2268 3761 2357 objiceremus,quodeum

2228 2386 2649 2454 rebaptizattdum
2680 2400 2783 2437 esse
2822 2392 3062 2437 censeret.
3102 2382 3286 2448 Itaque
3300 2380 3346 2432 si
3374 2378 3671 2446 Augustinus
3696 2378 3761 2429 ob

2229 2478 2391 2532 trudit
2430 2477 2770 2530 Ambrosium
2802 2476 3063 2529 Fortunio
3095 2473 3349 2542 episcopo
3401 2470 3664 2525 Donatistae
3702 2482 3761 2522 τε·

2226 2570 2626 2639 baptizandum,
2686 2568 2919 2622 nondum
2960 2581 3025 2621 eo
3050 2580 3192 2619 anno
3219 2564 3428 2619 obierat
3474 2561 3758 2622 Ambrosius,

2227 2663 2312 2717 vel
2340 2662 2482 2716 illius
2504 2663 2691 2714 saltem
2722 2660 2900 2714 obitus
2941 2658 3173 2713 nondum
3226 2655 3521 2725 Augustino
3570 2653 3761 2706 innotue-

2231 2764 2332 2809 rat.
2386 2754 2537 2822 Quod
2565 2762 2741 2808 autem
2760 2752 2983 2820 epistola
3036 2750 3136 2804 165
3168 2750 3291 2802 data
3322 2748 3391 2801 sit
3420 2760 3553 2799 anno
3590 2743 3693 2807 597,
3716 2756 3761 2793 ct

2230 2850 2296 2902 iis
2320 2863 2439 2917 qua:
2490 2861 2679 2902 versus
2717 2847 2877 2900 ﬁnem
2925 2842 3109 2897 scribit
3139 2849 3325 2909 aperte
3345 2839 3597 2906 colligitur
3643 2853 3653 2886 :
3686 2832 3762 2887 Sed

2230 2942 2371 3010 quia,
2399 2941 2589 3009 inquit,
2621 2937 2897 2992 ordinandi
2944 2953 3099 2990 causa
3140 2935 3366 3003 episcopi
3418 2930 3660 2985 necessitas
3700 2941 3762 2977 nos

2230 3009 2372 3093 inde.
2398 3046 2588 3099 nempe
2617 3030 2936 3093 Tubursico,
2952 3032 3067 3100 jam
3081 3030 3299 3099 jamque
3324 3009 3562 3094 rapiebat,
3588 3030 3675 3074 etc.
3694 3018 3763 3069 ιω.

2236 3138 2337 3191 que
2358 3122 2556 3176 Cirtam
2590 3121 2908 3190 properabat
2938 3122 3001 3172 ad
3026 3115 3451 3185 inaugurandum
3475 3113 3651 3168 ibidem
3665 3109 3764 3163 For-

551 3216 743 3279 rianus,
770 3212 1106 3274 Fructuosus,
1149 3207 1539 3270 Faustinianus,
1576 3204 1980 3271 Quodvultdeus,
2004 3200 2137 3255 Can-
2161 3187 2209 3251 Ο
2241 3222 2481 3267 “malum
2506 3187 2834 3281 episcopum,
2864 3226 3023 3280 quem
3040 3224 3107 3265 eo
3136 3224 3279 3261 anno
3326 3209 3375 3260 in
3406 3204 3648 3260 detttorlui
3672 3201 3766 3255 Ρΐο·

552 3307 726 3359 dorius
752 3347 766 3369 ,
790 3303 1063 3371 Maximus
1097 3342 1112 3367 ,
1155 3300 1419 3372 Magarius
1448 3342 1463 3365 ,
1519 3296 1757 3351 Rusticus
1780 3335 1799 3361 ,
1841 3296 2092 3363 Iiuﬁanus
2115 3336 2132 3361 ,

557 3398 913 3463 Proculianus,
965 3396 1206 3460 Thomas,
1262 3392 1568 3457 Ianuarius,
1609 3391 1939 3455 Octavianus,
1992 3388 2138 3443 Prw-

552 3502 767 3545 textatus
801 3530 815 3555 ,
849 3491 1026 3543 Sirius
1054 3529 1069 3550 ,
1100 3486 1487 3553 Quodvultdeus
1512 3528 1527 3552 ,
1568 3482 1908 3547 Penthadius,
1962 3481 2137 3545 Quod-

552 3584 815 3646 vultdeus,
843 3580 1153 3650 Cyprianus,
1216 3576 1480 3641 Servilius,
1530 3573 1794 3642 Pelagius,
1830 3572 2132 3638 Marcellus,

561 3674 859 3737 Venantius,
918 3671 1192 3740 Didymus,
1244 3668 1574 3732 Saturninus,
1618 3665 1948 3730 Tiazacenus,
2007 3661 2136 3717 Ger-

552 3782 756 3829 manus,
804 3764 1207 3827 Germanianus,
1256 3757 1523 3826 Juvenius,
1571 3756 1881 3829 Majorinus,
1945 3752 2134 3807 Inven-

550 3861 671 3923 tins,
731 3857 1018 3924 Candidus,
1052 3854 1362 3925 Cyprianus,
1405 3850 1761 3913 ZEmilianus,
1834 3850 2131 3912 Romanus,

551 3952 844 4020 Africanus,
897 3958 942 4001 et
998 3946 1334 4001 Marcellinus
1360 3984 1375 4009 ,
1402 3947 1489 4015 qui
1536 3944 1589 3996 in
1634 3941 1856 3997 concilio
1888 3940 2136 3995 Ecclesia:

550 4041 963 4112 Carthaginensis
986 4038 1271 4108 adfuimus.

621 4132 911 4187 Garnerius
942 4140 1222 4198 antequam
1273 4128 1606 4181 laudatorum
1663 4125 1874 4180 Patrum
1922 4128 2137 4196 provin-

550 4228 645 4280 cia:
679 4223 1075 4279 l’roconsularis
1102 4222 1257 4275 sedes
1281 4222 1544 4288 designet,
1576 4220 1689 4274 haec
1711 4221 1965 4288 praefantur
1999 4237 2012 4273 :
2051 4218 2137 4271 Vi-

550 4332 655 4367 snm
681 4324 750 4367 est
773 4330 941 4381 porro,
973 4310 1275 4365 nonnullum
1303 4312 1529 4381 futurum
1545 4327 1710 4381 opera:
1730 4312 1976 4381 pretium,
2004 4326 2136 4363 non-

551 4405 841 4473 nullamque
861 4419 1003 4473 posse
1045 4404 1107 4454 ab
1151 4403 1364 4455 eruditis
1391 4402 1658 4455 lectoribus
1682 4402 1803 4454 iniri
1823 4404 2063 4472 gratiam,
2094 4401 2139 4455 si

550 4500 895 4565 episcoporum
924 4495 1010 4564 qui
1040 4494 1233 4563 synodo
1264 4494 1622 4563 interfuerunt,
1670 4496 1740 4545 ita
1761 4505 2137 4548 recenserentur

2240 3306 2401 3360 futuri
2426 3305 2600 3359 locam
2646 3304 2873 3358 electum
2914 3302 3077 3355 fuisse
3121 3299 3365 3369 pluribus
3409 3296 3607 3353 ostendi
3654 3294 3767 3349 lib."

2241 3398 2365 3452 hist.
2392 3396 2570 3465 Pelag.
2593 3433 2610 3459 ,
2640 3409 2757 3463 cap.
2791 3394 2824 3448 8
2851 3411 2863 3446 :
2895 3408 3016 3463 quae
3059 3407 3179 3445 cum
3201 3391 3400 3445 ibidem
3435 3389 3593 3458 possis
3613 3387 3767 3454 legere,

2240 3489 2425 3544 eadem
2456 3488 2557 3542 huc
2588 3486 2876 3541 transferre
2903 3501 3007 3539 non
3037 3493 3214 3538 vacat.
3251 3484 3342 3537 liis
3370 3482 3588 3547 accedit,
3625 3476 3768 3533 testari

2239 3581 2590 3651 Augustinum
2621 3595 2680 3634 se
2733 3579 3035 3646 disputasse
3082 3592 3202 3631 cum
3265 3577 3514 3631 Fortunio
3562 3572 3768 3627 Tubursi-

2239 3675 2384 3729 censi
2421 3674 2717 3728 Donatista.
2742 3676 2811 3727 At
2837 3687 2975 3725 anno
3002 3672 3099 3726 Hi
3129 3672 3270 3724 inter
3296 3671 3588 3724 Donatistas
3616 3669 3659 3721 in
3681 3664 3768 3719 ϐοὶ·

2240 3769 2438 3822 latione
2468 3784 2584 3837 cap.
2628 3768 2727 3821 201
2762 3767 3061 3821 nominatur
3114 3764 3397 3820 Januarius
3444 3765 3683 3837 episcoims
3726 3760 3769 3811 de

2241 3859 2522 3915 Tubursico
2557 3860 2941 3925 Numidiaruin,
2963 3859 3050 3930 qui
3081 3858 3345 3914 Fortunio
3390 3858 3580 3913 dudum
3622 3853 3769 3910 defun-

2239 3964 2326 4008 ClO
2352 3962 2705 4009 successerat.

2309 4046 2565 4101 Nummus
2596 4047 2998 4100 Muuunuus.
3043 4044 3196 4098 Hunc
3235 4046 3459 4115 aportuit
3500 4044 3583 4097 diu
3626 4040 3768 4094 Masu-

2240 4141 2452 4193 litanam
2482 4137 2763 4191 Ecclesium
2814 4139 3024 4203 rexisse,
3077 4138 3261 4207 quippe
3296 4154 3410 4190 cum
3442 4139 3550 4205 jam
3590 4132 3691 4186 inde
3724 4128 3768 4179 ab

2238 4248 2372 4285 anno
2400 4231 2503 4285 405
2548 4231 2770 4284 secundo
2802 4231 2911 4283 loco
2940 4232 3145 4295 sederit,
3193 4247 3283 4282 nec
3334 4240 3497 4282 tamen
3543 4242 3661 4279 anno
3691 4218 3767 4274 M9

2240 4324 2371 4374 diem
2403 4320 2622 4375 obiisset.
2655 4320 2837 4375 Civitas
2880 4337 3033 4390 porro
3065 4319 3299 4385 Maxilla,
3339 4336 3452 4385 qua:
3479 4332 3601 4371 nunc
3633 4312 3767 4365 Massa

2241 4412 2449 4475 dicitur,
2472 4428 2571 4465 non
2594 4412 2808 4464 multum
2839 4414 2992 4463 distat
3016 4411 3075 4462 ab
3106 4412 3316 4477 antiqua
3359 4408 3643 4477 Carthagine
3688 4417 3768 4453 vcr-

2240 4521 2327 4557 sus
2356 4513 2544 4558 ortum.
2602 4504 2781 4557 Laudo
2836 4502 3078 4557 Garnerii
3123 4502 3528 4565 correctionem,
3574 4497 3653 4566 qui
3700 4505 3768 4559 pro

550 4589 775 4651 nomina,
809 4596 859 4639 ut
888 4588 1022 4653 quod
1053 4586 1288 4638 hactenus
1316 4586 1521 4637 tentavit
1561 4602 1726 4653 nemo,
1764 4602 1871 4639 sua:
1895 4586 2130 4655 singulis,
2162 4559 2217 4620 Ῑ)
2246 4594 2493 4650 Mundi”
2532 4596 2659 4663 legi:
2690 4594 2990 4649 Numidia“,
3014 4595 3282 4648 Caeterum
3335 4559 3525 4648 nescio,
3550 4559 3672 4642 unde
3691 4583 3767 4637 sti-

549 4688 792 4745 quantum
824 4676 953 4739 licet,
1012 4677 1389 4744 ass-ignorentur
1434 4674 1690 4729 Ecclesiae.
1743 4675 1979 4731 Collectce
2016 4687 2136 4731 sunt

551 4769 652 4820 illa:
678 4784 812 4831 vero,
837 4768 923 4819 sed
953 4782 1052 4818 non
1072 4767 1179 4819 sine
1207 4782 1330 4819 cura
1349 4773 1396 4819 et
1436 4766 1607 4819 labore
1635 4783 1697 4820 ex
1743 4768 1954 4821 diversis
2001 4778 2130 4823 vete-

552 4878 662 4911 runt
692 4860 833 4913 libris
852 4859 979 4911 inter
1000 4874 1051 4911 se
1073 4858 1292 4920 collatis,
1323 4867 1367 4910 et
1397 4859 1710 4925 potissimum
1740 4858 1921 4925 tribus,
1951 4860 2135 4915 Codice

551 4972 800 5006 canonum
840 4953 1079 5005 Ecclesia:
1120 4953 1397 5021 Africanae,
1451 4962 1593 5022 parte
1628 4954 1795 5024 prima
1848 4955 2133 5007 collationis

552 5045 983 5116 (.‘urt/inginensis,
1012 5055 1057 5095 et
1088 5042 1285 5096 Notitia
1308 5045 1680 5112 provinciarum
1707 5047 1895 5115 Africa:
1941 5047 2076 5099 edita
2099 5064 2132 5100 a

556 5139 707 5190 l'atre
734 5138 1027 5191 Sirmondo.
1068 5136 1262 5190 Verum
1287 5147 1540 5205 quantum
1562 5138 1747 5206 gratia}
1790 5138 1925 5208 apud
1956 5140 2134 5195 erudi-

553 5243 631 5283 tos
688 5231 787 5282 sibi
838 5230 1131 5282 conciliarit
1176 5246 1241 5284 ex
1282 5231 1345 5284 iis
1396 5248 1513 5299 qua:
1569 5232 1845 5299 subjiciam
1908 5234 2129 5301 patebit.

553 5325 792 5377 Profecto
821 5340 997 5376 curam
1035 5335 1078 5378 et
1111 5324 1332 5378 laborem
1388 5325 1598 5380 inanem
1646 5326 1923 5396 impendit,
1985 5342 2131 5381 eam-

551 5433 653 5484 que
684 5416 781 5468 sibi
810 5426 1027 5487 tantum
1065 5416 1273 5469 laudem
1327 5419 1687 5485 comparavit,
1740 5418 1878 5487 quod
1924 5420 2129 5488 magnis

550 5508 745 5562 excidit
784 5508 956 5568 ausis;
1004 5508 1158 5574 longe
1189 5508 1376 5575 majori
1430 5511 1692 5574 praeconio
1741 5510 2042 5573 donandus,
2083 5512 2131 5566 si

549 5615 702 5670 opus,
729 5606 861 5671 quod
902 5600 1138 5653 hactenus
1166 5602 1369 5669 tentavit
1408 5619 1573 5671 nemo,
1625 5604 1811 5671 majori
1856 5604 2127 5674 diligentia

548 5708 827 5762 aggressus
857 5691 1059 5758 fuisset,
1093 5693 1173 5746 vel
1204 5694 1391 5748 saltem
1430 5710 1549 5749 cum
1608 5696 1814 5750 caeteris
1868 5696 2125 5752 intactum

547 5786 865 5855 reliquisset.
898 5786 1001 5842 Sed
1027 5786 1091 5841 ad
1130 5803 1239 5842 rem
1270 5788 1563 5857 veniamus,
1622 5806 1793 5860 neque
1842 5792 1985 5847 enim
2016 5794 2125 5863 epi-

2245 4687 2379 4743 verit
2426 4686 2731 4740 Numidium
2761 4686 2828 4739 ab
2855 4701 2995 4739 anno
3022 4685 3128 4738 405
3167 4684 3403 4738 secundo
3443 4684 3552 4735 loco
3584 4677 3765 4731 sedisse.

2244 4780 2433 4835 Exstat
2470 4780 2705 4850 synodus
2736 4780 2915 4833 habita
2939 4795 3005 4833 eo
3039 4793 3201 4842 anno,
3252 4777 3548 4831 Theodosio
3567 4758 3617 4825 ei
3641 4765 3765 4823 [luri-

2242 4874 2443 4928 mundo
2479 4888 2646 4938 coss.,
2675 4871 3029 4941 Carthagine,
3072 4873 3125 4925 in
3163 4873 3315 4939 cujus
3360 4870 3500 4923 calce
3526 4866 3656 4919 solus
3687 4861 3765 4912 Au-

2241 4966 2403 5019 relius
2425 4966 2624 5034 primas
2651 4964 2841 5033 legitur
2871 4966 3181 5019 nominatim
3209 4962 3553 5030 subscriptus,
3583 4966 3629 5010 et
3650 4948 3765 5005 addi-

2244 5066 2329 5110 tur
2360 5073 2373 5109 :
2409 5057 2659 5110 Similiter
2682 5065 2729 5109 et
2749 5058 2916 5109 cceteri
2942 5056 3165 5126 episcOpi
3182 5054 3595 5121 subscripserunt.
3620 5046 3666 5099 In
3689 5054 3765 5110 qIIa

2240 5151 2451 5219 quidem
2483 5149 2688 5219 synodo
2712 5164 2971 5217 nusquam
3016 5146 3247 5202 Numidii
3292 5159 3481 5199 nomen
3506 5146 3665 5197 Sonat.
3698 5128 3765 5199 (Ιυί

2240 5239 2381 5295 forte
2407 5240 2577 5309 potuit
2610 5239 2818 5293 abesse.
2852 5238 3032 5304 Longe
3084 5236 3271 5291 melius
3321 5231 3546 5289 Numidii
3600 5225 3765 5294 episco-

2241 5343 2396 5401 patus
2427 5334 2714 5400 antiquitas
2734 5332 2943 5401 probari
2972 5340 3181 5400 poterat
3204 5346 3232 5383 a
3256 5326 3530 5391 Garnerio,
3562 5323 3603 5375 si
3623 5312 3763 5385 appel-

2240 5426 2404 5480 lasset
2430 5417 2858 5494 synodum’anno
2884 5423 2987 5479 590
3026 5438 3057 5477 a
3109 5420 3390 5477 Genetblio
3430 5417 3678 5471 indictam,
3725 5404 3762 5453 in

2237 5533 2338 5587 qua
2388 5517 2582 5585 legitur
2626 5534 2639 5568 :
2690 5515 2967 5568 Numidius
3010 5513 3364 5568 Maxulitanus
3390 5510 3535 5571 dixit,
3563 5512 3683 5557 etc.:
3725 5501 3761 5544 εί

2238 5609 2634 5679 Aquileiensem
2688 5623 2777 5663 an.
2802 5608 2929 5674 581,
2970 5607 3055 5661 cui
3113 5605 3281 5660 adfuit
3303 5600 3571 5656 Numidius
3607 5596 3760 5661 legatus

2237 5702 2500 5771 Afrorum.

2312 5794 2659 5848 IiUSTICIANUs‘
2720 5792 3097 5846 TABMCENSIS.
3159 5791 3281 5843 Fuit
3350 5794 3510 5839 autent
3575 5774 3758 5830 Talna“
