3954 6364
214 380 295 434 2ῖό
906 371 1215 427 ΑιιιοιιυΜ
1260 367 1788 425 EXERCITATIUNI

1901 365 1965 419 IN
2010 366 2066 421 S.
2112 365 2482 421 AUGUSTINI
2524 368 2775 423 OPEllA.

3357 366 3461 418 274

208 494 370 550 nobilis
398 507 515 544 onm
552 490 771 553 cotonia,
794 488 1084 555 Hipponem
1130 488 1259 541 inter
1290 497 1335 539 et
1360 486 1583 540 Uticam.
1631 482 1766 537 Nolo
1791 482 1846 543 Α
1872 480 1975 536 416
2003 482 2277 551 synodica:
2306 484 2552 551 praeﬁxus
2583 484 2810 554 legitur?
2859 484 2958 552 Qui
2993 492 3166 539 tamen
3218 484 3460 554 Carpitu-

206 588 418 654 objicere
449 581 698 635 Carolum
736 598 763 631 a
801 580 857 635 S.
899 580 1085 645 Paulo,
1136 590 1189 633 et
1232 579 1563 633 llolstenium
1613 575 1771 628 ascri-

204 682 318 735 bere
352 676 638 729 Tabracam
689 672 981 736 Nutnidim;
1023 672 1220 727 etenim
1266 686 1387 726 cum
1432 671 1484 723 in
1526 669 1771 723 coollniis

203 778 265 831 sit
300 777 431 826 inter
477 769 773 823 Numidiam
825 778 879 822 et
908 767 1373 827 Proconsularem,
1420 767 1588 833 potuit
1618 780 1767 818 eam-

201 868 311 923 dem
361 864 538 917 urbem
582 876 681 915 suo
720 860 839 929 jure
886 860 1353 927 proconsularibus
1393 858 1646 913 Ecclesiis
1684 872 1773 910 ac-

202 970 431 1012 censere.
486 952 616 1005 Illud
665 951 877 1005 tolerari
908 957 1110 1020 nequit,
1135 952 1271 1019 quod
1298 949 1553 1014 inferius,
1597 960 1653 1003 ut
1692 949 1773 1003 vi-

204 1050 344 1104 debis
366 1048 585 1099 alterum
611 1044 973 1098 Rusticianum
1007 1045 1106 1095 hoc
1130 1044 1245 1111 ipso
1276 1058 1415 1096 anno
1458 1044 1561 1097 416
1616 1053 1669 1097 et
1698 1036 1771 1097 ‘in

205 1142 427 1209 bacipsa
456 1138 658 1206 synodo
688 1138 1077 1191 Tabracensem
1128 1137 1435 1204 episcopum
1482 1134 1628 1187 dicit.
1682 1134 1772 1188 Vel

202 1251 323 1305 ergo
357 1233 437 1287 hic
464 1230 824 1295 Rusticianus,
861 1231 943 1285 vel
970 1230 1106 1284 alter
1124 1244 1406 1299 perperam
1431 1227 1646 1297 ponitur
1674 1228 1775 1281 Ta-

205 1329 379 1383 braca:
405 1323 643 1377 antistes.

271 1417 549 1472 FIDENTIUS
602 1416 962 1469 CrEl-‘ALENSIS.
1012 1412 1274 1467 Incertum
1321 1428 1433 1483 quis
1482 1413 1632 1481 fuerit
1654 1414 1777 1465 civi-

208 1525 280 1566 tas
321 1512 458 1579 cujus
484 1507 939 1561 Ecclesiamreait.
992 1506 1048 1560 ln
1103 1505 1388 1560 collatione
1439 1505 1623 1575 prima:
1672 1505 1776 1559 diei

213 1618 319 1672 cap.
344 1601 439 1655 155
461 1600 705 1653 laudatur
732 1598 1000 1651 Fidentius
1034 1599 1301 1667 episcopus
1330 1598 1489 1665 plebis
1519 1599 1775 1669 waalcn-

224 1698 303 1751 sis.
324 1694 459 1748 Hanc
506 1707 636 1746 vero
676 1692 969 1745 Ecclesiam
1014 1702 1284 1759 spectasse
1336 1690 1403 1745 ad
1452 1692 1777 1759 provinciam

228 1786 633 1843 Proconsularem
660 1783 987 1852 probandum
1019 1791 1134 1836 erat
1152 1798 1217 1837 ex
1244 1782 1497 1853 synodica
1539 1782 1777 1849 ejusdem

1874 592 1974 630 nus
2010 590 2129 633 esse
2166 594 2269 633 non
2303 579 2495 645 potuit,
2527 594 2648 632 cum
2677 593 2820 632 anno
2842 578 2943 631 419
2986 578 3307 632 Pentbadius
3334 577 3461 631 Car-

1872 672 1955 741 pis
1986 674 2223 728 sederet.
2253 673 2403 726 Alter
2428 671 2704 726 familiaris
2732 671 2852 724 huic
2880 670 3125 740 scriptori
3159 687 3309 725 error
3343 688 3462 725 cor-
3488 690 3498 761 ς

1871 766 2124 834 rigendus
2187 775 2286 830 est,
2350 766 2490 835 quod
2523 774 2702 834 postea
2752 766 2804 818 in
2862 764 2961 818 hac
2989 765 3194 835 synmlo
3244 766 3463 821 an.416

1876 854 2231 911 Pentbadium
2257 857 2605 925 Carpitanum
2645 857 2953 922 episcopum
3007 857 3331 923 pronuntiat.
3366 858 3466 911 Ita-

1874 963 1979 1017 que
2007 949 2091 1003 vel
2148 950 2410 1003 Antonius
2467 948 2553 1002 hic
2600 958 2653 1003 et
2692 946 3013 1001 l‘enthadius
3054 948 3104 1001 in
3126 948 3310 1002 eadem
3341 950 3468 1003 sede

1878 1057 1979 1094 una
2008 1044 2314 1112 coepiscopi
2345 1041 2483 1109 apud
2515 1038 2717 1109 Carpos
2760 1050 3046 1108 ponuntur,
3069 1042 3151 1095 vel
3184 1042 3234 1095 in
3267 1043 3467 1096 alteru-

1878 1134 2014 1186 trius
2042 1134 2173 1188 sede
2196 1132 2524 1203 designanda
2564 1132 2727 1187 falsus
2758 1130 3047 1186 Garnerius
3076 1133 3191 1185 luit.

1948 1224 2249 1279 PALATINUS
2280 1226 2649 1279 Bossersnsm.
2681 1222 2912 1276 Palatini
2941 1224 3125 1275 mentio
3176 1223 3233 1289 [it
3287 1225 3336 1278 in
3364 1226 3471 1295 cpi-

1876 1316 2010 1370 stola
2038 1316 2220 1385 synodi
2262 1316 2519 1386 Africana:
2565 1314 2632 1367 ad
2663 1313 2723 1369 S.
2771 1313 3116 1379 Calestinum,
3163 1312 3472 1368 Bossetensis

1878 1411 2013 1465 sedis
2040 1412 2091 1463 in
2121 1410 2413 1463 collatione.
2443 1409 2499 1463 lu
2528 1408 2818 1478 epigrapbe
2851 1407 3093 1475 epistolae
3118 1406 3183 1460 ad
3214 1406 3272 1462 S.
3301 1406 3471 1462 Ctele-

1881 1503 2084 1556 stinum
2126 1502 2356 1571 legitur:
2391 1500 2654 1564 Aurelius,
2696 1497 2991 1560 Palatinus,
3048 1498 3319 1562 Antonius,
3369 1498 3473 1552 Tu-

1882 1602 2107 1656 tus,elc.
2140 1592 2195 1646 ln
2250 1592 2351 1646 hac
2396 1608 2524 1647 vero
2576 1590 2868 1659 epigraphc
2910 1588 3171 1643 Antonius
3220 1589 3475 1655 praecedit

1884 1684 2201 1739 Palatinum.
2250 1686 2423 1747 Quare
2445 1683 2646 1752 optime
2691 1689 2838 1735 notat
2892 1679 3138 1733 Labbeus
3196 1680 3474 1749 legendum

1883 1792 2003 1831 esse
2038 1775 2392 1843 Valentinum,
2428 1776 2515 1845 qui
2559 1785 2797 1843 tempore
2822 1770 3098 1826 Coelestini
3130 1783 3245 1825 erat
3278 1772 3475 1839 primas

223 1877 483 1949 provinciae
523 1876 760 1940 Patrum,
795 1875 994 1928 inserta
1025 1875 1218 1929 actioni
1265 1852 1513 1928 Secunda:
1567 1874 1781 1928 COllCllli
1814 1852 1859 1911 Β
1886 1866 2164 1921 Numidiae.
2226 1868 2373 1921 Illius
2418 1867 2573 1922 sedes
2608 1882 2728 1936 cap.
2766 1867 2871 1922 202
2906 1867 3098 1921 dicitur
3152 1864 3474 1935 Vosetensis,

221 1967 574 2025 Laterauensis
594 1982 735 2021 anno
757 1967 880 2029 619,
903 1981 933 2019 a
962 1965 1017 2020 S.
1043 1966 1269 2019 Martino
1324 1980 1454 2034 papa
1502 1966 1778 2035 celebrati,

223 2065 301 2118 ubi
337 2060 657 2130 subscriptus
696 2060 887 2128 legitur
917 2057 1158 2113 Crescens
1195 2060 1363 2128 gratia
1393 2058 1487 2112 Dei
1515 2061 1782 2129 episcOpus

221 2154 279 2209 S.
321 2152 385 2207 E.
416 2150 726 2221 Ca’falensis.
760 2150 880 2204 Fuit
903 2164 1033 2219 ergo
1058 2148 1251 2204 leala
1287 2149 1473 2204 civitas
1495 2149 1782 2218 provincia:

222 2244 626 2299 Proconsularis.

283 2338 587 2392 Evsncews
606 2339 991 2391 ASSURITANUS.
1025 2334 1093 2389 In
1116 2336 1312 2389 excusis
1360 2335 1618 2389 codicibus
1658 2336 1783 2405 legi-

221 2443 293 2484 tur
310 2430 584 2500 Euagrius;
614 2432 703 2485 sed
742 2433 980 2483 mendum
1011 2433 1174 2483 inesse
1209 2447 1269 2483 ea:
1320 2446 1378 2484 eo
1428 2440 1644 2495 constat,
1676 2441 1781 2483 tum

220 2525 339 2592 quod
364 2523 566 2594 Evagrii
590 2539 772 2577 nomen
802 2522 1010 2589 vulgare
1030 2537 1129 2574 non
1176 2522 1276 2590 fuit
1304 2521 1461 2591 Afris,
1490 2523 1645 2591 fuerit
1686 2539 1781 2573 au-

222 2626 304 2669 tem
334 2614 602 2684 Evangeli;
636 2625 739 2665 tum
754 2613 887 2681 quod
909 2610 1149 2681 Evangeli
1188 2614 1473 2665 Assuritani
1514 2615 1570 2679 lit
1601 2614 1783 2667 mentio

221 2709 265 2759 in
283 2710 562 2761 collatione.
594 2707 887 2774 Utrumque
937 2703 1197 2759 Carnerio
1231 2705 1557 2774 probandum
1592 2707 1732 2760 venit
1766 2724 1782 2761 :

223 2798 413 2867 Evagrii
444 2814 638 2853 nomen
670 2814 768 2853 nec
798 2798 951 2851 unius
1003 2796 1234 2851 hominis
1286 2798 1471 2864 luisse,
1533 2796 1782 2864 Evangeli

226 2907 333 2946 vero
378 2893 586 2947 solitum
640 2895 776 2962 apud
832 2892 989 2946 Afros
1039 2900 1092 2945 et
1133 2891 1409 2945 familiare.
1461 2891 1517 2945 lu
1558 2891 1784 2946 elencho

226 2986 708 3055 quadringentorum
740 2988 1111 3055 episcoporum
1146 2986 1197 3039 in
1230 2984 1423 3039 Notitia
1465 2985 1660 3039 Alrica:
1688 2999 1787 3039 nec

230 3094 345 3131 unus
389 3077 690 3147 Evangelus
741 3080 1085 3140 nominatur;
1134 3077 1187 3130 in
1232 3076 1473 3131 ducentis
1521 3077 1784 3145 octoginta

228 3184 305 3222 sex
325 3169 582 3237 episcOpis
613 3170 665 3223 in
692 3172 976 3224 collatione
1002 3168 1406 3239 Carthaginensi
1437 3182 1573 3223 unus
1609 3168 1785 3223 Evan-

230 3231 725 3329 gelus‘Assuritanus
755 3264 1076 3331 appellatur,
1121 3231 1229 3315 uti-
1250 3277 1386 3315 unus
1437 3260 1617 3314 itidem
1646 3261 1789 3315 Eva-
1812 3231 1863 3313 ηδ

232 3352 353 3419 grius
378 3356 426 3406 in
455 3355 746 3423 epigraphc
776 3353 1062 3419 synodicaz.
1100 3354 1250 3408 Unde
1279 3353 1435 3423 igitur
1463 3352 1625 3408 habet
1655 3352 1790 3406 Eva-

234 3445 314 3511 grii
347 3460 537 3499 nomen
600 3447 814 3515 vulgare
858 3462 964 3499 non
1011 3446 1177 3499 luisse
1226 3445 1387 3507 Afris.
1446 3443 1612 3499 fuisse
1667 3460 1793 3499 vero

236 3534 637 3605 Evangeli?Cum
661 3538 835 3592 nullus
865 3537 1120 3604 Evagrius
1149 3538 1202 3589 in
1238 3536 1523 3590 collatione
1552 3536 1793 3589 nomina-

237 3637 303 3680 tus
328 3628 498 3693 fuerit,
545 3644 609 3681 ac
662 3630 823 3683 vellet
875 3629 1093 3682 omnino
1148 3628 1382 3696 episcopi
1435 3629 1621 3697 quinto
1678 3628 1795 3680 loco

238 3720 492 3789 subscripti
530 3720 711 3775 sedem
762 3723 1055 3789 assignare,
1114 3735 1180 3774 ex
1213 3721 1441 3790 Evagrio
1469 3719 1795 3788 Evangelum

241 3811 357 3865 lecil.
402 3813 668 3866 Craterum
695 3828 847 3865 error
876 3813 1196 3865 correctoris
1243 3811 1524 3865 manifeste
1574 3821 1798 3879 apparet

239 3917 289 3955 es
314 3904 509 3973 synodo
538 3903 946 3973 Carthaginensi
977 3921 1063 3956 an.
1097 3904 1223 3970 401,
1286 3906 1335 3957 in
1386 3918 1487 3972 qua
1538 3918 1660 3957 can.
1730 3902 1795 3955 77

240 3993 346 4050 Cod.
370 3997 667 4061 Alrichoc
693 3998 882 4052 ordine
925 3998 1081 4067 legati
1122 3997 1188 4051 ad
1241 3998 1426 4051 urbem
1478 3996 1795 4065 Hipponen-

240 4102 331 4143 sem
359 4090 760 4161 Diarrhytorum
807 4091 1151 4144 nominantur
1198 4108 1209 4141 :
1264 4090 1511 4159 Reginus,
1579 4088 1798 4160 Alipius,

242 4183 519 4251 Augustinus
552 4223 566 4245 ,
601 4181 886 4246 Maternus,
918 4181 1191 4246 Theasius,
1224 4180 1470 4245 Evodius,
1498 4178 1796 4245 Ptacianus,

246 4270 471 4341 Urbanus,
510 4272 782 4337 Valerius,
808 4275 1085 4340 Ambivius,
1123 4271 1451 4339 Fortunatus,
1503 4272 1794 4339 Quodvult-

245 4366 362 4429 deus,
386 4364 704 4426 Honoratus.
732 4364 1031 4429 Januarius,
1057 4368 1215 4437 Aptus
1240 4409 1256 4433 ,
1288 4366 1587 4419 Honoratus
1609 4406 1625 4431 ,
1677 4368 1799 4418 Ant-

246 4458 407 4524 pclius,
435 4456 779 4521 Victorianus,
810 4460 1144 4522 Eunomus,
1173 4470 1219 4511 et
1252 4457 1588 4528 Rogatianus.
1622 4457 1801 4525 Quare

245 4561 340 4601 cum
360 4550 409 4603 in
450 4550 548 4604 hac
564 4549 852 4619 epigraphc
882 4550 1140 4605 Theasius
1153 4559 1207 4604 et
1225 4550 1501 4617 Ampelius
1518 4558 1635 4617 post
1661 4548 1797 4603 Eva-

246 4642 385 4708 grium
408 4644 766 4707 nominentur,
797 4643 914 4697 loco
934 4644 1140 4713 Evagrii
1167 4642 1466 4711 Evangelus
1486 4642 1795 4711 neutiquam

250 4734 350 4796 poni
377 4743 568 4803 potest,
597 4736 685 4803 qui
713 4744 939 4805 utroque
984 4735 1199 4789 laudato
1250 4735 1511 4804 EpiSCOpo
1533 4734 1799 4803 posterior

250 4826 341 4879 luit.

303 4922 556 4975 ANTONIUS
593 4919 949 4976 CARPITANUS.
1005 4920 1184 4975 Sermo
1229 4920 1284 4988 ﬁt
1316 4920 1380 4973 de
1421 4921 1531 4989 ipso
1560 4918 1611 4971 in
1638 4918 1797 4969 colla-

252 5016 360 5067 tione
381 5034 464 5070 an.
485 5017 583 5070 411
605 5033 620 5080 ;
677 5016 969 5084 subscripsit
1014 5016 1238 5084 epistola:
1289 5031 1440 5083 quam
1467 5015 1531 5067 de
1557 5012 1795 5084 appellu-

249 5107 436 5160 tionibus
466 5118 512 5160 et
540 5124 698 5161 causa
728 5108 924 5177 Apiarii
953 5108 1201 5175 Africana
1229 5109 1451 5177 synodus
1487 5108 1554 5160 ad
1592 5104 1651 5161 S.
1682 5106 1793 5159 Coe-

250 5198 451 5252 lestiuum
470 5203 689 5267 scripsit.
720 5200 831 5254 Nisi
856 5202 1117 5254 Antonius
1172 5216 1314 5255 anno
1364 5200 1469 5255 4'25
1516 5200 1685 5255 redux
1736 5200 1793 5253 in

246 5292 383 5346 vitam
406 5296 591 5348 iterum
622 5295 955 5359 Carpitanam
992 5296 1171 5349 sedem
1200 5293 1479 5361 receperit,
1532 5292 1648 5347 haec
1673 5307 1814 5370 pro:

238 5386 313 5438 cul
355 5403 379 5435 a
436 5402 562 5439 vero
587 5386 924 5449 exorbitant,
975 5402 1096 5439 nam
1145 5386 1200 5439 in
1269 5386 1472 5454 synodo
1518 5384 1794 5454 Carthagi-

234 5482 392 5538 tiensi,
421 5480 473 5531 in
500 5494 657 5532 causa
697 5478 764 5533 de
797 5478 1259 5547 appellationibus,
1317 5478 1649 5546 subscriptus
1699 5494 1795 5531 no-

232 5574 447 5625 minatur
476 5570 791 5623 Pent/radius
811 5573 1076 5641 episcopus
1093 5569 1384 5640 Carpitanw
1396 5568 1658 5635 Ecclesiae,
1688 5569 1793 5633 vel,

226 5676 281 5717 ut
305 5665 354 5717 in
380 5665 497 5716 aliis
524 5664 812 5726 codicibus,
831 5663 1144 5716 I’entltadius
1160 5660 1485 5732 Carpitanus.
1510 5662 1642 5716 Cum
1668 5676 1794 5715 vero

222 5764 269 5815 in
294 5760 443 5813 titulo
470 5757 709 5823 epistolae
740 5758 804 5811 ad
834 5757 1181 5812 C(Blestiuum
1213 5759 1352 5811 inter
1392 5758 1595 5825 primos
1624 5755 1795 5809 uomi-

221 5860 372 5907 netur
398 5849 681 5913 Antonius,
716 5865 810 5903 cur
834 5865 936 5903 non
969 5848 1068 5904 iste
1128 5849 1265 5905 idem
1312 5846 1473 5906 fuerit
1518 5847 1609 5919 qui
1657 5862 1797 5906 anno

1885 1972 1938 2017 et
1956 1977 2076 2032 cap.
2110 1965 2213 2018 125
2240 1964 2547 2018 Bosetensis.
2582 1962 2658 2017 Ex
2698 1964 2892 2033 quibus
2944 1972 3088 2032 patet
3128 1963 3396 2033 pertinere
3418 1961 3476 2016 il-

1889 2057 1992 2111 lam
2018 2058 2313 2112 Ecclesiam
2365 2058 2431 2111 ad
2480 2058 2923 2113 Proconsularem
2944 2099 2960 2123 ,
2992 2072 3149 2126 quam
3181 2066 3359 2109 tamen
3391 2056 3476 2108 in-

1885 2159 2046 2204 certa:
2071 2150 2357 2217 provincia:
2388 2150 2639 2206 dixerunt
2663 2149 2887 2203 Carolus
2924 2165 2952 2202 a
2983 2148 3043 2203 S.
3072 2147 3237 2202 Paulo
3266 2157 3322 2201 et
3349 2146 3477 2200 Hol-

1885 2241 2110 2307 stenius,
2167 2244 2258 2311 qui
2309 2242 2469 2296 etiam
2508 2241 2688 2311 lapsus
2736 2251 2819 2295 est
2868 2257 2985 2311 pag.
3013 2241 3116 2295 106
3146 2243 3270 2293 dntn
3316 2240 3477 2293 Vose-

1887 2344 2091 2387 tensem
2138 2332 2279 2387 dixit
2324 2333 2695 2399 Visicensem;
2750 2336 2950 2388 etenim
2993 2348 3135 2388 anno
3188 2334 3286 2387 ι111
3340 2332 3478 2401 apud

1887 2425 2179 2481 Ecclesiam
2213 2427 2560 2481 Bosetensem
2619 2428 2878 2483 sedebant
2940 2428 3211 2481 Palatinus
3260 2425 3480 2479 catholi-

1886 2532 1982 2571 cus
2010 2526 2065 2571 et
2090 2518 2239 2572 Felix
2287 2519 2584 2584 Donatista,
2635 2535 2753 2589 cap.
2818 2520 2921 2574 125
2974 2521 3480 2587 collationis;apud

1888 2610 2215 2665 Visicensem
2268 2626 2394 2665 vero
2435 2612 2621 2665 urbem
2668 2612 2818 2665 Felix
2867 2612 3180 2677 catholicus,
3231 2612 3318 2677 qui
3351 2625 3472 2680 cap.

1888 2702 2075 2757 eodem
2106 2703 2211 2758 125
2241 2704 2372 2757 dixit
2398 2719 2413 2755 :
2440 2702 2749 2775 EpiscOpum
2779 2715 2953 2758 contra
2984 2721 3060 2758 me
3087 2721 3187 2758 non
3229 2704 3406 2756 habeo.

1960 2797 2277 2848 Aneooarus
2305 2796 2715 2849 BENCBNNENSIS.
2778 2793 2845 2848 In
2895 2796 3074 2849 notitia
3128 2795 3479 2863 episcoporum

1889 2902 1952 2938 ex
1980 2887 2239 2956 provincia
2270 2885 2636 2939 Proconsulari
2665 2890 2959 2958 ejectorum,
3010 2885 3187 2939 Gulosi
3228 2884 3479 2939 Beneven-

1889 2978 2041 3030 tensis
2067 2978 2083 3048 (
2114 2979 2225 3045 lege
2246 2977 2612 3032 Bencennensis
2638 2976 2657 3049 )
2682 2980 2734 3031 in
2764 2978 3021 3033 Corsicam
3077 2980 3287 3049 relegati
3336 2996 3478 3031 men-

1893 3072 2080 3129 tionem
2099 3071 2227 3137 ﬁeri.
2264 3070 2549 3139 Postquam
2600 3072 2835 3144 episcopi
2876 3089 3069 3128 nomen
3119 3073 3362 3139 mutavit,
3397 3090 3481 3127 ur~

1897 3164 1975 3217 bis
2000 3180 2213 3235 quoque
2267 3180 2462 3219 nomen
2516 3166 2757 3238 antiquat
2789 3208 2805 3233 ,
2871 3169 2978 3223 imo
3033 3169 3164 3222 duas
3210 3170 3262 3222 in
3323 3184 3481 3223 unam

1895 3259 2165 3313 civitatem
2194 3260 2412 3325 conllat,
2449 3260 2806 3317 Beneventum
2841 3263 2893 3318 in
2950 3264 3282 3319 Bencennam
3342 3274 3481 3319 tran-

1895 3355 2367 3411 scribens.Verum
2396 3354 2824 3411 Beneventanum
2852 3358 3035 3413 urbem
3056 3358 3219 3412 fuisse
3243 3357 3482 3412 inAfrica

1896 3458 2092 3519 praeter
2130 3449 2382 3505 Notitiam
2412 3452 2807 3520 episcoporum,
2839 3450 2890 3503 in
2924 3465 3025 3519 qua
3079 3451 3270 3517 legitur
3325 3449 3483 3502 (ἰηιος

1895 3556 1982 3593 sus
2005 3539 2413 3606 Beneventensis,
2437 3542 2630 3611 colligo
2660 3556 2722 3595 ex
2752 3540 2957 3611 synodo
2987 3542 3153 3610 prima
3184 3540 3484 3597 Arelatensi

1898 3630 2075 3685 habita
2116 3646 2259 3686 anno
2279 3632 2406 3699 514,
2438 3636 2518 3687 cui
2545 3650 2609 3687 ex
2645 3635 2821 3687 Alrica
2873 3649 2992 3687 cum
3042 3633 3326 3688 Caeciliano
3355 3631 3485 3687 Car-

1899 3725 2198 3794 thaginensi
2227 3726 2467 3781 interfuit
2497 3729 2794 3781 Anastasius
2819 3728 2881 3781 de
2894 3729 3093 3781 civitate
3123 3727 3482 3781 Beneventina.

1897 3817 2165 3872 Prarterea
2192 3834 2313 3873 cum
2338 3820 2510 3873 eidem
2537 3821 2806 3874 collationi
2851 3836 2916 3875 ex
2964 3834 3082 3889 cap.
3110 3821 3211 3875 155
3258 3819 3485 3875 adfuerit

1899 3908 2194 3961 Adcodatus
2248 3908 2628 3975 Simidiccensis
2666 3927 2730 3965 ex
2761 3912 3033 3979 provincia
3088 3911 3483 3980 Proconsulari,

1899 4018 1995 4057 cur
2015 4001 2321 4056 Adeodatus
2351 4013 2503 4056 sexto
2540 4004 2656 4057 loco
2704 4004 2758 4055 in
2814 4003 3101 4073 epigraphc
3140 4005 3481 4070 nominatus,

1900 4094 2297 4149 Bencennensis
2325 4097 2501 4163 potius
2528 4112 2683 4165 quam
2709 4094 3107 4151 Simidiccensis
3137 4096 3484 4164 appellandus

1901 4187 1987 4250 sit,
2018 4202 2115 4257 pro
2140 4188 2361 4243 arbitrio
2393 4198 2591 4242 tantum
2648 4189 2904 4245 asseritur
2944 4206 2957 4241 :
3018 4188 3311 4257 prmsertim
3362 4202 3483 4242 cum

1902 4280 2297 4336 Bencennensis
2339 4281 2575 4336 Ecclesia
2624 4282 2689 4335 iis
2736 4294 3080 4337 accenseatur
3124 4298 3238 4351 qua:
3267 4282 3484 4335 incerta:
3548 4278 3555 4287 '

1902 4388 2119 4443 prorsus
2142 4375 2428 4441 provinciae
2458 4377 2799 4444 deputantur.

1974 4466 2302 4521 VINCENTIUS
2324 4467 2711 4523 chsrranus.
2744 4468 2899 4521 Hunc
2923 4480 3119 4537 OpOt‘lel
3157 4470 3313 4539 fuisse
3355 4479 3484 4522 stre-

1903 4577 2057 4614 nuum
2078 4560 2129 4612 in
2152 4560 2301 4613 rebus
2330 4561 2559 4632 agendis,
2592 4571 2638 4614 et
2675 4578 2841 4616 acrem
2890 4564 2942 4615 in
2972 4564 3072 4631 ﬁde
3122 4564 3442 4632 defendenda
3465 4606 3480 4629 ,

1900 4662 2007 4705 etc.
2033 4649 2153 4705 Scio
2174 4650 2229 4703 in
2258 4648 2535 4703 Itinerario
2566 4653 2828 4717 Antonini,
2859 4654 2944 4706 ubi
2967 4654 3266 4707 describi'ur
3292 4657 3371 4707 ria
3394 4655 3483 4708 lit-

1900 4744 2095 4795 toraria
2120 4742 2183 4795 ab
2222 4743 2363 4796 ostiis
2385 4742 2655 4813 Ampsagce
2709 4745 3001 4815 Hipponem
3050 4763 3205 4815 usque
3247 4746 3480 4816 Regium,

1898 4837 2145 4891 recenseri
2171 4835 2499 4903 Paratianas,
2533 4836 2885 4905 Culusitanas,
2905 4840 3203 4906 Tacutuam,
3239 4840 3482 4907 Sullucu,

1900 4938 1947 4980 et
1980 4927 2300 4997 Hipponem;
2348 4945 2437 4980 nec
2464 4930 2608 4982 aliud
2637 4930 2855 5001 intelligi
2898 4949 3041 5000 posse
3071 4932 3484 4988 Culusitanarum

1900 5021 2103 5073 nomine
2129 5038 2279 5090 quam
2300 5029 2567 5091 utrumque
2602 5021 2858 5091 Colapem,
2893 5023 2968 5076 rel
3010 5026 3187 5077 saltem
3216 5027 3480 5080 minorem.

1900 5110 2111 5165 Postea.
2137 5112 2215 5164 An
2239 5114 2725 5166 emendandtﬂectio
2742 5116 2997 5180 codicunt,
3014 5124 3060 5169 et
3104 5132 3195 5182 pro
3224 5115 3486 5171 Culitsita-

1900 5218 1987 5266 no,
2017 5219 2103 5255 seu
2124 5203 2412 5257 Colositano
2434 5204 2671 5272 episcopo
2701 5206 3037 5259 restituendus
3064 5204 3401 5263 Curabitanus
3423 5214 3485 5263 ab

1902 5295 2023 5346 urbe
2042 5293 2225 5348 Curobi
2254 5313 2408 5366 prope
2438 5294 2714 5363 Neapolim
2740 5297 2790 5348 in
2808 5298 3065 5366 provincia
3116 5297 3485 5355 Proconsulnri

1902 5384 2155 5439 sita?Hic
2185 5401 2250 5440 ex
2272 5392 2427 5441 unius
2460 5388 2650 5441 litterm
2684 5387 2975 5443 variatione
3005 5390 3242 5459 ingentes
3291 5394 3487 5446 excitat

1902 5478 2317 5540 controversias,
2351 5493 2469 5546 qua:
2500 5478 2657 5531 nulla:
2688 5487 2829 5531 sunt.
2861 5478 3040 5548 Neque
3062 5482 3203 5534 cnim
3258 5482 3484 5535 Antoni-

1904 5584 2004 5623 nus
2046 5570 2229 5623 scribit
2268 5570 2594 5625 Culusitanas
2632 5571 2950 5640 interjacere
2997 5573 3137 5625 inter
3187 5573 3483 5641 Hipponem

1858 5683 1864 5688 ε
1902 5672 1956 5716 et
1983 5662 2260 5730 Ampsagae
2287 5663 2452 5725 osria;
2482 5662 2581 5717 hac
2615 5666 2757 5718 enim
2788 5665 2997 5719 ratione
3018 5665 3145 5718 urbs
3181 5665 3485 5720 Culusitaus

1904 5755 2063 5823 pleno
2088 5755 2207 5821 jure
2235 5755 2299 5809 ad
2331 5754 2631 5812 Numidiam
2677 5767 2963 5826 Spectaret,
3005 5773 3127 5812 cum
3158 5758 3485 5812 Mauritaniae

1904 5846 2137 5906 Sitifensi
2199 5846 2425 5905 vicinior
2476 5842 2620 5915 esset
2664 5864 2819 5919 quam
2868 5848 3158 5917 provincia
3208 5850 3485 5927 Carthagi-
