  <div class='ocr_page' id='page_1' title='image "/cluster/home/n/w/nwhite01/storage/ocr_20150623/47/hvd.32044015471527/143.png"; bbox 0 0 3954 6364; ppageno 0'>
   <div class='ocr_carea' id='block_1_1' title="bbox 571 369 678 428">
    <p class='ocr_par' dir='ltr' id='par_1_1' title="bbox 571 369 678 428">
     <span class='ocr_line' id='line_1_1' title="bbox 571 369 678 428; baseline -0.019 0"><span class='ocrx_word' id='word_1_1' title='bbox 571 369 678 428; x_wconf 74' lang='lat'><strong>9.75</strong></span> 
     </span>
    </p>
   </div>
   <div class='ocr_carea' id='block_1_2' title="bbox 1460 349 2944 421">
    <p class='ocr_par' dir='ltr' id='par_1_2' title="bbox 1460 349 2944 421">
     <span class='ocr_line' id='line_1_2' title="bbox 1460 349 2944 421; baseline -0.004 0"><span class='ocrx_word' id='word_1_2' title='bbox 1460 350 2013 421; x_wconf 72' lang='lat' dir='ltr'><strong>SUPPLEMENTUM</strong></span> <span class='ocrx_word' id='word_1_3' title='bbox 2050 352 2143 418; x_wconf 84' lang='lat' dir='ltr'><strong>Al)</strong></span> <span class='ocrx_word' id='word_1_4' title='bbox 2176 349 2414 418; x_wconf 67' lang='lat' dir='ltr'><strong>OPERA</strong></span> <span class='ocrx_word' id='word_1_5' title='bbox 2451 362 2511 418; x_wconf 91' lang='lat' dir='ltr'><strong>S.</strong></span> <span class='ocrx_word' id='word_1_6' title='bbox 2553 356 2944 420; x_wconf 82' lang='lat' dir='ltr'><strong>AUGUSTINI.</strong></span> 
     </span>
    </p>
   </div>
   <div class='ocr_carea' id='block_1_3' title="bbox 3694 374 3775 434">
    <p class='ocr_par' dir='ltr' id='par_1_3' title="bbox 3694 374 3775 434">
     <span class='ocr_line' id='line_1_3' title="bbox 3694 374 3775 434; baseline 0.074 -6"><span class='ocrx_word' id='word_1_7' title='bbox 3694 374 3775 434; x_wconf 74' lang='lat'><strong>276</strong></span> 
     </span>
    </p>
   </div>
   <div class='ocr_carea' id='block_1_4' title="bbox 575 474 3773 565">
    <p class='ocr_par' dir='ltr' id='par_1_4' title="bbox 575 474 3773 565">
     <span class='ocr_line' id='line_1_4' title="bbox 575 474 3773 565; baseline 0.001 -20"><span class='ocrx_word' id='word_1_8' title='bbox 575 480 746 545; x_wconf 85' lang='lat' dir='ltr'><strong>ncnsi.</strong></span> <span class='ocrx_word' id='word_1_9' title='bbox 778 486 972 545; x_wconf 87' lang='lat' dir='ltr'><strong>Scribit</strong></span> <span class='ocrx_word' id='word_1_10' title='bbox 1002 487 1299 543; x_wconf 82' lang='lat' dir='ltr'><strong>Antoninus</strong></span> <span class='ocrx_word' id='word_1_11' title='bbox 1323 484 1652 541; x_wconf 83' lang='lat' dir='ltr'><strong>Culucitanas</strong></span> <span class='ocrx_word' id='word_1_12' title='bbox 1673 529 1687 554; x_wconf 93' lang='lat'><strong>,</strong></span> <span class='ocrx_word' id='word_1_13' title='bbox 1718 495 1772 541; x_wconf 88' lang='lat' dir='ltr'><strong>et</strong></span> <span class='ocrx_word' id='word_1_14' title='bbox 1818 488 2158 542; x_wconf 72' lang='lat' dir='ltr'><strong>’consentiunt</strong></span> <span class='ocrx_word' id='word_1_15' title='bbox 2181 474 2238 549; x_wconf 70' lang='grc' dir='ltr'><strong>Α</strong></span> <span class='ocrx_word' id='word_1_16' title='bbox 2260 484 2354 545; x_wconf 88' lang='lat' dir='ltr'><strong>ubi</strong></span> <span class='ocrx_word' id='word_1_17' title='bbox 2380 499 2474 554; x_wconf 91' lang='lat' dir='ltr'><strong>pro</strong></span> <span class='ocrx_word' id='word_1_18' title='bbox 2504 485 2781 539; x_wconf 83' lang='lat' dir='ltr'><strong>Marazana</strong></span> <span class='ocrx_word' id='word_1_19' title='bbox 2810 485 3000 554; x_wconf 80' lang='lat' dir='ltr'><strong>legitur</strong></span> <span class='ocrx_word' id='word_1_20' title='bbox 3023 483 3319 552; x_wconf 83' lang='lat' dir='ltr'><strong>Mazarana,</strong></span> <span class='ocrx_word' id='word_1_21' title='bbox 3344 494 3569 543; x_wconf 79' lang='lat' dir='ltr'><strong>errarem</strong></span> <span class='ocrx_word' id='word_1_22' title='bbox 3587 494 3773 565; x_wconf 75' lang='lat' dir='ltr'><strong>sorbuit,</strong></span> 
     </span>
    </p>
   </div>
   <div class='ocr_carea' id='block_1_5' title="bbox 571 578 2155 650">
    <p class='ocr_par' dir='ltr' id='par_1_5' title="bbox 571 578 2155 650">
     <span class='ocr_line' id='line_1_5' title="bbox 571 578 2155 650; baseline -0.004 -13"><span class='ocrx_word' id='word_1_23' title='bbox 571 583 792 638; x_wconf 65' lang='lat' dir='ltr'><strong>Tabulas</strong></span> <span class='ocrx_word' id='word_1_24' title='bbox 821 579 1273 650; x_wconf 80' lang='lat' dir='ltr'><strong>Peutingeriante,</strong></span> <span class='ocrx_word' id='word_1_25' title='bbox 1300 594 1420 648; x_wconf 70' lang='lat' dir='ltr'><strong>qua:</strong></span> <span class='ocrx_word' id='word_1_26' title='bbox 1450 581 1590 635; x_wconf 83' lang='lat' dir='ltr'><strong>inter</strong></span> <span class='ocrx_word' id='word_1_27' title='bbox 1618 578 1932 635; x_wconf 83' lang='lat' dir='ltr'><strong>Pusicadem</strong></span> <span class='ocrx_word' id='word_1_28' title='bbox 1957 584 2010 633; x_wconf 90' lang='lat' dir='ltr'><strong>et</strong></span> <span class='ocrx_word' id='word_1_29' title='bbox 2035 578 2155 633; x_wconf 63' lang='grc' dir='ltr'>(Ἅι-δ</span> 
     </span>
    </p>
   </div>
   <div class='ocr_carea' id='block_1_6' title="bbox 571 669 2159 744">
    <p class='ocr_par' dir='ltr' id='par_1_6' title="bbox 571 669 2159 744">
     <span class='ocr_line' id='line_1_6' title="bbox 571 669 2159 744; baseline -0.001 -17"><span class='ocrx_word' id='word_1_30' title='bbox 571 684 679 728; x_wconf 84' lang='lat' dir='ltr'><strong>tam</strong></span> <span class='ocrx_word' id='word_1_31' title='bbox 712 682 916 744; x_wconf 89' lang='lat' dir='ltr'><strong>ponunt</strong></span> <span class='ocrx_word' id='word_1_32' title='bbox 946 670 1277 725; x_wconf 80' lang='lat' dir='ltr'><strong>Parantianis</strong></span> <span class='ocrx_word' id='word_1_33' title='bbox 1304 673 1356 725; x_wconf 81' lang='lat' dir='ltr'><strong>et</strong></span> <span class='ocrx_word' id='word_1_34' title='bbox 1382 669 1694 726; x_wconf 77' lang='lat' dir='ltr'><strong>Culucimni.</strong></span> <span class='ocrx_word' id='word_1_35' title='bbox 1753 672 1822 726; x_wconf 88' lang='lat' dir='ltr'><strong>At</strong></span> <span class='ocrx_word' id='word_1_36' title='bbox 1869 670 2159 731; x_wconf 68' lang='lat' dir='ltr'><strong>Garneriu&#39;s</strong></span> 
     </span>
    </p>
   </div>
   <div class='ocr_carea' id='block_1_7' title="bbox 574 762 2160 837">
    <p class='ocr_par' dir='ltr' id='par_1_7' title="bbox 574 762 2160 837">
     <span class='ocr_line' id='line_1_7' title="bbox 574 762 2160 837; baseline -0.003 -16"><span class='ocrx_word' id='word_1_37' title='bbox 574 767 701 837; x_wconf 73' lang='lat' dir='ltr'><strong>legit</strong></span> <span class='ocrx_word' id='word_1_38' title='bbox 722 767 1069 829; x_wconf 78' lang='lat' dir='ltr'><strong>Culasitanas,</strong></span> <span class='ocrx_word' id='word_1_39' title='bbox 1110 778 1175 818; x_wconf 80' lang='lat' dir='ltr'><strong>ex</strong></span> <span class='ocrx_word' id='word_1_40' title='bbox 1207 772 1312 832; x_wconf 75' lang='lat' dir='ltr'><strong>quo</strong></span> <span class='ocrx_word' id='word_1_41' title='bbox 1350 768 1533 819; x_wconf 79' lang='lat' dir='ltr'><strong>errore</strong></span> <span class='ocrx_word' id='word_1_42' title='bbox 1574 762 1869 819; x_wconf 73' lang='lat' dir='ltr'><strong>Culusitam</strong></span> <span class='ocrx_word' id='word_1_43' title='bbox 1899 778 1965 819; x_wconf 81' lang='lat' dir='ltr'><strong>ex</strong></span> <span class='ocrx_word' id='word_1_44' title='bbox 1994 762 2160 818; x_wconf 84' lang='lat' dir='ltr'><strong>Anto-</strong></span> 
     </span>
    </p>
   </div>
   <div class='ocr_carea' id='block_1_8' title="bbox 572 854 2152 912">
    <p class='ocr_par' dir='ltr' id='par_1_8' title="bbox 572 854 2152 912">
     <span class='ocr_line' id='line_1_8' title="bbox 572 854 2152 912; baseline -0.004 0"><span class='ocrx_word' id='word_1_45' title='bbox 572 860 681 912; x_wconf 90' lang='lat' dir='ltr'><strong>nini</strong></span> <span class='ocrx_word' id='word_1_46' title='bbox 715 855 977 912; x_wconf 87' lang='lat' dir='ltr'><strong>sententia</strong></span> <span class='ocrx_word' id='word_1_47' title='bbox 1022 854 1297 909; x_wconf 88' lang='lat' dir='ltr'><strong>contendit</strong></span> <span class='ocrx_word' id='word_1_48' title='bbox 1344 855 1617 910; x_wconf 79' lang='lat' dir='ltr'><strong>locandam</strong></span> <span class='ocrx_word' id='word_1_49' title='bbox 1641 870 1761 911; x_wconf 91' lang='lat' dir='ltr'><strong>esse</strong></span> <span class='ocrx_word' id='word_1_50' title='bbox 1800 855 1855 911; x_wconf 88' lang='lat' dir='ltr'><strong>in</strong></span> <span class='ocrx_word' id='word_1_51' title='bbox 1886 854 2152 910; x_wconf 82' lang='lat' dir='ltr'><strong>Numidia.</strong></span> 
     </span>
    </p>
   </div>
   <div class='ocr_carea' id='block_1_9' title="bbox 572 944 2156 1011">
    <p class='ocr_par' dir='ltr' id='par_1_9' title="bbox 572 944 2156 1011">
     <span class='ocr_line' id='line_1_9' title="bbox 572 944 2156 1011; baseline -0.003 -8"><span class='ocrx_word' id='word_1_52' title='bbox 572 948 649 1003; x_wconf 87' lang='lat' dir='ltr'><strong>Ita</strong></span> <span class='ocrx_word' id='word_1_53' title='bbox 673 944 925 1003; x_wconf 84' lang='lat' dir='ltr'><strong>Tacarata</strong></span> <span class='ocrx_word' id='word_1_54' title='bbox 956 946 1037 1001; x_wconf 84' lang='lat' dir='ltr'><strong>est</strong></span> <span class='ocrx_word' id='word_1_55' title='bbox 1062 944 1321 1001; x_wconf 77' lang='lat' dir='ltr'><strong>Numidiae</strong></span> <span class='ocrx_word' id='word_1_56' title='bbox 1346 947 1491 1011; x_wconf 83' lang='lat' dir='ltr'><strong>urbs,</strong></span> <span class='ocrx_word' id='word_1_57' title='bbox 1516 949 1645 1001; x_wconf 84' lang='lat' dir='ltr'><strong>etin</strong></span> <span class='ocrx_word' id='word_1_58' title='bbox 1678 946 1871 1001; x_wconf 83' lang='lat' dir='ltr'><strong>Notitia</strong></span> <span class='ocrx_word' id='word_1_59' title='bbox 1913 945 2156 1000; x_wconf 78' lang='lat' dir='ltr'><strong>laudatur</strong></span> 
     </span>
    </p>
   </div>
   <div class='ocr_carea' id='block_1_10' title="bbox 570 1033 2155 1110">
    <p class='ocr_par' dir='ltr' id='par_1_10' title="bbox 570 1033 2155 1110">
     <span class='ocr_line' id='line_1_10' title="bbox 570 1033 2155 1110; baseline -0.001 -14"><span class='ocrx_word' id='word_1_60' title='bbox 570 1043 709 1097; x_wconf 89' lang='lat' dir='ltr'><strong>inter</strong></span> <span class='ocrx_word' id='word_1_61' title='bbox 729 1041 986 1095; x_wconf 83' lang='lat' dir='ltr'><strong>Numidas</strong></span> <span class='ocrx_word' id='word_1_62' title='bbox 1006 1039 1324 1096; x_wconf 82' lang='lat' dir='ltr'><strong>Crescentius</strong></span> <span class='ocrx_word' id='word_1_63' title='bbox 1343 1038 1700 1095; x_wconf 81' lang='lat' dir='ltr'><strong>Tac&#39;aratensis</strong></span> <span class='ocrx_word' id='word_1_64' title='bbox 1724 1033 2013 1110; x_wconf 83' lang='lat' dir='ltr'><strong>:Tagarata</strong></span> <span class='ocrx_word' id='word_1_65' title='bbox 2029 1046 2155 1094; x_wconf 84' lang='lat' dir='ltr'><strong>vero</strong></span> 
     </span>
    </p>
   </div>
   <div class='ocr_carea' id='block_1_11' title="bbox 569 1129 2153 1199">
    <p class='ocr_par' dir='ltr' id='par_1_11' title="bbox 569 1129 2153 1199">
     <span class='ocr_line' id='line_1_11' title="bbox 569 1129 2153 1199; baseline -0.004 -11"><span class='ocrx_word' id='word_1_66' title='bbox 569 1142 651 1188; x_wconf 90' lang='lat' dir='ltr'><strong>est</strong></span> <span class='ocrx_word' id='word_1_67' title='bbox 674 1134 723 1186; x_wconf 92' lang='lat' dir='ltr'><strong>in</strong></span> <span class='ocrx_word' id='word_1_68' title='bbox 751 1131 1147 1197; x_wconf 87' lang='lat' dir='ltr'><strong>Proconsulati,</strong></span> <span class='ocrx_word' id='word_1_69' title='bbox 1168 1133 1221 1185; x_wconf 93' lang='lat' dir='ltr'><strong>in</strong></span> <span class='ocrx_word' id='word_1_70' title='bbox 1247 1132 1559 1199; x_wconf 85' lang='lat' dir='ltr'><strong>quaibidem</strong></span> <span class='ocrx_word' id='word_1_71' title='bbox 1580 1131 1885 1187; x_wconf 73' lang='lat' dir='ltr'><strong>nominatur</strong></span> <span class='ocrx_word' id='word_1_72' title='bbox 1911 1129 2153 1184; x_wconf 80' lang='lat' dir='ltr'><strong>Honora-</strong></span> 
     </span>
    </p>
   </div>
   <div class='ocr_carea' id='block_1_12' title="bbox 567 1220 2152 1296">
    <p class='ocr_par' dir='ltr' id='par_1_12' title="bbox 567 1220 2152 1296">
     <span class='ocr_line' id='line_1_12' title="bbox 567 1220 2152 1296; baseline -0.002 -18"><span class='ocrx_word' id='word_1_73' title='bbox 567 1237 644 1279; x_wconf 86' lang='lat' dir='ltr'><strong>tus</strong></span> <span class='ocrx_word' id='word_1_74' title='bbox 673 1224 1052 1296; x_wconf 81' lang='lat' dir='ltr'><strong>Tagaratensis.</strong></span> <span class='ocrx_word' id='word_1_75' title='bbox 1089 1226 1269 1293; x_wconf 85' lang='lat' dir='ltr'><strong>itaque</strong></span> <span class='ocrx_word' id='word_1_76' title='bbox 1292 1225 1416 1279; x_wconf 85' lang='lat' dir='ltr'><strong>licet</strong></span> <span class='ocrx_word' id='word_1_77' title='bbox 1441 1220 1740 1280; x_wconf 75' lang='lat' dir='ltr'><strong>Culucitani</strong></span> <span class='ocrx_word' id='word_1_78' title='bbox 1782 1225 1923 1278; x_wconf 84' lang='lat' dir='ltr'><strong>inter</strong></span> <span class='ocrx_word' id='word_1_79' title='bbox 1969 1222 2152 1276; x_wconf 86' lang='lat' dir='ltr'><strong>Numi-</strong></span> 
     </span>
    </p>
   </div>
   <div class='ocr_carea' id='block_1_13' title="bbox 564 1308 2149 1382">
    <p class='ocr_par' dir='ltr' id='par_1_13' title="bbox 564 1308 2149 1382">
     <span class='ocr_line' id='line_1_13' title="bbox 564 1308 2149 1382; baseline -0.002 -13"><span class='ocrx_word' id='word_1_80' title='bbox 564 1315 663 1369; x_wconf 76' lang='lat' dir='ltr'><strong>‘das</strong></span> <span class='ocrx_word' id='word_1_81' title='bbox 689 1326 1010 1380; x_wconf 79' lang='lat' dir='ltr'><strong>Statuantur,</strong></span> <span class='ocrx_word' id='word_1_82' title='bbox 1040 1315 1334 1370; x_wconf 74' lang='lat' dir='ltr'><strong>CuluSitani</strong></span> <span class='ocrx_word' id='word_1_83' title='bbox 1374 1308 1848 1369; x_wconf 84' lang='lat' dir='ltr'><strong>Proconsularibus</strong></span> <span class='ocrx_word' id='word_1_84' title='bbox 1888 1313 2149 1382; x_wconf 85' lang='lat' dir='ltr'><strong>deputan-</strong></span> 
     </span>
    </p>
   </div>
   <div class='ocr_carea' id='block_1_14' title="bbox 563 1405 2151 1477">
    <p class='ocr_par' dir='ltr' id='par_1_14' title="bbox 563 1405 2151 1477">
     <span class='ocr_line' id='line_1_14' title="bbox 563 1405 2151 1477; baseline -0.003 -15"><span class='ocrx_word' id='word_1_85' title='bbox 563 1412 672 1474; x_wconf 81' lang='lat' dir='ltr'><strong>tur,</strong></span> <span class='ocrx_word' id='word_1_86' title='bbox 704 1416 756 1464; x_wconf 86' lang='lat' dir='ltr'><strong>et</strong></span> <span class='ocrx_word' id='word_1_87' title='bbox 780 1406 1088 1463; x_wconf 76' lang='lat' dir='ltr'><strong>Vincentius</strong></span> <span class='ocrx_word' id='word_1_88' title='bbox 1119 1409 1171 1461; x_wconf 93' lang='lat' dir='ltr'><strong>in</strong></span> <span class='ocrx_word' id='word_1_89' title='bbox 1196 1407 1482 1463; x_wconf 77' lang='lat' dir='ltr'><strong>collatione</strong></span> <span class='ocrx_word' id='word_1_90' title='bbox 1502 1414 1619 1477; x_wconf 91' lang='lat' dir='ltr'><strong>cap.</strong></span> <span class='ocrx_word' id='word_1_91' title='bbox 1646 1406 1747 1462; x_wconf 75' lang='lat'><strong>153</strong></span> <span class='ocrx_word' id='word_1_92' title='bbox 1772 1407 1967 1461; x_wconf 87' lang='lat' dir='ltr'><strong>dicitur</strong></span> <span class='ocrx_word' id='word_1_93' title='bbox 1993 1405 2151 1459; x_wconf 56' lang='lat' dir='ltr'><strong>Cultu</strong></span> 
     </span>
    </p>
   </div>
   <div class='ocr_carea' id='block_1_15' title="bbox 565 1496 2149 1570">
    <p class='ocr_par' dir='ltr' id='par_1_15' title="bbox 565 1496 2149 1570">
     <span class='ocr_line' id='line_1_15' title="bbox 565 1496 2149 1570; baseline -0.001 -18"><span class='ocrx_word' id='word_1_94' title='bbox 565 1496 784 1566; x_wconf 70' lang='lat' dir='ltr'><strong>aitcnsi‘s,</strong></span> <span class='ocrx_word' id='word_1_95' title='bbox 818 1508 871 1553; x_wconf 88' lang='lat' dir='ltr'><strong>et</strong></span> <span class='ocrx_word' id='word_1_96' title='bbox 900 1500 951 1553; x_wconf 88' lang='lat' dir='ltr'><strong>in</strong></span> <span class='ocrx_word' id='word_1_97' title='bbox 979 1499 1456 1568; x_wconf 77' lang='lat' dir='ltr'><strong>subscriptionibtts</strong></span> <span class='ocrx_word' id='word_1_98' title='bbox 1484 1498 1675 1570; x_wconf 86' lang='lat' dir='ltr'><strong>synodi</strong></span> <span class='ocrx_word' id='word_1_99' title='bbox 1704 1512 1789 1552; x_wconf 88' lang='lat' dir='ltr'><strong>an.</strong></span> <span class='ocrx_word' id='word_1_100' title='bbox 1822 1499 1945 1565; x_wconf 71' lang='lat' dir='ltr'><strong>M9,</strong></span> <span class='ocrx_word' id='word_1_101' title='bbox 1978 1498 2149 1553; x_wconf 66' lang='grc' dir='ltr'><strong>(ἰυίεί-</strong></span> 
     </span>
    </p>
   </div>
   <div class='ocr_carea' id='block_1_16' title="bbox 566 1580 2148 1658">
    <p class='ocr_par' dir='ltr' id='par_1_16' title="bbox 566 1580 2148 1658">
     <span class='ocr_line' id='line_1_16' title="bbox 566 1580 2148 1658; baseline 0.001 -17"><span class='ocrx_word' id='word_1_102' title='bbox 566 1600 714 1643; x_wconf 79' lang='lat' dir='ltr'><strong>tanus</strong></span> <span class='ocrx_word' id='word_1_103' title='bbox 760 1602 811 1644; x_wconf 84' lang='lat' dir='ltr'><strong>et</strong></span> <span class='ocrx_word' id='word_1_104' title='bbox 854 1589 1202 1643; x_wconf 76' lang='lat' dir='ltr'><strong>Culusitanus.</strong></span> <span class='ocrx_word' id='word_1_105' title='bbox 1261 1592 1314 1643; x_wconf 91' lang='lat' dir='ltr'><strong>In</strong></span> <span class='ocrx_word' id='word_1_106' title='bbox 1361 1591 1548 1644; x_wconf 83' lang='lat' dir='ltr'><strong>notitia</strong></span> <span class='ocrx_word' id='word_1_107' title='bbox 1586 1590 1778 1658; x_wconf 81' lang='lat' dir='ltr'><strong>legitur</strong></span> <span class='ocrx_word' id='word_1_108' title='bbox 1832 1580 2148 1643; x_wconf 65' lang='lat' dir='ltr'><strong>JEmilianus</strong></span> 
     </span>
    </p>
   </div>
   <div class='ocr_carea' id='block_1_17' title="bbox 558 1674 2147 1753">
    <p class='ocr_par' dir='ltr' id='par_1_17' title="bbox 558 1674 2147 1753">
     <span class='ocr_line' id='line_1_17' title="bbox 558 1674 2147 1753; baseline 0.001 -17"><span class='ocrx_word' id='word_1_109' title='bbox 558 1674 860 1736; x_wconf 75' lang='lat' dir='ltr'><strong>‘Ct&#39;tlsilattus</strong></span> <span class='ocrx_word' id='word_1_110' title='bbox 903 1684 1041 1738; x_wconf 84' lang='lat' dir='ltr'><strong>inter</strong></span> <span class='ocrx_word' id='word_1_111' title='bbox 1083 1685 1530 1753; x_wconf 83' lang='lat' dir='ltr'><strong>proconsulares;</strong></span> <span class='ocrx_word' id='word_1_112' title='bbox 1567 1684 1618 1737; x_wconf 92' lang='lat' dir='ltr'><strong>in</strong></span> <span class='ocrx_word' id='word_1_113' title='bbox 1659 1683 1864 1752; x_wconf 88' lang='lat' dir='ltr'><strong>synodo</strong></span> <span class='ocrx_word' id='word_1_114' title='bbox 1894 1682 2147 1738; x_wconf 86' lang='lat' dir='ltr'><strong>Bnnil‘acii</strong></span> 
     </span>
    </p>
   </div>
   <div class='ocr_carea' id='block_1_18' title="bbox 558 1770 2143 1844">
    <p class='ocr_par' dir='ltr' id='par_1_18' title="bbox 558 1770 2143 1844">
     <span class='ocr_line' id='line_1_18' title="bbox 558 1770 2143 1844; baseline -0.002 -14"><span class='ocrx_word' id='word_1_115' title='bbox 558 1776 997 1844; x_wconf 82' lang='lat' dir='ltr'><strong>Cartltaginensis</strong></span> <span class='ocrx_word' id='word_1_116' title='bbox 1039 1788 1180 1830; x_wconf 83' lang='lat' dir='ltr'><strong>anno</strong></span> <span class='ocrx_word' id='word_1_117' title='bbox 1211 1770 1336 1839; x_wconf 60' lang='lat'><strong>5225,</strong></span> <span class='ocrx_word' id='word_1_118' title='bbox 1374 1773 1669 1828; x_wconf 83' lang='lat' dir='ltr'><strong>Marcianus</strong></span> <span class='ocrx_word' id='word_1_119' title='bbox 1691 1773 2057 1840; x_wconf 79' lang='lat' dir='ltr'><strong>Culusitanus;</strong></span> <span class='ocrx_word' id='word_1_120' title='bbox 2090 1774 2143 1828; x_wconf 87' lang='lat' dir='ltr'><strong>in</strong></span> 
     </span>
    </p>
   </div>
   <div class='ocr_carea' id='block_1_19' title="bbox 2258 576 3722 647">
    <p class='ocr_par' dir='ltr' id='par_1_19' title="bbox 2258 576 3722 647">
     <span class='ocr_line' id='line_1_19' title="bbox 2258 576 3722 647; baseline 0.005 -15"><span class='ocrx_word' id='word_1_121' title='bbox 2258 585 2341 633; x_wconf 87' lang='lat' dir='ltr'><strong>tot</strong></span> <span class='ocrx_word' id='word_1_122' title='bbox 2366 578 2621 647; x_wconf 80' lang='lat' dir='ltr'><strong>ignbratis</strong></span> <span class='ocrx_word' id='word_1_123' title='bbox 2644 590 2740 645; x_wconf 89' lang='lat' dir='ltr'><strong>pro</strong></span> <span class='ocrx_word' id='word_1_124' title='bbox 2771 576 3048 632; x_wconf 78' lang='lat' dir='ltr'><strong>Mazarana</strong></span> <span class='ocrx_word' id='word_1_125' title='bbox 3078 577 3391 632; x_wconf 70' lang='lat' dir='ltr'><strong>Certissimis</strong></span> <span class='ocrx_word' id='word_1_126' title='bbox 3420 582 3722 641; x_wconf 88' lang='lat' dir='ltr'><strong>testimoniis.</strong></span> 
     </span>
    </p>
   </div>
   <div class='ocr_carea' id='block_1_20' title="bbox 2332 668 3778 744">
    <p class='ocr_par' dir='ltr' id='par_1_20' title="bbox 2332 668 3778 744">
     <span class='ocr_line' id='line_1_20' title="bbox 2332 668 3778 744; baseline 0.001 -20"><span class='ocrx_word' id='word_1_127' title='bbox 2332 668 2597 725; x_wconf 74' lang='lat' dir='ltr'><strong>&#39;l‘ttsasms</strong></span> <span class='ocrx_word' id='word_1_128' title='bbox 2636 670 3099 724; x_wconf 73' lang='lat' dir='ltr'><strong>Mausnestrauus.</strong></span> <span class='ocrx_word' id='word_1_129' title='bbox 3156 669 3300 734; x_wconf 80' lang='lat' dir='ltr'><strong>Quod</strong></span> <span class='ocrx_word' id='word_1_130' title='bbox 3346 668 3611 725; x_wconf 79' lang='lat' dir='ltr'><strong>Membresa</strong></span> <span class='ocrx_word' id='word_1_131' title='bbox 3658 688 3778 744; x_wconf 79' lang='grc' dir='ltr'><strong>ρωτο</strong></span> 
     </span>
    </p>
   </div>
   <div class='ocr_carea' id='block_1_21' title="bbox 2258 762 3779 835">
    <p class='ocr_par' dir='ltr' id='par_1_21' title="bbox 2258 762 3779 835">
     <span class='ocr_line' id='line_1_21' title="bbox 2258 762 3779 835; baseline 0.003 -18"><span class='ocrx_word' id='word_1_132' title='bbox 2258 764 2416 835; x_wconf 72' lang='lat' dir='ltr'><strong>fuerit</strong></span> <span class='ocrx_word' id='word_1_133' title='bbox 2455 762 2756 833; x_wconf 81' lang='lat' dir='ltr'><strong>episcOpalis</strong></span> <span class='ocrx_word' id='word_1_134' title='bbox 2792 762 2998 815; x_wconf 79' lang='lat' dir='ltr'><strong>dubium</strong></span> <span class='ocrx_word' id='word_1_135' title='bbox 3038 776 3143 815; x_wconf 84' lang='lat' dir='ltr'><strong>esse</strong></span> <span class='ocrx_word' id='word_1_136' title='bbox 3176 774 3277 813; x_wconf 85' lang='lat' dir='ltr'><strong>non</strong></span> <span class='ocrx_word' id='word_1_137' title='bbox 3312 771 3503 832; x_wconf 81' lang='lat' dir='ltr'><strong>potest;</strong></span> <span class='ocrx_word' id='word_1_138' title='bbox 3532 779 3637 817; x_wconf 83' lang='lat' dir='ltr'><strong>nam</strong></span> <span class='ocrx_word' id='word_1_139' title='bbox 3663 766 3779 826; x_wconf 82' lang='lat' dir='ltr'><strong>Lucii</strong></span> 
     </span>
    </p>
   </div>
   <div class='ocr_carea' id='block_1_22' title="bbox 2258 850 3781 925">
    <p class='ocr_par' dir='ltr' id='par_1_22' title="bbox 2258 850 3781 925">
     <span class='ocr_line' id='line_1_22' title="bbox 2258 850 3781 925; baseline 0.004 -17"><span class='ocrx_word' id='word_1_140' title='bbox 2258 853 2643 908; x_wconf 70' lang='lat' dir='ltr'><strong>Mcmbresitani</strong></span> <span class='ocrx_word' id='word_1_141' title='bbox 2676 856 2864 908; x_wconf 80' lang='lat' dir='ltr'><strong>mentio</strong></span> <span class='ocrx_word' id='word_1_142' title='bbox 2900 863 2974 906; x_wconf 84' lang='lat' dir='ltr'><strong>est</strong></span> <span class='ocrx_word' id='word_1_143' title='bbox 3012 853 3066 906; x_wconf 83' lang='lat' dir='ltr'><strong>in</strong></span> <span class='ocrx_word' id='word_1_144' title='bbox 3110 853 3322 905; x_wconf 87' lang='lat' dir='ltr'><strong>concilio</strong></span> <span class='ocrx_word' id='word_1_145' title='bbox 3348 850 3701 925; x_wconf 70' lang='lat' dir='ltr'><strong>Carthaginiensi</strong></span> <span class='ocrx_word' id='word_1_146' title='bbox 3735 866 3781 914; x_wconf 80' lang='lat' dir='ltr'><strong>de</strong></span> 
     </span>
    </p>
   </div>
   <div class='ocr_carea' id='block_1_23' title="bbox 2253 942 3780 1015">
    <p class='ocr_par' dir='ltr' id='par_1_23' title="bbox 2253 942 3780 1015">
     <span class='ocr_line' id='line_1_23' title="bbox 2253 942 3780 1015; baseline -0.005 -16"><span class='ocrx_word' id='word_1_147' title='bbox 2253 946 2633 1015; x_wconf 61' lang='lat' dir='ltr'><strong>rebaptizandis</strong></span> <span class='ocrx_word' id='word_1_148' title='bbox 2661 945 2909 999; x_wconf 73' lang='lat' dir='ltr'><strong>hwreticis</strong></span> <span class='ocrx_word' id='word_1_149' title='bbox 2935 959 2952 998; x_wconf 89' lang='lat'><strong><em>:</em></strong></span> <span class='ocrx_word' id='word_1_150' title='bbox 2978 942 3141 999; x_wconf 75' lang='lat' dir='ltr'><strong>Saleii</strong></span> <span class='ocrx_word' id='word_1_151' title='bbox 3167 943 3535 997; x_wconf 80' lang='lat' dir='ltr'><strong>Membresitani</strong></span> <span class='ocrx_word' id='word_1_152' title='bbox 3557 948 3679 1013; x_wconf 85' lang='lat' dir='ltr'><strong>apud</strong></span> <span class='ocrx_word' id='word_1_153' title='bbox 3702 951 3780 1001; x_wconf 75' lang='grc' dir='ltr'><strong>Αη.</strong></span> 
     </span>
    </p>
   </div>
   <div class='ocr_carea' id='block_1_24' title="bbox 2255 1036 3780 1108">
    <p class='ocr_par' dir='ltr' id='par_1_24' title="bbox 2255 1036 3780 1108">
     <span class='ocr_line' id='line_1_24' title="bbox 2255 1036 3780 1108; baseline 0.003 -17"><span class='ocrx_word' id='word_1_154' title='bbox 2255 1039 2537 1108; x_wconf 68' lang='lat' dir='ltr'><strong>pastinum,</strong></span> <span class='ocrx_word' id='word_1_155' title='bbox 2585 1046 2691 1093; x_wconf 85' lang='lat' dir='ltr'><strong>etc.</strong></span> <span class='ocrx_word' id='word_1_156' title='bbox 2723 1038 2979 1092; x_wconf 85' lang='lat' dir='ltr'><strong>Eumdem</strong></span> <span class='ocrx_word' id='word_1_157' title='bbox 3032 1036 3258 1107; x_wconf 89' lang='lat' dir='ltr'><strong>lapidem</strong></span> <span class='ocrx_word' id='word_1_158' title='bbox 3290 1037 3525 1101; x_wconf 72' lang='lat' dir='ltr'><strong>offendit,</strong></span> <span class='ocrx_word' id='word_1_159' title='bbox 3566 1038 3679 1092; x_wconf 87' lang='lat' dir='ltr'><strong>duas</strong></span> <span class='ocrx_word' id='word_1_160' title='bbox 3706 1042 3780 1096; x_wconf 57' lang='lat' dir='ltr'><strong>ite.</strong></span> 
     </span>
    </p>
   </div>
   <div class='ocr_carea' id='block_1_25' title="bbox 2255 1127 3778 1196">
    <p class='ocr_par' dir='ltr' id='par_1_25' title="bbox 2255 1127 3778 1196">
     <span class='ocr_line' id='line_1_25' title="bbox 2255 1127 3778 1196; baseline 0.002 -13"><span class='ocrx_word' id='word_1_161' title='bbox 2255 1138 2376 1184; x_wconf 78' lang='lat' dir='ltr'><strong>rum</strong></span> <span class='ocrx_word' id='word_1_162' title='bbox 2408 1130 2568 1184; x_wconf 88' lang='lat' dir='ltr'><strong>urbes</strong></span> <span class='ocrx_word' id='word_1_163' title='bbox 2588 1130 2643 1184; x_wconf 84' lang='lat' dir='ltr'><strong>in</strong></span> <span class='ocrx_word' id='word_1_164' title='bbox 2674 1144 2833 1184; x_wconf 90' lang='lat' dir='ltr'><strong>unam</strong></span> <span class='ocrx_word' id='word_1_165' title='bbox 2865 1127 3219 1184; x_wconf 77' lang='lat' dir='ltr'><strong>confundens.</strong></span> <span class='ocrx_word' id='word_1_166' title='bbox 3244 1127 3503 1196; x_wconf 84' lang='lat' dir='ltr'><strong>Tempore</strong></span> <span class='ocrx_word' id='word_1_167' title='bbox 3527 1130 3778 1187; x_wconf 85' lang='lat' dir='ltr'><strong>collationis</strong></span> 
     </span>
    </p>
   </div>
   <div class='ocr_carea' id='block_1_26' title="bbox 2251 1218 3779 1291">
    <p class='ocr_par' dir='ltr' id='par_1_26' title="bbox 2251 1218 3779 1291">
     <span class='ocr_line' id='line_1_26' title="bbox 2251 1218 3779 1291; baseline 0.001 -17"><span class='ocrx_word' id='word_1_168' title='bbox 2251 1219 2711 1290; x_wconf 81' lang='lat' dir='ltr'><strong>Garthagiuensis,</strong></span> <span class='ocrx_word' id='word_1_169' title='bbox 2748 1220 3041 1286; x_wconf 75' lang='lat' dir='ltr'><strong>Membresa</strong></span> <span class='ocrx_word' id='word_1_170' title='bbox 3066 1232 3159 1273; x_wconf 88' lang='lat' dir='ltr'><strong>seu</strong></span> <span class='ocrx_word' id='word_1_171' title='bbox 3189 1218 3529 1284; x_wconf 80' lang='lat' dir='ltr'><strong>Membressa,</strong></span> <span class='ocrx_word' id='word_1_172' title='bbox 3562 1229 3612 1272; x_wconf 91' lang='lat' dir='ltr'><strong>ut</strong></span> <span class='ocrx_word' id='word_1_173' title='bbox 3635 1222 3779 1291; x_wconf 60' lang='lat' dir='ltr'><strong>Anguo</strong></span> 
     </span>
    </p>
   </div>
   <div class='ocr_carea' id='block_1_27' title="bbox 2252 1310 3778 1375">
    <p class='ocr_par' dir='ltr' id='par_1_27' title="bbox 2252 1310 3778 1375">
     <span class='ocr_line' id='line_1_27' title="bbox 2252 1310 3778 1375; baseline 0 -6"><span class='ocrx_word' id='word_1_174' title='bbox 2252 1311 2428 1369; x_wconf 78' lang='lat' dir='ltr'><strong>Stinus</strong></span> <span class='ocrx_word' id='word_1_175' title='bbox 2457 1321 2511 1365; x_wconf 91' lang='lat' dir='ltr'><strong>et</strong></span> <span class='ocrx_word' id='word_1_176' title='bbox 2540 1312 2841 1365; x_wconf 84' lang='lat' dir='ltr'><strong>Antoninus</strong></span> <span class='ocrx_word' id='word_1_177' title='bbox 2867 1310 3127 1375; x_wconf 89' lang='lat' dir='ltr'><strong>scribunt,</strong></span> <span class='ocrx_word' id='word_1_178' title='bbox 3160 1318 3273 1363; x_wconf 85' lang='lat' dir='ltr'><strong>erat</strong></span> <span class='ocrx_word' id='word_1_179' title='bbox 3310 1310 3493 1364; x_wconf 78' lang='lat' dir='ltr'><strong>civitas</strong></span> <span class='ocrx_word' id='word_1_180' title='bbox 3520 1310 3737 1367; x_wconf 84' lang='lat' dir='ltr'><strong>distincta</strong></span> <span class='ocrx_word' id='word_1_181' title='bbox 3756 1328 3778 1369; x_wconf 84' lang='lat' dir='ltr'><strong>a</strong></span> 
     </span>
    </p>
   </div>
   <div class='ocr_carea' id='block_1_28' title="bbox 2250 1395 3780 1467">
    <p class='ocr_par' dir='ltr' id='par_1_28' title="bbox 2250 1395 3780 1467">
     <span class='ocr_line' id='line_1_28' title="bbox 2250 1395 3780 1467; baseline 0.001 -10"><span class='ocrx_word' id='word_1_182' title='bbox 2250 1401 2609 1457; x_wconf 76' lang='lat' dir='ltr'><strong>Memblosita.</strong></span> <span class='ocrx_word' id='word_1_183' title='bbox 2639 1401 2752 1455; x_wconf 84' lang='lat' dir='ltr'><strong>Hoc</strong></span> <span class='ocrx_word' id='word_1_184' title='bbox 2778 1402 2844 1455; x_wconf 84' lang='lat' dir='ltr'><strong>ad</strong></span> <span class='ocrx_word' id='word_1_185' title='bbox 2871 1395 3083 1455; x_wconf 85' lang='lat' dir='ltr'><strong>oculum</strong></span> <span class='ocrx_word' id='word_1_186' title='bbox 3124 1409 3266 1467; x_wconf 88' lang='lat' dir='ltr'><strong>patet</strong></span> <span class='ocrx_word' id='word_1_187' title='bbox 3305 1414 3371 1454; x_wconf 78' lang='lat' dir='ltr'><strong>ex</strong></span> <span class='ocrx_word' id='word_1_188' title='bbox 3400 1414 3671 1457; x_wconf 83' lang='lat' dir='ltr'><strong>memorata</strong></span> <span class='ocrx_word' id='word_1_189' title='bbox 3696 1408 3780 1460; x_wconf 67' lang='lat' dir='ltr'><strong>col.</strong></span> 
     </span>
    </p>
   </div>
   <div class='ocr_carea' id='block_1_29' title="bbox 2250 1492 3781 1566">
    <p class='ocr_par' dir='ltr' id='par_1_29' title="bbox 2250 1492 3781 1566">
     <span class='ocr_line' id='line_1_29' title="bbox 2250 1492 3781 1566; baseline 0.001 -16"><span class='ocrx_word' id='word_1_190' title='bbox 2250 1493 2472 1561; x_wconf 77' lang='lat' dir='ltr'><strong>latione,</strong></span> <span class='ocrx_word' id='word_1_191' title='bbox 2518 1495 2571 1548; x_wconf 92' lang='lat' dir='ltr'><strong>in</strong></span> <span class='ocrx_word' id='word_1_192' title='bbox 2602 1504 2704 1564; x_wconf 85' lang='lat' dir='ltr'><strong>qua</strong></span> <span class='ocrx_word' id='word_1_193' title='bbox 2740 1504 2857 1562; x_wconf 66' lang='lat' dir='ltr'><strong>cap.</strong></span> <span class='ocrx_word' id='word_1_194' title='bbox 2891 1495 2994 1549; x_wconf 75' lang='lat'><strong>133</strong></span> <span class='ocrx_word' id='word_1_195' title='bbox 3035 1502 3348 1548; x_wconf 85' lang='lat' dir='ltr'><strong>recensetur</strong></span> <span class='ocrx_word' id='word_1_196' title='bbox 3382 1492 3662 1547; x_wconf 71' lang='lat' dir='ltr'><strong>Gennadius</strong></span> <span class='ocrx_word' id='word_1_197' title='bbox 3698 1500 3781 1566; x_wconf 76' lang='lat' dir='ltr'><strong>epi-</strong></span> 
     </span>
    </p>
   </div>
   <div class='ocr_carea' id='block_1_30' title="bbox 2250 1584 3780 1657">
    <p class='ocr_par' dir='ltr' id='par_1_30' title="bbox 2250 1584 3780 1657">
     <span class='ocr_line' id='line_1_30' title="bbox 2250 1584 3780 1657; baseline 0.002 -17"><span class='ocrx_word' id='word_1_198' title='bbox 2250 1600 2434 1655; x_wconf 79' lang='lat' dir='ltr'><strong>scopus</strong></span> <span class='ocrx_word' id='word_1_199' title='bbox 2456 1586 2614 1657; x_wconf 84' lang='lat' dir='ltr'><strong>plebis</strong></span> <span class='ocrx_word' id='word_1_200' title='bbox 2638 1584 3115 1647; x_wconf 77' lang='lat' dir='ltr'><strong>tilembrcssitensis,</strong></span> <span class='ocrx_word' id='word_1_201' title='bbox 3134 1586 3369 1653; x_wconf 84' lang='lat' dir='ltr'><strong>itemque</strong></span> <span class='ocrx_word' id='word_1_202' title='bbox 3396 1585 3583 1640; x_wconf 86' lang='lat' dir='ltr'><strong>ibidem</strong></span> <span class='ocrx_word' id='word_1_203' title='bbox 3610 1590 3780 1654; x_wconf 82' lang='lat' dir='ltr'><strong>ponitur</strong></span> 
     </span>
    </p>
   </div>
   <div class='ocr_carea' id='block_1_31' title="bbox 2252 1678 3779 1750">
    <p class='ocr_par' dir='ltr' id='par_1_31' title="bbox 2252 1678 3779 1750">
     <span class='ocr_line' id='line_1_31' title="bbox 2252 1678 3779 1750; baseline -0.001 -13"><span class='ocrx_word' id='word_1_204' title='bbox 2252 1679 2502 1737; x_wconf 75' lang='lat' dir='ltr'><strong>Theasius</strong></span> <span class='ocrx_word' id='word_1_205' title='bbox 2540 1680 2803 1750; x_wconf 70' lang='lat' dir='ltr'><strong>episcomts</strong></span> <span class='ocrx_word' id='word_1_206' title='bbox 2840 1679 3001 1747; x_wconf 80' lang='lat' dir='ltr'><strong>plebis</strong></span> <span class='ocrx_word' id='word_1_207' title='bbox 3040 1678 3486 1731; x_wconf 77' lang='lat' dir='ltr'><strong>Memblositensis.</strong></span> <span class='ocrx_word' id='word_1_208' title='bbox 3528 1678 3583 1731; x_wconf 89' lang='lat' dir='ltr'><strong>In</strong></span> <span class='ocrx_word' id='word_1_209' title='bbox 3616 1682 3779 1749; x_wconf 74' lang='lat' dir='ltr'><strong>synodo</strong></span> 
     </span>
    </p>
   </div>
   <div class='ocr_carea' id='block_1_32' title="bbox 2248 1770 3777 1843">
    <p class='ocr_par' dir='ltr' id='par_1_32' title="bbox 2248 1770 3777 1843">
     <span class='ocr_line' id='line_1_32' title="bbox 2248 1770 3777 1843; baseline -0.003 -12"><span class='ocrx_word' id='word_1_210' title='bbox 2248 1771 2503 1843; x_wconf 79' lang='lat' dir='ltr'><strong>Cyprimi</strong></span> <span class='ocrx_word' id='word_1_211' title='bbox 2526 1772 2664 1842; x_wconf 84' lang='lat' dir='ltr'><strong>apud</strong></span> <span class='ocrx_word' id='word_1_212' title='bbox 2695 1773 3046 1841; x_wconf 79' lang='lat' dir='ltr'><strong>Augustinum</strong></span> <span class='ocrx_word' id='word_1_213' title='bbox 3072 1771 3165 1825; x_wconf 84' lang='lat' dir='ltr'><strong>lib.</strong></span> <span class='ocrx_word' id='word_1_214' title='bbox 3183 1785 3255 1825; x_wconf 81' lang='lat' dir='ltr'><strong>vn</strong></span> <span class='ocrx_word' id='word_1_215' title='bbox 3275 1770 3343 1824; x_wconf 90' lang='lat' dir='ltr'><strong>de</strong></span> <span class='ocrx_word' id='word_1_216' title='bbox 3364 1771 3695 1839; x_wconf 77' lang='lat' dir='ltr'><strong>Baptis.,cap.</strong></span> <span class='ocrx_word' id='word_1_217' title='bbox 3712 1772 3777 1837; x_wconf 67' lang='lat' dir='ltr'><strong>es,</strong></span> 
     </span>
    </p>
   </div>
   <div class='ocr_carea' id='block_1_33' title="bbox 554 1848 3778 1935">
    <p class='ocr_par' dir='ltr' id='par_1_33' title="bbox 554 1848 3778 1935">
     <span class='ocr_line' id='line_1_33' title="bbox 554 1848 3778 1935; baseline -0.001 -13"><span class='ocrx_word' id='word_1_218' title='bbox 554 1866 963 1935; x_wconf 79' lang='lat' dir='ltr'><strong>Carthaginensi</strong></span> <span class='ocrx_word' id='word_1_219' title='bbox 988 1866 1086 1920; x_wconf 90' lang='lat' dir='ltr'><strong>sub</strong></span> <span class='ocrx_word' id='word_1_220' title='bbox 1112 1865 1277 1920; x_wconf 83' lang='lat' dir='ltr'><strong>Grato</strong></span> <span class='ocrx_word' id='word_1_221' title='bbox 1293 1874 1410 1920; x_wconf 85' lang='lat' dir='ltr'><strong>can.</strong></span> <span class='ocrx_word' id='word_1_222' title='bbox 1441 1865 1496 1929; x_wconf 87' lang='lat'><strong>6,</strong></span> <span class='ocrx_word' id='word_1_223' title='bbox 1528 1864 1767 1920; x_wconf 80' lang='lat' dir='ltr'><strong>Nicasius</strong></span> <span class='ocrx_word' id='word_1_224' title='bbox 1786 1866 2137 1920; x_wconf 80' lang='lat' dir='ltr'><strong>Culusitantts.</strong></span> <span class='ocrx_word' id='word_1_225' title='bbox 2172 1848 2219 1917; x_wconf 72' lang='grc' dir='ltr'><strong>Β</strong></span> <span class='ocrx_word' id='word_1_226' title='bbox 2248 1866 2555 1919; x_wconf 84' lang='lat' dir='ltr'><strong>nominatur</strong></span> <span class='ocrx_word' id='word_1_227' title='bbox 2595 1864 2787 1919; x_wconf 85' lang='lat' dir='ltr'><strong>Lucius</strong></span> <span class='ocrx_word' id='word_1_228' title='bbox 2825 1878 2857 1917; x_wconf 78' lang='grc' dir='ltr'>α</span> <span class='ocrx_word' id='word_1_229' title='bbox 2887 1863 3203 1930; x_wconf 79' lang='lat' dir='ltr'><strong>Membresa,</strong></span> <span class='ocrx_word' id='word_1_230' title='bbox 3254 1876 3413 1932; x_wconf 87' lang='lat' dir='ltr'><strong>quam</strong></span> <span class='ocrx_word' id='word_1_231' title='bbox 3441 1864 3665 1917; x_wconf 80' lang='lat' dir='ltr'><strong>eamdem</strong></span> <span class='ocrx_word' id='word_1_232' title='bbox 3689 1878 3778 1919; x_wconf 86' lang='lat' dir='ltr'><strong>cum</strong></span> 
     </span>
    </p>
   </div>
   <div class='ocr_carea' id='block_1_34' title="bbox 554 1958 2148 2029">
    <p class='ocr_par' dir='ltr' id='par_1_34' title="bbox 554 1958 2148 2029">
     <span class='ocr_line' id='line_1_34' title="bbox 554 1958 2148 2029; baseline -0.002 -13"><span class='ocrx_word' id='word_1_233' title='bbox 554 1958 829 2029; x_wconf 79' lang='lat' dir='ltr'><strong>Nusquam</strong></span> <span class='ocrx_word' id='word_1_234' title='bbox 852 1960 1046 2029; x_wconf 83' lang='lat' dir='ltr'><strong>legitur</strong></span> <span class='ocrx_word' id='word_1_235' title='bbox 1066 1960 1429 2014; x_wconf 78' lang='lat' dir='ltr'><strong>Culucitanus.</strong></span> <span class='ocrx_word' id='word_1_236' title='bbox 1467 1960 1572 2014; x_wconf 88' lang='lat' dir='ltr'><strong>Sed</strong></span> <span class='ocrx_word' id='word_1_237' title='bbox 1608 1961 2046 2028; x_wconf 81' lang='lat' dir='ltr'><strong>nequevarlanda</strong></span> <span class='ocrx_word' id='word_1_238' title='bbox 2066 1970 2148 2015; x_wconf 88' lang='lat' dir='ltr'><strong>est</strong></span> 
     </span>
    </p>
   </div>
   <div class='ocr_carea' id='block_1_35' title="bbox 552 2051 2181 2123">
    <p class='ocr_par' dir='ltr' id='par_1_35' title="bbox 552 2051 2181 2123">
     <span class='ocr_line' id='line_1_35' title="bbox 552 2051 2181 2123; baseline 0 -15"><span class='ocrx_word' id='word_1_239' title='bbox 552 2053 740 2117; x_wconf 84' lang='lat' dir='ltr'><strong>lectio,</strong></span> <span class='ocrx_word' id='word_1_240' title='bbox 770 2060 830 2105; x_wconf 86' lang='lat' dir='ltr'><strong>ut</strong></span> <span class='ocrx_word' id='word_1_241' title='bbox 856 2066 949 2120; x_wconf 90' lang='lat' dir='ltr'><strong>pro</strong></span> <span class='ocrx_word' id='word_1_242' title='bbox 970 2051 1281 2106; x_wconf 84' lang='lat' dir='ltr'><strong>Culusitano</strong></span> <span class='ocrx_word' id='word_1_243' title='bbox 1302 2051 1659 2107; x_wconf 69' lang='lat' dir='ltr'><strong>(Iurbbitanus</strong></span> <span class='ocrx_word' id='word_1_244' title='bbox 1684 2054 1967 2122; x_wconf 87' lang='lat' dir='ltr'><strong>episcopus</strong></span> <span class='ocrx_word' id='word_1_245' title='bbox 1989 2062 2147 2123; x_wconf 85' lang='lat' dir='ltr'><strong>repo-</strong></span> <span class='ocrx_word' id='word_1_246' title='bbox 2173 2079 2181 2086; x_wconf 89' lang='lat'><strong>-</strong></span> 
     </span>
    </p>
   </div>
   <div class='ocr_carea' id='block_1_36' title="bbox 560 2140 2149 2209">
    <p class='ocr_par' dir='ltr' id='par_1_36' title="bbox 560 2140 2149 2209">
     <span class='ocr_line' id='line_1_36' title="bbox 560 2140 2149 2209; baseline -0.001 -9"><span class='ocrx_word' id='word_1_247' title='bbox 560 2153 742 2209; x_wconf 88' lang='lat' dir='ltr'><strong>natur;</strong></span> <span class='ocrx_word' id='word_1_248' title='bbox 774 2156 893 2198; x_wconf 87' lang='lat' dir='ltr'><strong>nam</strong></span> <span class='ocrx_word' id='word_1_249' title='bbox 926 2144 1161 2198; x_wconf 89' lang='lat' dir='ltr'><strong>Culusita</strong></span> <span class='ocrx_word' id='word_1_250' title='bbox 1190 2146 1244 2198; x_wconf 88' lang='lat' dir='ltr'><strong>et</strong></span> <span class='ocrx_word' id='word_1_251' title='bbox 1276 2140 1501 2198; x_wconf 82' lang='lat' dir='ltr'><strong>Curobis</strong></span> <span class='ocrx_word' id='word_1_252' title='bbox 1530 2142 1683 2198; x_wconf 79' lang='lat' dir='ltr'><strong>luere</strong></span> <span class='ocrx_word' id='word_1_253' title='bbox 1726 2144 1989 2198; x_wconf 85' lang='lat' dir='ltr'><strong>distinctae</strong></span> <span class='ocrx_word' id='word_1_254' title='bbox 2020 2146 2149 2199; x_wconf 72' lang='lat' dir='ltr'><strong>civi-</strong></span> 
     </span>
    </p>
   </div>
   <div class='ocr_carea' id='block_1_37' title="bbox 552 2233 2147 2305">
    <p class='ocr_par' dir='ltr' id='par_1_37' title="bbox 552 2233 2147 2305">
     <span class='ocr_line' id='line_1_37' title="bbox 552 2233 2147 2305; baseline -0.001 -14"><span class='ocrx_word' id='word_1_255' title='bbox 552 2242 693 2291; x_wconf 83' lang='lat' dir='ltr'><strong>tates</strong></span> <span class='ocrx_word' id='word_1_256' title='bbox 718 2236 1172 2305; x_wconf 84' lang='lat' dir='ltr'><strong>proconsularium</strong></span> <span class='ocrx_word' id='word_1_257' title='bbox 1190 2253 1202 2287; x_wconf 87' lang='lat'><strong>:</strong></span> <span class='ocrx_word' id='word_1_258' title='bbox 1218 2236 1415 2289; x_wconf 86' lang='lat' dir='ltr'><strong>etenim</strong></span> <span class='ocrx_word' id='word_1_259' title='bbox 1442 2236 1494 2289; x_wconf 91' lang='lat' dir='ltr'><strong>in</strong></span> <span class='ocrx_word' id='word_1_260' title='bbox 1518 2233 1724 2305; x_wconf 86' lang='lat' dir='ltr'><strong>syttndo</strong></span> <span class='ocrx_word' id='word_1_261' title='bbox 1740 2234 2147 2304; x_wconf 80' lang='lat' dir='ltr'><strong>Carthaginensi</strong></span> 
     </span>
    </p>
   </div>
   <div class='ocr_carea' id='block_1_38' title="bbox 556 2322 2149 2397">
    <p class='ocr_par' dir='ltr' id='par_1_38' title="bbox 556 2322 2149 2397">
     <span class='ocr_line' id='line_1_38' title="bbox 556 2322 2149 2397; baseline -0.001 -11"><span class='ocrx_word' id='word_1_262' title='bbox 556 2330 657 2386; x_wconf 83' lang='lat' dir='ltr'><strong>sub</strong></span> <span class='ocrx_word' id='word_1_263' title='bbox 709 2322 974 2385; x_wconf 83' lang='lat' dir='ltr'><strong>Hilderico</strong></span> <span class='ocrx_word' id='word_1_264' title='bbox 991 2342 1115 2397; x_wconf 87' lang='lat' dir='ltr'><strong>rege</strong></span> <span class='ocrx_word' id='word_1_265' title='bbox 1145 2336 1286 2382; x_wconf 87' lang='lat' dir='ltr'><strong>anno</strong></span> <span class='ocrx_word' id='word_1_266' title='bbox 1325 2326 1449 2394; x_wconf 71' lang='lat'><strong>525,</strong></span> <span class='ocrx_word' id='word_1_267' title='bbox 1479 2322 1767 2396; x_wconf 76' lang='lat' dir='ltr'><strong>subscripti</strong></span> <span class='ocrx_word' id='word_1_268' title='bbox 1818 2329 2066 2396; x_wconf 84' lang='lat' dir='ltr'><strong>leguntur</strong></span> <span class='ocrx_word' id='word_1_269' title='bbox 2094 2336 2149 2385; x_wconf 86' lang='lat' dir='ltr'><strong>et</strong></span> 
     </span>
    </p>
   </div>
   <div class='ocr_carea' id='block_1_39' title="bbox 556 2416 2147 2492">
    <p class='ocr_par' dir='ltr' id='par_1_39' title="bbox 556 2416 2147 2492">
     <span class='ocr_line' id='line_1_39' title="bbox 556 2416 2147 2492; baseline -0.004 -14"><span class='ocrx_word' id='word_1_270' title='bbox 556 2420 867 2492; x_wconf 79' lang='lat' dir='ltr'><strong>Peregrinus</strong></span> <span class='ocrx_word' id='word_1_271' title='bbox 890 2422 1156 2490; x_wconf 84' lang='lat' dir='ltr'><strong>episcopus</strong></span> <span class='ocrx_word' id='word_1_272' title='bbox 1188 2418 1347 2485; x_wconf 78' lang='lat' dir='ltr'><strong>plebis</strong></span> <span class='ocrx_word' id='word_1_273' title='bbox 1375 2416 1723 2479; x_wconf 67' lang='lat' dir='ltr'><strong>Curubitttntv,</strong></span> <span class='ocrx_word' id='word_1_274' title='bbox 1763 2427 1817 2472; x_wconf 88' lang='lat' dir='ltr'><strong>et</strong></span> <span class='ocrx_word' id='word_1_275' title='bbox 1850 2418 2147 2473; x_wconf 78' lang='lat' dir='ltr'><strong>Marcianus</strong></span> 
     </span>
    </p>
   </div>
   <div class='ocr_carea' id='block_1_40' title="bbox 558 2508 2148 2584">
    <p class='ocr_par' dir='ltr' id='par_1_40' title="bbox 558 2508 2148 2584">
     <span class='ocr_line' id='line_1_40' title="bbox 558 2508 2148 2584; baseline -0.001 -16"><span class='ocrx_word' id='word_1_276' title='bbox 558 2515 822 2584; x_wconf 83' lang='lat' dir='ltr'><strong>cpiscopus</strong></span> <span class='ocrx_word' id='word_1_277' title='bbox 844 2514 999 2584; x_wconf 82' lang='lat' dir='ltr'><strong>plebis</strong></span> <span class='ocrx_word' id='word_1_278' title='bbox 1016 2511 1351 2565; x_wconf 74' lang='lat' dir='ltr'><strong>Culusitame.</strong></span> <span class='ocrx_word' id='word_1_279' title='bbox 1381 2510 1542 2566; x_wconf 73' lang='lat' dir='ltr'><strong>Vides</strong></span> <span class='ocrx_word' id='word_1_280' title='bbox 1569 2508 1819 2565; x_wconf 84' lang='lat' dir='ltr'><strong>Curobim</strong></span> <span class='ocrx_word' id='word_1_281' title='bbox 1847 2524 1875 2565; x_wconf 90' lang='lat' dir='ltr'><strong>a</strong></span> <span class='ocrx_word' id='word_1_282' title='bbox 1906 2511 2148 2567; x_wconf 84' lang='lat' dir='ltr'><strong>Culosita</strong></span> 
     </span>
    </p>
   </div>
   <div class='ocr_carea' id='block_1_41' title="bbox 554 2604 2149 2674">
    <p class='ocr_par' dir='ltr' id='par_1_41' title="bbox 554 2604 2149 2674">
     <span class='ocr_line' id='line_1_41' title="bbox 554 2604 2149 2674; baseline -0.003 -10"><span class='ocrx_word' id='word_1_283' title='bbox 554 2624 651 2664; x_wconf 88' lang='lat' dir='ltr'><strong>seu</strong></span> <span class='ocrx_word' id='word_1_284' title='bbox 682 2607 914 2662; x_wconf 80' lang='lat' dir='ltr'><strong>Culusita</strong></span> <span class='ocrx_word' id='word_1_285' title='bbox 940 2605 1279 2660; x_wconf 75' lang='lat' dir='ltr'><strong>disunctam?</strong></span> <span class='ocrx_word' id='word_1_286' title='bbox 1309 2605 1412 2659; x_wconf 85' lang='lat' dir='ltr'><strong>Sed</strong></span> <span class='ocrx_word' id='word_1_287' title='bbox 1440 2614 1508 2659; x_wconf 83' lang='lat' dir='ltr'><strong>ex</strong></span> <span class='ocrx_word' id='word_1_288' title='bbox 1561 2606 1673 2674; x_wconf 86' lang='lat' dir='ltr'><strong>ipsa</strong></span> <span class='ocrx_word' id='word_1_289' title='bbox 1711 2604 1996 2660; x_wconf 82' lang='lat' dir='ltr'><strong>collatione</strong></span> <span class='ocrx_word' id='word_1_290' title='bbox 2044 2604 2149 2659; x_wconf 84' lang='lat' dir='ltr'><strong>ltoc</strong></span> 
     </span>
    </p>
   </div>
   <div class='ocr_carea' id='block_1_42' title="bbox 557 2694 2148 2771">
    <p class='ocr_par' dir='ltr' id='par_1_42' title="bbox 557 2694 2148 2771">
     <span class='ocr_line' id='line_1_42' title="bbox 557 2694 2148 2771; baseline -0.003 -15"><span class='ocrx_word' id='word_1_291' title='bbox 557 2702 730 2771; x_wconf 79' lang='lat' dir='ltr'><strong>ipsum</strong></span> <span class='ocrx_word' id='word_1_292' title='bbox 763 2694 1183 2767; x_wconf 86' lang='lat' dir='ltr'><strong>demonstratur,</strong></span> <span class='ocrx_word' id='word_1_293' title='bbox 1206 2700 1260 2752; x_wconf 89' lang='lat' dir='ltr'><strong>in</strong></span> <span class='ocrx_word' id='word_1_294' title='bbox 1291 2706 1392 2768; x_wconf 82' lang='lat' dir='ltr'><strong>qua</strong></span> <span class='ocrx_word' id='word_1_295' title='bbox 1414 2712 1534 2768; x_wconf 89' lang='lat' dir='ltr'><strong>cap.</strong></span> <span class='ocrx_word' id='word_1_296' title='bbox 1570 2696 1673 2753; x_wconf 78' lang='grc'><strong>158</strong></span> <span class='ocrx_word' id='word_1_297' title='bbox 1707 2696 2014 2752; x_wconf 80' lang='lat' dir='ltr'><strong>Vincentius</strong></span> <span class='ocrx_word' id='word_1_298' title='bbox 2040 2697 2148 2752; x_wconf 87' lang='lat' dir='ltr'><strong>Cu-</strong></span> 
     </span>
    </p>
   </div>
   <div class='ocr_carea' id='block_1_43' title="bbox 555 2786 2142 2857">
    <p class='ocr_par' dir='ltr' id='par_1_43' title="bbox 555 2786 2142 2857">
     <span class='ocr_line' id='line_1_43' title="bbox 555 2786 2142 2857; baseline -0.003 -10"><span class='ocrx_word' id='word_1_299' title='bbox 555 2788 819 2847; x_wconf 85' lang='lat' dir='ltr'><strong>lusitanus</strong></span> <span class='ocrx_word' id='word_1_300' title='bbox 845 2791 913 2846; x_wconf 89' lang='lat' dir='ltr'><strong>de</strong></span> <span class='ocrx_word' id='word_1_301' title='bbox 939 2804 1033 2845; x_wconf 88' lang='lat' dir='ltr'><strong>sua</strong></span> <span class='ocrx_word' id='word_1_302' title='bbox 1066 2789 1284 2845; x_wconf 68' lang='lat' dir='ltr'><strong>dioecesi</strong></span> <span class='ocrx_word' id='word_1_303' title='bbox 1303 2788 1436 2843; x_wconf 81' lang='lat' dir='ltr'><strong>dixit</strong></span> <span class='ocrx_word' id='word_1_304' title='bbox 1469 2806 1482 2842; x_wconf 91' lang='lat'><strong>:</strong></span> <span class='ocrx_word' id='word_1_305' title='bbox 1512 2786 1779 2842; x_wconf 71' lang='lat' dir='ltr'><strong>Catholica</strong></span> <span class='ocrx_word' id='word_1_306' title='bbox 1808 2796 1899 2841; x_wconf 81' lang='lat' dir='ltr'><strong>est.</strong></span> <span class='ocrx_word' id='word_1_307' title='bbox 1929 2787 1997 2841; x_wconf 89' lang='lat' dir='ltr'><strong>At</strong></span> <span class='ocrx_word' id='word_1_308' title='bbox 2021 2802 2142 2857; x_wconf 89' lang='lat' dir='ltr'><strong>cap.</strong></span> 
     </span>
    </p>
   </div>
   <div class='ocr_carea' id='block_1_44' title="bbox 557 2880 2147 2951">
    <p class='ocr_par' dir='ltr' id='par_1_44' title="bbox 557 2880 2147 2951">
     <span class='ocr_line' id='line_1_44' title="bbox 557 2880 2147 2951; baseline -0.001 -16"><span class='ocrx_word' id='word_1_309' title='bbox 557 2880 660 2937; x_wconf 72' lang='lat'><strong>198</strong></span> <span class='ocrx_word' id='word_1_310' title='bbox 689 2884 827 2937; x_wconf 89' lang='lat' dir='ltr'><strong>inter</strong></span> <span class='ocrx_word' id='word_1_311' title='bbox 855 2882 1163 2936; x_wconf 86' lang='lat' dir='ltr'><strong>Donatistas</strong></span> <span class='ocrx_word' id='word_1_312' title='bbox 1193 2882 1453 2936; x_wconf 78' lang='lat' dir='ltr'><strong>recitatur</strong></span> <span class='ocrx_word' id='word_1_313' title='bbox 1487 2880 1664 2935; x_wconf 81' lang='lat' dir='ltr'><strong>Victor</strong></span> <span class='ocrx_word' id='word_1_314' title='bbox 1686 2882 1950 2951; x_wconf 86' lang='lat' dir='ltr'><strong>episcopus</strong></span> <span class='ocrx_word' id='word_1_315' title='bbox 1981 2881 2147 2935; x_wconf 82' lang='lat' dir='ltr'><strong>Curu-</strong></span> 
     </span>
    </p>
   </div>
   <div class='ocr_carea' id='block_1_45' title="bbox 559 2972 2145 3044">
    <p class='ocr_par' dir='ltr' id='par_1_45' title="bbox 559 2972 2145 3044">
     <span class='ocr_line' id='line_1_45' title="bbox 559 2972 2145 3044; baseline -0.001 -15"><span class='ocrx_word' id='word_1_316' title='bbox 559 2977 787 3029; x_wconf 83' lang='lat' dir='ltr'><strong>bitcnsis.</strong></span> <span class='ocrx_word' id='word_1_317' title='bbox 820 2973 925 3029; x_wconf 71' lang='lat' dir='ltr'><strong>lies</strong></span> <span class='ocrx_word' id='word_1_318' title='bbox 956 2984 1039 3030; x_wconf 91' lang='lat' dir='ltr'><strong>est</strong></span> <span class='ocrx_word' id='word_1_319' title='bbox 1059 2974 1377 3044; x_wconf 84' lang='lat' dir='ltr'><strong>clarissima,</strong></span> <span class='ocrx_word' id='word_1_320' title='bbox 1418 2972 1486 3029; x_wconf 82' lang='lat' dir='ltr'><strong>de</strong></span> <span class='ocrx_word' id='word_1_321' title='bbox 1540 2987 1642 3043; x_wconf 89' lang='lat' dir='ltr'><strong>qua</strong></span> <span class='ocrx_word' id='word_1_322' title='bbox 1674 2988 1809 3030; x_wconf 92' lang='lat' dir='ltr'><strong>unus</strong></span> <span class='ocrx_word' id='word_1_323' title='bbox 1857 2972 2145 3028; x_wconf 86' lang='lat' dir='ltr'><strong>Garnerius</strong></span> 
     </span>
    </p>
   </div>
   <div class='ocr_carea' id='block_1_46' title="bbox 558 3068 1015 3138">
    <p class='ocr_par' dir='ltr' id='par_1_46' title="bbox 558 3068 1015 3138">
     <span class='ocr_line' id='line_1_46' title="bbox 558 3068 1015 3138; baseline -0.002 -16"><span class='ocrx_word' id='word_1_324' title='bbox 558 3068 729 3138; x_wconf 84' lang='lat' dir='ltr'><strong>pctuit</strong></span> <span class='ocrx_word' id='word_1_325' title='bbox 753 3068 1015 3122; x_wconf 82' lang='lat' dir='ltr'><strong>dubitare.</strong></span> 
     </span>
    </p>
   </div>
   <div class='ocr_carea' id='block_1_47' title="bbox 633 3155 2146 3227">
    <p class='ocr_par' dir='ltr' id='par_1_47' title="bbox 633 3155 2146 3227">
     <span class='ocr_line' id='line_1_47' title="bbox 633 3155 2146 3227; baseline -0.003 -13"><span class='ocrx_word' id='word_1_326' title='bbox 633 3161 926 3215; x_wconf 68' lang='lat' dir='ltr'><strong>Puuumus</strong></span> <span class='ocrx_word' id='word_1_327' title='bbox 982 3160 1507 3214; x_wconf 68' lang='lat' dir='ltr'><strong>Bazanantnacctws.</strong></span> <span class='ocrx_word' id='word_1_328' title='bbox 1574 3155 1663 3211; x_wconf 87' lang='lat' dir='ltr'><strong>Ita</strong></span> <span class='ocrx_word' id='word_1_329' title='bbox 1709 3159 1912 3227; x_wconf 84' lang='lat' dir='ltr'><strong>quidem</strong></span> <span class='ocrx_word' id='word_1_330' title='bbox 1962 3158 2146 3226; x_wconf 77' lang='lat' dir='ltr'><strong>legitur</strong></span> 
     </span>
    </p>
   </div>
   <div class='ocr_carea' id='block_1_48' title="bbox 2246 1954 3777 2021">
    <p class='ocr_par' dir='ltr' id='par_1_48' title="bbox 2246 1954 3777 2021">
     <span class='ocr_line' id='line_1_48' title="bbox 2246 1954 3777 2021; baseline 0 -11"><span class='ocrx_word' id='word_1_331' title='bbox 2246 1956 2582 2010; x_wconf 81' lang='lat' dir='ltr'><strong>illemblosita</strong></span> <span class='ocrx_word' id='word_1_332' title='bbox 2610 1956 2903 2011; x_wconf 84' lang='lat' dir='ltr'><strong>Garnerins</strong></span> <span class='ocrx_word' id='word_1_333' title='bbox 2932 1956 3277 2011; x_wconf 73' lang='lat' dir='ltr'><strong>existimavit.</strong></span> <span class='ocrx_word' id='word_1_334' title='bbox 3313 1955 3413 2021; x_wconf 80' lang='lat' dir='ltr'><strong>Qui</strong></span> <span class='ocrx_word' id='word_1_335' title='bbox 3445 1954 3599 2009; x_wconf 87' lang='lat' dir='ltr'><strong>etiam</strong></span> <span class='ocrx_word' id='word_1_336' title='bbox 3623 1954 3777 2010; x_wconf 83' lang='lat' dir='ltr'><strong>ibidem</strong></span> 
     </span>
    </p>
   </div>
   <div class='ocr_carea' id='block_1_49' title="bbox 2249 2046 3778 2117">
    <p class='ocr_par' dir='ltr' id='par_1_49' title="bbox 2249 2046 3778 2117">
     <span class='ocr_line' id='line_1_49' title="bbox 2249 2046 3778 2117; baseline 0.001 -16"><span class='ocrx_word' id='word_1_337' title='bbox 2249 2049 2443 2117; x_wconf 81' lang='lat' dir='ltr'><strong>probat</strong></span> <span class='ocrx_word' id='word_1_338' title='bbox 2467 2046 2847 2103; x_wconf 77' lang='lat' dir='ltr'><strong>Membressam</strong></span> <span class='ocrx_word' id='word_1_339' title='bbox 2871 2056 3144 2117; x_wconf 79' lang='lat' dir='ltr'><strong>Spectasse</strong></span> <span class='ocrx_word' id='word_1_340' title='bbox 3165 2046 3231 2101; x_wconf 88' lang='lat' dir='ltr'><strong>ad</strong></span> <span class='ocrx_word' id='word_1_341' title='bbox 3260 2046 3672 2115; x_wconf 85' lang='lat' dir='ltr'><strong>proconsulares,</strong></span> <span class='ocrx_word' id='word_1_342' title='bbox 3688 2050 3778 2116; x_wconf 76' lang='lat' dir='ltr'><strong>quia</strong></span> 
     </span>
    </p>
   </div>
   <div class='ocr_carea' id='block_1_50' title="bbox 2248 2137 3777 2194">
    <p class='ocr_par' dir='ltr' id='par_1_50' title="bbox 2248 2137 3777 2194">
     <span class='ocr_line' id='line_1_50' title="bbox 2248 2137 3777 2194; baseline 0 0"><span class='ocrx_word' id='word_1_343' title='bbox 2248 2148 2315 2194; x_wconf 80' lang='lat' dir='ltr'><strong>ex</strong></span> <span class='ocrx_word' id='word_1_344' title='bbox 2348 2141 2619 2194; x_wconf 86' lang='lat' dir='ltr'><strong>Antonino</strong></span> <span class='ocrx_word' id='word_1_345' title='bbox 2648 2148 2843 2193; x_wconf 80' lang='lat' dir='ltr'><strong>constat</strong></span> <span class='ocrx_word' id='word_1_346' title='bbox 2871 2141 3121 2193; x_wconf 81' lang='lat' dir='ltr'><strong>civitatem</strong></span> <span class='ocrx_word' id='word_1_347' title='bbox 3158 2140 3291 2192; x_wconf 82' lang='lat' dir='ltr'><strong>hanc</strong></span> <span class='ocrx_word' id='word_1_348' title='bbox 3329 2139 3459 2192; x_wconf 86' lang='lat' dir='ltr'><strong>inter</strong></span> <span class='ocrx_word' id='word_1_349' title='bbox 3500 2137 3777 2194; x_wconf 77' lang='lat' dir='ltr'><strong>Mustitanan</strong></span> 
     </span>
    </p>
   </div>
   <div class='ocr_carea' id='block_1_51' title="bbox 2248 2232 3776 2305">
    <p class='ocr_par' dir='ltr' id='par_1_51' title="bbox 2248 2232 3776 2305">
     <span class='ocr_line' id='line_1_51' title="bbox 2248 2232 3776 2305; baseline 0.001 -19"><span class='ocrx_word' id='word_1_350' title='bbox 2248 2243 2297 2286; x_wconf 83' lang='lat' dir='ltr'><strong>et</strong></span> <span class='ocrx_word' id='word_1_351' title='bbox 2333 2233 2631 2287; x_wconf 87' lang='lat' dir='ltr'><strong>Sicilibbam</strong></span> <span class='ocrx_word' id='word_1_352' title='bbox 2663 2234 2840 2305; x_wconf 78' lang='lat' dir='ltr'><strong>fuisse.</strong></span> <span class='ocrx_word' id='word_1_353' title='bbox 2876 2235 2942 2288; x_wconf 87' lang='lat' dir='ltr'><strong>At</strong></span> <span class='ocrx_word' id='word_1_354' title='bbox 2972 2234 3253 2288; x_wconf 85' lang='lat' dir='ltr'><strong>Mustitana</strong></span> <span class='ocrx_word' id='word_1_355' title='bbox 3294 2232 3587 2301; x_wconf 82' lang='lat' dir='ltr'><strong>pertinebat</strong></span> <span class='ocrx_word' id='word_1_356' title='bbox 3614 2234 3668 2286; x_wconf 90' lang='lat' dir='ltr'><strong>ad</strong></span> <span class='ocrx_word' id='word_1_357' title='bbox 3698 2233 3776 2287; x_wconf 85' lang='lat' dir='ltr'><strong>Nu-</strong></span> 
     </span>
    </p>
   </div>
   <div class='ocr_carea' id='block_1_52' title="bbox 2247 2323 3775 2395">
    <p class='ocr_par' dir='ltr' id='par_1_52' title="bbox 2247 2323 3775 2395">
     <span class='ocr_line' id='line_1_52' title="bbox 2247 2323 3775 2395; baseline 0.001 -17"><span class='ocrx_word' id='word_1_358' title='bbox 2247 2325 2466 2379; x_wconf 84' lang='lat' dir='ltr'><strong>midiam</strong></span> <span class='ocrx_word' id='word_1_359' title='bbox 2497 2334 2563 2379; x_wconf 74' lang='lat' dir='ltr'><strong>ex</strong></span> <span class='ocrx_word' id='word_1_360' title='bbox 2592 2325 2790 2378; x_wconf 88' lang='lat' dir='ltr'><strong>Notitia</strong></span> <span class='ocrx_word' id='word_1_361' title='bbox 2820 2325 3035 2390; x_wconf 69' lang='lat' dir='ltr'><strong>Africae,</strong></span> <span class='ocrx_word' id='word_1_362' title='bbox 3065 2326 3118 2379; x_wconf 89' lang='lat' dir='ltr'><strong>in</strong></span> <span class='ocrx_word' id='word_1_363' title='bbox 3145 2340 3249 2395; x_wconf 90' lang='lat' dir='ltr'><strong>qua</strong></span> <span class='ocrx_word' id='word_1_364' title='bbox 3280 2325 3420 2378; x_wconf 87' lang='lat' dir='ltr'><strong>inter</strong></span> <span class='ocrx_word' id='word_1_365' title='bbox 3446 2323 3681 2378; x_wconf 85' lang='lat' dir='ltr'><strong>Numidas</strong></span> <span class='ocrx_word' id='word_1_366' title='bbox 3705 2339 3775 2379; x_wconf 87' lang='lat' dir='ltr'><strong>no-</strong></span> 
     </span>
    </p>
   </div>
   <div class='ocr_carea' id='block_1_53' title="bbox 2248 2416 3776 2480">
    <p class='ocr_par' dir='ltr' id='par_1_53' title="bbox 2248 2416 3776 2480">
     <span class='ocr_line' id='line_1_53' title="bbox 2248 2416 3776 2480; baseline 0.001 -9"><span class='ocrx_word' id='word_1_367' title='bbox 2248 2418 2483 2472; x_wconf 82' lang='lat' dir='ltr'><strong>minatur</strong></span> <span class='ocrx_word' id='word_1_368' title='bbox 2524 2418 2845 2471; x_wconf 79' lang='lat' dir='ltr'><strong>Autonianus</strong></span> <span class='ocrx_word' id='word_1_369' title='bbox 2886 2416 3234 2480; x_wconf 71' lang='lat' dir='ltr'><strong>Mnstitanus;</strong></span> <span class='ocrx_word' id='word_1_370' title='bbox 3272 2416 3317 2470; x_wconf 88' lang='lat' dir='ltr'><strong>si</strong></span> <span class='ocrx_word' id='word_1_371' title='bbox 3353 2430 3480 2471; x_wconf 76' lang='lat' dir='ltr'><strong>vero</strong></span> <span class='ocrx_word' id='word_1_372' title='bbox 3511 2416 3776 2472; x_wconf 76' lang='lat' dir='ltr'><strong>Membressa</strong></span> 
     </span>
    </p>
   </div>
   <div class='ocr_carea' id='block_1_54' title="bbox 2250 2509 3776 2580">
    <p class='ocr_par' dir='ltr' id='par_1_54' title="bbox 2250 2509 3776 2580">
     <span class='ocr_line' id='line_1_54' title="bbox 2250 2509 3776 2580; baseline 0 -16"><span class='ocrx_word' id='word_1_373' title='bbox 2250 2511 2389 2565; x_wconf 90' lang='lat' dir='ltr'><strong>inter</strong></span> <span class='ocrx_word' id='word_1_374' title='bbox 2413 2511 2544 2565; x_wconf 84' lang='lat' dir='ltr'><strong>duas</strong></span> <span class='ocrx_word' id='word_1_375' title='bbox 2562 2511 2720 2565; x_wconf 82' lang='lat' dir='ltr'><strong>urbes</strong></span> <span class='ocrx_word' id='word_1_376' title='bbox 2743 2512 3156 2580; x_wconf 85' lang='lat' dir='ltr'><strong>proconsulares</strong></span> <span class='ocrx_word' id='word_1_377' title='bbox 3179 2509 3389 2575; x_wconf 80' lang='lat' dir='ltr'><strong>fuisset,</strong></span> <span class='ocrx_word' id='word_1_378' title='bbox 3414 2513 3545 2565; x_wconf 87' lang='lat' dir='ltr'><strong>torte</strong></span> <span class='ocrx_word' id='word_1_379' title='bbox 3562 2509 3776 2564; x_wconf 84' lang='lat' dir='ltr'><strong>intentum</strong></span> 
     </span>
    </p>
   </div>
   <div class='ocr_carea' id='block_1_55' title="bbox 2249 2602 3776 2671">
    <p class='ocr_par' dir='ltr' id='par_1_55' title="bbox 2249 2602 3776 2671">
     <span class='ocr_line' id='line_1_55' title="bbox 2249 2602 3776 2671; baseline 0 -17"><span class='ocrx_word' id='word_1_380' title='bbox 2249 2602 2547 2670; x_wconf 84' lang='lat' dir='ltr'><strong>probasset.</strong></span> <span class='ocrx_word' id='word_1_381' title='bbox 2598 2602 2721 2656; x_wconf 69' lang='lat' dir='ltr'><strong>Haec</strong></span> <span class='ocrx_word' id='word_1_382' title='bbox 2763 2602 2833 2657; x_wconf 91' lang='lat' dir='ltr'><strong>de</strong></span> <span class='ocrx_word' id='word_1_383' title='bbox 2872 2602 3159 2657; x_wconf 69' lang='lat' dir='ltr'><strong>Mustitaha</strong></span> <span class='ocrx_word' id='word_1_384' title='bbox 3199 2602 3334 2656; x_wconf 88' lang='lat' dir='ltr'><strong>urbe</strong></span> <span class='ocrx_word' id='word_1_385' title='bbox 3370 2602 3519 2671; x_wconf 77' lang='lat' dir='ltr'><strong>juxta</strong></span> <span class='ocrx_word' id='word_1_386' title='bbox 3554 2602 3776 2670; x_wconf 78' lang='lat' dir='ltr'><strong>vulgarem</strong></span> 
     </span>
    </p>
   </div>
   <div class='ocr_carea' id='block_1_56' title="bbox 2244 2691 3777 2762">
    <p class='ocr_par' dir='ltr' id='par_1_56' title="bbox 2244 2691 3777 2762">
     <span class='ocr_line' id='line_1_56' title="bbox 2244 2691 3777 2762; baseline -0.001 -14"><span class='ocrx_word' id='word_1_387' title='bbox 2244 2694 2569 2748; x_wconf 79' lang='lat' dir='ltr'><strong>sententiam</strong></span> <span class='ocrx_word' id='word_1_388' title='bbox 2602 2693 2811 2761; x_wconf 87' lang='lat' dir='ltr'><strong>loquor.</strong></span> <span class='ocrx_word' id='word_1_389' title='bbox 2846 2693 3039 2748; x_wconf 85' lang='lat' dir='ltr'><strong>Debuit</strong></span> <span class='ocrx_word' id='word_1_390' title='bbox 3066 2707 3193 2762; x_wconf 83' lang='lat' dir='ltr'><strong>ergo</strong></span> <span class='ocrx_word' id='word_1_391' title='bbox 3224 2694 3343 2747; x_wconf 74' lang='lat' dir='ltr'><strong>[nec</strong></span> <span class='ocrx_word' id='word_1_392' title='bbox 3368 2691 3707 2747; x_wconf 82' lang='lat' dir='ltr'><strong>demonstrare</strong></span> <span class='ocrx_word' id='word_1_393' title='bbox 3728 2706 3777 2746; x_wconf 81' lang='lat' dir='ltr'><strong>et</strong></span> 
     </span>
    </p>
   </div>
   <div class='ocr_carea' id='block_1_57' title="bbox 2248 2784 3777 2854">
    <p class='ocr_par' dir='ltr' id='par_1_57' title="bbox 2248 2784 3777 2854">
     <span class='ocr_line' id='line_1_57' title="bbox 2248 2784 3777 2854; baseline 0 -17"><span class='ocrx_word' id='word_1_394' title='bbox 2248 2786 2502 2854; x_wconf 80' lang='lat' dir='ltr'><strong>synodica</strong></span> <span class='ocrx_word' id='word_1_395' title='bbox 2525 2792 2629 2838; x_wconf 91' lang='lat' dir='ltr'><strong>act.</strong></span> <span class='ocrx_word' id='word_1_396' title='bbox 2662 2786 2696 2838; x_wconf 80' lang='lat'><strong>2</strong></span> <span class='ocrx_word' id='word_1_397' title='bbox 2720 2784 2930 2840; x_wconf 88' lang='lat' dir='ltr'><strong>concilii</strong></span> <span class='ocrx_word' id='word_1_398' title='bbox 2952 2784 3009 2839; x_wconf 80' lang='lat' dir='ltr'><strong>S.</strong></span> <span class='ocrx_word' id='word_1_399' title='bbox 3043 2784 3255 2839; x_wconf 81' lang='lat' dir='ltr'><strong>Martini</strong></span> <span class='ocrx_word' id='word_1_400' title='bbox 3283 2799 3453 2853; x_wconf 66' lang='lat' dir='ltr'><strong>papae,</strong></span> <span class='ocrx_word' id='word_1_401' title='bbox 3484 2785 3534 2838; x_wconf 91' lang='lat' dir='ltr'><strong>in</strong></span> <span class='ocrx_word' id='word_1_402' title='bbox 3561 2799 3653 2851; x_wconf 89' lang='lat' dir='ltr'><strong>qua</strong></span> <span class='ocrx_word' id='word_1_403' title='bbox 3673 2784 3777 2837; x_wconf 83' lang='lat' dir='ltr'><strong>inter</strong></span> 
     </span>
    </p>
   </div>
   <div class='ocr_carea' id='block_1_58' title="bbox 2246 2876 3778 2946">
    <p class='ocr_par' dir='ltr' id='par_1_58' title="bbox 2246 2876 3778 2946">
     <span class='ocr_line' id='line_1_58' title="bbox 2246 2876 3778 2946; baseline 0.001 -17"><span class='ocrx_word' id='word_1_404' title='bbox 2246 2878 2657 2946; x_wconf 81' lang='lat' dir='ltr'><strong>proconsulares</strong></span> <span class='ocrx_word' id='word_1_405' title='bbox 2682 2878 2929 2931; x_wconf 87' lang='lat' dir='ltr'><strong>laudatur</strong></span> <span class='ocrx_word' id='word_1_406' title='bbox 2960 2876 3133 2931; x_wconf 82' lang='lat' dir='ltr'><strong>Victor</strong></span> <span class='ocrx_word' id='word_1_407' title='bbox 3164 2877 3627 2941; x_wconf 81' lang='lat' dir='ltr'><strong>Membressitanus,</strong></span> <span class='ocrx_word' id='word_1_408' title='bbox 3664 2890 3709 2931; x_wconf 90' lang='lat' dir='ltr'><strong>et</strong></span> <span class='ocrx_word' id='word_1_409' title='bbox 3730 2888 3778 2931; x_wconf 78' lang='lat' dir='ltr'><strong>et</strong></span> 
     </span>
    </p>
   </div>
   <div class='ocr_carea' id='block_1_59' title="bbox 2247 2967 3777 3039">
    <p class='ocr_par' dir='ltr' id='par_1_59' title="bbox 2247 2967 3777 3039">
     <span class='ocr_line' id='line_1_59' title="bbox 2247 2967 3777 3039; baseline -0.001 -17"><span class='ocrx_word' id='word_1_410' title='bbox 2247 2970 2455 3038; x_wconf 78' lang='lat' dir='ltr'><strong>synodo</strong></span> <span class='ocrx_word' id='word_1_411' title='bbox 2488 2968 2743 3022; x_wconf 87' lang='lat' dir='ltr'><strong>Bonilacii</strong></span> <span class='ocrx_word' id='word_1_412' title='bbox 2770 2969 3211 3037; x_wconf 84' lang='lat' dir='ltr'><strong>Cartltaginensis</strong></span> <span class='ocrx_word' id='word_1_413' title='bbox 3235 2984 3328 3022; x_wconf 87' lang='lat' dir='ltr'><strong>an.</strong></span> <span class='ocrx_word' id='word_1_414' title='bbox 3360 2969 3485 3035; x_wconf 70' lang='lat'><strong>535.</strong></span> <span class='ocrx_word' id='word_1_415' title='bbox 3516 2984 3659 3039; x_wconf 87' lang='lat' dir='ltr'><strong>quam</strong></span> <span class='ocrx_word' id='word_1_416' title='bbox 3683 2967 3777 3022; x_wconf 87' lang='lat' dir='ltr'><strong>sub-</strong></span> 
     </span>
    </p>
   </div>
   <div class='ocr_carea' id='block_1_60' title="bbox 2244 3061 3275 3116">
    <p class='ocr_par' dir='ltr' id='par_1_60' title="bbox 2244 3061 3275 3116">
     <span class='ocr_line' id='line_1_60' title="bbox 2244 3061 3275 3116; baseline 0 0"><span class='ocrx_word' id='word_1_417' title='bbox 2244 3064 2434 3116; x_wconf 82' lang='lat' dir='ltr'><strong>scribit</strong></span> <span class='ocrx_word' id='word_1_418' title='bbox 2464 3061 2769 3115; x_wconf 80' lang='lat' dir='ltr'><strong>Paschasius</strong></span> <span class='ocrx_word' id='word_1_419' title='bbox 2798 3061 3275 3116; x_wconf 80' lang='lat' dir='ltr'><strong>Membrcssitantss.</strong></span> 
     </span>
    </p>
   </div>
   <div class='ocr_carea' id='block_1_61' title="bbox 2317 3152 3779 3209">
    <p class='ocr_par' dir='ltr' id='par_1_61' title="bbox 2317 3152 3779 3209">
     <span class='ocr_line' id='line_1_61' title="bbox 2317 3152 3779 3209; baseline -0.001 -3"><span class='ocrx_word' id='word_1_420' title='bbox 2317 3152 2493 3208; x_wconf 78' lang='lat' dir='ltr'><strong>Turvs</strong></span> <span class='ocrx_word' id='word_1_421' title='bbox 2523 3154 2879 3207; x_wconf 75' lang='lat' dir='ltr'><strong>MsLotraucs.</strong></span> <span class='ocrx_word' id='word_1_422' title='bbox 2913 3152 3167 3207; x_wconf 85' lang='lat' dir='ltr'><strong>Scribitur</strong></span> <span class='ocrx_word' id='word_1_423' title='bbox 3194 3156 3249 3207; x_wconf 86' lang='lat' dir='ltr'><strong>in</strong></span> <span class='ocrx_word' id='word_1_424' title='bbox 3277 3155 3548 3209; x_wconf 79' lang='lat' dir='ltr'><strong>collatione</strong></span> <span class='ocrx_word' id='word_1_425' title='bbox 3584 3155 3779 3209; x_wconf 62' lang='lat' dir='ltr'><strong>blelzita-</strong></span> 
     </span>
    </p>
   </div>
   <div class='ocr_carea' id='block_1_62' title="bbox 558 3228 3780 3320">
    <p class='ocr_par' dir='ltr' id='par_1_62' title="bbox 558 3228 3780 3320">
     <span class='ocr_line' id='line_1_62' title="bbox 558 3228 3780 3320; baseline -0.002 -15"><span class='ocrx_word' id='word_1_426' title='bbox 558 3254 613 3305; x_wconf 85' lang='lat' dir='ltr'><strong>in</strong></span> <span class='ocrx_word' id='word_1_427' title='bbox 643 3252 911 3305; x_wconf 80' lang='lat' dir='ltr'><strong>collatione</strong></span> <span class='ocrx_word' id='word_1_428' title='bbox 944 3266 960 3304; x_wconf 88' lang='lat'><strong><em>:</em></strong></span> <span class='ocrx_word' id='word_1_429' title='bbox 998 3251 1103 3306; x_wconf 78' lang='lat' dir='ltr'><strong>Sed</strong></span> <span class='ocrx_word' id='word_1_430' title='bbox 1132 3244 1254 3320; x_wconf 68' lang='lat' dir='ltr'><strong>quid</strong></span> <span class='ocrx_word' id='word_1_431' title='bbox 1279 3252 1479 3315; x_wconf 82' lang='lat' dir='ltr'><strong>nullibr‘,</strong></span> <span class='ocrx_word' id='word_1_432' title='bbox 1518 3249 1654 3319; x_wconf 80' lang='lat' dir='ltr'><strong>quod</strong></span> <span class='ocrx_word' id='word_1_433' title='bbox 1690 3250 1867 3313; x_wconf 81' lang='lat' dir='ltr'><strong>sciam,</strong></span> <span class='ocrx_word' id='word_1_434' title='bbox 1898 3248 2137 3318; x_wconf 79' lang='lat' dir='ltr'><strong>hujusce-</strong></span> <span class='ocrx_word' id='word_1_435' title='bbox 2160 3228 2211 3302; x_wconf 66' lang='grc' dir='ltr'>Ο</span> <span class='ocrx_word' id='word_1_436' title='bbox 2240 3261 2359 3311; x_wconf 83' lang='lat' dir='ltr'><strong>nus,</strong></span> <span class='ocrx_word' id='word_1_437' title='bbox 2386 3246 2477 3299; x_wconf 86' lang='lat' dir='ltr'><strong>scd</strong></span> <span class='ocrx_word' id='word_1_438' title='bbox 2505 3247 2681 3299; x_wconf 81' lang='lat' dir='ltr'><strong>vitiose</strong></span> <span class='ocrx_word' id='word_1_439' title='bbox 2705 3247 2889 3316; x_wconf 84' lang='lat' dir='ltr'><strong>opinor</strong></span> <span class='ocrx_word' id='word_1_440' title='bbox 2920 3262 2938 3300; x_wconf 91' lang='lat'><em>:</em></span> <span class='ocrx_word' id='word_1_441' title='bbox 2966 3262 3128 3314; x_wconf 86' lang='lat' dir='ltr'><strong>neque</strong></span> <span class='ocrx_word' id='word_1_442' title='bbox 3158 3249 3294 3301; x_wconf 88' lang='lat' dir='ltr'><strong>enim</strong></span> <span class='ocrx_word' id='word_1_443' title='bbox 3325 3251 3389 3302; x_wconf 90' lang='lat' dir='ltr'><strong>ab</strong></span> <span class='ocrx_word' id='word_1_444' title='bbox 3416 3248 3522 3302; x_wconf 77' lang='lat' dir='ltr'><strong>ullo</strong></span> <span class='ocrx_word' id='word_1_445' title='bbox 3551 3250 3605 3317; x_wconf 77' lang='lat' dir='ltr'><strong>ﬁt</strong></span> <span class='ocrx_word' id='word_1_446' title='bbox 3632 3248 3780 3301; x_wconf 84' lang='lat' dir='ltr'><strong>mentio</strong></span> 
     </span>
    </p>
   </div>
   <div class='ocr_carea' id='block_1_63' title="bbox 560 3342 2142 3412">
    <p class='ocr_par' dir='ltr' id='par_1_63' title="bbox 560 3342 2142 3412">
     <span class='ocr_line' id='line_1_63' title="bbox 560 3342 2142 3412; baseline -0.003 -15"><span class='ocrx_word' id='word_1_447' title='bbox 560 3342 699 3397; x_wconf 84' lang='lat' dir='ltr'><strong>modi</strong></span> <span class='ocrx_word' id='word_1_448' title='bbox 722 3344 934 3397; x_wconf 84' lang='lat' dir='ltr'><strong>civitatis</strong></span> <span class='ocrx_word' id='word_1_449' title='bbox 958 3346 1145 3398; x_wconf 83' lang='lat' dir='ltr'><strong>mentio</strong></span> <span class='ocrx_word' id='word_1_450' title='bbox 1173 3344 1253 3412; x_wconf 75' lang='lat' dir='ltr'><strong>fit,</strong></span> <span class='ocrx_word' id='word_1_451' title='bbox 1284 3343 1537 3411; x_wconf 85' lang='lat' dir='ltr'><strong>suspicari</strong></span> <span class='ocrx_word' id='word_1_452' title='bbox 1568 3350 1734 3411; x_wconf 82' lang='lat' dir='ltr'><strong>posset</strong></span> <span class='ocrx_word' id='word_1_453' title='bbox 1762 3342 1951 3407; x_wconf 76' lang='lat' dir='ltr'><strong>aliquis</strong></span> <span class='ocrx_word' id='word_1_454' title='bbox 1978 3342 2142 3394; x_wconf 82' lang='lat' dir='ltr'><strong>inesse</strong></span> 
     </span>
    </p>
   </div>
   <div class='ocr_carea' id='block_1_64' title="bbox 560 3434 2142 3503">
    <p class='ocr_par' dir='ltr' id='par_1_64' title="bbox 560 3434 2142 3503">
     <span class='ocr_line' id='line_1_64' title="bbox 560 3434 2142 3503; baseline -0.003 -14"><span class='ocrx_word' id='word_1_455' title='bbox 560 3435 817 3500; x_wconf 80' lang='lat' dir='ltr'><strong>mendum,</strong></span> <span class='ocrx_word' id='word_1_456' title='bbox 864 3436 1308 3503; x_wconf 80' lang='lat' dir='ltr'><strong>reponendumquc</strong></span> <span class='ocrx_word' id='word_1_457' title='bbox 1356 3434 1857 3495; x_wconf 74' lang='lat' dir='ltr'><strong>Mazaranaceuum;</strong></span> <span class='ocrx_word' id='word_1_458' title='bbox 1898 3442 1972 3485; x_wconf 84' lang='lat' dir='ltr'><strong>est</strong></span> <span class='ocrx_word' id='word_1_459' title='bbox 2008 3434 2142 3486; x_wconf 82' lang='lat' dir='ltr'><strong>enim</strong></span> 
     </span>
    </p>
   </div>
   <div class='ocr_carea' id='block_1_65' title="bbox 560 3518 2144 3597">
    <p class='ocr_par' dir='ltr' id='par_1_65' title="bbox 560 3518 2144 3597">
     <span class='ocr_line' id='line_1_65' title="bbox 560 3518 2144 3597; baseline -0.001 -15"><span class='ocrx_word' id='word_1_460' title='bbox 560 3526 843 3582; x_wconf 72' lang='lat' dir='ltr'><strong>Mazaraua</strong></span> <span class='ocrx_word' id='word_1_461' title='bbox 860 3530 1036 3582; x_wconf 78' lang='lat' dir='ltr'><strong>civitas</strong></span> <span class='ocrx_word' id='word_1_462' title='bbox 1057 3530 1109 3582; x_wconf 83' lang='lat' dir='ltr'><strong>in</strong></span> <span class='ocrx_word' id='word_1_463' title='bbox 1128 3528 1389 3596; x_wconf 78' lang='lat' dir='ltr'><strong>prouincia</strong></span> <span class='ocrx_word' id='word_1_464' title='bbox 1410 3525 1779 3579; x_wconf 80' lang='lat' dir='ltr'><strong>Proconsulari</strong></span> <span class='ocrx_word' id='word_1_465' title='bbox 1798 3527 1927 3578; x_wconf 83' lang='lat' dir='ltr'><strong>inter</strong></span> <span class='ocrx_word' id='word_1_466' title='bbox 1944 3518 2144 3597; x_wconf 72' lang='lat' dir='ltr'><strong>Bagra-</strong></span> 
     </span>
    </p>
   </div>
   <div class='ocr_carea' id='block_1_66' title="bbox 559 3616 2138 3693">
    <p class='ocr_par' dir='ltr' id='par_1_66' title="bbox 559 3616 2138 3693">
     <span class='ocr_line' id='line_1_66' title="bbox 559 3616 2138 3693; baseline -0.001 -18"><span class='ocrx_word' id='word_1_467' title='bbox 559 3622 678 3675; x_wconf 79' lang='lat' dir='ltr'><strong>dam</strong></span> <span class='ocrx_word' id='word_1_468' title='bbox 699 3622 932 3691; x_wconf 80' lang='lat' dir='ltr'><strong>ﬂuuium,</strong></span> <span class='ocrx_word' id='word_1_469' title='bbox 956 3631 1003 3673; x_wconf 82' lang='lat' dir='ltr'><strong>et</strong></span> <span class='ocrx_word' id='word_1_470' title='bbox 1034 3622 1223 3693; x_wconf 76' lang='lat' dir='ltr'><strong>fontem</strong></span> <span class='ocrx_word' id='word_1_471' title='bbox 1248 3618 1480 3687; x_wconf 64' lang='lat' dir='ltr'><strong>Calatiae,</strong></span> <span class='ocrx_word' id='word_1_472' title='bbox 1504 3632 1604 3689; x_wconf 84' lang='lat' dir='ltr'><strong>quo</strong></span> <span class='ocrx_word' id='word_1_473' title='bbox 1630 3616 1846 3677; x_wconf 76' lang='lat' dir='ltr'><strong>alluitur</strong></span> <span class='ocrx_word' id='word_1_474' title='bbox 1867 3617 2138 3691; x_wconf 76' lang='lat' dir='ltr'><strong>Carthago.</strong></span> 
     </span>
    </p>
   </div>
   <div class='ocr_carea' id='block_1_67' title="bbox 558 3710 2143 3781">
    <p class='ocr_par' dir='ltr' id='par_1_67' title="bbox 558 3710 2143 3781">
     <span class='ocr_line' id='line_1_67' title="bbox 558 3710 2143 3781; baseline -0.003 -10"><span class='ocrx_word' id='word_1_475' title='bbox 558 3715 807 3771; x_wconf 76' lang='lat' dir='ltr'><strong>Profecto</strong></span> <span class='ocrx_word' id='word_1_476' title='bbox 837 3716 1027 3769; x_wconf 89' lang='lat' dir='ltr'><strong>urbem</strong></span> <span class='ocrx_word' id='word_1_477' title='bbox 1052 3713 1569 3768; x_wconf 82' lang='lat' dir='ltr'><strong>Bazaradidacenum</strong></span> <span class='ocrx_word' id='word_1_478' title='bbox 1600 3720 1666 3766; x_wconf 74' lang='lat' dir='ltr'><strong>ex</strong></span> <span class='ocrx_word' id='word_1_479' title='bbox 1694 3720 1815 3781; x_wconf 78' lang='lat' dir='ltr'><strong>cap.</strong></span> <span class='ocrx_word' id='word_1_480' title='bbox 1845 3710 1951 3766; x_wconf 73' lang='grc'><strong>125</strong></span> <span class='ocrx_word' id='word_1_481' title='bbox 1978 3713 2143 3767; x_wconf 84' lang='lat' dir='ltr'><strong>colla—</strong></span> 
     </span>
    </p>
   </div>
   <div class='ocr_carea' id='block_1_68' title="bbox 557 3807 2141 3878">
    <p class='ocr_par' dir='ltr' id='par_1_68' title="bbox 557 3807 2141 3878">
     <span class='ocr_line' id='line_1_68' title="bbox 557 3807 2141 3878; baseline -0.003 -13"><span class='ocrx_word' id='word_1_482' title='bbox 557 3811 720 3866; x_wconf 85' lang='lat' dir='ltr'><strong>tionis</strong></span> <span class='ocrx_word' id='word_1_483' title='bbox 762 3811 1042 3865; x_wconf 79' lang='lat' dir='ltr'><strong>habemus‘.</strong></span> <span class='ocrx_word' id='word_1_484' title='bbox 1073 3810 1342 3878; x_wconf 81' lang='lat' dir='ltr'><strong>Nusquam</strong></span> <span class='ocrx_word' id='word_1_485' title='bbox 1371 3814 1549 3861; x_wconf 85' lang='lat' dir='ltr'><strong>tamen</strong></span> <span class='ocrx_word' id='word_1_486' title='bbox 1580 3820 1739 3861; x_wconf 62' lang='lat' dir='ltr'><strong>novas</strong></span> <span class='ocrx_word' id='word_1_487' title='bbox 1768 3807 1919 3861; x_wconf 84' lang='lat' dir='ltr'><strong>urbis</strong></span> <span class='ocrx_word' id='word_1_488' title='bbox 1958 3808 2141 3862; x_wconf 73' lang='lat' dir='ltr'><strong>Maza-</strong></span> 
     </span>
    </p>
   </div>
   <div class='ocr_carea' id='block_1_69' title="bbox 556 3899 2145 3972">
    <p class='ocr_par' dir='ltr' id='par_1_69' title="bbox 556 3899 2145 3972">
     <span class='ocr_line' id='line_1_69' title="bbox 556 3899 2145 3972; baseline -0.001 -13"><span class='ocrx_word' id='word_1_489' title='bbox 556 3916 697 3959; x_wconf 74' lang='lat' dir='ltr'><strong>ranaz</strong></span> <span class='ocrx_word' id='word_1_490' title='bbox 726 3920 942 3963; x_wconf 86' lang='lat' dir='ltr'><strong>nomen,</strong></span> <span class='ocrx_word' id='word_1_491' title='bbox 964 3904 1064 3957; x_wconf 84' lang='lat' dir='ltr'><strong>nisi</strong></span> <span class='ocrx_word' id='word_1_492' title='bbox 1098 3904 1151 3956; x_wconf 92' lang='lat' dir='ltr'><strong>in</strong></span> <span class='ocrx_word' id='word_1_493' title='bbox 1180 3902 1325 3955; x_wconf 87' lang='lat' dir='ltr'><strong>Nova</strong></span> <span class='ocrx_word' id='word_1_494' title='bbox 1354 3899 1596 3955; x_wconf 87' lang='lat' dir='ltr'><strong>Garnerii</strong></span> <span class='ocrx_word' id='word_1_495' title='bbox 1626 3899 1966 3972; x_wconf 83' lang='lat' dir='ltr'><strong>Geograpltia</strong></span> <span class='ocrx_word' id='word_1_496' title='bbox 1993 3910 2145 3972; x_wconf 79' lang='lat' dir='ltr'><strong>repe-</strong></span> 
     </span>
    </p>
   </div>
   <div class='ocr_carea' id='block_1_70' title="bbox 558 3992 2144 4067">
    <p class='ocr_par' dir='ltr' id='par_1_70' title="bbox 558 3992 2144 4067">
     <span class='ocr_line' id='line_1_70' title="bbox 558 3992 2144 4067; baseline -0.001 -15"><span class='ocrx_word' id='word_1_497' title='bbox 558 3999 714 4053; x_wconf 85' lang='lat' dir='ltr'><strong>ritur.</strong></span> <span class='ocrx_word' id='word_1_498' title='bbox 749 3997 806 4050; x_wconf 93' lang='lat' dir='ltr'><strong>In</strong></span> <span class='ocrx_word' id='word_1_499' title='bbox 835 3995 1040 4067; x_wconf 83' lang='lat' dir='ltr'><strong>synodo</strong></span> <span class='ocrx_word' id='word_1_500' title='bbox 1066 3995 1125 4049; x_wconf 80' lang='lat'><strong>8.</strong></span> <span class='ocrx_word' id='word_1_501' title='bbox 1163 3993 1413 4064; x_wconf 82' lang='lat' dir='ltr'><strong>Cypriani</strong></span> <span class='ocrx_word' id='word_1_502' title='bbox 1457 3994 1594 4062; x_wconf 87' lang='lat' dir='ltr'><strong>apud</strong></span> <span class='ocrx_word' id='word_1_503' title='bbox 1643 3994 1779 4063; x_wconf 80' lang='lat' dir='ltr'><strong>Aug.</strong></span> <span class='ocrx_word' id='word_1_504' title='bbox 1833 3992 1926 4047; x_wconf 92' lang='lat' dir='ltr'><strong>lib.</strong></span> <span class='ocrx_word' id='word_1_505' title='bbox 1974 4008 2046 4048; x_wconf 82' lang='lat' dir='ltr'><strong>vn</strong></span> <span class='ocrx_word' id='word_1_506' title='bbox 2077 3996 2144 4051; x_wconf 89' lang='lat' dir='ltr'><strong>de</strong></span> 
     </span>
    </p>
   </div>
   <div class='ocr_carea' id='block_1_71' title="bbox 558 4082 2145 4157">
    <p class='ocr_par' dir='ltr' id='par_1_71' title="bbox 558 4082 2145 4157">
     <span class='ocr_line' id='line_1_71' title="bbox 558 4082 2145 4157; baseline -0.001 -15"><span class='ocrx_word' id='word_1_507' title='bbox 558 4089 852 4157; x_wconf 87' lang='lat' dir='ltr'><strong>Baptismo,</strong></span> <span class='ocrx_word' id='word_1_508' title='bbox 894 4102 1014 4154; x_wconf 89' lang='lat' dir='ltr'><strong>cap.</strong></span> <span class='ocrx_word' id='word_1_509' title='bbox 1047 4086 1135 4151; x_wconf 78' lang='grc'><strong>10,</strong></span> <span class='ocrx_word' id='word_1_510' title='bbox 1168 4082 1475 4138; x_wconf 90' lang='lat' dir='ltr'><strong>nominatur</strong></span> <span class='ocrx_word' id='word_1_511' title='bbox 1503 4082 1657 4138; x_wconf 66' lang='lat' dir='ltr'><strong>Felix</strong></span> <span class='ocrx_word' id='word_1_512' title='bbox 1693 4101 1724 4137; x_wconf 90' lang='lat' dir='ltr'><strong>a</strong></span> <span class='ocrx_word' id='word_1_513' title='bbox 1754 4082 2057 4151; x_wconf 62' lang='lat' dir='ltr'><strong>Homerum,</strong></span> <span class='ocrx_word' id='word_1_514' title='bbox 2090 4096 2145 4141; x_wconf 88' lang='lat' dir='ltr'><strong>et</strong></span> 
     </span>
    </p>
   </div>
   <div class='ocr_carea' id='block_1_72' title="bbox 557 4170 2139 4243">
    <p class='ocr_par' dir='ltr' id='par_1_72' title="bbox 557 4170 2139 4243">
     <span class='ocr_line' id='line_1_72' title="bbox 557 4170 2139 4243; baseline -0.001 -9"><span class='ocrx_word' id='word_1_515' title='bbox 557 4181 611 4235; x_wconf 90' lang='lat' dir='ltr'><strong>in</strong></span> <span class='ocrx_word' id='word_1_516' title='bbox 656 4180 849 4234; x_wconf 89' lang='lat' dir='ltr'><strong>tabulis</strong></span> <span class='ocrx_word' id='word_1_517' title='bbox 885 4177 1064 4232; x_wconf 83' lang='lat' dir='ltr'><strong>Caroli</strong></span> <span class='ocrx_word' id='word_1_518' title='bbox 1092 4192 1121 4229; x_wconf 89' lang='lat' dir='ltr'><strong>a</strong></span> <span class='ocrx_word' id='word_1_519' title='bbox 1167 4176 1226 4230; x_wconf 84' lang='lat' dir='ltr'><strong>S.</strong></span> <span class='ocrx_word' id='word_1_520' title='bbox 1260 4175 1425 4230; x_wconf 79' lang='lat' dir='ltr'><strong>Paulo</strong></span> <span class='ocrx_word' id='word_1_521' title='bbox 1465 4175 1741 4229; x_wconf 80' lang='lat' dir='ltr'><strong>Murazana</strong></span> <span class='ocrx_word' id='word_1_522' title='bbox 1783 4170 2139 4243; x_wconf 83' lang='lat' dir='ltr'><strong>describitur;</strong></span> 
     </span>
    </p>
   </div>
   <div class='ocr_carea' id='block_1_73' title="bbox 556 4264 2141 4343">
    <p class='ocr_par' dir='ltr' id='par_1_73' title="bbox 556 4264 2141 4343">
     <span class='ocr_line' id='line_1_73' title="bbox 556 4264 2141 4343; baseline -0.003 -17"><span class='ocrx_word' id='word_1_523' title='bbox 556 4272 817 4343; x_wconf 82' lang='lat' dir='ltr'><strong>synodum</strong></span> <span class='ocrx_word' id='word_1_524' title='bbox 853 4270 1276 4323; x_wconf 76' lang='lat' dir='ltr'><strong>Marazancnsem</strong></span> <span class='ocrx_word' id='word_1_525' title='bbox 1322 4266 1501 4320; x_wconf 84' lang='lat' dir='ltr'><strong>laudat</strong></span> <span class='ocrx_word' id='word_1_526' title='bbox 1547 4264 1852 4319; x_wconf 81' lang='lat' dir='ltr'><strong>Ferrandus</strong></span> <span class='ocrx_word' id='word_1_527' title='bbox 1879 4268 2141 4343; x_wconf 69' lang='lat' dir='ltr'><strong>Qiacunus</strong></span> 
     </span>
    </p>
   </div>
   <div class='ocr_carea' id='block_1_74' title="bbox 558 4359 2143 4434">
    <p class='ocr_par' dir='ltr' id='par_1_74' title="bbox 558 4359 2143 4434">
     <span class='ocr_line' id='line_1_74' title="bbox 558 4359 2143 4434; baseline -0.004 -15"><span class='ocrx_word' id='word_1_528' title='bbox 558 4364 995 4434; x_wconf 84' lang='lat' dir='ltr'><strong>Carthaginensis</strong></span> <span class='ocrx_word' id='word_1_529' title='bbox 1031 4376 1151 4414; x_wconf 91' lang='lat' dir='ltr'><strong>can.</strong></span> <span class='ocrx_word' id='word_1_530' title='bbox 1194 4360 1280 4415; x_wconf 72' lang='lat'><strong>78.</strong></span> <span class='ocrx_word' id='word_1_531' title='bbox 1327 4364 1393 4413; x_wconf 86' lang='lat' dir='ltr'><strong>At</strong></span> <span class='ocrx_word' id='word_1_532' title='bbox 1433 4359 1679 4414; x_wconf 88' lang='lat' dir='ltr'><strong>Garnerii</strong></span> <span class='ocrx_word' id='word_1_533' title='bbox 1717 4359 2022 4413; x_wconf 86' lang='lat' dir='ltr'><strong>allucinatio</strong></span> <span class='ocrx_word' id='word_1_534' title='bbox 2050 4370 2143 4428; x_wconf 82' lang='lat' dir='ltr'><strong>ap-</strong></span> 
     </span>
    </p>
   </div>
   <div class='ocr_carea' id='block_1_75' title="bbox 560 4450 2140 4526">
    <p class='ocr_par' dir='ltr' id='par_1_75' title="bbox 560 4450 2140 4526">
     <span class='ocr_line' id='line_1_75' title="bbox 560 4450 2140 4526; baseline -0.003 -14"><span class='ocrx_word' id='word_1_535' title='bbox 560 4466 736 4526; x_wconf 88' lang='lat' dir='ltr'><strong>paret,</strong></span> <span class='ocrx_word' id='word_1_536' title='bbox 765 4457 853 4526; x_wconf 91' lang='lat' dir='ltr'><strong>qui</strong></span> <span class='ocrx_word' id='word_1_537' title='bbox 881 4455 1216 4508; x_wconf 69' lang='lat' dir='ltr'><strong>Marasanam</strong></span> <span class='ocrx_word' id='word_1_538' title='bbox 1248 4451 1402 4505; x_wconf 85' lang='lat' dir='ltr'><strong>sitam</strong></span> <span class='ocrx_word' id='word_1_539' title='bbox 1426 4450 1590 4505; x_wconf 81' lang='lat' dir='ltr'><strong>fuisse</strong></span> <span class='ocrx_word' id='word_1_540' title='bbox 1622 4458 1767 4520; x_wconf 86' lang='lat' dir='ltr'><strong>putat</strong></span> <span class='ocrx_word' id='word_1_541' title='bbox 1793 4452 1844 4504; x_wconf 88' lang='lat' dir='ltr'><strong>in</strong></span> <span class='ocrx_word' id='word_1_542' title='bbox 1868 4450 2140 4521; x_wconf 84' lang='lat' dir='ltr'><strong>provincia</strong></span> 
     </span>
    </p>
   </div>
   <div class='ocr_carea' id='block_1_76' title="bbox 558 4541 2140 4612">
    <p class='ocr_par' dir='ltr' id='par_1_76' title="bbox 558 4541 2140 4612">
     <span class='ocr_line' id='line_1_76' title="bbox 558 4541 2140 4612; baseline -0.003 -10"><span class='ocrx_word' id='word_1_543' title='bbox 558 4546 961 4608; x_wconf 87' lang='lat' dir='ltr'><strong>Proconsulari,</strong></span> <span class='ocrx_word' id='word_1_544' title='bbox 1018 4556 1141 4597; x_wconf 86' lang='lat' dir='ltr'><strong>nam</strong></span> <span class='ocrx_word' id='word_1_545' title='bbox 1189 4541 1492 4611; x_wconf 82' lang='lat' dir='ltr'><strong>pertinebat</strong></span> <span class='ocrx_word' id='word_1_546' title='bbox 1538 4541 1602 4594; x_wconf 92' lang='lat' dir='ltr'><strong>ad</strong></span> <span class='ocrx_word' id='word_1_547' title='bbox 1658 4542 1962 4612; x_wconf 81' lang='lat' dir='ltr'><strong>Byzacium.</strong></span> <span class='ocrx_word' id='word_1_548' title='bbox 2009 4543 2140 4599; x_wconf 86' lang='lat' dir='ltr'><strong>llinc</strong></span> 
     </span>
    </p>
   </div>
   <div class='ocr_carea' id='block_1_77' title="bbox 557 4632 2142 4703">
    <p class='ocr_par' dir='ltr' id='par_1_77' title="bbox 557 4632 2142 4703">
     <span class='ocr_line' id='line_1_77' title="bbox 557 4632 2142 4703; baseline -0.003 -9"><span class='ocrx_word' id='word_1_549' title='bbox 557 4641 612 4694; x_wconf 89' lang='lat' dir='ltr'><strong>in</strong></span> <span class='ocrx_word' id='word_1_550' title='bbox 636 4638 829 4693; x_wconf 83' lang='lat' dir='ltr'><strong>Nutitia</strong></span> <span class='ocrx_word' id='word_1_551' title='bbox 848 4636 1038 4690; x_wconf 66' lang='lat' dir='ltr'><strong>Africa</strong></span> <span class='ocrx_word' id='word_1_552' title='bbox 1065 4634 1202 4688; x_wconf 89' lang='lat' dir='ltr'><strong>inter</strong></span> <span class='ocrx_word' id='word_1_553' title='bbox 1219 4634 1521 4703; x_wconf 80' lang='lat' dir='ltr'><strong>Byzacenos</strong></span> <span class='ocrx_word' id='word_1_554' title='bbox 1542 4634 1803 4687; x_wconf 84' lang='lat' dir='ltr'><strong>asseritur</strong></span> <span class='ocrx_word' id='word_1_555' title='bbox 1817 4632 2142 4690; x_wconf 73' lang='lat' dir='ltr'><strong>Vindicianus</strong></span> 
     </span>
    </p>
   </div>
   <div class='ocr_carea' id='block_1_78' title="bbox 559 4724 2139 4796">
    <p class='ocr_par' dir='ltr' id='par_1_78' title="bbox 559 4724 2139 4796">
     <span class='ocr_line' id='line_1_78' title="bbox 559 4724 2139 4796; baseline -0.002 -12"><span class='ocrx_word' id='word_1_556' title='bbox 559 4727 994 4784; x_wconf 73' lang='lat' dir='ltr'><strong>Marasaniensis.</strong></span> <span class='ocrx_word' id='word_1_557' title='bbox 1026 4724 1139 4779; x_wconf 85' lang='lat' dir='ltr'><strong>Hoc</strong></span> <span class='ocrx_word' id='word_1_558' title='bbox 1164 4728 1334 4793; x_wconf 87' lang='lat' dir='ltr'><strong>ipsum</strong></span> <span class='ocrx_word' id='word_1_559' title='bbox 1361 4737 1427 4778; x_wconf 77' lang='lat' dir='ltr'><strong>ex</strong></span> <span class='ocrx_word' id='word_1_560' title='bbox 1451 4726 1722 4779; x_wconf 83' lang='lat' dir='ltr'><strong>Antonino</strong></span> <span class='ocrx_word' id='word_1_561' title='bbox 1740 4726 2021 4791; x_wconf 78' lang='lat' dir='ltr'><strong>evincitur,</strong></span> <span class='ocrx_word' id='word_1_562' title='bbox 2050 4729 2139 4796; x_wconf 87' lang='lat' dir='ltr'><strong>qui</strong></span> 
     </span>
    </p>
   </div>
   <div class='ocr_carea' id='block_1_79' title="bbox 559 4813 2138 4885">
    <p class='ocr_par' dir='ltr' id='par_1_79' title="bbox 559 4813 2138 4885">
     <span class='ocr_line' id='line_1_79' title="bbox 559 4813 2138 4885; baseline -0.002 -9"><span class='ocrx_word' id='word_1_563' title='bbox 559 4820 747 4877; x_wconf 83' lang='lat' dir='ltr'><strong>scribit</strong></span> <span class='ocrx_word' id='word_1_564' title='bbox 774 4819 841 4872; x_wconf 88' lang='lat' dir='ltr'><strong>ab</strong></span> <span class='ocrx_word' id='word_1_565' title='bbox 862 4817 1019 4885; x_wconf 80' lang='lat' dir='ltr'><strong>Aquis</strong></span> <span class='ocrx_word' id='word_1_566' title='bbox 1048 4813 1222 4885; x_wconf 79' lang='lat' dir='ltr'><strong>Regiis</strong></span> <span class='ocrx_word' id='word_1_567' title='bbox 1250 4814 1605 4869; x_wconf 75' lang='lat' dir='ltr'><strong>Marasaniam</strong></span> <span class='ocrx_word' id='word_1_568' title='bbox 1631 4831 1689 4870; x_wconf 78' lang='lat' dir='ltr'><strong>st.</strong></span> <span class='ocrx_word' id='word_1_569' title='bbox 1719 4828 1769 4870; x_wconf 65' lang='grc' dir='ltr'>ιδ.</span> <span class='ocrx_word' id='word_1_570' title='bbox 1804 4824 1891 4870; x_wconf 71' lang='grc' dir='ltr'><strong>ιν.</strong></span> <span class='ocrx_word' id='word_1_571' title='bbox 1926 4819 2138 4885; x_wconf 72' lang='lat' dir='ltr'><strong>Sttﬁbus</strong></span> 
     </span>
    </p>
   </div>
   <div class='ocr_carea' id='block_1_80' title="bbox 558 4906 2135 4979">
    <p class='ocr_par' dir='ltr' id='par_1_80' title="bbox 558 4906 2135 4979">
     <span class='ocr_line' id='line_1_80' title="bbox 558 4906 2135 4979; baseline -0.001 -13"><span class='ocrx_word' id='word_1_572' title='bbox 558 4929 618 4966; x_wconf 78' lang='lat' dir='ltr'><strong>st.</strong></span> <span class='ocrx_word' id='word_1_573' title='bbox 652 4928 702 4965; x_wconf 84' lang='lat' dir='ltr'><strong>P.</strong></span> <span class='ocrx_word' id='word_1_574' title='bbox 736 4922 925 4962; x_wconf 77' lang='lat' dir='ltr'><strong>xxvrtt.</strong></span> <span class='ocrx_word' id='word_1_575' title='bbox 957 4906 1133 4972; x_wconf 83' lang='lat' dir='ltr'><strong>Quare</strong></span> <span class='ocrx_word' id='word_1_576' title='bbox 1161 4908 1300 4961; x_wconf 84' lang='lat' dir='ltr'><strong>inter</strong></span> <span class='ocrx_word' id='word_1_577' title='bbox 1340 4909 1622 4961; x_wconf 82' lang='lat' dir='ltr'><strong>Sufetanos</strong></span> <span class='ocrx_word' id='word_1_578' title='bbox 1654 4916 1710 4962; x_wconf 87' lang='lat' dir='ltr'><strong>et</strong></span> <span class='ocrx_word' id='word_1_579' title='bbox 1738 4908 1915 4978; x_wconf 80' lang='lat' dir='ltr'><strong>Aquas</strong></span> <span class='ocrx_word' id='word_1_580' title='bbox 1946 4910 2135 4979; x_wconf 76' lang='lat' dir='ltr'><strong>Regius</strong></span> 
     </span>
    </p>
   </div>
   <div class='ocr_carea' id='block_1_81' title="bbox 558 4997 2135 5069">
    <p class='ocr_par' dir='ltr' id='par_1_81' title="bbox 558 4997 2135 5069">
     <span class='ocr_line' id='line_1_81' title="bbox 558 4997 2135 5069; baseline -0.002 -10"><span class='ocrx_word' id='word_1_581' title='bbox 558 5001 842 5069; x_wconf 86' lang='lat' dir='ltr'><strong>interjacet</strong></span> <span class='ocrx_word' id='word_1_582' title='bbox 889 4997 1188 5051; x_wconf 82' lang='lat' dir='ltr'><strong>Marasana.</strong></span> <span class='ocrx_word' id='word_1_583' title='bbox 1234 4997 1444 5051; x_wconf 83' lang='lat' dir='ltr'><strong>Priures</strong></span> <span class='ocrx_word' id='word_1_584' title='bbox 1486 5012 1613 5051; x_wconf 84' lang='lat' dir='ltr'><strong>vero</strong></span> <span class='ocrx_word' id='word_1_585' title='bbox 1664 4998 1827 5054; x_wconf 87' lang='lat' dir='ltr'><strong>urbes</strong></span> <span class='ocrx_word' id='word_1_586' title='bbox 1864 5003 2135 5069; x_wconf 79' lang='lat' dir='ltr'><strong>pertinere</strong></span> 
     </span>
    </p>
   </div>
   <div class='ocr_carea' id='block_1_82' title="bbox 559 5089 2135 5164">
    <p class='ocr_par' dir='ltr' id='par_1_82' title="bbox 559 5089 2135 5164">
     <span class='ocr_line' id='line_1_82' title="bbox 559 5089 2135 5164; baseline -0.003 -13"><span class='ocrx_word' id='word_1_587' title='bbox 559 5097 627 5152; x_wconf 87' lang='lat' dir='ltr'><strong>ad</strong></span> <span class='ocrx_word' id='word_1_588' title='bbox 660 5097 965 5164; x_wconf 87' lang='lat' dir='ltr'><strong>Byzacenos</strong></span> <span class='ocrx_word' id='word_1_589' title='bbox 992 5097 1204 5145; x_wconf 86' lang='lat' dir='ltr'><strong>constat</strong></span> <span class='ocrx_word' id='word_1_590' title='bbox 1230 5103 1298 5145; x_wconf 83' lang='lat' dir='ltr'><strong>ex</strong></span> <span class='ocrx_word' id='word_1_591' title='bbox 1324 5089 1520 5144; x_wconf 88' lang='lat' dir='ltr'><strong>Notitia</strong></span> <span class='ocrx_word' id='word_1_592' title='bbox 1542 5090 1771 5159; x_wconf 85' lang='lat' dir='ltr'><strong>laudata,</strong></span> <span class='ocrx_word' id='word_1_593' title='bbox 1793 5092 1847 5145; x_wconf 92' lang='lat' dir='ltr'><strong>in</strong></span> <span class='ocrx_word' id='word_1_594' title='bbox 1871 5106 1971 5161; x_wconf 83' lang='lat' dir='ltr'><strong>qua</strong></span> <span class='ocrx_word' id='word_1_595' title='bbox 1998 5093 2135 5147; x_wconf 86' lang='lat' dir='ltr'><strong>inter</strong></span> 
     </span>
    </p>
   </div>
   <div class='ocr_carea' id='block_1_83' title="bbox 559 5181 2133 5252">
    <p class='ocr_par' dir='ltr' id='par_1_83' title="bbox 559 5181 2133 5252">
     <span class='ocr_line' id='line_1_83' title="bbox 559 5181 2133 5252; baseline -0.004 -9"><span class='ocrx_word' id='word_1_596' title='bbox 559 5188 777 5243; x_wconf 87' lang='lat' dir='ltr'><strong>eosdem</strong></span> <span class='ocrx_word' id='word_1_597' title='bbox 810 5185 1155 5238; x_wconf 84' lang='lat' dir='ltr'><strong>nominantur</strong></span> <span class='ocrx_word' id='word_1_598' title='bbox 1187 5181 1451 5235; x_wconf 79' lang='lat' dir='ltr'><strong>Liberatus</strong></span> <span class='ocrx_word' id='word_1_599' title='bbox 1480 5184 1736 5252; x_wconf 83' lang='lat' dir='ltr'><strong>Aquarum</strong></span> <span class='ocrx_word' id='word_1_600' title='bbox 1759 5183 2057 5251; x_wconf 80' lang='lat' dir='ltr'><strong>Regiarum,</strong></span> <span class='ocrx_word' id='word_1_601' title='bbox 2086 5194 2133 5237; x_wconf 85' lang='lat' dir='ltr'><strong>et</strong></span> 
     </span>
    </p>
   </div>
   <div class='ocr_carea' id='block_1_84' title="bbox 558 5270 2135 5346">
    <p class='ocr_par' dir='ltr' id='par_1_84' title="bbox 558 5270 2135 5346">
     <span class='ocr_line' id='line_1_84' title="bbox 558 5270 2135 5346; baseline -0.001 -14"><span class='ocrx_word' id='word_1_602' title='bbox 558 5278 863 5332; x_wconf 82' lang='lat' dir='ltr'><strong>Eustrasius</strong></span> <span class='ocrx_word' id='word_1_603' title='bbox 887 5276 1187 5346; x_wconf 83' lang='lat' dir='ltr'><strong>Sufetanus.</strong></span> <span class='ocrx_word' id='word_1_604' title='bbox 1220 5273 1327 5329; x_wconf 82' lang='lat' dir='ltr'><strong>Sed</strong></span> <span class='ocrx_word' id='word_1_605' title='bbox 1349 5288 1510 5329; x_wconf 89' lang='lat' dir='ltr'><strong>omne</strong></span> <span class='ocrx_word' id='word_1_606' title='bbox 1534 5270 1752 5330; x_wconf 91' lang='lat' dir='ltr'><strong>dubium</strong></span> <span class='ocrx_word' id='word_1_607' title='bbox 1774 5272 2005 5346; x_wconf 85' lang='lat' dir='ltr'><strong>dispellit</strong></span> <span class='ocrx_word' id='word_1_608' title='bbox 2022 5277 2135 5331; x_wconf 85' lang='lat' dir='ltr'><strong>cul-</strong></span> 
     </span>
    </p>
   </div>
   <div class='ocr_carea' id='block_1_85' title="bbox 562 5362 2136 5436">
    <p class='ocr_par' dir='ltr' id='par_1_85' title="bbox 562 5362 2136 5436">
     <span class='ocr_line' id='line_1_85' title="bbox 562 5362 2136 5436; baseline -0.002 -12"><span class='ocrx_word' id='word_1_609' title='bbox 562 5373 689 5424; x_wconf 86' lang='lat' dir='ltr'><strong>latio</strong></span> <span class='ocrx_word' id='word_1_610' title='bbox 719 5368 1173 5435; x_wconf 78' lang='lat' dir='ltr'><strong>Carthaginensis,</strong></span> <span class='ocrx_word' id='word_1_611' title='bbox 1208 5366 1263 5419; x_wconf 93' lang='lat' dir='ltr'><strong>in</strong></span> <span class='ocrx_word' id='word_1_612' title='bbox 1288 5381 1390 5435; x_wconf 88' lang='lat' dir='ltr'><strong>qua</strong></span> <span class='ocrx_word' id='word_1_613' title='bbox 1421 5380 1539 5436; x_wconf 89' lang='lat' dir='ltr'><strong>cap.</strong></span> <span class='ocrx_word' id='word_1_614' title='bbox 1562 5365 1661 5420; x_wconf 72' lang='grc'><strong>127</strong></span> <span class='ocrx_word' id='word_1_615' title='bbox 1687 5368 1897 5435; x_wconf 85' lang='lat' dir='ltr'><strong>ponitur</strong></span> <span class='ocrx_word' id='word_1_616' title='bbox 1920 5362 2136 5421; x_wconf 82' lang='lat' dir='ltr'><strong>Publio-</strong></span> 
     </span>
    </p>
   </div>
   <div class='ocr_carea' id='block_1_86' title="bbox 560 5455 2136 5527">
    <p class='ocr_par' dir='ltr' id='par_1_86' title="bbox 560 5455 2136 5527">
     <span class='ocr_line' id='line_1_86' title="bbox 560 5455 2136 5527; baseline -0.001 -14"><span class='ocrx_word' id='word_1_617' title='bbox 560 5478 656 5513; x_wconf 76' lang='lat' dir='ltr'><strong>mts</strong></span> <span class='ocrx_word' id='word_1_618' title='bbox 682 5462 947 5527; x_wconf 78' lang='lat' dir='ltr'><strong>episcopus</strong></span> <span class='ocrx_word' id='word_1_619' title='bbox 977 5457 1137 5527; x_wconf 86' lang='lat' dir='ltr'><strong>plebis</strong></span> <span class='ocrx_word' id='word_1_620' title='bbox 1171 5455 1647 5521; x_wconf 77' lang='lat' dir='ltr'><strong>Basaradidacentc,</strong></span> <span class='ocrx_word' id='word_1_621' title='bbox 1680 5467 1732 5512; x_wconf 92' lang='lat' dir='ltr'><strong>et</strong></span> <span class='ocrx_word' id='word_1_622' title='bbox 1753 5473 1868 5525; x_wconf 86' lang='lat' dir='ltr'><strong>cap.</strong></span> <span class='ocrx_word' id='word_1_623' title='bbox 1904 5457 2007 5512; x_wconf 76' lang='grc'><strong>155</strong></span> <span class='ocrx_word' id='word_1_624' title='bbox 2043 5470 2136 5527; x_wconf 86' lang='lat' dir='ltr'><strong>ap-</strong></span> 
     </span>
    </p>
   </div>
   <div class='ocr_carea' id='block_1_87' title="bbox 562 5548 2134 5620">
    <p class='ocr_par' dir='ltr' id='par_1_87' title="bbox 562 5548 2134 5620">
     <span class='ocr_line' id='line_1_87' title="bbox 562 5548 2134 5620; baseline -0.002 -14"><span class='ocrx_word' id='word_1_625' title='bbox 562 5552 789 5619; x_wconf 70' lang='lat' dir='ltr'><strong>pellatur</strong></span> <span class='ocrx_word' id='word_1_626' title='bbox 822 5550 1105 5603; x_wconf 83' lang='lat' dir='ltr'><strong>Eunomius</strong></span> <span class='ocrx_word' id='word_1_627' title='bbox 1127 5551 1389 5620; x_wconf 82' lang='lat' dir='ltr'><strong>episcopus</strong></span> <span class='ocrx_word' id='word_1_628' title='bbox 1415 5550 1573 5619; x_wconf 78' lang='lat' dir='ltr'><strong>plebis</strong></span> <span class='ocrx_word' id='word_1_629' title='bbox 1604 5548 2015 5604; x_wconf 72' lang='lat' dir='ltr'><strong>Maramncnsis.</strong></span> <span class='ocrx_word' id='word_1_630' title='bbox 2034 5549 2134 5617; x_wconf 81' lang='lat' dir='ltr'><strong>lgi-</strong></span> 
     </span>
    </p>
   </div>
   <div class='ocr_carea' id='block_1_88' title="bbox 563 5641 2137 5712">
    <p class='ocr_par' dir='ltr' id='par_1_88' title="bbox 563 5641 2137 5712">
     <span class='ocr_line' id='line_1_88' title="bbox 563 5641 2137 5712; baseline 0 -15"><span class='ocrx_word' id='word_1_631' title='bbox 563 5655 647 5697; x_wconf 87' lang='lat' dir='ltr'><strong>tur</strong></span> <span class='ocrx_word' id='word_1_632' title='bbox 673 5643 819 5696; x_wconf 78' lang='lat' dir='ltr'><strong>stulti</strong></span> <span class='ocrx_word' id='word_1_633' title='bbox 851 5641 1023 5696; x_wconf 89' lang='lat' dir='ltr'><strong>solum</strong></span> <span class='ocrx_word' id='word_1_634' title='bbox 1055 5643 1311 5711; x_wconf 88' lang='lat' dir='ltr'><strong>suspicari</strong></span> <span class='ocrx_word' id='word_1_635' title='bbox 1340 5652 1564 5712; x_wconf 83' lang='lat' dir='ltr'><strong>possunt</strong></span> <span class='ocrx_word' id='word_1_636' title='bbox 1598 5654 1755 5697; x_wconf 83' lang='lat' dir='ltr'><strong>nnam</strong></span> <span class='ocrx_word' id='word_1_637' title='bbox 1786 5642 2137 5711; x_wconf 87' lang='lat' dir='ltr'><strong>eamdemque</strong></span> 
     </span>
    </p>
   </div>
   <div class='ocr_carea' id='block_1_89' title="bbox 562 5734 2137 5803">
    <p class='ocr_par' dir='ltr' id='par_1_89' title="bbox 562 5734 2137 5803">
     <span class='ocr_line' id='line_1_89' title="bbox 562 5734 2137 5803; baseline -0.001 -15"><span class='ocrx_word' id='word_1_638' title='bbox 562 5747 683 5788; x_wconf 87' lang='lat' dir='ltr'><strong>esse</strong></span> <span class='ocrx_word' id='word_1_639' title='bbox 710 5735 917 5800; x_wconf 86' lang='lat' dir='ltr'><strong>urbem,</strong></span> <span class='ocrx_word' id='word_1_640' title='bbox 946 5746 1065 5788; x_wconf 89' lang='lat' dir='ltr'><strong>cum</strong></span> <span class='ocrx_word' id='word_1_641' title='bbox 1098 5734 1293 5789; x_wconf 80' lang='lat' dir='ltr'><strong>ibidem</strong></span> <span class='ocrx_word' id='word_1_642' title='bbox 1334 5734 1568 5790; x_wconf 86' lang='lat' dir='ltr'><strong>distincti</strong></span> <span class='ocrx_word' id='word_1_643' title='bbox 1599 5734 1833 5803; x_wconf 85' lang='lat' dir='ltr'><strong>episcopi</strong></span> <span class='ocrx_word' id='word_1_644' title='bbox 1863 5735 2137 5803; x_wconf 89' lang='lat' dir='ltr'><strong>tttriusque</strong></span> 
     </span>
    </p>
   </div>
   <div class='ocr_carea' id='block_1_90' title="bbox 561 5823 2135 5897">
    <p class='ocr_par' dir='ltr' id='par_1_90' title="bbox 561 5823 2135 5897">
     <span class='ocr_line' id='line_1_90' title="bbox 561 5823 2135 5897; baseline -0.002 -16"><span class='ocrx_word' id='word_1_645' title='bbox 561 5825 950 5897; x_wconf 77' lang='lat' dir='ltr'><strong>Oppittidiserte</strong></span> <span class='ocrx_word' id='word_1_646' title='bbox 962 5827 1371 5885; x_wconf 83' lang='lat' dir='ltr'><strong>asserantur.Ex</strong></span> <span class='ocrx_word' id='word_1_647' title='bbox 1382 5824 1902 5885; x_wconf 77' lang='lat' dir='ltr'><strong>OrteliiTabularum</strong></span> <span class='ocrx_word' id='word_1_648' title='bbox 1916 5823 2135 5894; x_wconf 83' lang='lat' dir='ltr'><strong>mendo,</strong></span> 
     </span>
    </p>
   </div>
   <div class='ocr_carea' id='block_1_91' title="bbox 2246 3335 3782 3406">
    <p class='ocr_par' dir='ltr' id='par_1_91' title="bbox 2246 3335 3782 3406">
     <span class='ocr_line' id='line_1_91' title="bbox 2246 3335 3782 3406; baseline 0.001 -18"><span class='ocrx_word' id='word_1_649' title='bbox 2246 3335 2470 3389; x_wconf 75' lang='lat' dir='ltr'><strong>Melzitte</strong></span> <span class='ocrx_word' id='word_1_650' title='bbox 2497 3336 2707 3389; x_wconf 83' lang='lat' dir='ltr'><strong>civitatis</strong></span> <span class='ocrx_word' id='word_1_651' title='bbox 2742 3338 2795 3389; x_wconf 84' lang='lat' dir='ltr'><strong>in</strong></span> <span class='ocrx_word' id='word_1_652' title='bbox 2823 3338 3087 3406; x_wconf 84' lang='lat' dir='ltr'><strong>provincia</strong></span> <span class='ocrx_word' id='word_1_653' title='bbox 3117 3338 3485 3393; x_wconf 85' lang='lat' dir='ltr'><strong>Proconsulari</strong></span> <span class='ocrx_word' id='word_1_654' title='bbox 3508 3355 3524 3392; x_wconf 92' lang='lat'><em>:</em></span> <span class='ocrx_word' id='word_1_655' title='bbox 3552 3340 3628 3393; x_wconf 85' lang='lat' dir='ltr'><strong>Fit</strong></span> <span class='ocrx_word' id='word_1_656' title='bbox 3650 3348 3782 3394; x_wconf 73' lang='lat' dir='ltr'><strong>autem</strong></span> 
     </span>
    </p>
   </div>
   <div class='ocr_carea' id='block_1_92' title="bbox 2242 3429 3781 3504">
    <p class='ocr_par' dir='ltr' id='par_1_92' title="bbox 2242 3429 3781 3504">
     <span class='ocr_line' id='line_1_92' title="bbox 2242 3429 3781 3504; baseline 0.001 -21"><span class='ocrx_word' id='word_1_657' title='bbox 2242 3430 2309 3484; x_wconf 82' lang='lat' dir='ltr'><strong>ab</strong></span> <span class='ocrx_word' id='word_1_658' title='bbox 2336 3431 2569 3484; x_wconf 81' lang='lat' dir='ltr'><strong>omnibus</strong></span> <span class='ocrx_word' id='word_1_659' title='bbox 2605 3429 2835 3483; x_wconf 74' lang='lat' dir='ltr'><strong>Melditw</strong></span> <span class='ocrx_word' id='word_1_660' title='bbox 2857 3431 2924 3483; x_wconf 80' lang='lat' dir='ltr'><strong>ad</strong></span> <span class='ocrx_word' id='word_1_661' title='bbox 2946 3429 3347 3499; x_wconf 80' lang='lat' dir='ltr'><strong>Hipponitidem</strong></span> <span class='ocrx_word' id='word_1_662' title='bbox 3370 3433 3601 3503; x_wconf 84' lang='lat' dir='ltr'><strong>paludem</strong></span> <span class='ocrx_word' id='word_1_663' title='bbox 3621 3433 3781 3504; x_wconf 67' lang='lat' dir='ltr'><strong>posita,</strong></span> 
     </span>
    </p>
   </div>
   <div class='ocr_carea' id='block_1_93' title="bbox 2243 3516 3783 3596">
    <p class='ocr_par' dir='ltr' id='par_1_93' title="bbox 2243 3516 3783 3596">
     <span class='ocr_line' id='line_1_93' title="bbox 2243 3516 3783 3596; baseline -0.003 -17"><span class='ocrx_word' id='word_1_664' title='bbox 2243 3527 2391 3596; x_wconf 74' lang='lat' dir='ltr'><strong>cujus</strong></span> <span class='ocrx_word' id='word_1_665' title='bbox 2420 3528 2547 3579; x_wconf 85' lang='lat' dir='ltr'><strong>situs</strong></span> <span class='ocrx_word' id='word_1_666' title='bbox 2583 3534 2613 3578; x_wconf 87' lang='lat' dir='ltr'><strong>tt</strong></span> <span class='ocrx_word' id='word_1_667' title='bbox 2640 3521 2919 3578; x_wconf 80' lang='lat' dir='ltr'><strong>Ptolemtco</strong></span> <span class='ocrx_word' id='word_1_668' title='bbox 2947 3523 3270 3580; x_wconf 75' lang='lat' dir='ltr'><strong>describitur.</strong></span> <span class='ocrx_word' id='word_1_669' title='bbox 3312 3525 3387 3579; x_wconf 84' lang='lat' dir='ltr'><strong>ita</strong></span> <span class='ocrx_word' id='word_1_670' title='bbox 3421 3524 3666 3580; x_wconf 85' lang='lat' dir='ltr'><strong>Garnerio</strong></span> <span class='ocrx_word' id='word_1_671' title='bbox 3703 3516 3783 3576; x_wconf 81' lang='lat' dir='ltr'><strong>Pli-</strong></span> 
     </span>
    </p>
   </div>
   <div class='ocr_carea' id='block_1_94' title="bbox 2245 3613 3783 3685">
    <p class='ocr_par' dir='ltr' id='par_1_94' title="bbox 2245 3613 3783 3685">
     <span class='ocr_line' id='line_1_94' title="bbox 2245 3613 3783 3685; baseline -0.003 -15"><span class='ocrx_word' id='word_1_672' title='bbox 2245 3617 2385 3682; x_wconf 86' lang='lat' dir='ltr'><strong>nius,</strong></span> <span class='ocrx_word' id='word_1_673' title='bbox 2417 3630 2478 3670; x_wconf 90' lang='lat' dir='ltr'><strong>ac</strong></span> <span class='ocrx_word' id='word_1_674' title='bbox 2508 3616 2733 3672; x_wconf 81' lang='lat' dir='ltr'><strong>trecenti</strong></span> <span class='ocrx_word' id='word_1_675' title='bbox 2762 3624 2818 3671; x_wconf 84' lang='lat' dir='ltr'><strong>et</strong></span> <span class='ocrx_word' id='word_1_676' title='bbox 2857 3614 3046 3670; x_wconf 85' lang='lat' dir='ltr'><strong>decem</strong></span> <span class='ocrx_word' id='word_1_677' title='bbox 3088 3617 3328 3685; x_wconf 66' lang='lat' dir='ltr'><strong>episcotti</strong></span> <span class='ocrx_word' id='word_1_678' title='bbox 3369 3617 3647 3671; x_wconf 68' lang='lat' dir='ltr'><strong>Donatista:</strong></span> <span class='ocrx_word' id='word_1_679' title='bbox 3682 3613 3783 3667; x_wconf 87' lang='lat' dir='ltr'><strong>nulli</strong></span> 
     </span>
    </p>
   </div>
   <div class='ocr_carea' id='block_1_95' title="bbox 2242 3704 3783 3776">
    <p class='ocr_par' dir='ltr' id='par_1_95' title="bbox 2242 3704 3783 3776">
     <span class='ocr_line' id='line_1_95' title="bbox 2242 3704 3783 3776; baseline -0.004 -13"><span class='ocrx_word' id='word_1_680' title='bbox 2242 3716 2390 3763; x_wconf 80' lang='lat' dir='ltr'><strong>sunt.</strong></span> <span class='ocrx_word' id='word_1_681' title='bbox 2417 3706 2618 3762; x_wconf 83' lang='lat' dir='ltr'><strong>Plinius</strong></span> <span class='ocrx_word' id='word_1_682' title='bbox 2650 3708 2743 3762; x_wconf 85' lang='lat' dir='ltr'><strong>lib.</strong></span> <span class='ocrx_word' id='word_1_683' title='bbox 2770 3718 2822 3773; x_wconf 71' lang='grc' dir='ltr'>ν,</span> <span class='ocrx_word' id='word_1_684' title='bbox 2848 3721 2962 3775; x_wconf 89' lang='lat' dir='ltr'><strong>cap.</strong></span> <span class='ocrx_word' id='word_1_685' title='bbox 3001 3710 3055 3774; x_wconf 74' lang='grc'>4,</span> <span class='ocrx_word' id='word_1_686' title='bbox 3081 3710 3262 3763; x_wconf 81' lang='lat' dir='ltr'><strong>laudat</strong></span> <span class='ocrx_word' id='word_1_687' title='bbox 3293 3711 3343 3763; x_wconf 90' lang='lat' dir='ltr'><strong>in</strong></span> <span class='ocrx_word' id='word_1_688' title='bbox 3377 3709 3549 3766; x_wconf 80' lang='lat' dir='ltr'><strong>Africa</strong></span> <span class='ocrx_word' id='word_1_689' title='bbox 3574 3704 3783 3776; x_wconf 75' lang='lat' dir='ltr'><strong>Oppidum</strong></span> 
     </span>
    </p>
   </div>
   <div class='ocr_carea' id='block_1_96' title="bbox 2246 3796 3885 3869">
    <p class='ocr_par' dir='ltr' id='par_1_96' title="bbox 2246 3796 3885 3869">
     <span class='ocr_line' id='line_1_96' title="bbox 2246 3796 3885 3869; baseline -0.004 -16"><span class='ocrx_word' id='word_1_690' title='bbox 2246 3798 2606 3853; x_wconf 69' lang='lat' dir='ltr'><strong>Melzitanum.</strong></span> <span class='ocrx_word' id='word_1_691' title='bbox 2650 3800 2896 3869; x_wconf 82' lang='lat' dir='ltr'><strong>Bynodus</strong></span> <span class='ocrx_word' id='word_1_692' title='bbox 2928 3799 3234 3868; x_wconf 79' lang='lat' dir='ltr'><strong>Bagaiensis</strong></span> <span class='ocrx_word' id='word_1_693' title='bbox 3261 3802 3644 3855; x_wconf 80' lang='lat' dir='ltr'><strong>Donatistarum</strong></span> <span class='ocrx_word' id='word_1_694' title='bbox 3676 3797 3784 3850; x_wconf 84' lang='lat' dir='ltr'><strong>inter</strong></span> <span class='ocrx_word' id='word_1_695' title='bbox 3881 3796 3885 3803; x_wconf 84' lang='grc'><em>’</em></span> 
     </span>
    </p>
   </div>
   <div class='ocr_carea' id='block_1_97' title="bbox 2232 3883 3783 3962">
    <p class='ocr_par' dir='ltr' id='par_1_97' title="bbox 2232 3883 3783 3962">
     <span class='ocr_line' id='line_1_97' title="bbox 2232 3883 3783 3962; baseline -0.005 -15"><span class='ocrx_word' id='word_1_696' title='bbox 2232 3883 2526 3948; x_wconf 70' lang='lat' dir='ltr'><strong>duodecim</strong></span> <span class='ocrx_word' id='word_1_697' title='bbox 2542 3892 2876 3946; x_wconf 72' lang='lat' dir='ltr'><strong>ordinatos-es</strong></span> <span class='ocrx_word' id='word_1_698' title='bbox 2896 3892 3199 3946; x_wconf 81' lang='lat' dir='ltr'><strong>Maximiani</strong></span> <span class='ocrx_word' id='word_1_699' title='bbox 3217 3891 3646 3962; x_wconf 78' lang='lat' dir='ltr'><strong>Carthaginensis</strong></span> <span class='ocrx_word' id='word_1_700' title='bbox 3667 3890 3783 3943; x_wconf 86' lang='lat' dir='ltr'><strong>dam-</strong></span> 
     </span>
    </p>
   </div>
   <div class='ocr_carea' id='block_1_98' title="bbox 2246 3980 3782 4054">
    <p class='ocr_par' dir='ltr' id='par_1_98' title="bbox 2246 3980 3782 4054">
     <span class='ocr_line' id='line_1_98' title="bbox 2246 3980 3782 4054; baseline -0.006 -15"><span class='ocrx_word' id='word_1_701' title='bbox 2246 3992 2339 4039; x_wconf 85' lang='lat' dir='ltr'><strong>nat</strong></span> <span class='ocrx_word' id='word_1_702' title='bbox 2371 3984 2634 4039; x_wconf 69' lang='lat' dir='ltr'><strong>Valerium</strong></span> <span class='ocrx_word' id='word_1_703' title='bbox 2674 3980 3030 4037; x_wconf 76' lang='lat' dir='ltr'><strong>Melzitanum.</strong></span> <span class='ocrx_word' id='word_1_704' title='bbox 3063 3981 3213 4051; x_wconf 80' lang='lat' dir='ltr'><strong>Apud</strong></span> <span class='ocrx_word' id='word_1_705' title='bbox 3250 3987 3391 4054; x_wconf 86' lang='lat' dir='ltr'><strong>Aug.</strong></span> <span class='ocrx_word' id='word_1_706' title='bbox 3425 3985 3512 4039; x_wconf 76' lang='lat' dir='ltr'><strong>lib.</strong></span> <span class='ocrx_word' id='word_1_707' title='bbox 3557 3998 3609 4037; x_wconf 87' lang='grc' dir='ltr'><strong>ιιι</strong></span> <span class='ocrx_word' id='word_1_708' title='bbox 3636 3989 3782 4036; x_wconf 82' lang='lat' dir='ltr'><strong>contra</strong></span> 
     </span>
    </p>
   </div>
   <div class='ocr_carea' id='block_1_99' title="bbox 2242 4074 3783 4146">
    <p class='ocr_par' dir='ltr' id='par_1_99' title="bbox 2242 4074 3783 4146">
     <span class='ocr_line' id='line_1_99' title="bbox 2242 4074 3783 4146; baseline -0.006 -13"><span class='ocrx_word' id='word_1_709' title='bbox 2242 4079 2610 4142; x_wconf 81' lang='lat' dir='ltr'><strong>Cresconium,</strong></span> <span class='ocrx_word' id='word_1_710' title='bbox 2647 4090 2767 4144; x_wconf 87' lang='lat' dir='ltr'><strong>cap.</strong></span> <span class='ocrx_word' id='word_1_711' title='bbox 2801 4074 2867 4129; x_wconf 79' lang='grc'><strong>19</strong></span> <span class='ocrx_word' id='word_1_712' title='bbox 2894 4081 2946 4128; x_wconf 88' lang='lat' dir='ltr'><strong>et</strong></span> <span class='ocrx_word' id='word_1_713' title='bbox 2988 4075 3078 4130; x_wconf 75' lang='lat'><strong>53.</strong></span> <span class='ocrx_word' id='word_1_714' title='bbox 3114 4076 3283 4130; x_wconf 82' lang='lat' dir='ltr'><strong>Recte</strong></span> <span class='ocrx_word' id='word_1_715' title='bbox 3308 4092 3437 4146; x_wconf 68' lang='lat' dir='ltr'><strong>ergo</strong></span> <span class='ocrx_word' id='word_1_716' title='bbox 3466 4078 3516 4131; x_wconf 93' lang='lat' dir='ltr'><strong>in</strong></span> <span class='ocrx_word' id='word_1_717' title='bbox 3546 4074 3783 4129; x_wconf 86' lang='lat' dir='ltr'><strong>collatione</strong></span> 
     </span>
    </p>
   </div>
   <div class='ocr_carea' id='block_1_100' title="bbox 2240 4160 3781 4237">
    <p class='ocr_par' dir='ltr' id='par_1_100' title="bbox 2240 4160 3781 4237">
     <span class='ocr_line' id='line_1_100' title="bbox 2240 4160 3781 4237; baseline -0.007 -15"><span class='ocrx_word' id='word_1_718' title='bbox 2240 4180 2359 4236; x_wconf 86' lang='lat' dir='ltr'><strong>cap.</strong></span> <span class='ocrx_word' id='word_1_719' title='bbox 2404 4166 2496 4220; x_wconf 68' lang='grc'><strong>121</strong></span> <span class='ocrx_word' id='word_1_720' title='bbox 2532 4167 2726 4235; x_wconf 76' lang='lat' dir='ltr'><strong>legitur</strong></span> <span class='ocrx_word' id='word_1_721' title='bbox 2761 4178 2775 4218; x_wconf 86' lang='lat'><strong>:</strong></span> <span class='ocrx_word' id='word_1_722' title='bbox 2811 4164 2970 4218; x_wconf 83' lang='lat' dir='ltr'><strong>Tutus</strong></span> <span class='ocrx_word' id='word_1_723' title='bbox 3010 4160 3281 4234; x_wconf 81' lang='lat' dir='ltr'><strong>episcopus</strong></span> <span class='ocrx_word' id='word_1_724' title='bbox 3316 4167 3474 4237; x_wconf 85' lang='lat' dir='ltr'><strong>plebis</strong></span> <span class='ocrx_word' id='word_1_725' title='bbox 3515 4165 3781 4218; x_wconf 70' lang='lat' dir='ltr'><strong>Melsitunte.</strong></span> 
     </span>
    </p>
   </div>
   <div class='ocr_carea' id='block_1_101' title="bbox 2242 4255 3781 4327">
    <p class='ocr_par' dir='ltr' id='par_1_101' title="bbox 2242 4255 3781 4327">
     <span class='ocr_line' id='line_1_101' title="bbox 2242 4255 3781 4327; baseline -0.005 -13"><span class='ocrx_word' id='word_1_726' title='bbox 2242 4255 2356 4314; x_wconf 85' lang='lat' dir='ltr'><strong>Non</strong></span> <span class='ocrx_word' id='word_1_727' title='bbox 2398 4269 2576 4314; x_wconf 87' lang='lat' dir='ltr'><strong>tamen</strong></span> <span class='ocrx_word' id='word_1_728' title='bbox 2608 4259 3080 4327; x_wconf 86' lang='lat' dir='ltr'><strong>reprehendendus</strong></span> <span class='ocrx_word' id='word_1_729' title='bbox 3112 4266 3195 4315; x_wconf 86' lang='lat' dir='ltr'><strong>est</strong></span> <span class='ocrx_word' id='word_1_730' title='bbox 3232 4262 3572 4323; x_wconf 83' lang='lat' dir='ltr'><strong>Ptolemaeus,</strong></span> <span class='ocrx_word' id='word_1_731' title='bbox 3602 4258 3681 4313; x_wconf 92' lang='lat' dir='ltr'><strong>ubi</strong></span> <span class='ocrx_word' id='word_1_732' title='bbox 3703 4256 3781 4309; x_wconf 85' lang='lat' dir='ltr'><strong>huc</strong></span> 
     </span>
    </p>
   </div>
   <div class='ocr_carea' id='block_1_102' title="bbox 2241 4343 3782 4419">
    <p class='ocr_par' dir='ltr' id='par_1_102' title="bbox 2241 4343 3782 4419">
     <span class='ocr_line' id='line_1_102' title="bbox 2241 4343 3782 4419; baseline -0.005 -16"><span class='ocrx_word' id='word_1_733' title='bbox 2241 4350 2415 4419; x_wconf 85' lang='lat' dir='ltr'><strong>ipsum</strong></span> <span class='ocrx_word' id='word_1_734' title='bbox 2444 4349 2701 4418; x_wconf 91' lang='lat' dir='ltr'><strong>oppidum</strong></span> <span class='ocrx_word' id='word_1_735' title='bbox 2736 4349 3005 4403; x_wconf 80' lang='lat' dir='ltr'><strong>Melditam</strong></span> <span class='ocrx_word' id='word_1_736' title='bbox 3046 4358 3233 4413; x_wconf 84' lang='lat' dir='ltr'><strong>vocat;</strong></span> <span class='ocrx_word' id='word_1_737' title='bbox 3265 4350 3530 4404; x_wconf 75' lang='lat' dir='ltr'><strong>familiam</strong></span> <span class='ocrx_word' id='word_1_738' title='bbox 3559 4349 3687 4403; x_wconf 90' lang='lat' dir='ltr'><strong>enim</strong></span> <span class='ocrx_word' id='word_1_739' title='bbox 3710 4343 3782 4397; x_wconf 88' lang='lat' dir='ltr'><strong>iuit</strong></span> 
     </span>
    </p>
   </div>
   <div class='ocr_carea' id='block_1_103' title="bbox 2240 4434 3781 4511">
    <p class='ocr_par' dir='ltr' id='par_1_103' title="bbox 2240 4434 3781 4511">
     <span class='ocr_line' id='line_1_103' title="bbox 2240 4434 3781 4511; baseline -0.006 -16"><span class='ocrx_word' id='word_1_740' title='bbox 2240 4441 2474 4511; x_wconf 87' lang='lat' dir='ltr'><strong>antiquis</strong></span> <span class='ocrx_word' id='word_1_741' title='bbox 2505 4450 2601 4509; x_wconf 87' lang='lat' dir='ltr'><strong>pro</strong></span> <span class='ocrx_word' id='word_1_742' title='bbox 2627 4440 2666 4493; x_wconf 80' lang='grc' dir='ltr'><strong>Ζ</strong></span> <span class='ocrx_word' id='word_1_743' title='bbox 2696 4450 2952 4507; x_wconf 82' lang='lat' dir='ltr'><strong>usurpare</strong></span> <span class='ocrx_word' id='word_1_744' title='bbox 2985 4439 3050 4505; x_wconf 80' lang='grc' dir='ltr'>Β,</span> <span class='ocrx_word' id='word_1_745' title='bbox 3076 4453 3131 4493; x_wconf 88' lang='grc' dir='ltr'><strong>ιιι</strong></span> <span class='ocrx_word' id='word_1_746' title='bbox 3168 4440 3412 4509; x_wconf 81' lang='lat' dir='ltr'><strong>pluribus</strong></span> <span class='ocrx_word' id='word_1_747' title='bbox 3434 4440 3634 4495; x_wconf 85' lang='lat' dir='ltr'><strong>ostendi</strong></span> <span class='ocrx_word' id='word_1_748' title='bbox 3662 4434 3736 4491; x_wconf 87' lang='lat' dir='ltr'><strong>lib.</strong></span> <span class='ocrx_word' id='word_1_749' title='bbox 3754 4449 3781 4487; x_wconf 86' lang='grc' dir='ltr'><strong>ιι</strong></span> 
     </span>
    </p>
   </div>
   <div class='ocr_carea' id='block_1_104' title="bbox 2243 4528 3781 4602">
    <p class='ocr_par' dir='ltr' id='par_1_104' title="bbox 2243 4528 3781 4602">
     <span class='ocr_line' id='line_1_104' title="bbox 2243 4528 3781 4602; baseline -0.004 -16"><span class='ocrx_word' id='word_1_750' title='bbox 2243 4532 2381 4587; x_wconf 78' lang='lat' dir='ltr'><strong>Hist.</strong></span> <span class='ocrx_word' id='word_1_751' title='bbox 2414 4531 2618 4600; x_wconf 57' lang='lat' dir='ltr'><strong>Pelag”</strong></span> <span class='ocrx_word' id='word_1_752' title='bbox 2648 4544 2767 4599; x_wconf 83' lang='lat' dir='ltr'><strong>cap.</strong></span> <span class='ocrx_word' id='word_1_753' title='bbox 2805 4532 2857 4584; x_wconf 79' lang='grc'><strong>5.</strong></span> <span class='ocrx_word' id='word_1_754' title='bbox 2902 4528 2973 4582; x_wconf 84' lang='lat' dir='ltr'><strong>Ita</strong></span> <span class='ocrx_word' id='word_1_755' title='bbox 3008 4532 3058 4583; x_wconf 87' lang='lat' dir='ltr'><strong>itt</strong></span> <span class='ocrx_word' id='word_1_756' title='bbox 3088 4531 3277 4586; x_wconf 86' lang='lat' dir='ltr'><strong>eadem</strong></span> <span class='ocrx_word' id='word_1_757' title='bbox 3321 4532 3588 4602; x_wconf 74' lang='lat' dir='ltr'><strong>provincia</strong></span> <span class='ocrx_word' id='word_1_758' title='bbox 3617 4528 3781 4597; x_wconf 78' lang='lat' dir='ltr'><strong>Hippo-</strong></span> 
     </span>
    </p>
   </div>
   <div class='ocr_carea' id='block_1_105' title="bbox 2164 4599 3781 4688">
    <p class='ocr_par' dir='ltr' id='par_1_105' title="bbox 2164 4599 3781 4688">
     <span class='ocr_line' id='line_1_105' title="bbox 2164 4599 3781 4688; baseline -0.001 -17"><span class='ocrx_word' id='word_1_759' title='bbox 2164 4599 2219 4671; x_wconf 72' lang='grc' dir='ltr'><strong>Ῐ)</strong></span> <span class='ocrx_word' id='word_1_760' title='bbox 2243 4636 2365 4677; x_wconf 89' lang='lat' dir='ltr'><strong>nem</strong></span> <span class='ocrx_word' id='word_1_761' title='bbox 2403 4599 2731 4676; x_wconf 76' lang='lat' dir='ltr'><strong>Zarrutltum</strong></span> <span class='ocrx_word' id='word_1_762' title='bbox 2760 4622 2939 4675; x_wconf 84' lang='lat' dir='ltr'><strong>laudat</strong></span> <span class='ocrx_word' id='word_1_763' title='bbox 2967 4620 3303 4688; x_wconf 85' lang='lat' dir='ltr'><strong>Antoninus,</strong></span> <span class='ocrx_word' id='word_1_764' title='bbox 3321 4599 3398 4677; x_wconf 42' lang='grc' dir='ltr'><strong>-ει</strong></span> <span class='ocrx_word' id='word_1_765' title='bbox 3425 4622 3781 4677; x_wconf 79' lang='lat' dir='ltr'><strong>Zaritonensem</strong></span> 
     </span>
    </p>
   </div>
   <div class='ocr_carea' id='block_1_106' title="bbox 2245 4713 3781 4786">
    <p class='ocr_par' dir='ltr' id='par_1_106' title="bbox 2245 4713 3781 4786">
     <span class='ocr_line' id='line_1_106' title="bbox 2245 4713 3781 4786; baseline -0.004 -17"><span class='ocrx_word' id='word_1_766' title='bbox 2245 4716 2557 4786; x_wconf 86' lang='lat' dir='ltr'><strong>episcopum</strong></span> <span class='ocrx_word' id='word_1_767' title='bbox 2585 4713 2826 4769; x_wconf 89' lang='lat' dir='ltr'><strong>nominat</strong></span> <span class='ocrx_word' id='word_1_768' title='bbox 2855 4713 3070 4767; x_wconf 85' lang='lat' dir='ltr'><strong>collatio</strong></span> <span class='ocrx_word' id='word_1_769' title='bbox 3096 4728 3216 4781; x_wconf 89' lang='lat' dir='ltr'><strong>cap.</strong></span> <span class='ocrx_word' id='word_1_770' title='bbox 3250 4715 3375 4778; x_wconf 81' lang='grc'>159,</span> <span class='ocrx_word' id='word_1_771' title='bbox 3405 4724 3523 4769; x_wconf 88' lang='lat' dir='ltr'><strong>cum</strong></span> <span class='ocrx_word' id='word_1_772' title='bbox 3560 4714 3642 4767; x_wconf 86' lang='lat' dir='ltr'><strong>alii</strong></span> <span class='ocrx_word' id='word_1_773' title='bbox 3666 4724 3781 4766; x_wconf 84' lang='lat' dir='ltr'><strong>eam-</strong></span> 
     </span>
    </p>
   </div>
   <div class='ocr_carea' id='block_1_107' title="bbox 2244 4806 3506 4875">
    <p class='ocr_par' dir='ltr' id='par_1_107' title="bbox 2244 4806 3506 4875">
     <span class='ocr_line' id='line_1_107' title="bbox 2244 4806 3506 4875; baseline 0.001 -14"><span class='ocrx_word' id='word_1_774' title='bbox 2244 4807 2365 4863; x_wconf 90' lang='lat' dir='ltr'><strong>dem</strong></span> <span class='ocrx_word' id='word_1_775' title='bbox 2389 4808 2575 4861; x_wconf 89' lang='lat' dir='ltr'><strong>urbem</strong></span> <span class='ocrx_word' id='word_1_776' title='bbox 2607 4807 2903 4873; x_wconf 87' lang='lat' dir='ltr'><strong>Hipponem</strong></span> <span class='ocrx_word' id='word_1_777' title='bbox 2931 4806 3269 4875; x_wconf 81' lang='lat' dir='ltr'><strong>Diarrytltum</strong></span> <span class='ocrx_word' id='word_1_778' title='bbox 3299 4818 3506 4863; x_wconf 82' lang='lat' dir='ltr'><strong>vocent.</strong></span> 
     </span>
    </p>
   </div>
   <div class='ocr_carea' id='block_1_108' title="bbox 2314 4895 3779 4970">
    <p class='ocr_par' dir='ltr' id='par_1_108' title="bbox 2314 4895 3779 4970">
     <span class='ocr_line' id='line_1_108' title="bbox 2314 4895 3779 4970; baseline -0.003 -15"><span class='ocrx_word' id='word_1_779' title='bbox 2314 4900 2657 4955; x_wconf 77' lang='lat' dir='ltr'><strong>Pauraomus</strong></span> <span class='ocrx_word' id='word_1_780' title='bbox 2687 4895 3037 4951; x_wconf 73' lang='lat' dir='ltr'><strong>Puprtnuus.</strong></span> <span class='ocrx_word' id='word_1_781' title='bbox 3069 4896 3136 4950; x_wconf 82' lang='lat' dir='ltr'><strong>In</strong></span> <span class='ocrx_word' id='word_1_782' title='bbox 3174 4899 3446 4953; x_wconf 79' lang='lat' dir='ltr'><strong>collatione</strong></span> <span class='ocrx_word' id='word_1_783' title='bbox 3480 4909 3612 4970; x_wconf 84' lang='lat' dir='ltr'><strong>parte</strong></span> <span class='ocrx_word' id='word_1_784' title='bbox 3647 4895 3779 4964; x_wconf 78' lang='lat' dir='ltr'><strong>prima</strong></span> 
     </span>
    </p>
   </div>
   <div class='ocr_carea' id='block_1_109' title="bbox 2243 4989 3779 5066">
    <p class='ocr_par' dir='ltr' id='par_1_109' title="bbox 2243 4989 3779 5066">
     <span class='ocr_line' id='line_1_109' title="bbox 2243 4989 3779 5066; baseline -0.006 -18"><span class='ocrx_word' id='word_1_785' title='bbox 2243 4994 2425 5066; x_wconf 85' lang='lat' dir='ltr'><strong>legitur</strong></span> <span class='ocrx_word' id='word_1_786' title='bbox 2448 4992 2753 5045; x_wconf 80' lang='lat' dir='ltr'><strong>Pannonius</strong></span> <span class='ocrx_word' id='word_1_787' title='bbox 2782 4989 3124 5062; x_wconf 80' lang='lat' dir='ltr'><strong>Puppitanus,</strong></span> <span class='ocrx_word' id='word_1_788' title='bbox 3157 4992 3247 5046; x_wconf 84' lang='lat' dir='ltr'><strong>sed</strong></span> <span class='ocrx_word' id='word_1_789' title='bbox 3289 4994 3487 5063; x_wconf 78' lang='lat' dir='ltr'><strong>gemino</strong></span> <span class='ocrx_word' id='word_1_790' title='bbox 3524 4993 3652 5055; x_wconf 84' lang='lat' dir='ltr'><strong>uitia,</strong></span> <span class='ocrx_word' id='word_1_791' title='bbox 3690 5000 3779 5039; x_wconf 79' lang='lat' dir='ltr'><strong>cum</strong></span> 
     </span>
    </p>
   </div>
   <div class='ocr_carea' id='block_1_110' title="bbox 2244 5077 3780 5155">
    <p class='ocr_par' dir='ltr' id='par_1_110' title="bbox 2244 5077 3780 5155">
     <span class='ocr_line' id='line_1_110' title="bbox 2244 5077 3780 5155; baseline -0.008 -16"><span class='ocrx_word' id='word_1_792' title='bbox 2244 5086 2504 5140; x_wconf 77' lang='lat' dir='ltr'><strong>Pannbnii</strong></span> <span class='ocrx_word' id='word_1_793' title='bbox 2548 5100 2728 5139; x_wconf 85' lang='lat' dir='ltr'><strong>nomen</strong></span> <span class='ocrx_word' id='word_1_794' title='bbox 2770 5086 2992 5139; x_wconf 80' lang='lat' dir='ltr'><strong>insolens</strong></span> <span class='ocrx_word' id='word_1_795' title='bbox 3035 5087 3100 5139; x_wconf 84' lang='lat' dir='ltr'><strong>sit</strong></span> <span class='ocrx_word' id='word_1_796' title='bbox 3147 5086 3290 5155; x_wconf 78' lang='lat' dir='ltr'><strong>apud</strong></span> <span class='ocrx_word' id='word_1_797' title='bbox 3330 5087 3501 5155; x_wconf 75' lang='lat' dir='ltr'><strong>Afros,</strong></span> <span class='ocrx_word' id='word_1_798' title='bbox 3543 5077 3780 5136; x_wconf 80' lang='lat' dir='ltr'><strong>Panthmtii</strong></span> 
     </span>
    </p>
   </div>
   <div class='ocr_carea' id='block_1_111' title="bbox 2243 5174 3778 5251">
    <p class='ocr_par' dir='ltr' id='par_1_111' title="bbox 2243 5174 3778 5251">
     <span class='ocr_line' id='line_1_111' title="bbox 2243 5174 3778 5251; baseline -0.005 -18"><span class='ocrx_word' id='word_1_799' title='bbox 2243 5176 2520 5251; x_wconf 68' lang='lat' dir='ltr'><strong>familiare,</strong></span> <span class='ocrx_word' id='word_1_800' title='bbox 2552 5187 2600 5230; x_wconf 86' lang='lat' dir='ltr'><strong>et</strong></span> <span class='ocrx_word' id='word_1_801' title='bbox 2621 5179 2796 5231; x_wconf 82' lang='lat' dir='ltr'><strong>civitas</strong></span> <span class='ocrx_word' id='word_1_802' title='bbox 2820 5182 2971 5247; x_wconf 83' lang='lat' dir='ltr'><strong>cujus</strong></span> <span class='ocrx_word' id='word_1_803' title='bbox 2995 5178 3166 5231; x_wconf 81' lang='lat' dir='ltr'><strong>sedem</strong></span> <span class='ocrx_word' id='word_1_804' title='bbox 3198 5180 3354 5233; x_wconf 75' lang='lat' dir='ltr'><strong>tenuit</strong></span> <span class='ocrx_word' id='word_1_805' title='bbox 3386 5181 3580 5232; x_wconf 84' lang='lat' dir='ltr'><strong>dicatur</strong></span> <span class='ocrx_word' id='word_1_806' title='bbox 3604 5174 3778 5242; x_wconf 74' lang='lat' dir='ltr'><strong>Puppttl</strong></span> 
     </span>
    </p>
   </div>
   <div class='ocr_carea' id='block_1_112' title="bbox 2242 5264 3777 5340">
    <p class='ocr_par' dir='ltr' id='par_1_112' title="bbox 2242 5264 3777 5340">
     <span class='ocr_line' id='line_1_112' title="bbox 2242 5264 3777 5340; baseline -0.01 -13"><span class='ocrx_word' id='word_1_807' title='bbox 2242 5274 2296 5327; x_wconf 81' lang='lat' dir='ltr'><strong>in</strong></span> <span class='ocrx_word' id='word_1_808' title='bbox 2334 5270 2610 5325; x_wconf 77' lang='lat' dir='ltr'><strong>Itinerario</strong></span> <span class='ocrx_word' id='word_1_809' title='bbox 2646 5270 2911 5323; x_wconf 81' lang='lat' dir='ltr'><strong>Antonini.</strong></span> <span class='ocrx_word' id='word_1_810' title='bbox 2951 5270 3062 5323; x_wconf 90' lang='lat' dir='ltr'><strong>imo</strong></span> <span class='ocrx_word' id='word_1_811' title='bbox 3093 5274 3294 5340; x_wconf 86' lang='lat' dir='ltr'><strong>gemino</strong></span> <span class='ocrx_word' id='word_1_812' title='bbox 3324 5272 3447 5324; x_wconf 83' lang='lat' dir='ltr'><strong>vitio</strong></span> <span class='ocrx_word' id='word_1_813' title='bbox 3477 5270 3666 5323; x_wconf 88' lang='lat' dir='ltr'><strong>laborat</strong></span> <span class='ocrx_word' id='word_1_814' title='bbox 3688 5264 3777 5316; x_wconf 83' lang='lat' dir='ltr'><strong>btcc</strong></span> 
     </span>
    </p>
   </div>
   <div class='ocr_carea' id='block_1_113' title="bbox 2242 5354 3775 5433">
    <p class='ocr_par' dir='ltr' id='par_1_113' title="bbox 2242 5354 3775 5433">
     <span class='ocr_line' id='line_1_113' title="bbox 2242 5354 3775 5433; baseline -0.009 -15"><span class='ocrx_word' id='word_1_815' title='bbox 2242 5374 2491 5418; x_wconf 85' lang='lat' dir='ltr'><strong>censura.</strong></span> <span class='ocrx_word' id='word_1_816' title='bbox 2516 5361 2650 5416; x_wconf 80' lang='lat' dir='ltr'><strong>Cum</strong></span> <span class='ocrx_word' id='word_1_817' title='bbox 2687 5371 2862 5416; x_wconf 85' lang='lat' dir='ltr'><strong>textus</strong></span> <span class='ocrx_word' id='word_1_818' title='bbox 2896 5363 3215 5432; x_wconf 83' lang='lat' dir='ltr'><strong>epigraphes</strong></span> <span class='ocrx_word' id='word_1_819' title='bbox 3245 5362 3517 5433; x_wconf 78' lang='lat' dir='ltr'><strong>synodalis</strong></span> <span class='ocrx_word' id='word_1_820' title='bbox 3543 5376 3603 5413; x_wconf 82' lang='lat' dir='ltr'><strong>ex</strong></span> <span class='ocrx_word' id='word_1_821' title='bbox 3639 5354 3775 5409; x_wconf 50' lang='lat' dir='ltr'><strong>colla.</strong></span> 
     </span>
    </p>
   </div>
   <div class='ocr_carea' id='block_1_114' title="bbox 2242 5443 3776 5523">
    <p class='ocr_par' dir='ltr' id='par_1_114' title="bbox 2242 5443 3776 5523">
     <span class='ocr_line' id='line_1_114' title="bbox 2242 5443 3776 5523; baseline -0.01 -14"><span class='ocrx_word' id='word_1_822' title='bbox 2242 5455 2390 5509; x_wconf 88' lang='lat' dir='ltr'><strong>tione</strong></span> <span class='ocrx_word' id='word_1_823' title='bbox 2431 5454 2777 5523; x_wconf 82' lang='lat' dir='ltr'><strong>corrigendos</strong></span> <span class='ocrx_word' id='word_1_824' title='bbox 2816 5462 2992 5517; x_wconf 71' lang='lat' dir='ltr'><strong>esset,</strong></span> <span class='ocrx_word' id='word_1_825' title='bbox 3038 5464 3096 5507; x_wconf 89' lang='lat' dir='ltr'><strong>ut</strong></span> <span class='ocrx_word' id='word_1_826' title='bbox 3125 5456 3323 5522; x_wconf 87' lang='lat' dir='ltr'><strong>ubique</strong></span> <span class='ocrx_word' id='word_1_827' title='bbox 3365 5461 3586 5519; x_wconf 84' lang='lat' dir='ltr'><strong>erraret,</strong></span> <span class='ocrx_word' id='word_1_828' title='bbox 3626 5443 3776 5502; x_wconf 90' lang='lat' dir='ltr'><strong>tnaluit</strong></span> 
     </span>
    </p>
   </div>
   <div class='ocr_carea' id='block_1_115' title="bbox 2242 5534 3773 5616">
    <p class='ocr_par' dir='ltr' id='par_1_115' title="bbox 2242 5534 3773 5616">
     <span class='ocr_line' id='line_1_115' title="bbox 2242 5534 3773 5616; baseline -0.007 -15"><span class='ocrx_word' id='word_1_829' title='bbox 2242 5555 2450 5601; x_wconf 78' lang='lat' dir='ltr'><strong>textum</strong></span> <span class='ocrx_word' id='word_1_830' title='bbox 2474 5545 2777 5600; x_wconf 82' lang='lat' dir='ltr'><strong>collationis</strong></span> <span class='ocrx_word' id='word_1_831' title='bbox 2797 5547 2997 5599; x_wconf 75' lang='lat' dir='ltr'><strong>errbris</strong></span> <span class='ocrx_word' id='word_1_832' title='bbox 3018 5562 3266 5616; x_wconf 83' lang='lat' dir='ltr'><strong>arguere.</strong></span> <span class='ocrx_word' id='word_1_833' title='bbox 3286 5547 3342 5601; x_wconf 86' lang='lat' dir='ltr'><strong>in</strong></span> <span class='ocrx_word' id='word_1_834' title='bbox 3366 5560 3465 5601; x_wconf 89' lang='lat' dir='ltr'><strong>ms.</strong></span> <span class='ocrx_word' id='word_1_835' title='bbox 3491 5534 3773 5599; x_wconf 85' lang='lat' dir='ltr'><strong>serenissitni</strong></span> 
     </span>
    </p>
   </div>
   <div class='ocr_carea' id='block_1_116' title="bbox 2240 5629 3774 5709">
    <p class='ocr_par' dir='ltr' id='par_1_116' title="bbox 2240 5629 3774 5709">
     <span class='ocr_line' id='line_1_116' title="bbox 2240 5629 3774 5709; baseline -0.01 -16"><span class='ocrx_word' id='word_1_836' title='bbox 2240 5639 2419 5707; x_wconf 82' lang='lat' dir='ltr'><strong>magni</strong></span> <span class='ocrx_word' id='word_1_837' title='bbox 2450 5636 2602 5691; x_wconf 86' lang='lat' dir='ltr'><strong>ducis</strong></span> <span class='ocrx_word' id='word_1_838' title='bbox 2628 5649 2808 5706; x_wconf 82' lang='lat' dir='ltr'><strong>postea</strong></span> <span class='ocrx_word' id='word_1_839' title='bbox 2832 5638 3120 5705; x_wconf 83' lang='lat' dir='ltr'><strong>laudando,</strong></span> <span class='ocrx_word' id='word_1_840' title='bbox 3153 5640 3203 5693; x_wconf 92' lang='lat' dir='ltr'><strong>in</strong></span> <span class='ocrx_word' id='word_1_841' title='bbox 3226 5639 3515 5709; x_wconf 78' lang='lat' dir='ltr'><strong>epigraphe</strong></span> <span class='ocrx_word' id='word_1_842' title='bbox 3542 5650 3637 5691; x_wconf 83' lang='lat' dir='ltr'><strong>nun</strong></span> <span class='ocrx_word' id='word_1_843' title='bbox 3662 5629 3774 5683; x_wconf 83' lang='lat' dir='ltr'><strong>Pan-</strong></span> 
     </span>
    </p>
   </div>
   <div class='ocr_carea' id='block_1_117' title="bbox 2244 5715 3772 5799">
    <p class='ocr_par' dir='ltr' id='par_1_117' title="bbox 2244 5715 3772 5799">
     <span class='ocr_line' id='line_1_117' title="bbox 2244 5715 3772 5799; baseline -0.005 -17"><span class='ocrx_word' id='word_1_844' title='bbox 2244 5728 2469 5793; x_wconf 65' lang='lat' dir='ltr'><strong>Utonius,</strong></span> <span class='ocrx_word' id='word_1_845' title='bbox 2505 5729 2598 5782; x_wconf 86' lang='lat' dir='ltr'><strong>sed</strong></span> <span class='ocrx_word' id='word_1_846' title='bbox 2628 5727 2926 5783; x_wconf 73' lang='lat' dir='ltr'><strong>Pannonius</strong></span> <span class='ocrx_word' id='word_1_847' title='bbox 2961 5740 3108 5785; x_wconf 84' lang='lat' dir='ltr'><strong>recte</strong></span> <span class='ocrx_word' id='word_1_848' title='bbox 3132 5731 3345 5799; x_wconf 85' lang='lat' dir='ltr'><strong>legitur.</strong></span> <span class='ocrx_word' id='word_1_849' title='bbox 3388 5730 3572 5784; x_wconf 70' lang='lat' dir='ltr'><strong>Yet-nm</strong></span> <span class='ocrx_word' id='word_1_850' title='bbox 3596 5723 3698 5794; x_wconf 89' lang='lat' dir='ltr'><strong>quis</strong></span> <span class='ocrx_word' id='word_1_851' title='bbox 3716 5715 3772 5771; x_wconf 83' lang='lat' dir='ltr'><strong>illi</strong></span> 
     </span>
    </p>
   </div>
   <div class='ocr_carea' id='block_1_118' title="bbox 2244 5814 3773 5894">
    <p class='ocr_par' dir='ltr' id='par_1_118' title="bbox 2244 5814 3773 5894">
     <span class='ocr_line' id='line_1_118' title="bbox 2244 5814 3773 5894; baseline -0.006 -17"><span class='ocrx_word' id='word_1_852' title='bbox 2244 5821 2376 5878; x_wconf 81' lang='lat' dir='ltr'><strong>dixit</strong></span> <span class='ocrx_word' id='word_1_853' title='bbox 2401 5819 2662 5878; x_wconf 84' lang='lat' dir='ltr'><strong>Pannonii</strong></span> <span class='ocrx_word' id='word_1_854' title='bbox 2686 5836 2881 5879; x_wconf 82' lang='lat' dir='ltr'><strong>nomen</strong></span> <span class='ocrx_word' id='word_1_855' title='bbox 2910 5822 3153 5882; x_wconf 83' lang='lat' dir='ltr'><strong>insolens</strong></span> <span class='ocrx_word' id='word_1_856' title='bbox 3180 5838 3301 5881; x_wconf 83' lang='lat' dir='ltr'><strong>esse</strong></span> <span class='ocrx_word' id='word_1_857' title='bbox 3322 5822 3462 5894; x_wconf 88' lang='lat' dir='ltr'><strong>apud</strong></span> <span class='ocrx_word' id='word_1_858' title='bbox 3488 5814 3773 5882; x_wconf 82' lang='lat' dir='ltr'><strong>Alros,Pan-</strong></span> 
     </span>
    </p>
   </div>
  </div>
