3954 6364
159 372 240 431 977

805 356 1157 420 VARIORUM
1197 347 1728 414 EXERCITATIONI

1833 351 1898 408 lN
1940 354 1999 411 S.
2043 352 2411 411 AUGUSTINI
2450 352 2702 407 Ol‘EliA.

3283 350 3387 409 278

162 488 297 550 monii
329 494 454 542 Vero
496 483 793 541 familiare?
840 482 1043 538 Praeter
1073 481 1405 535 Pannonium
1446 474 1699 545 Puppita-
1729 474 1782 534 Α
1806 472 1997 528 fundit.
2020 473 2193 529 'Recte
2222 475 2274 528 in
2299 470 2586 527 collatione
2624 471 2925 527 Restitutus
2948 470 3245 541 appellatur
3274 472 3389 526 Mu-

162 602 281 653 num,
312 581 502 654 legitur
530 580 585 636 in
615 578 812 636 Notitia
843 578 1035 635 Africae
1064 577 1204 632 inter
1233 575 1553 631 Mauritanos
1578 568 1699 626 Creo
1739 582 1756 601 δ

160 680 386 739 saricnses
416 672 722 728 Pannonius
747 669 986 725 Bitensis.
1019 668 1195 724 Unum
1231 676 1435 722 tantum
1468 663 1701 719 Pantho-

162 774 275 827 nium
301 781 362 823 ex
392 764 679 835 depravata
713 762 1001 834 epigraphe
1032 761 1197 826 novit,
1216 758 1443 814 alterum
1464 771 1528 812 ex
1552 756 1701 810 inco-

162 864 289 937 gnitis
312 858 461 914 libris
481 872 544 913 ex
576 854 752 912 Africa
779 854 1029 926 appellet,
1056 863 1109 909 et
1132 863 1258 909 tunc
1280 851 1543 907 familiare
1563 846 1705 920 apud

168 956 289 1013 Afros
312 965 501 1006 nomen
519 947 804 1004 Panthonii
819 947 1117 1015 allirmabo,
1136 954 1191 1003 et
1213 946 1316 1002 erit
1330 944 1460 1000 mihi
1484 954 1708 1013 magnus

172 1045 340 1119 Apollo.
385 1040 540 1109 Quod
587 1050 722 1098 vero
769 1040 1046 1096 Contendit
1091 1055 1120 1095 a
1167 1039 1377 1109 Pupput
1425 1037 1743 1093 dicendum"

170 1156 259 1199 esse
281 1139 659 1209 Papputanum,
678 1144 785 1190 non
808 1131 1182 1205 Puppitanum,
1208 1132 1293 1186 vix
1312 1132 1445 1186 citra
1468 1128 1713 1199 indigna-

171 1237 330 1291 tionem
372 1229 435 1284 ab
478 1229 625 1285 Afris
666 1224 839 1282 au'diri
879 1233 1094 1295 posset,
1145 1223 1297 1293 quasi
1348 1223 1436 1277 hic
1483 1225 1713 1290 scriptor

169 1327 497 1385 Africanarum
540 1320 754 1376 urbium
790 1314 1050 1374 voeabula
1079 1311 1269 1370 melius
1306 1330 1464 1385 quam
1497 1314 1715 1383 ipsimet

170 1419 265 1477 Atri
289 1415 548 1473 declinare
575 1415 732 1470 sciat.
760 1413 817 1468 In
848 1410 1135 1467 collatione
1160 1424 1280 1479 cap.
1314 1408 1413 1464 18Ἱ
1441 1408 1582 1463 inter
1612 1405 1717 1461 Do-

172 1512 360 1569 natistas
395 1507 701 1562 nominatur
751 1501 1080 1559 Victurianus
1119 1499 1547 1569 Puppitanensis,
1578 1500 1731 1555 Pan-7

176 1603 292 1663 nonii
330 1597 567 1655 aemulus.
623 1596 949 1667 Synodicam
1006 1590 1467 1665 proconsularlum
1514 1598 1618 1647 act.
1682 1589 1718 1642 2

180 1696 361 1756 laudatae
384 1690 576 1766 synodi
605 1686 981 1747 Lateranensis
1009 1688 1300 1744 subscribit
1332 1682 1561 1743 Gulosus
1586 1685 1719 1757 Pup-

182 1794 375 1863 pirsnus;
417 1788 471 1841 in
512 1784 721 1858 synodo
766 1782 1028 1841 Bonifacii
1080 1781 1524 1854 Carthaginensis
1576 1795 1718 1836 anno

1805 567 2069 631 zuCeusis,
2089 566 2239 635 cujus
2256 567 2595 621 adversarius
2623 564 2897 619 Donatista
2926 580 3045 635 cap.
3063 565 3167 619 ’206
3196 565 3388 619 dicitur

1805 655 2024 713 Idazius
2053 658 2396 712 Muzucensis.
2429 659 2597 713 Porro
2628 659 2742 713 haec
2772 656 2899 713 urbs
2920 669 3037 713 erat
3064 658 3203 712 inter
3226 658 3393 727 Byza-

1807 766 2002 815 cenas;
2050 749 2190 805 unde
2218 750 2273 805 in
2305 750 2502 805 Notitia
2539 749 2732 805 Africae
2770 751 2909 804 inter
2954 750 3259 817 Byzacenns
3288 748 3395 816 epi-

1808 858 2000 915 scopos
2050 843 2305 900 recitatur
2350 840 2685 897 Innocentius
2733 841 3077 897 Musucensis.
3122 840 3392 895 Praeterea

1810 951 1961 992 more
1995 936 2155 991 solito
2190 934 2486 1001 divinatur;
2534 947 2657 988 nam
2700 933 2753 987 in
2791 934 3080 988 collatione
3123 947 3243 1001 cap.
3293 932 3396 987 155

1811 1032 2061 1089 scribitur
2121 1032 2407 1087 Restitutus
2461 1030 2729 1098 episcopus
2779 1027 2939 1099 plebis
2993 1028 3393 1097 Simingitensis.

1812 1123 1968 1179 Hunc
2001 1139 2127 1178 vero
2165 1132 2576 1178 annumeratum
2607 1118 3081 1190 proconsularibus
3108 1120 3303 1189 colligo
3330 1134 3397 1173 ex

1815 1218 2021 1290 synodo
2044 1214 2323 1280 Bonil‘acii,
2352 1216 2403 1268 in
2426 1226 2529 1283 qua
2557 1211 2858 1282 appellatur
2877 1209 3179 1265 Cresconius
3204 1211 3400 1281 cpisco-

1814 1325 1908 1382 pus
1957 1309 2117 1381 plebis
2175 1308 2559 1378 Simlngitanae.
2624 1304 2808 1374 itaque
2861 1311 3008 1358 errat
3064 1300 3398 1363 Garnerius,

1817 1402 1943 1457 dum
1972 1402 2236 1457 Restituto
2276 1398 2643 1468 Simingitensl
2674 1393 2965 1468 provinciae
2996 1393 3403 1450 Proconsularis
3500 1384 3505 1401 ⁸

1818 1494 2042 1559 omisso,
2070 1493 2395 1547 Restitutum
2417 1488 2797 1545 Muzucensem
2824 1502 2890 1543 ex
2921 1486 3148 1557 Byzacio
3173 1484 3239 1539 ad
3276 1484 3404 1539 Pro-

1819 1586 2156 1641 consularem
2182 1582 2530 1650 transferens,
2560 1579 2811 1638 eumdem
2832 1580 2887 1635 in
2914 1576 3271 1635 Muzulensem
3297 1577 3407 1647 epi-

1821 1692 2041 1745 scepum
2070 1678 2250 1732 vertit.

1894 1771 2179 1836 Rus'r‘tcus,
2209 1784 2305 1824 seu
2333 1768 2512 1840 potius
2540 1766 2894 1823 Rus'rtctssns
2915 1764 3301 1820 Tsnnscsums.
3319 1760 3409 1818 Sis

177 1855 259 1938 595
279 1878 516 1934 recitatur
544 1855 865 1931 Fortunatus
892 1874 1242 1949 Puppitanus.
1273 1875 1407 1942 Quis
1430 1882 1608 1929 autem
1633 1872 1717 1928 di-
1747 1858 1796 1920 Β
1822 1865 1960 1919 enim
1990 1864 2171 1935 legitur
2194 1863 2249 1916 in
2276 1861 2568 1915 collatione.
2602 1855 2730 1912 Fuit
2752 1868 2923 1913 autem
2949 1856 3182 1911 Tabraca
3209 1856 3410 1912 colonia

171 1972 290 2028 serit
315 1969 404 2025 lies
420 1968 708 2040 episcopos
732 1968 970 2025 nescisse
990 1983 1100 2025 suae
1122 1966 1275 2024 urbis
1302 1981 1499 2022 nomen
1531 1966 1721 2022 Latine

172 2062 415 2118 inﬂectere
427 2061 452 2117 l

227 2153 409 2209 Vicron
434 2151 702 2207 Vissusts.
732 2150 940 2224 Legitur
964 2151 1125 2221 ipsius
1144 2162 1329 2205 nomen
1356 2151 1411 2205 ln
1433 2148 1723 2205 collationis

168 2248 310 2317 prima
328 2253 483 2315 parte,
500 2253 574 2299 est
594 2250 763 2298 autem
787 2240 919 2297 Vina
942 2245 1118 2297 civitas
1146 2252 1304 2312 prope
1333 2238 1718 2313 Pupputanam.

164 2340 435 2405 Arlolatur;
467 2344 589 2393 nam
624 2350 747 2393 cum
787 2338 839 2392 in
885 2336 1042 2393 titulo
1078 2336 1345 2406 epistolae,
1384 2352 1543 2405 quam
1585 2336 1722 2392 adeo

164 2431 365 2492 eruditis
418 2431 560 2491 notis
613 2430 876 2501 illustrat,
919 2438 1029 2491 tres
1070 2429 1315 2491 Vtetores
1352 2435 1719 2505 nominentur,

164 2526 451 2585 earumdem
489 2520 647 2585 sedes
688 2538 753 2584 ex
788 2526 1080 2585 collatione
1120 2526 1531 2600 Carthagincnsi
1573 2528 1724 2599 expi-

160 2628 344 2677 scatur.
373 2618 611 2679 Priorem
641 2619 771 2677 dicit
798 2616 1109 2687 Viuensem,
1139 2616 1365 2675 alterum
1390 2618 1721 2691 Uticensem,

160 2720 467 2782 postremum
515 2712 911 2781 Miglrpensem.
945 2708 1099 2778 Quod
1137 2706 1208 2766 ita
1240 2718 1337 2779 pro
1367 2710 1725 2787 arbitriolbo-

160 2820 266 2862 rum
290 2805 555 2861 Victorum
580 2802 736 2861 sedes
760 2802 1020 2876 disponit,
1053 2804 1252 2860 nullam
1283 2800 1547 2861 Garnerio
1574 2820 1723 2876 quaa-

158 2900 369 2957 Stionem
398 2898 560 2965 facio,
589 2896 834 2970 quamvis
858 2900 1004 2967 prior
1036 2898 1272 2970 potuerit
1293 2906 1413 2955 esse
1443 2897 1729 2968 Migirpen—

158 2992 245 3057 sis,
265 2998 561 3062 postremus
588 3000 765 3048 autem
807 2990 1099 3057 Uticensis,
1126 3000 1183 3049 et
1210 2988 1418 3049 medius
1444 2986 1724 3048 Vinensis.

161 3083 264 3137 Hoc
296 3083 534 3138 eumdem
567 3083 949 3154 interrogatum
994 3083 1157 3139 velim
1193 3094 1290 3139 cur
1317 3088 1432 3140 tres
1466 3081 1602 3139 alios
1633 3080 1726 3137 Vi-

158 3184 335 3240 ctores,
363 3176 448 3245 qui
479 3175 534 3231 in
559 3170 841 3232 collatione
868 3182 1238 3237 recensentur.
1265 3176 1464 3243 omisit,
1491 3175 1726 3231 nullum-

1825 1958 1879 2011 in
1906 1958 2019 2027 ipso
2057 1955 2281 2023 conﬁnio
2324 1954 2596 2024 provincia:
2625 1951 3021 2006 Proconsularis
3050 1959 3097 2004 et
3127 1948 3410 2014 Numidia,

1823 2049 1962 2103 unde
1984 2050 2177 2117 factum
2198 2055 2271 2101 est
2298 2058 2352 2101 ut
2377 2061 2479 2099 una
2508 2062 2628 2116 pars
2656 2050 2923 2099 auctorum
2950 2044 3005 2097 in
3034 2042 3305 2109 Numidia,
3323 2042 3413 2095 alii

1823 2142 1879 2196 in
1922 2139 2194 2194 Prouincia
2235 2140 2564 2193 collocarent.
2608 2136 2898 2192 Infeliciter
2939 2136 3157 2190 labitur.
3200 2135 3412 2190 Etenim

1826 2248 1950 2288 cum
1974 2233 2024 2287 in
2049 2232 2335 2287 collatione
2366 2231 2571 2285 nullum
2602 2229 2881 2285 Rusticum
2908 2226 3237 2298 appellatum
3266 2226 3413 2296 lege-

1825 2336 1909 2383 ret
1945 2340 2052 2397 quo
2098 2326 2256 2395 hujus
2296 2324 2532 2393 episcopi
2571 2325 2755 2381 sedem
2793 2324 3119 2394 deeignaret,
3165 2321 3414 2378 eumdem

1826 2434 1895 2480 ex
1923 2419 2141 2478 Rustico
2171 2419 2224 2477 in
2257 2418 2630 2477 Rusticiannm
2668 2417 2917 2475 mutavit.
2954 2415 3060 2471 Sed
3088 2415 3140 2469 iu
3172 2414 3274 2469 hoc
3297 2421 3415 2469 tur~

1827 2519 1968 2589 piter
1989 2520 2149 2573 etiam
2177 2525 2358 2581 errat;
2406 2530 2526 2570 nam
2566 2513 2814 2585 superius
2846 2512 3155 2583 episcopum
3186 2509 3276 2582 qui
3309 2517 3416 2565 ter-

1828 2614 1935 2667 tius
1962 2611 2030 2667 ab
2066 2610 2284 2667 Aurelio
2314 2611 2540 2679 primate
2574 2609 2626 2663 in
2665 2606 2956 2679 epigraphe
2988 2606 3201 2676 legitur,
3235 2605 3417 2675 appel-

1826 2701 1963 2757 larat
2006 2700 2361 2755 Rusticianum
2394 2699 2782 2754 Tabracensem.
2815 2696 3000 2768 Itaque
3029 2705 3249 2751 auctore
3279 2695 3415 2750 Gar-

1828 2793 1980 2849 nerio
2027 2808 2171 2847 anno
2219 2793 2343 2859 416,
2389 2791 2643 2847 Tabracaa
2695 2790 2801 2847 duo
2840 2790 3135 2845 Rusticiani
3178 2790 3418 2861 episcopi

1828 2885 2079 2940 catholici
2120 2883 2400 2949 sedebant,
2444 2892 2503 2938 ut
2548 2882 2831 2952 Ecclesiae,
2868 2882 3320 2952 quemadmodum
3366 2890 3419 2938 et

1828 2975 1993 3032 urbes
2014 2974 2067 3031 id
2091 2976 2350 3045 temporis
2368 2976 2713 3045 regebantur,
2749 2988 2877 3031 suos
2909 2974 3193 3031 habuerint
3227 2972 3420 3030 duum-

1830 3080 1993 3123 “1'05.

1902 3163 2350 3218 Fonruusrtsnus
2389 3160 2801 3218 Nearontrsnus
2841 3163 2928 3219 vel
2964 3164 3254 3222 Siccensis.
3284 3166 3422 3222 For-

158 3280 251 3332 que
270 3278 450 3321 eorum
465 3260 521 3322 in
538 3275 835 3323 memorata
852 3267 1143 3338 epigraphe
1167 3267 1500 3323 nominatum
1514 3267 1722 3323 voluit?
1750 3253 1799 3317 C
1828 3260 2083 3314 lunatiani
2097 3256 2434 3328 duo-celebres
2456 3258 2753 3312 exstiterunt
2771 3265 2888 3312 tunc
2909 3260 3151 3327 temporis
3168 3276 3187 3314 :
3212 3260 3423 3333 Neapo-

160 3354 470 3413 Recensetur
510 3370 633 3427 cap:
661 3358 763 3414 116
793 3355 973 3414 Victor
1003 3357 1386 3414 Libertinensis.
1418 3354 1567 3414 Hanc
1596 3373 1725 3414 vero

163 3447 331 3503 urbem
360 3456 634 3519 spectasse
659 3448 727 3504 ad
756 3450 1169 3519 proconsulares
1200 3455 1348 3519 patet
1376 3463 1440 3505 ex
1472 3446 1726 3520 synodica

163 3538 388 3605 ejusdem
426 3538 717 3610 provincia:
756 3554 863 3597 act.
894 3542 931 3595 2
959 3541 1174 3598 concilii
1206 3536 1605 3610 Lateranensls,
1637 3541 1728 3596 ubi

162 3629 340 3700 legitur
363 3629 648 3687 Ianuarius
666 3635 835 3705 gratia
862 3632 958 3689 Dei
978 3635 1246 3706 episcopus
1267 3634 1328 3689 8.
1346 3628 1410 3687 Ε.
1432 3632 1727 3687 Libertinos.

164 3720 352 3779 Rursus
370 3724 422 3778 in
455 3723 643 3780 eadem
670 3720 954 3781 collatione
978 3727 1235 3781 recitatur
1261 3736 1379 3794 cap.
1412 3723 1520 3780 215
1556 3722 1731 3778 Victor

165 3815 471 3871 Abitinensis.
511 3816 580 3872 Et
618 3815 758 3872 hunc
800 3816 1003 3888 pariter
1038 3814 1512 3888 proconsularibus
1543 3828 1733 3872 accen-

167 3906 374 3962 sendum
399 3916 610 3964 constat
637 3920 703 3965 ex
733 3909 978 3979 proxime
1006 3904 1217 3963 laudata
1248 3908 1523 3980 synodica,
1547 3906 1600 3963 in
1629 3922 1731 3977 qua

168 3998 450 4056 nominatur
475 3999 771 4073 Augustalis
795 4001 961 4074 gratia
983 3998 1082 4055 Dei
1103 4002 1367 4072 episcopus
1390 3999 1451 4055 S.
1478 3999 1545 4056 E.
1572 3998 1735 4054 Abiti-

171 4088 360 4155 nensis;
405 4098 459 4148 et
503 4090 645 4162 apud
692 4093 1017 4162 Cyprianum
1064 4090 1288 4147 habetur
1314 4092 1628 4149 Saturninus
1670 4093 1734 4148 ab

172 4180 417 4238 Abbitinis.
445 4180 686 4255 Denique
718 4186 910 4240 tertius
952 4182 1138 4240 Victor
1174 4184 1407 4240 occurrit
1438 4198 1557 4254 cap.
1610 4183 1732 4253 155,

174 4275 251 4327 ubi
278 4274 459 4333 dicitur
488 4276 827 4334 subscribere
866 4272 1087 4345 Quintus
1118 4290 1212 4347 pro
1261 4274 1467 4332 Victore
1494 4278 1735 4347 episcopo

176 4366 619 4428 Tuburbimnorum
652 4375 929 4428 minorum.
966 4373 1155 4429 Fuisse
1181 4388 1310 4429 vero
1336 4369 1647 4430 Tuburbum
1680 4370 1734 4429 in

178 4458 527 4521 Proconsulari
555 4460 711 4522 docet
730 4462 931 4523 Notltla
969 4460 1198 4537 Africae,
1227 4466 1281 4524 in
1305 4482 1407 4539 qua
1437 4468 1735 4539 appellatur

178 4553 436 4612 Benenatus
463 4552 849 4613 Tuburbitensis
866 4570 886 4626 ;
917 4562 971 4615 et
1003 4560 1277 4629 utriusque
1305 4554 1541 4615 Tuburbl
1571 4562 1731 4615 situm

180 4648 222 4702 in
246 4630 607 4707 Proconsulari
630 4650 887 4707 exhibent
910 4644 1130 4708 Tabulae
1156 4649 1600 4723 Peutingerianre.
1628 4648 1735 4709 Cur
1760 4630 1812 4692 Ῑ)

180 4756 288 4812 ergo
324 4754 427 4800 tres
453 4742 618 4801 hosce
642 4742 910 4811 Victores,
950 4746 1040 4815 qui
1073 4760 1215 4800 anno
1236 4744 1336 4800 111
1370 4746 1543 4800 eidem
1570 4747 1735 4801 colla-

183 4832 291 4888 tioni
322 4851 438 4892 cum
484 4837 654 4892 tribus
681 4836 799 4891 aliis
840 4853 974 4907 quos
1002 4836 1183 4892 laudat
1214 4834 1536 4902 interfuere,
1587 4852 1617 4892 a
1648 4852 1737 4909 sy-

182 4920 302 4982 nodo
332 4930 453 4984 anni
492 4924 601 4986 “6
639 4930 899 4987 exclusit?
932 4926 1041 4986 Cur
1081 4947 1241 4986 unum
1283 4930 1474 4986 saltem
1517 4947 1585 4987 ex
1628 4928 1736 4988 illis

186 5018 299 5073 intra
323 5023 582 5092 synodum
615 5039 721 5078 non
753 5023 991 5090 admisit,
1032 5022 1125 5079 sed
1171 5024 1509 5080 solummodo
1535 5024 1737 5080 Viuen-

185 5124 297 5179 sem,
321 5112 640 5181 Uticensem,
674 5124 727 5171 et
748 5114 1157 5187 Migirpensem?
1180 5114 1426 5172 Proiecto
1459 5114 1627 5183 vides,
1659 5117 1734 5172 mi

186 5202 385 5274 Antoni,
425 5204 748 5264 Garnerium
788 5206 875 5264 liic
902 5224 1112 5279 purum
1160 5218 1349 5281 putum
1392 5208 1735 5266 ariolatorem

189 5310 337 5366 agere.

245 5388 564 5451 RESTITUTUS
589 5390 945 5453 Muzussnsrs.
984 5395 1197 5470 Legitur
1229 5397 1283 5452 in
1314 5395 1587 5452 collatione
1616 5397 1739 5453 Mu-

191 5487 397 5552 sucensis,
428 5488 519 5541 sed
542 5489 849 5561 Augustinus
871 5488 958 5545 lib.
984 5506 1055 5544 vn
1085 5489 1225 5564 (lege
1252 5490 1324 5559 v1)
1360 5499 1537 5543 contra
1560 5489 1740 5545 Dona-

192 5579 388 5649 natistas,
426 5598 543 5652 cap.
593 5584 680 5649 41,
706 5586 933 5639 meminit
967 5585 1192 5655 episcopi
1224 5582 1559 5652 Musulensis,
1589 5602 1735 5655 quem

195 5669 317 5738 fuisse
331 5677 603 5746 provincia:
617 5674 1008 5731 Proconsularis
1034 5676 1219 5747 colligo
1241 5693 1305 5731 ea:
1322 5670 1528 5730 Notitia
1550 5682 1737 5745 sazpius

197 5763 389 5839 laudata,
415 5771 471 5825 in
492 5787 594 5842 qua
620 5780 916 5825 numeratur
941 5768 1074 5823 inter
1099 5772 1283 5841 ejectos
1304 5784 1367 5823 ea:
1390 5784 1449 5822 ea
1472 5769 1736 5837 provincia

199 5858 419 5935 'Pimpos
460 5852 619 5928 Felix
659 5852 993 5924 Musulamis.
1018 5858 1371 5936 Geographus
1401 5862 1563 5921 urbes
1598 5878 1734 5926 con.

1831 3354 2005 3407 litana:
2043 3366 2196 3417 unus,
2226 3351 2357 3404 alter
2389 3349 2645 3404 Siccensis
2679 3347 2922 3405 Ecclesia
2950 3351 3242 3421 episcopus,
3279 3363 3420 3406 uter-

1828 3458 1925 3517 que
1956 3438 2353 3498 Proconsularis
2385 3442 2678 3512 provincia,
2724 3444 2831 3497 etc.
2879 3442 3100 3514 Uterque
3139 3445 3248 3499 sine
3268 3444 3422 3500 dubio

1830 3537 2060 3609 interfuit
2091 3536 2337 3607 Africano
2359 3535 2578 3590 concilio
2604 3551 2693 3589 an.
2722 3532 2849 3591 418.
2884 3533 3149 3591 Incertum
3179 3546 3289 3593 uter
3314 3537 3422 3593 ele-

1832 3639 1942 3683 ctus
1972 3628 2037 3683 ad
2064 3629 2314 3697 ﬁniendas
2341 3642 2523 3681 causas
2542 3642 2660 3681 cum
2681 3627 2798 3680 aliis
2827 3629 3200 3698 provinciarum
3223 3631 3421 3701 legatis.

1838 3722 2059 3794 Uterque
2098 3724 2292 3793 pariter
2326 3722 2561 3792 interfuit
2596 3722 2812 3775 concilio
2856 3722 3131 3776 universali
3175 3740 3260 3776 an.
3294 3720 3421 3780 419.

1835 3818 2098 3872 Incertum
2118 3817 2284 3870 utrius
2310 3830 2493 3870 nomen
2526 3815 2832 3885 praeferatur
2856 3816 2910 3869 in
2930 3817 3143 3886 epistola
3180 3818 3425 3886 Afrorum

1835 3908 1904 3966 ad
1931 3911 1991 3967 S.
2031 3909 2380 3966 Caelestinum.
2418 3910 2603 3966 Laudo
2642 3908 2874 3965 hominis
2914 3910 3289 3977 eruditionem,
3331 3910 3425 3982 qui

1836 4005 1972 4060 duos
2000 4004 2418 4059 Fortunatianos
2443 4002 2618 4070 novit,
2646 4014 2849 4073 eosque
2880 4002 2935 4057 in
2955 4002 3180 4057 diversis
3201 4002 3424 4060 urbibus

1837 4100 2145 4165 collocavit;
2195 4098 2420 4155 verebar
2444 4098 2586 4154 enim
2618 4106 2687 4152 ne
2725 4097 2864 4152 duos
2893 4096 3306 4151 Fortunatianos
3334 4097 3427 4153 uni

1837 4193 1955 4250 urbi
1982 4191 2301 4262 praeficeret.
2326 4188 2775 4261 quemadmodum
2798 4188 2932 4243 duos
2961 4186 3306 4243 Rusticianos
3333 4190 3425 4244 uni

1838 4285 2038 4339 civitati
2081 4284 2319 4337 donavit.
2368 4280 2568 4338 Verum
2616 4280 2798 4337 statim
2829 4280 3056 4351 cespitat
3092 4287 3147 4335 et
3184 4295 3425 4351 praeceps

1838 4376 1968 4432 ruit.
2011 4375 2164 4441 Quod
2196 4376 2339 4430 enim
2372 4375 2447 4428 ait
2472 4378 2759 4442 utrumque
2790 4370 3234 4427 Fortunatianum
3262 4372 3428 4428 inter-

1839 4474 2007 4528 fuisse
2036 4471 2265 4527 concilio
2291 4468 2581 4525 universali
2609 4468 2803 4524 Africa:
2835 4484 2925 4523 an.
2947 4466 3298 4537 4l9,admitti
3320 4483 3427 4523 non

1839 4575 2039 4639 potest,
2063 4566 2165 4621 nisi
2196 4573 2436 4620 mortuos
2466 4564 2747 4634 episcopos
2773 4560 3022 4632 suﬂ‘ragia
3051 4561 3178 4616 dare
3207 4576 3269 4616 ac
3298 4576 3427 4617 sen-

1841 4661 2036 4717 tentias
2083 4659 2266 4714 dicere
2315 4658 2598 4727 ﬁngamus.
2638 4657 2796 4711 Anno
2844 4652 2950 4709 419
2996 4654 3162 4711 Siccae
3207 4652 3429 4711 sedebat

1840 4753 2089 4811 Urbanus
2121 4754 2173 4808 in
2206 4752 2401 4808 mortui
2447 4750 2818 4808 Fortunatiani
2863 4749 3037 4806 locum
3083 4749 3424 4821 subrogatus,

1838 4844 1960 4918 qui,
1992 4862 2114 4900 cum
2137 4859 2279 4900 anno
2306 4844 2568 4914 superiori
2603 4842 2877 4914 Apiarium
2914 4842 3020 4911 igni
3062 4856 3307 4910 aquaque
3347 4842 3431 4897 in-

1839 4938 2175 5005 terdixisset,
2210 4949 2265 4995 et
2291 4939 2375 4994 hic
2404 4940 2469 4993 ad
2501 4938 2776 4994 Zosimum
2804 4936 3147 5005 appellasset,
3177 4936 3372 4992 acriter
3398 4953 3429 4993 a

1838 5032 2091 5103 pontiﬁce
2112 5032 2472 5099 reprehensus
2501 5028 2635 5097 fuit;
2670 5030 2812 5084 unde
2834 5027 3201 5084 diuturniores
3230 5028 3335 5083 ille
3360 5029 3430 5085 de

1842 5123 2294 5194 appellationibus
2316 5121 2700 5178 controversim
2724 5119 2881 5176 Afros
2903 5119 3044 5174 inter
3060 5128 3115 5174 et
3130 5120 3433 5177 Romanam

1840 5215 2023 5274 sedem
2059 5216 2338 5271 exordium
2370 5215 2594 5270 duxere.
2637 5214 2691 5267 ln
2724 5213 2916 5267 litteris
2948 5211 3139 5283 synodi
3168 5213 3434 5270 Africanas

1840 5323 1984 5363 anno
2009 5307 2113 5363 M9
2141 5307 2205 5362 ad
2239 5306 2569 5362 Bonifacium
2598 5302 2906 5374 pontiﬁcem
2928 5302 3070 5359 datis
3100 5303 3214 5361 haec
3238 5306 3434 5377 legun-

1839 5412 1957 5458 tur:
1978 5399 2134 5456 Prior
2156 5410 2325 5456 autem
2343 5402 2670 5473 coepiscOpus
2688 5407 2859 5453 noster
2886 5398 3140 5455 Siccensis
3171 5398 3429 5466 Urbanus,

1841 5495 1975 5565 quod
2003 5495 2057 5549 in
2081 5511 2159 5561 eo,
2184 5508 2379 5562 nempe
2403 5492 2641 5562 Apiario,
2671 5492 3030 5561 corrigendum
3061 5500 3153 5559 est,
3187 5493 3295 5547 sine
3324 5491 3434 5547 ulla

1844 5584 2162 5639 dubitatione
2202 5584 2441 5638 correxit.
2487 5582 2637 5639 Unus
2675 5598 2803 5652 ergo
2844 5578 3268 5637 Fortunatianus
3298 5583 3432 5639 Nea-

1840 5680 2110 5751 politanus
2138 5693 2278 5731 anno
2302 5676 2410 5733 418
2436 5686 2489 5732 et
2510 5674 2616 5734 419
2634 5674 2855 5749 synodis
2880 5676 3146 5733 Africanis
3167 5677 3428 5746 interfuit,

1838 5784 1978 5826 unus
2013 5768 2393 5838 Neapolitanus
2420 5767 2486 5824 ad
2533 5768 2794 5824 ﬁniendas
2824 5782 3017 5825 causas
3055 5784 3175 5825 cum
3208 5769 3431 5825 aliarum

1839 5862 2236 5937 provinciarum
2266 5863 2463 5937 legatis
2484 5864 2697 5925 electus
2722 5874 2828 5934 est,
2846 5863 2990 5955 idem
3014 5860 3253 5937 epistolas
3274 5862 3339 5921 ad
3364 5862 3423 5921 S.
