3954 6364
572 344 680 400 279

1452 349 2014 407 SUI’I’LEMEN'I‘UM
2054 352 2149 406 AI)
2192 352 2423 410 OPERA
2461 356 2520 412 S.
2561 361 2949 418 AUGUS’I‘INI.
3688 383 3766 440 2‘60

570 456 913 511 Caelestinum
949 472 1137 525 papam
1168 459 1478 529 prteligitur.
1506 461 1641 516 Nota
1675 464 1912 530 interim,
1936 464 2019 517 vir
2040 464 2150 517 cla-
2176 467 2235 524 Δ
2328 470 2551 525 Annius.
2582 474 2676 526 Sin
2698 477 2863 528 minus
2888 476 3073 531 vitio-3a
3095 481 3162 532 sit
3184 480 3349 546 lectio,
3364 486 3492 550 quod
3511 503 3602 541 non
3625 502 3799 555 temete'

566 552 799 617 rissime,
820 550 1061 606 Garuerii
1092 553 1490 622 conlidentiam,
1515 557 1604 625 qui
1627 565 1999 613 asseveranter
2027 575 2147 626 pro-

567 647 774 697 nuntiat
802 645 1107 700 Siccensem
1135 646 1576 703 Fortunatianum
1598 652 1705 702 sine
1731 634 1884 703 dubio
1912 652 2142 707 laudatis

563 737 783 803 synodis
821 737 1152 802 interfuisse,
1185 738 1277 807 qui
1319 739 1369 792 id
1402 741 1655 808 temporis
1684 742 1794 794 sine
1821 743 1977 795 dubio
2000 744 2139 798 diem

562 829 788 892 obierat,
828 844 890 882 ac
929 829 982 881 in
1022 829 1212 884 eadem
1248 831 1376 884 sede
1410 830 1679 886 Urbanum
1716 848 1780 886 ex
1811 833 2139 901 Hipponensi

558 922 704 975 clero
757 916 1068 990 episcopum
1114 932 1421 992 exceperat.
1476 924 1549 977 De
1594 924 1749 979 initio
1800 925 2140 995 episc0patus

561 1012 754 1066 Urbani
797 1014 984 1068 scribit
1017 1014 1075 1069 S.
1106 1015 1432 1084 Augustinus
1462 1016 1622 1085 epist.
1655 1017 1725 1071 59
1760 1017 1827 1071 ad
1857 1017 2135 1073 Paulinum

553 1103 836 1159 Nolanum.

624 1196 966 1252 Rasrtrurus
995 1196 1633 1272 Cmcamrensnslegitur
1652 1202 1705 1254 in
1736 1204 2007 1257 collatione
2026 1207 2137 1275 epi-

548 1303 732 1358 scOpus
762 1288 919 1360 hujus
944 1292 1164 1344 nominis
1185 1301 1232 1344 et
1259 1293 1432 1357 sedis;
1468 1293 1711 1346 credibile
1748 1296 2026 1348 admodum
2058 1310 2133 1351 est

547 1380 683 1431 hunc
703 1386 867 1449 ipsum
894 1397 1002 1435 esse
1022 1400 1122 1451 quo
1142 1384 1206 1437 de
1234 1386 1426 1454 agitur.
1466 1386 1531 1439 Et
1560 1386 1647 1441 hic
1672 1387 1971 1455 divinatur;
2006 1408 2129 1447 nam

544 1470 715 1523 adfuit
746 1474 904 1526 etiam
934 1474 1204 1529 collationi
1245 1491 1365 1544 cap.
1405 1477 1510 1532 155
1547 1479 1829 1533 Restitutus
1860 1484 2127 1551 episcOpus

543 1563 699 1632 plebis
725 1564 1123 1635 Simingitensis.
1159 1568 1228 1622 Et
1264 1570 1317 1622 in
1355 1571 1584 1624 concilio
1614 1572 1867 1627 Bonifacii
1898 1593 1986 1627 an.
2019 1576 2128 1629 525

542 1656 685 1711 inter
735 1660 1143 1725 proconsulares
1207 1661 1453 1716 laudatur
1505 1663 1807 1719 Cresconius
1857 1668 2124 1738 episcopus

536 1750 697 1820 plebis
719 1750 1104 1819 Simengitanw.
1140 1754 1211 1806 At
1236 1753 1664 1810 Cincaritcnsem
1712 1755 2002 1814 Ecclesiam
2041 1762 2123 1812 in-

2255 568 2423 612 tamen
2467 564 2716 633 quispiam
2761 570 2999 640 conjiciat
3048 584 3253 643 propter
3296 576 3602 635 insolentiam
3646 594 3764 654 vocis,

2252 648 2428 717 ignota
2463 654 2563 704 dici
2604 655 2743 709 debet
2781 660 2995 729 hujusce
3035 664 3258 732 episc0pi
3300 666 3538 724 Ecclesia.
3577 674 3704 739 Quod
3738 648 3767 735 si“

2250 740 2423 793 vitium
2449 742 2671 814 irrepsit,
2699 750 2953 815 suspicari
2981 756 3139 821 possit
3169 773 3418 810 nonnemo
3438 768 3601 831 reponi
3629 768 3769 823 debere

2248 848 2343 899 pro
2385 837 2571 890 Animo
2614 839 2925 909 Timianum,
2973 850 3078 914 qui,
3113 859 3166 899 ut
3199 860 3269 902 est
3299 851 3352 904 in
3375 854 3642 922 collatione,
3668 869 3767 916 mit

2248 925 2530 985 Ecclesium
2556 934 2725 990 Utinm
2767 941 3002 1007 civitatis,
3039 960 3070 994 α
3095 941 3377 1000 Ptolemaeo
3396 950 3484 1001 sub
3511 952 3767 1025 Carthagine

2246 1023 2313 1075 ad
2338 1022 2631 1093 Bagradam
2652 1031 2865 1097 [luvium
2890 1035 3139 1102 reposita.
3180 1035 3237 1091 Si
3268 1040 3502 1095 vitiosam
3534 1022 3764 1105 lectionem

2244 1117 2638 1182 suspicabatur,
2689 1135 2783 1173 cur
2829 1125 3101 1192 antiquum
3150 1127 3379 1198 aliquem
3424 1134 3643 1189 codicem
3685 1157 3764 1196 non

2241 1210 2542 1265 consuluit?
2571 1213 2753 1267 Exstat
2776 1216 2999 1282 epistola
3024 1219 3181 1285 hujus
3210 1222 3395 1290 synodi
3426 1222 3762 1295 Carthaginen-

2239 1302 2316 1352 sis
2340 1301 2391 1354 in
2414 1303 2598 1357 codice
2621 1321 2720 1359 ms.
2749 1306 3087 1363 bibliothecae
3109 1314 3438 1367 serenissimi
3461 1330 3618 1384 magni
3648 1320 3763 1376 ducis

2235 1394 2303 1447 ad
2331 1394 2393 1448 D.
2426 1394 2695 1451 Laurentii
2728 1399 2779 1452 in
2818 1402 2997 1469 pluteo
3034 1403 3121 1468 12,
3152 1405 3203 1459 in
3232 1422 3337 1475 quo
3367 1423 3469 1462 non
3492 1414 3681 1466 Animus
3707 1419 3763 1471 lc-

2233 1488 2394 1556 gitur,
2423 1491 2517 1544 sed
2544 1494 2815 1559 Annianus,
2857 1498 2945 1563 qui
2971 1498 3022 1549 in
3054 1499 3316 1567 rescripto
3346 1500 3620 1559 Innocentii
3645 1524 3761 1577 papa:

2232 1578 2425 1632 dicitur
2464 1583 2744 1636 Ambivius.
2790 1584 2845 1636 In
2874 1586 3160 1642 collatione
3202 1604 3324 1657 cap.
3372 1592 3472 1647 155
3509 1598 3760 1663 appellatur

2230 1669 2372 1725 inter
2400 1674 2691 1727 catholicos
2720 1676 2907 1729 Patres
2939 1678 3200 1734 Ambibius
3226 1683 3488 1754 episcopus
3525 1686 3668 1751 plebis
3694 1689 3759 1743 Pi-

2228 1768 2452 1823 sitensis.
2474 1770 2703 1826 Emdius
2722 1771 2999 1832 Uzalensis
3020 1776 3077 1833 S.
3093 1778 3373 1846 Augustini
3399 1781 3670 1853 discipulus
3688 1787 3755 1840 lib.

534 1852 700 1897 certa:
723 1844 1010 1912 provinciae
1045 1846 1301 1913 deputant
1329 1846 1555 1901 Carolus
1582 1864 1611 1901 a
1640 1849 1696 1903 S.
1720 1850 1885 1905 Paulo
1912 1861 1966 1907 et
1988 1852 2116 1906 IIoI-
2149 1839 2199 1901 Β
2224 1877 2240 1917 ι
2269 1863 2335 1916 de
2363 1864 2623 1933 Prodigiis
2652 1868 2707 1920 S.
2736 1867 3013 1935 Stephani,
3037 1886 3157 1939 cap.
3176 1839 3261 1936 l3,
3291 1839 3758 1932 meminit-Pisitana

532 1936 759 2001 stenius,
803 1951 902 1990 nec
936 1936 1226 2006 quidquam
1275 1954 1369 2006 pro
1408 1954 1470 1993 ea
1515 1956 1575 1993 re
1614 1939 1769 1995 aﬂ'ert
1801 1941 2112 1998 Garuerius.

530 2028 645 2098 Ego
676 2039 850 2083 tamen
883 2039 1009 2096 puto
1032 2030 1178 2083 illam
1208 2031 1503 2085 Ecclesiam
1534 2033 1699 2088 fuisse
1726 2035 1863 2087 inter
1884 2050 2115 2103 procon-

527 2122 766 2185 sulares;
810 2137 930 2176 nam
963 2124 1015 2176 in
1046 2123 1302 2193 synodica
1335 2132 1439 2178 act.
1485 2125 1519 2177 2
1556 2127 1772 2180 concilii
1808 2126 1864 2181 S.
1900 2128 2113 2183 Martini

526 2226 679 2282 papa:
714 2214 856 2268 inter
883 2214 1126 2282 ejusdem
1161 2216 1449 2284 provincia:
1487 2219 1773 2287 episcopos
1803 2222 2111 2273 nominatur

528 2303 793 2369 Quobulus
826 2303 1165 2372 Ceciritensis,
1195 2322 1315 2375 qua:
1353 2306 1492 2362 forte
1535 2308 1772 2365 Ecclesia
1810 2311 1997 2365 eadem
2028 2325 2110 2366 est

524 2410 643 2451 cum
672 2395 1042 2452 Cincaritcnsi.

594 2492 882 2545 AMPEIJUS.
936 2488 1152 2545 Incerta:
1186 2492 1340 2545 sedis.
1387 2492 1527 2546 Nam
1555 2494 1817 2565 Ampelius
1859 2501 2008 2568 cujus
2047 2500 2108 2567 fit

522 2584 709 2635 mentio
737 2598 851 2634 can.
882 2584 949 2637 78
980 2583 1104 2637 Cod.
1138 2584 1301 2653 Afric.
1325 2588 1571 2655 cujusque
1600 2588 1740 2641 sedes
1760 2589 1814 2641 in
1834 2590 2106 2644 collatione

521 2674 708 2725 dicitur
731 2673 887 2741 fuisse
918 2674 1062 2743 Vaga
1089 2675 1165 2728 vel
1188 2677 1356 2741 potius
1381 2675 1551 2746 Vada,
1570 2680 1755 2747 quique
1769 2680 2105 2736 interlocutus

519 2769 703 2838 legitur
728 2784 840 2837 cap.
873 2770 992 2832 176,
1025 2769 1223 2821 videtur
1247 2771 1406 2839 fuisse
1435 2769 1782 2825 Numidarum
1806 2791 1959 2841 unus,
1996 2786 2100 2829 etc.

522 2856 668 2912 Unde
686 2859 898 2911 ulterius
922 2860 1252 2928 corrigendus
1271 2877 1470 2929 quoque
1492 2862 1776 2918 collationis
1795 2875 1960 2921 textus
1981 2884 2097 2937 cap.

517 2950 642 3015 215,
686 2949 768 3002 ubi
796 2950 898 3003 duo
930 2951 1258 3018 appellantur
1285 2953 1511 3022 episcopi
1548 2953 1803 3025 Vagenses
1837 2958 2097 3025 catholici,

516 3042 774 3110 Ampelius
801 3051 845 3094 et
874 3042 1168 3108 Primulus;
1199 3043 1298 3113 legi
1326 3045 1457 3097 enim
1480 3044 1624 3099 debet
1654 3047 1920 3104 Vadensis.
1947 3052 2100 3121 Igno-

517 3134 653 3188 ravit
671 3136 803 3189 duas
822 3135 985 3191 fuisse
1016 3139 1063 3191 in
1090 3136 1269 3192 Africa
1295 3138 1486 3207 Vagas,
1504 3140 1644 3195 unde
1663 3142 1885 3197 alteram
1908 3147 2095 3199 urbem

515 3226 717 3280 Vadam
756 3227 1034 3283 dicendam
1072 3229 1368 3286 contendit.
1410 3233 1480 3285 At
1514 3232 1737 3300 Plinius,
1777 3236 1860 3289 cui
1906 3237 2097 3293 melius

514 3321 777 3376 Alricana:
802 3325 959 3377 urbes
988 3325 1211 3393 cognitas
1239 3325 1483 3391 fuerunt,
1512 3327 1605 3381 ltb.
1635 3345 1685 3392 v,
1718 3344 1835 3398 cap.
1862 3330 1928 3395 4,
1955 3332 2097 3386 inter

512 3416 812 3484 quindecim
855 3418 1045 3486 oppida
1093 3421 1285 3474 civium
1314 3420 1680 3475 Romanorum
1710 3425 1951 3477 nominat
1990 3426 2093 3477 Va-

511 3523 682 3579 gense,
728 3518 781 3563 et
811 3510 950 3563 inter
979 3511 1192 3579 triginta
1220 3513 1387 3567 libera
1428 3513 1621 3582 oppida
1660 3512 1889 3584 Vagense
1926 3518 2093 3572 aliud.

510 3598 768 3653 Consulto
808 3601 1010 3654 addidit
1048 3602 1218 3667 aliud,
1261 3612 1318 3657 ut
1349 3602 1544 3672 Vagam
1575 3612 1853 3674 utramque
1898 3607 2094 3661 distin-

507 3702 712 3760 gueret.
742 3690 852 3746 Una
878 3702 992 3745 erat
1024 3693 1177 3746 Latio
1201 3696 1420 3757 donata,
1450 3694 1617 3748 altera
1645 3695 1874 3751 liberum
1914 3701 2092 3754 muni-

505 3783 725 3852 cipium.
778 3784 911 3839 Ilinc
967 3800 1247 3853 perperam
1311 3785 1652 3839 collationem
1716 3789 2091 3858 corrigendum

504 3877 668 3937 ducit.
697 3878 748 3931 in
774 3892 875 3947 qua
898 3878 1019 3931 duae
1045 3876 1201 3945 Vagae
1223 3888 1555 3931 asseruntur.
1579 3878 1703 3933 Hmc
1733 3882 1946 3949 oppida,
1972 3899 2092 3952 qua:

503 3970 664 4040 Vagae
692 3973 941 4025 dicuntur
972 3974 1023 4025 in
1052 3971 1359 4036 collatione,
1381 3973 1539 4025 ambo
1569 3972 1733 4028 Vada:
1752 3976 2090 4045 appellantur

502 4066 556 4119 in
581 4065 775 4119 Notitia
797 4065 1080 4125 Numidiae,
1108 4065 1195 4117 ubi
1225 4065 1517 4119 recitantur
1540 4064 1851 4134 Ruﬁnianus
1885 4068 2090 4124 Vaden-

500 4157 589 4221 sis,
622 4166 675 4209 et
712 4154 968 4224 Proﬁcius
1018 4155 1287 4209 Vadensis.
1331 4156 1440 4209 Imo
1490 4159 1645 4211 tertia
1690 4159 1907 4229 insuper
1944 4162 2087 4231 Vaga

500 4251 716 4319 ponitur
746 4252 796 4303 in
826 4250 1015 4304 eadem
1041 4248 1360 4313 collatione;
1403 4264 1525 4302 nam
1555 4265 1676 4303 cum
1708 4265 1823 4320 cap.
1866 4253 1967 4305 177
1993 4270 2087 4306 no-

499 4341 733 4394 minatus
768 4340 953 4393 fuisset
975 4337 1216 4391 Privatus
1247 4340 1510 4408 episcopus
1548 4340 1820 4411 Vagensis,
1853 4342 2087 4413 Rogatus

498 4432 780 4501 episcopus
810 4432 944 4484 dixit
967 4445 983 4487 :
1005 4428 1356 4483 Januarianus
1377 4432 1584 4497 dicitur,
1610 4449 1711 4485 non
1738 4433 1997 4489 Privatus.
2016 4439 2086 4492 At

498 4524 776 4591 respondit
808 4521 1110 4574 Primianus
1142 4522 1341 4588 primas
1384 4522 1777 4577 Donatistarum
1808 4526 2082 4595 Carthagi-

498 4616 680 4669 nensis
728 4614 1021 4680 provincia:
1061 4627 1179 4682 cap.
1227 4612 1373 4667 I79:
1411 4612 1504 4666 Est
1543 4615 1807 4687 Auzagga,
1857 4618 1941 4670 ubi
1985 4622 2083 4688 fuit

495 4708 871 4769 Januarianus,
900 4707 987 4772 qui
1014 4722 1147 4758 nunc
1170 4707 1440 4775 defunctus
1462 4717 1571 4772 est;
1599 4711 1705 4761 alia
1728 4709 1970 4781 Auzagga
1994 4712 2079 4765 ubi

494 4810 566 4853 est
598 4798 859 4857 Privatus,
885 4798 971 4863 qui
999 4812 1130 4847 nunc
1152 4797 1288 4849 vivit.
1307 4796 1404 4850 Ubi
1432 4807 1574 4865 patet
1597 4799 1690 4855 has
1716 4800 1889 4872 Vagas
1912 4818 2077 4872 agno-

493 4896 726 4946 minatas
754 4890 1046 4957 Auzaggas,
1073 4898 1176 4940 uta
1205 4887 1371 4957 Vaga,
1403 4889 1493 4943 ubi
1523 4893 1795 4960 Ampelius
1828 4896 2067 4965 sedebat,

493 4983 971 5050 distinguerentur.
1006 4980 1072 5032 Et
1098 4979 1307 5048 quidem
1348 4991 1542 5048 praeter
1575 4984 1708 5037 duas
1738 4984 1909 5055 Vagas
1936 5004 2068 5056 quas

492 5077 701 5131 Plinius
732 5074 784 5126 in
812 5072 1013 5139 Africa,
1044 5071 1146 5125 hoc
1170 5080 1254 5126 est
1279 5074 1544 5140 provincia
1577 5075 1867 5146 Zeugitana
1897 5082 2064 5148 ponit,

490 5169 819 5223 Ptolemzeus
844 5166 937 5219 lib.
972 5180 1047 5231 iv,
1084 5168 1202 5234 cap.
1234 5166 1297 5232 2,
1331 5167 1381 5219 in
1419 5168 1821 5223 mediterraneis
1850 5172 2070 5226 urbibus

486 5261 821 5315 Mauritaniae
843 5256 1193 5313 Caesariensis
1221 5258 1415 5330 Vagam
1448 5262 1607 5315 etiam
1644 5264 1887 5328 collocat,
1916 5265 2069 5333 cujus

485 5357 650 5406 situm
672 5352 928 5406 exhibent
950 5350 1168 5404 Tabulae
1191 5354 1421 5421 antiquae
1444 5352 1888 5424 Peutingeriante,
1915 5367 1967 5411 et
1990 5371 2069 5410 re-

484 5456 672 5499 centes
704 5444 879 5498 Caroli
906 5460 935 5497 a
964 5445 1020 5500 S.
1050 5444 1235 5499 Paulo.
1256 5446 1530 5514 Ampelius
1551 5448 1641 5517 qui
1672 5448 1918 5501 laudatur
1942 5463 2060 5501 can.

489 5538 554 5591 78
587 5537 770 5593 Codic.
804 5539 971 5592 Alric.
1012 5554 1117 5592 non
1154 5549 1229 5591 est
1266 5540 1404 5595 idem
1436 5556 1554 5595 cum
1588 5543 1832 5610 Ampelio
1862 5543 1949 5611 qui
1981 5542 2067 5595 hic

486 5632 811 5700 appellatur;
836 5631 924 5685 ille
947 5632 1088 5685 enim
1112 5633 1357 5687 Ambivio
1378 5633 1628 5688 Pisitensi
1654 5635 1922 5701 posterior
1946 5634 2065 5697 fuit,

485 5733 543 5776 ut
574 5722 768 5778 ibidem
800 5731 969 5791 patet;
1004 5722 1092 5779 hic
1128 5734 1305 5780 autem
1335 5727 1581 5782 eumdem
1618 5726 1977 5795 praecedebat,
2006 5731 2065 5778 ut

484 5814 727 5882 proxime
748 5814 1050 5875 ostendam.

2219 1957 2458 2011 civitatis.
2481 1958 2707 2012 Ambibii
2729 1960 3022 2015 Ecclesiam
3046 1964 3463 2021 omisitCarolus
3482 1982 3511 2021 a
3536 1968 3587 2023 S.
3604 1968 3755 2037 Paulo,

2220 2048 2531 2102 Holstenius
2578 2050 2795 2106 incertae
2843 2056 3134 2121 provincia:
3182 2057 3473 2126 deputavit,
3523 2071 3574 2115 et
3616 2064 3756 2120 minus

2220 2146 2367 2192 recte
2399 2156 2427 2192 a
2461 2139 2694 2195 Pisitana
2725 2143 2997 2210 distinxit,
3027 2163 3144 2214 qua:
3169 2155 3347 2203 tamen
3374 2165 3439 2205 ex
3466 2151 3561 2206 hac
3585 2155 3755 2223 epigra-

2218 2229 2322 2296 phe
2346 2230 2611 2296 colligitur
2632 2233 2797 2288 fuisse
2820 2236 2873 2289 in
2900 2237 3296 2294 Proconsulari.
3316 2242 3539 2297 Ambivii
3568 2245 3621 2298 Iit
3639 2262 3754 2300 men-

2214 2324 2292 2378 tio
2312 2339 2431 2377 can.
2466 2326 2534 2380 78
2559 2324 2694 2385 Cod.
2724 2328 2914 2393 Alric.,
2939 2331 3026 2384 ubi
3050 2341 3175 2386 ante
3206 2334 3532 2403 Evangelum
3554 2340 3753 2393 nomina-

2214 2425 2492 2483 tur,quem
2519 2415 2807 2473 Garuerius
2830 2435 2927 2489 pro
2948 2422 3175 2492 Evagrio
3200 2432 3498 2495 supposuit,
3514 2440 3567 2483 ut
3586 2432 3748 2496 vidisti,

2213 2505 2309 2559 sed
2341 2520 2649 2575 perperam;
2671 2525 2792 2562 nam
2818 2511 2869 2563 in
2893 2512 3108 2567 laudato
3136 2517 3324 2571 codice
3352 2518 3591 2588 Evagrius
3614 2524 3750 2576 nomi-

2211 2610 2392 2663 natur,
2426 2609 2480 2654 et
2514 2616 2613 2668 pro
2643 2602 2921 2668 Mundius,
2957 2616 3014 2659 ut
3046 2608 3098 2660 in
3136 2610 3349 2664 excusis
3380 2612 3640 2667 codicibus
3658 2630 3750 2669 cor-

2210 2700 2366 2759 rupte
2394 2692 2643 2757 habetur,
2661 2693 2918 2750 Nimidius
2935 2707 3082 2752 recte
3098 2700 3298 2755 ibidem
3330 2703 3540 2773 legitur.
3555 2706 3607 2759 In
3622 2708 3747 2761 nullis

2210 2783 2484 2837 codicibus
2514 2788 2840 2855 epigraphen
2873 2790 3117 2859 quaesivit
3144 2788 3460 2860 Garuerius,
3490 2799 3572 2866 qui
3604 2808 3747 2852 tamen

2207 2873 2279 2927 ob
2315 2879 2615 2945 exscriptos
2651 2879 2719 2932 ab
2754 2880 2858 2934 alio
2885 2896 2915 2934 e
2950 2881 3221 2937 Vaticanis
3245 2900 3379 2939 mss.
3408 2886 3553 2944 Marii
3584 2888 3747 2944 Merca-

2207 2968 2342 3021 toris
2361 2968 2590 3034 libellos,
2610 2970 2713 3025 vah
2736 2973 2921 3041 quales
2944 2975 3231 3043 tragmdias
3255 2977 3310 3031 in
3332 2979 3479 3034 calce
3504 2982 3578 3034 sui
3602 2982 3745 3050 Operis

2204 3060 2423 3125 excitat,
2456 3073 2512 3115 et
2542 3061 2595 3115 in
2626 3066 2796 3132 quos!

2279 3152 2441 3207 Et;th
2469 3154 2765 3210 Uznassrs.
2786 3157 2989 3227 Legitur
3016 3161 3067 3212 in
3090 3162 3367 3215 collatione
3390 3162 3665 3225 Vizicensis,
3680 3164 3746 3215 sed

2202 3243 2255 3297 in
2289 3244 2490 3298 Notitia
2512 3248 2859 3319 episwporum
2890 3253 3162 3320 provinciis
3182 3251 3571 3308 Proconsularis
3594 3255 3747 3309 mentio

2202 3339 2263 3405 Iit
2286 3337 2395 3391 Caii
2414 3339 2686 3405 Uzitensis,
2714 3343 2799 3409 qui
2826 3346 3033 3410 periisse
3047 3346 3290 3399 scribitur
3308 3357 3573 3413 antequam
3591 3347 3745 3399 veniret

2199 3431 2269 3482 ad
2299 3431 2467 3483 exsilii
2493 3432 2688 3494 locum;
2716 3442 2761 3484 et
2790 3432 2976 3486 Uzit/ta
3006 3436 3181 3489 civitas
3205 3438 3414 3504 ponitur
3434 3438 3486 3490 in
3506 3435 3747 3490 Ptolemai-

2201 3524 2273 3575 cis
2300 3521 2506 3577 Tabulis
2537 3540 2692 3595 prope
2725 3525 3057 3582 Adrumetum
3076 3538 3124 3581 et
3165 3528 3470 3601 Ruspinam.
3509 3529 3629 3583 Cum
3655 3530 3746 3583 ista

2198 3614 2319 3668 duae
2350 3613 2510 3669 urbes
2536 3615 2732 3670 fuerint
2753 3620 2803 3670 in
2827 3618 3072 3688 Byzacio,
3101 3619 3153 3674 in
3173 3622 3363 3675 eadem
3386 3624 3539 3676 etiam
3568 3622 3745 3690 provin-

2197 3706 2281 3758 cia
2300 3704 2485 3760 Uzitha
2510 3706 2785 3761 Ptolemasi
2809 3709 3030 3763 locanda
3054 3712 3168 3764 fuit.
3192 3712 3398 3767 Uzithte
3424 3712 3593 3780 ’oppidi
3613 3713 3744 3767 situm

2196 3796 2397 3851 diserte
2428 3797 2587 3850 tradit
2616 3798 2680 3853 A.
2710 3799 2907 3853 Hirtius
2932 3802 3022 3855 lib.
3057 3801 3126 3856 de
3145 3802 3299 3856 Bello
3330 3804 3467 3857 civili
3498 3805 3546 3857 in
3575 3802 3743 3865 Africa,

2198 3887 2285 3941 ubi
2309 3889 2380 3941 ait
2410 3885 2675 3943 Ctrsarem
2708 3906 2874 3960 prope
2904 3892 3148 3947 Uzitham
3172 3905 3353 3949 castra
3377 3906 3743 3965 metatum,quo:

2194 3981 2402 4035 aberant
2431 4000 2462 4034 a
2489 3994 2639 4047 portu
2663 3984 2845 4053 Leptis
2870 3985 3054 4039 Parvae
3083 3986 3250 4041 millia
3277 4005 3519 4051 passuum
3545 4006 3641 4042 sex.
3664 3987 3742 4041 Le-

2192 4074 2298 4139 ptis
2329 4088 2456 4127 vero
2491 4083 2608 4129 erat
2645 4076 2696 4128 in
2727 4077 2952 4146 Byzacio
2989 4091 3149 4146 supra
3196 4079 3545 4135 Adrumetum
3585 4094 3741 4134 versus

2191 4164 2451 4235 Tripolim
2479 4152 2917 4235 millia-passuum
2952 4167 3038 4235 I8,
3069 4184 3137 4223 ex
3168 4171 3460 4226 Antonino.
3491 4170 3571 4224 Ex
3602 4170 3673 4223 his
3699 4168 3737 4219 in

2190 4254 2385 4309 Notitia
2411 4255 2690 4324 legendum
2719 4265 2803 4311 est
2827 4274 2843 4312 :
2866 4257 3020 4312 Caius
3050 4257 3330 4323 Ucitensis,
3362 4276 3465 4314 non
3491 4258 3737 4321 Usitensis;

2190 4347 2307 4400 haec
2335 4349 2477 4401 enim
2508 4347 2743 4402 Ecclesia
2766 4360 2882 4402 erat
2908 4350 2960 4402 in
2992 4349 3251 4420 Byzacio;
3281 4337 3735 4410 Ucitensis'veroiu

2188 4439 2583 4504 Proconsulari,
2615 4442 2666 4494 in
2688 4442 2842 4509 cujus
2868 4445 3157 4510 provinciae
3176 4446 3433 4515 synodica
3459 4454 3559 4499 act.
3586 4443 3736 4496 Econ-

2186 4532 2295 4587 cilii
2321 4534 2691 4589 Lateranensis
2716 4536 2961 4589 laudatur
2989 4536 3251 4606 Tripolius
3281 4538 3549 4601 Ucitensis,
3579 4536 3638 4589 ab
3657 4533 3733 4588 Uci

2187 4625 2341 4691 urbe,
2365 4634 2420 4679 ut
2437 4639 2505 4680 ex
2521 4626 2694 4680 Plinio
2716 4642 2838 4679 mox
2861 4628 3138 4682 ostendam
3162 4628 3216 4685 in
3243 4632 3384 4684 notis
3405 4630 3469 4683 ad
3492 4629 3732 4683 Faucruo—

2185 4732 2307 4769 SUII.
2342 4714 2505 4785 Igitur
2538 4732 2814 4785 perperam
2846 4716 3173 4773 Visicensem
3206 4721 3258 4772 in
3290 4719 3619 4775 Uzitbensem
3649 4716 3732 4768 Ec-

2182 4806 2398 4861 clesiam
2433 4816 2620 4860 mutat.
2652 4807 2915 4862 Scribitur
2942 4811 2994 4861 in
3025 4808 3312 4862 collatione
3340 4824 3457 4877 Cap.
3485 4807 3581 4862 125
3602 4803 3731 4857 Felix

2180 4900 2448 4969 episcOpus
2475 4898 2634 4969 plebis
2664 4897 2961 4953 Visicensis.
2987 4898 3155 4966 Quam
3183 4901 3469 4955 Ecclesiam
3492 4899 3729 4968 pertinere

2177 4989 2243 5043 ad
2267 4990 2672 5058 proconsulares
2697 4989 2888 5058 colligo
2908 5004 2971 5043 ex
3000 4990 3186 5044 eadem
3209 4989 3483 5060 synodica,
3509 4988 3589 5042 ubi
3612 4986 3727 5039 inter

2180 5082 2589 5151 proconsulares
2613 5081 2851 5136 cernitur
2889 5081 3279 5137 Valentinianus
3304 5085 3562 5151 episcopus
3589 5079 3643 5133 S.
3667 5075 3722 5128 Ε-

2184 5172 2460 5227 Usicensis.
2494 5174 2621 5227 Erat
2649 5175 2761 5229 haec
2788 5176 2915 5228 urbs
2946 5191 3111 5243 prope
3140 5177 3428 5243 Taburam,
3457 5176 3599 5243 cujus
3625 5170 3719 5238 epi-

2177 5277 2371 5329 sc0pus
2400 5262 2584 5316 Victor
2614 5264 2887 5318 Donatista
2918 5281 3036 5333 cap.
3083 5266 3188 5321 125
3225 5267 3387 5321 citato
3420 5265 3547 5319 dixit
3584 5257 3722 5315 Felici

2176 5352 2479 5408 Visicensi:
2515 5355 2626 5425 Ego
2654 5354 2740 5407 tibi
2769 5357 3066 5409 intervenia.
3098 5346 3165 5409 Et
3206 5372 3327 5425 cap.
3356 5356 3455 5413 201
3488 5355 3617 5410 idem
3648 5348 3720 5401 Vi-

2176 5455 2292 5499 ctor
2317 5447 2391 5499 ait
2415 5463 2426 5497 :
2454 5444 2791 5515 Susceperam
2810 5448 3013 5512 quidem
3037 5450 3371 5513 mandatum;
3394 5447 3480 5501 sed
3503 5446 3614 5517 quia
3633 5442 3719 5493 bea-

2176 5538 2397 5591 tissimus
2422 5549 2567 5605 pater
2591 5548 2637 5590 et
2666 5540 2897 5606 princeps
2919 5549 3088 5594 noster
3110 5542 3407 5594 Primianus
3429 5555 3557 5592 nunc
3574 5549 3715 5590 susce-

2174 5632 2268 5699 pit,
2297 5647 2375 5682 me
2404 5646 2607 5683 necesse
2633 5639 2706 5684 est
2742 5632 2986 5685 mandare
3031 5632 3110 5686 his
3150 5635 3299 5687 actis.
3336 5633 3514 5700 Itaque
3547 5636 3650 5682 erat
3675 5624 3715 5677 in

2178 5720 2550 5774 Proconsulari
2584 5721 2886 5790 episcopus,
2926 5722 2969 5775 si
2998 5722 3327 5777 Primianum
3366 5720 3713 5787 Carthaginian-

2175 5828 2291 5873 sem
2316 5829 2469 5869 suum
2502 5816 2780 5890 primatem
2810 5816 3063 5888 appellat.
3107 5816 3394 5893 Perperam
3432 5818 3483 5873 in
3528 5813 3710 5868 dissert.
