3954 6364
218 429 293 483 231
868 428 948 482 VA
958 425 1215 482 RIURUM
1256 421 1762 479 EXERCITATION

1892 423 1955 476 IN
1996 423 2051 476 S.
2094 424 2459 480 AUGUSTINI
2497 424 2740 479 OPERA.

3335 416 3444 477 96")

217 542 267 593 de
298 537 505 609 Synodo
531 553 585 603 ν,
618 553 738 605 cap.
777 538 844 591 10
866 578 880 599 ,
920 536 1180 589 Taboram
1212 533 1442 587 Victoris
1476 533 1762 584 Donatistae
1790 533 1845 593 Α
1869 534 2212 602 episeopum;
2260 552 2381 589 nam
2407 552 2526 605 cap.
2550 535 2653 590 125
2677 536 2890 604 ponitur
2910 536 3157 589 Antonius
3178 549 3443 605 episcopus

214 648 313 687 eum
328 631 523 684 Tabora
541 631 711 684 altera
730 629 1053 683 Mauritania:
1076 627 1312 681 confudi.
1328 628 1501 692 Quare
1522 625 1765 679 addenda

214 735 281 779 t‘sl
306 723 500 776 Tabora
532 722 750 775 Tabulis
775 721 1229 790 proconsularium
1258 719 1431 773 Caroli
1454 734 1482 770 a
1515 718 1572 772 S.
1603 719 1766 771 Paulo

212 830 257 869 et
283 812 553 866 Holsleuii.
598 816 859 865 tlteterntu
892 812 957 865 de
987 812 1140 878 hujus
1176 810 1372 864 Felicis
1408 810 1533 862 sede
1561 807 1764 862 Garne-

213 910 306 959 rius
336 905 619 957 divinatur.
654 904 709 957 In
746 904 1029 958 collatione
1056 918 1176 969 cap.
1212 902 1309 956 127
1340 902 1585 956 laudatur
1616 901 1768 955 Felix

214 998 454 1069 rpisoOpus
491 998 647 1061 plebis
688 996 1090 1065 Aptungitensis.
1138 996 1260 1047 Erat
1291 998 1533 1063 Aptunga
1562 995 1611 1047 iu
1644 1008 1768 1062 pro-

216 1097 364 1149 vincia
398 1095 791 1160 Procousulari,
830 1104 884 1149 et
913 1096 1050 1149 alter
1076 1095 1221 1149 Felix
1254 1096 1612 1164 Aptungensis
1638 1094 1764 1147 olim

218 1184 531 1240 Cecilianum
577 1182 1055 1253 Carthaginiensem
1103 1195 1546 1251 consecraverat,
1596 1196 1654 1239 ut
1701 1201 1766 1240 ex

219 1280 386 1346 Optato
425 1277 514 1331 lib.
552 1293 591 1335 ι.
635 1288 689 1331 et
728 1279 1022 1346 Augustino
1061 1278 1219 1347 epist.
1260 1278 1350 1343 68,
1396 1278 1518 1345 162,
1562 1277 1683 1341 165,
1716 1287 1770 1331 et

221 1373 350 1427 libris
369 1378 545 1424 contra
561 1369 869 1424 Donntistas
887 1371 1082 1437 passim
1106 1370 1347 1424 habetur.
1364 1368 1546 1438 Itaque
1569 1373 1768 1425 omisso

224 1462 375 1518 Felice
403 1462 750 1529 Aptungensi,
785 1462 1016 1516 Felicem
1048 1462 1376 1517 Visicensem
1409 1464 1612 1533 synodo
1642 1464 1767 1517 anni

223 1555 309 1610 M6
330 1568 416 1621 pro
447 1554 666 1607 arbitrio
698 1562 1014 1621 praesentem
1041 1554 1181 1607 facit.

282 1650 599 1700 DOXA'I’IANUS
629 1646 911 1700 ZEGGENSIB
947 1647 1059 1699 sive
1089 1645 1403 1699 ZELLENSIS.
1462 1644 1769 1699 Recensetur

233 1742 271 1793 in
290 1738 540 1791 collatione
569 1737 884 1791 Donatianus
903 1736 1169 1793 Zellensis.
1194 1738 1259 1790 In
1281 1738 1478 1804 Notitia
1498 1740 1770 1808 provincia:

235 1829 581 1883 Proconsularis
606 1829 663 1896 fit
687 1830 868 1882 mentio
903 1828 1149 1882 Vincentii
1167 1828 1443 1900 Zeggensis
1459 1831 1509 1882 in
1533 1830 1766 1883 exsilium

1871 626 2029 696 plebis
2052 625 2361 695 Carpitanaz.
2390 628 2465 681 Ex
2490 628 2679 695 quibus
2704 629 2999 696 colligimus
3014 628 3340 683 Adeodatum
3367 628 3444 683 Si-

1873 720 2214 773 mittucnsem
2229 719 2496 773 diversum
2514 734 2630 774 esse
2643 736 2670 772 a
2686 720 3069 799 §imidiccensi,
3087 723 3172 789 qui
3187 739 3327 777 anno
3338 724 3399 778 41
3413 726 3437 777 1

1870 812 2143 881 collationi
2188 810 2449 877 interfuit,
2496 822 2549 867 et
2574 813 2810 868 diversas
2856 816 3019 871 fuisse
3048 818 3205 873 urbes
3231 819 3443 874 Simittu

1871 913 1925 957 et
1956 904 2316 968 Simidiccam,
2346 920 2465 957 cum
2497 913 2735 973 tempore
2759 908 3058 964 collationis
3086 910 3171 964 hic
3203 910 3446 966 Adeoda-

1872 1003 1980 1059 tus,
2026 995 2133 1048 illic
2178 1011 2305 1048 vero
2334 994 2634 1049 Benenatus
2663 1010 2811 1051 sacra
2842 1012 3092 1068 suprema
3128 1003 3445 1057 auctoritate

1869 1084 2287 1141 administraret.

1943 1177 2210 1233 Ocnvws
2237 1195 2566 1234 urnmsnsrs.
2601 1180 2843 1249 Interfuit
2868 1184 3149 1253 collationi,
3172 1196 3244 1242 est
3274 1198 3443 1245 autem

1876 1269 2066 1324 Uthina
2099 1272 2274 1326 civitas
2300 1274 2351 1325 in
2379 1274 2635 1341 provincia
2667 1272 3031 1329 Proconsnlari
3059 1280 3126 1331 ad
3155 1278 3443 1349 Bagradam

1871 1364 2103 1432 ﬂuvium,
2153 1375 2205 1416 ut
2252 1366 2431 1419 habent
2482 1366 2689 1420 Tabula:
2738 1368 3079 1423 Ptolemaicte.
3135 1370 3201 1425 In
3231 1376 3443 1429 concilio

1873 1453 2281 1523 Carthaginensi,
2330 1466 2450 1518 etc.,
2502 1458 2631 1509 dixit
2670 1460 2908 1529 vigesimo
2949 1464 3162 1528 septimo
3194 1463 3302 1517 loco
3329 1483 3443 1520 sen-

1871 1548 2078 1600 tentiam
2101 1545 2253 1599 Felix
2272 1547 2334 1599 ab
2362 1546 2575 1612 Uthina,
2597 1558 2642 1602 et
2659 1548 2969 1618 Lampadius
2990 1551 3204 1608 Uthinus
3227 1558 3442 1612 concilio

1871 1639 2155 1691 Arelatensi
2186 1654 2220 1691 ιι
2248 1638 2561 1709 subscripsit.
2606 1640 2802 1695 Eadem
2827 1642 3022 1697 chorda
3050 1644 3285 1714 oberrat,
3321 1649 3438 1703 Uti-

1872 1744 2068 1783 nunant
2096 1745 2215 1782 cum
2249 1729 2445 1784 Uthina
2470 1731 2825 1787 contundens.
2862 1735 2915 1787 ln
2938 1750 3054 1805 cap.
3088 1736 3189 1792 155
3210 1741 3446 1795 collatio-

1873 1822 1957 1875 nis
1981 1821 2418 1890 Carthaginensis
2444 1823 2693 1879 editionis
2721 1824 2981 1881 Massonis
3006 1839 3059 1883 et
3099 1832 3441 1901 Albaspinzei,

230 1922 363 1992 ejecti.
395 1921 588 1974 Eodem
623 1922 673 1973 in
703 1921 813 1973 luto
841 1922 1024 1982 lum-et,
1055 1919 1270 1990 Ziggam
1319 1936 1437 1974 cum
1470 1921 1614 1975 Zella
1640 1938 1768 1975 con-
1797 1909 1843 1968 Β
1874 1913 2065 1981 legitur
2083 1914 2319 1968 Octavius
2340 1916 2601 1985 episcopus
2622 1918 2780 1987 plebis
2802 1918 3149 1975 Utinunensis.
3169 1923 3290 1977 Scio
3317 1926 3447 1979 duas

228 2015 438 2068 fundens.
474 2014 604 2067 Erat
632 2014 775 2067 Zella
802 2016 853 2067 in
886 2016 1138 2085 Byzacia;
1186 2014 1382 2068 Strabo
1409 2016 1549 2070 enim
1581 2031 1767 2070 recen-

223 2123 329 2161 sens
372 2108 524 2175 hujus
577 2109 863 2175 provincias
910 2109 1126 2176 oppida,
1175 2107 1272 2165 lib.
1306 2123 1411 2161 xvu
1461 2108 1571 2161 ait:
1605 2107 1770 2176 Prope

222 2202 351 2252 etiam
377 2198 678 2252 erantZella
708 2210 755 2252 et
775 2200 966 2251 Achola
1003 2200 1176 2252 liberte
1200 2201 1444 2252 civitates.
1489 2200 1544 2252 In
1579 2200 1771 2254 tabulis

221 2292 622 2359 Peutingerianis
653 2291 851 2345 Achola
889 2292 1101 2357 ponitur
1128 2292 1265 2345 inter
1292 2291 1522 2360 Tnpsum
1568 2301 1621 2345 et
1659 2292 1771 2346 Ru-

220 2396 347 2448 spam
386 2382 541 2435 urbes
590 2382 643 2434 iu
690 2382 938 2450 Byzacio,
988 2384 1039 2435 in
1087 2383 1238 2450 cujus
1282 2382 1470 2435 Notitia
1516 2383 1774 2437 recitatur

220 2472 471 2525 Restitutus
490 2474 842 2527 Acltolitanus.
870 2471 1165 2526 Conciliqu
1189 2471 1417 2525 Zellense
1438 2473 1613 2525 laudat
1641 2472 1772 2530 Fer-

219 2566 392 2617 raudus
432 2565 733 2628 Diaconus,
783 2563 923 2631 quod
972 2563 1293 2631 Teleptense
1339 2577 1618 2631 perpetem
1666 2564 1771 2617 dici

217 2656 411 2710 ostendi
442 2657 530 2710 lib.
561 2673 577 2710 ι
607 2657 744 2710 Hist.
775 2655 978 2723 Pelag.,
1030 2669 1147 2724 eap.
1186 2654 1270 2708 15.
1296 2657 1365 2708 At
1394 2654 1617 2723 Ziggera
1647 2654 1774 2707 urbs

218 2749 262 2801 in
288 2747 667 2811 Proconsulari,
717 2747 768 2801 in
797 2748 951 2815 cujus
977 2746 1170 2801 Notitia
1205 2756 1515 2801 recensetur
1550 2746 1775 2801 Vincen-

222 2843 307 2894 tius
333 2841 607 2911 Ziggensis,
660 2856 816 2910 quem
847 2839 1138 2895 Garnerius
1170 2840 1493 2908 Zeggensem
1541 2840 1675 2893 dixit
1716 2850 1773 2894 ut

222 2933 404 2986 facilius
428 2934 724 2987 Zelleusem
754 2934 974 2987 faceret.
1004 2934 1056 2986 in
1084 2935 1248 3001 gestis
1277 2934 1604 3001 purgationis
1633 2932 1773 2987 Feli-

223 3025 287 3078 cis
309 3040 474 3078 coram
506 3024 700 3078 Africae
746 3026 1065 3093 proconsule
1088 3067 1103 3090 ,
1150 3027 1199 3076 iu
1232 3026 1376 3078 calce
1406 3024 1579 3093 Optati
1612 3026 1774 3078 Alba-

223 3119 398 3181 spineaa
441 3116 709 3183 editionis,
759 3128 1086 3171 memoratur
1124 3115 1391 3185 Ingentius
1434 3118 1653 3170 Decurio
1685 3112 1772 3170 Zi-o

223 3211 482 3279 guensium,
507 3226 625 3278 qua:
653 3210 802 3275 urbs,
830 3221 886 3263 ut
912 3210 1105 3263 ibidem
1138 3218 1305 3278 patet,
1330 3219 1445 3263 erat
1467 3211 1516 3263 in
1541 3210 1772 3263 Procon-

223 3301 382 3353 sulari.
418 3302 468 3354 In
502 3302 695 3356 litteris
720 3302 1052 3355 Constantini
1086 3303 1444 3369 imperatoris,
1503 3302 1641 3370 apud
1664 3302 1773 3355 Au-

225 3395 463 3460 gustinum
513 3394 672 3463 epist.
714 3395 805 3459 68,
852 3403 907 3448 et
938 3396 1025 3448 lib.
1070 3411 1125 3448 nt
1173 3404 1359 3448 contra
1404 3394 1769 3459 Cresconium,

224 3498 320 3553 cap.
344 3485 427 3549 70,
455 3488 593 3539 idem
624 3486 815 3539 dicitur
847 3484 1064 3539 Decurio
1091 3485 1422 3555 Ziguensium
1444 3486 1679 3538 civitatis.
1708 3486 1774 3539 Et

225 3588 414 3628 montem
444 3576 742 3641 Ziqucnsem
774 3587 1033 3631 memorat
1063 3576 1240 3631 Victor
1268 3576 1503 3631 V'itensis
1551 3576 1617 3630 de
1646 3575 1774 3630 Per-

223 3669 469 3719 secutinuc
502 3667 877 3720 Vandalorum.

284 3761 586 3813 Aosoonus
616 3760 902 3814 SIMIDICUS.
947 3758 1187 3827 Interfuit
1211 3758 1477 3813 collatioui
1501 3776 1624 3813 ann.
1644 3762 1771 3826 411,

225 3864 425 3917 unusque
454 3852 548 3919 fuit
571 3867 655 3903 an.
685 3851 789 3905 M9
810 3868 835 3903 e
863 3851 1031 3903 decem
1053 3851 1231 3919 legatis
1257 3853 1527 3917 provincia:
1545 3850 1774 3905 Procon-

227 3940 390 3993 sularis
418 3942 501 4009 qui
539 3958 651 3992 cum
680 3940 857 4011 legatis
896 3940 1118 3994 aliarum
1143 3943 1516 4009 provinciarum
1550 3959 1771 3998 canones

231 4028 440 4083 Ecclesia:
481 4032 739 4100 Africana:
786 4033 1073 4102 recognovit
1121 4043 1169 4085 et
1210 4034 1527 4103 subscripsit.
1573 4035 1636 4087 Et
1688 4036 1775 4089 hic

228 4135 385 4177 rursus
411 4124 691 4192 episcopos
730 4134 785 4179 et
814 4125 972 4179 urbes
997 4125 1290 4179 confundit.
1331 4126 1640 4182 Adeodatus
1680 4128 1771 4197 qui

229 4227 346 4268 anno
375 4217 474 4269 H9
500 4232 731 4271 canones
763 4217 1074 4285 recognovit
1118 4227 1235 4270 erat
1278 4203 1560 4286 episcopus
1588 4218 1772 4273 Simit-

232 4308 425 4374 tucnsis,
456 4325 561 4362 non
592 4309 1012 4364 Simidiccensis.
1043 4308 1313 4375 chuntur
1339 4309 1475 4378 apud
1499 4310 1771 4364 Labbeum

233 4398 619 4467 subscriptiones
639 4399 824 4469 synodi
849 4416 986 4452 anno
1007 4400 1110 4453 419
1128 4399 1447 4469 Carthagine
1467 4401 1770 4467 celebratae,

234 4488 273 4540 in
295 4492 470 4559 quibus
500 4492 792 4545 Adeodatus
824 4492 1149 4546 Simituensis
1202 4492 1281 4546 vel
1312 4492 1602 4547 Simitensis
1648 4493 1776 4546 dici-

235 4589 317 4633 tur.
361 4582 616 4651 Oppidum
651 4583 981 4637 Simittuense
1022 4584 1262 4636 laudatur
1316 4599 1345 4637 a
1394 4584 1563 4637 Plinio
1594 4584 1686 4638 lib.
1721 4600 1773 4647 v,

235 4684 329 4737 cap.
359 4672 416 4730 5;
459 4674 668 4726 Simittu
713 4674 781 4726 ab
819 4674 1089 4727 Antonino
1129 4674 1340 4726 dicitur.
1394 4673 1447 4725 lu
1491 4674 1775 4728 collatione

236 4777 331 4830 cap.
361 4764 460 4818 155
487 4775 797 4819 recensetur
830 4764 1113 4818 Benenatus
1138 4765 1400 4834 episcopus
1422 4764 1579 4833 plebis
1601 4764 1777 4818 Simit-

234 4855 384 4918 tensis,
405 4864 457 4909 et
477 4870 595 4923 cap.
631 4856 731 4911 155
745 4855 1037 4907 Adeodatus
1064 4855 1332 4923 episcopus
1360 4854 1516 4921 plebis
1533 4853 1777 4908 Simidic-

236 4945 385 4999 censis.
415 4944 586 5011 Quare
617 4946 942 5009 Adeodatus,
987 4945 1076 5013 qui
1121 4960 1261 4998 anno
1302 4944 1406 4998 M9
1433 4959 1667 4999 canones
1691 4961 1777 4999 re-

237 5039 472 5103 cognovit,
499 5053 638 5093 anno
663 5039 762 5092 411
798 5038 1031 5091 nondum
1058 5046 1174 5091 erat
1210 5038 1514 5106 episc0pus,
1541 5052 1659 5092 cum
1695 5037 1774 5093 Si-

240 5128 541 5182 nnttuensem
566 5129 869 5183 cathedram
896 5137 1100 5182 teneret
1124 5129 1441 5182 Beneuatus.
1474 5129 1581 5183 Hoc
1603 5130 1775 5199 ipsum

239 5219 367 5272 etiam
397 5221 667 5275 evidenter
710 5222 1008 5275 ostenditur
1045 5237 1110 5275 ex
1156 5221 1545 5290 subseriptione
1587 5224 1776 5293 synodi

240 5323 350 5361 anno
376 5314 496 5377 419,
518 5314 605 5367 ubi
637 5314 861 5381 legimus
885 5330 897 5365 :
928 5313 1242 5366 Penthadius
1261 5311 1593 5383 Carpitanus,
1612 5316 1776 5369 Adeo-

241 5400 361 5454 datus
391 5403 746 5457 Simittuensis.
794 5404 968 5470 Quare
996 5404 1302 5457 Adeodatus
1344 5404 1442 5458 fuit
1492 5406 1777 5474 cpiscopus

243 5498 444 5557 υειηβοτε
491 5495 755 5563 posterior
798 5493 1094 5548 Penthadio
1136 5511 1149 5546 :
1183 5494 1415 5549 Africani
1446 5497 1586 5549 enim
1624 5498 1775 5565 juxta

244 5589 415 5649 tempus
438 5585 597 5638 delati
627 5586 966 5652 episcopatus
997 5586 1209 5638 nomina
1240 5585 1457 5654 synodis
1482 5586 1699 5651 dabant,
1722 5600 1796 5643 et.

241 5673 278 5727 in
306 5679 553 5732 tractoriis
580 5678 969 5744 scribebantur,
1020 5693 1086 5731 ex
1109 5693 1312 5732 canone
1351 5680 1419 5733 53
1446 5678 1574 5735 Cod.
1606 5682 1775 5737 Afric.

239 5776 279 5817 ct
298 5769 572 5835 Augustino
597 5769 755 5838 epist.
787 5768 891 5823 217
934 5768 999 5821 ad
1028 5768 1380 5823 Victorinum.
1430 5769 1632 5825 Rursus
1656 5788 1775 5827 cer-

239 5863 325 5912 tum
353 5869 431 5917 est
456 5859 803 5917 Penthadium
834 5874 975 5916 anno
1004 5860 1102 5919 411
1137 5875 1246 5916 non
1290 5860 1454 5918 fuisse
1482 5860 1777 5939 Carporum

1875 2005 2042 2059 fuisse
2068 2004 2252 2059 Utinas
2281 2007 2335 2059 in
2362 2006 2569 2073 Africa;
2621 2020 2671 2062 et
2705 2019 2941 2079 tempore
2988 2014 3285 2068 collationis
3325 2032 3444 2087 cap.

1878 2097 1981 2152 125
2008 2099 2232 2167 legitur:
2261 2100 2522 2154 Timianus
2545 2108 2806 2173 episcopus
2841 2105 2997 2174 plebis
3024 2104 3315 2172 Utinensis;
3354 2124 3447 2165 ca-

1874 2190 1985 2259 pite
2003 2204 2129 2243 vero
2153 2191 2275 2253 155,
2306 2189 2456 2245 Isaac
2479 2196 2742 2264 episcopus
2765 2184 2922 2263 plebis
2946 2195 3254 2251 Uthinensis.
3278 2200 3449 2267 Quare

1876 2280 1921 2334 si
1944 2280 2195 2335 Octavius
2244 2280 2343 2336 fuit
2371 2283 2570 2352 pariter
2597 2284 2879 2354 episcopus
2906 2286 3192 2353 Utinensis,
3240 2291 3449 2346 tertiam

1880 2371 1932 2425 in
1962 2370 2139 2425 Africa
2173 2372 2385 2427 Utinam
2418 2376 2568 2428 nobis
2594 2377 2826 2431 excitare
2853 2377 3029 2441 debet,
3062 2380 3147 2433 vel
3177 2380 3450 2438 Octavium

1877 2462 2131 2530 collegam
2156 2462 2397 2518 Timiano
2430 2476 2520 2518 aut
2547 2465 2725 2519 lsaaco
2756 2469 3213 2536 superimponere.
3255 2472 3449 2527 Contra

1877 2553 2028 2608 Isaac
2046 2556 2357 2623 episcopum
2383 2557 2706 2613 catholicum
2731 2560 2905 2614 stabat
2924 2561 3241 2629 Felicianus,
3270 2575 3451 2622 contra

1878 2645 2177 2701 Timianum
2206 2647 2354 2703 Felix
2388 2650 2778 2705 Donatistarum
2802 2654 3058 2722 episcOpi.
3108 2657 3177 2710 At
3202 2656 3269 2713 de
3298 2658 3451 2713 Octa-

1876 2738 1963 2791 vio
1990 2740 2168 2793 rel'ero
2216 2742 2478 2810 integrum
2531 2752 2730 2796 textum
2762 2761 2825 2798 ex
2870 2746 3152 2803 collatione
3182 2748 3453 2817 Carthagi-

1876 2832 2054 2885 neusi.
2082 2831 2321 2886 Octavius
2351 2836 2617 2906 episcopus
2647 2836 2804 2905 plebis
2825 2836 3154 2895 Utinnnensis
3184 2859 3354 2895 coram
3383 2843 3449 2899 V.

1877 2918 1939 2977 ο.
1967 2924 2169 2976 tribuno
2208 2935 2254 2976 et
2292 2927 2492 2978 notario
2526 2925 2829 2981 Marcellino
2870 2932 3105 2996 superius
3134 2935 3373 2987 mandavi
3407 2944 3452 2989 et

1873 3014 2154 3083 subscripsi
2196 3014 2524 3085 Carthagine.
2577 3019 2743 3082 Quare
2780 3021 2911 3074 idem
2959 3022 3127 3076 dixit:
3153 3022 3453 3079 Econtrario

1876 3104 2001 3157 mihi
2027 3114 2099 3157 est
2128 3102 2451 3175 Bonifacius.
2484 3110 2558 3162 Ex
2591 3110 2761 3164 tribus
2792 3112 2952 3180 igitur
2981 3114 3243 3184 episcopis
3267 3116 3453 3171 catho-

1880 3195 1996 3250 licis
2024 3196 2355 3269 totidemque
2402 3201 2591 3256 iisdem
2629 3203 2947 3259 adversariis
2986 3207 3274 3277 DonatiSIis
3323 3210 3454 3265 duas

1885 3284 2071 3342 Utiuas
2098 3299 2153 3346 et
2183 3289 2472 3346 Utinunam
2506 3294 2559 3346 in
2586 3294 2765 3348 Africa
2792 3297 2949 3351 urbes
2980 3298 3256 3355 habemus.
3300 3303 3451 3369 Quod

1880 3381 2100 3449 insuper
2142 3384 2289 3438 addit
2324 3381 2571 3438 Uthinam
2614 3386 2680 3439 ad
2708 3388 2996 3456 Bagradam
3045 3382 3257 3445 ﬂuvium
3297 3394 3451 3447 sitam

1879 3489 1945 3526 ex
1974 3473 2281 3536 Ptolemaeo.
2310 3488 2461 3531 notes
2492 3478 2672 3538 velim.
2707 3482 2791 3534 vir
2819 3482 3197 3548 eruditissime,
3242 3485 3449 3541 Garne-

1878 3563 2015 3616 rium
2038 3574 2166 3618 ante
2194 3566 2577 3635 septemdecim
2606 3585 2793 3625 versus
2822 3571 2961 3625 idem
2988 3574 3185 3630 dixisse
3206 3576 3272 3631 de
3295 3578 3448 3632 Utina

1878 3657 2072 3720 altera,
2112 3657 2163 3710 in
2187 3672 2289 3725 qua
2316 3658 2538 3713 sedebat
2563 3661 2854 3717 Timianus.
2874 3662 3122 3719 Profecto
3137 3665 3454 3723 Ptolemaeus

1879 3763 2037 3802 uuam
2070 3759 2273 3804 tantum
2308 3748 2559 3805 Urbinam
2592 3756 2769 3821 ponit;
2794 3734 2932 3824 quod
2963 3757 3006 3810 si
3034 3768 3215 3813 noster
3234 3775 3454 3830 geogra-

1877 3840 2018 3909 phus
2048 3840 2299 3895 Uthinam
2328 3841 2558 3908 Octavii,
2591 3854 2645 3898 et
2672 3846 2892 3900 alteram
2918 3847 3142 3902 Timiani
3166 3851 3230 3903 ad
3259 3851 3453 3920 Bagra-

1876 3936 1996 3990 dam
2026 3938 2255 4003 reponit,
2284 3938 2351 3991 de
2382 3948 2604 4009 utraque
2635 3938 2905 3994 Ptolemaei
2939 3942 3297 3998 testimonium
3323 3962 3453 3999 neu-

1878 4033 2079 4101 tiquam
2113 4033 2326 4086 laudare
2358 4043 2552 4101 potest.
2581 4034 2779 4088 Scribit
2806 4035 3111 4090 Holstenius
3138 4022 3468 4093 alterutram,

1880 4125 2129 4180 Uthinam
2154 4140 2273 4179 cum
2305 4128 2627 4195 aspiratione
2648 4128 3008 4196 scribendam,
3057 4140 3111 4184 et
3152 4147 3277 4188 vere
3314 4134 3450 4200 apud

1881 4216 2234 4283 Augustinum
2266 4216 2358 4270 lib.
2392 4233 2443 4269 vr
2467 4217 2535 4271 de
2567 4217 2746 4287 Bopt.,
2774 4233 2893 4289 cap.
2918 4222 3006 4281 35.
3030 4222 3284 4276 recitatur
3306 4223 3455 4278 Felix

1879 4307 1941 4359 ab
1978 4306 2191 4361 Uthina.
2223 4306 2422 4361 Omitto
2452 4308 2591 4374 quod
2622 4309 2815 4363 ibidem
2843 4314 2916 4365 ait
2937 4312 3281 4381 Lampadium
3309 4316 3455 4369 Uthi-

1880 4412 2101 4452 nensem
2134 4398 2515 4467 subscripsisse
2541 4402 2824 4455 concilium
2848 4403 3166 4460 Arelatense
3196 4422 3261 4471 n;
3292 4408 3456 4462 voluit

1879 4490 2058 4545 dicere
2090 4491 2330 4558 primum
2368 4492 2627 4545 indictum
2658 4508 2799 4547 anno
2838 4496 3011 4563 primo
3054 4495 3336 4567 Sylvestri,
3364 4513 3453 4551 an.

1880 4583 2007 4638 514.
2040 4584 2340 4637 Bonifacius
2366 4585 2566 4638 Octavii
2600 4586 2934 4641 adversarius
2968 4603 3089 4656 Cap.
3118 4588 3219 4643 198
3266 4590 3449 4645 dicitur

1880 4673 2283 4739 Utummensis;
2314 4675 2417 4728 utri
2452 4678 2617 4728 textui
2647 4690 2799 4729 error
2828 4676 3037 4745 irrepsit
3066 4678 3346 4733 incertum.

1961 4766 2261 4820 SEROTINUS
2302 4765 2703 4821 Tuonznsnsns.
2745 4768 2986 4840 Interfuit
3028 4770 3309 4825 collationi.
3350 4772 3456 4825 Ρο-

1878 4862 2020 4915 nitur
2039 4870 2207 4913 autem
2228 4877 2260 4911 a
2288 4859 2563 4914 Ptolemazo
2593 4861 2793 4915 Thursa
2820 4879 2976 4935 prope
3007 4860 3191 4917 Vinum
3205 4866 3455 4919 coloniam

1880 4970 1982 5007 non
2012 4953 2161 5021 longe
2180 4970 2212 5004 a
2241 4951 2486 5019 Tunizza,
2530 4962 2678 5021 atque
2706 4954 2832 5009 adeo
2862 4972 2951 5009 nec
2979 4956 3255 5010 admodum
3278 4960 3455 5027 pracul

1880 5062 1913 5097 a
1939 5044 2265 5115 Carthagine.
2306 5043 2422 5097 Non
2464 5044 2534 5098 ita
2574 5046 2826 5099 scribitur
2869 5046 2922 5099 in
2969 5046 3286 5111 collatione;
3334 5065 3455 5103 naut

1880 5152 2002 5206 cap.
2037 5138 2140 5192 155
2168 5146 2483 5191 recensetur
2511 5136 2779 5191 Serotinus
2810 5140 3079 5208 episcopus
3109 5141 3264 5210 plebis
3290 5142 3458 5197 Turn-

1878 5229 2253 5295 zitensis.Quae
2275 5227 2513 5294 inﬂexio,
2540 5244 2645 5283 uno
2661 5228 2920 5283 Garnerio
2949 5239 3183 5297 auctore,
3209 5222 3485 5289 aThnrsaA

1882 5319 2150 5373 Ptolemaei
2183 5319 2481 5373 derivatur.
2524 5320 2666 5373 Sane
2694 5320 3009 5383 vapularent
3038 5322 3279 5391 discipuli
3306 5326 3396 5394 qui
3427 5341 3457 5379 a

1880 5411 2087 5465 Thursa
2112 5411 2532 5465 Thuruzitanum
2561 5412 2924 5480 declinarent;
2958 5414 3059 5469 hoc
3079 5418 3219 5471 enim
3248 5418 3459 5486 adjecti-

1886 5519 2010 5557 vum
2040 5519 2070 5557 a
2101 5503 2393 5558 Thuruzita
2426 5504 2687 5572 originetu
2740 5505 2904 5560 ducit.
2954 5508 3127 5574 Quare
3176 5525 3455 5577 perperam

1883 5593 2206 5649 Ptolemaeus
2235 5594 2287 5649 in
2322 5604 2509 5650 testem
2543 5606 2781 5651 vocatur.
2822 5597 2935 5652 lmo
2965 5615 3223 5669 nusquam
3267 5601 3457 5669 legitur

1882 5685 2088 5741 Thursa
2121 5686 2172 5740 in
2205 5687 2515 5752 Ptolemaeo,
2544 5690 2636 5744 sed
2672 5701 2873 5745 tantum
2905 5692 3135 5758 Thurza,
3179 5710 3335 5763 quam
3362 5710 3455 5763 po-

1884 5778 1963 5833 nit
1993 5778 2045 5832 in
2077 5777 2304 5849 Byzacio
2334 5794 2500 5849 prope
2526 5781 2901 5838 Adrumetum.
2942 5784 3158 5839 Rectius
3187 5794 3361 5838 autem
3386 5800 3450 5839 ex

1882 5870 1997 5941 ipsa
2028 5869 2317 5929 collatione
2337 5871 2631 5932 ostenditur
2670 5874 3011 5933 Tburuzitam
3058 5874 3221 5932 fuisse
3244 5876 3299 5931 in
3325 5890 3451 5946 pro-
