3954 6364
502 428 604 487 283

1394 418 1951 480 SUPPLEMENTUM
1989 420 2083 476 AD
2122 416 2349 476 OPERA
2387 419 2445 475 s.
2487 410 2875 475 AUGUSTINI.
3622 414 3707 486 εει

503 546 675 600 vincia
706 546 1115 612 Proconsulari;
1164 545 1284 615 quia
1323 560 1441 599 cum
1492 542 1771 599 Srerotinns
1801 543 2085 612 episcopus
2116 543 2165 599 Α
2194 555 2253 594 ea
2286 556 2425 594 anno
2454 540 2558 594 416
2597 540 2919 595 sententiam
2952 544 3139 595 contra
3181 532 3481 612 Pelirgianbs
3513 542 3707 605 subscri-

503 638 728 694 dixisset
769 656 827 694 se
858 639 1060 693 nullum
1107 638 1305 692 habere
1335 639 1643 706 episcopum
1693 635 2083 697 adversarium,

505 732 759 789 Primiani
812 735 1050 801 primatis
1097 733 1533 801 Carthaginiensis
1579 732 1836 785 diaconus
1885 729 2083 782 liabet-

501 827 659 882 deum
685 830 920 895 reposuit
945 846 955 878 :
991 826 1260 897 Presbyter
1286 836 1357 879 est
1385 827 1491 879 illic
1518 824 1713 879 Cattus.
1739 824 1841 891 Qui
1868 822 2083 894 quidem

503 919 758 974 diaconus
792 918 1125 987 frequentius
1156 918 1632 987 interloquebatur,
1668 916 1755 971 ubi
1784 917 1851 971 de
1879 916 2088 983 episco-

506 1015 586 1081 pis
618 1014 1091 1082 proconsularibus
1142 1014 1499 1081 quaerebatur,
1549 1021 1603 1064 ut
1652 1012 1847 1080 passim
1890 1008 2085 1063 ibidem

504 1113 677 1173 patet;
711 1104 832 1157 licet
867 1104 1035 1157 semel
1075 1114 1165 1158 aut
1196 1105 1388 1159 iterum
1429 1103 1497 1158 de
1542 1101 1661 1157 aliis
1699 1114 1912 1172 quoque
1940 1099 2088 1155 locu—

505 1208 617 1252 tum
646 1198 957 1253 concedam.

574 1289 873 1344 Muontnus
890 1290 1240 1344 ZEMPTENSIS.
1264 1288 1350 1343 Ita
1376 1290 1559 1359 legitur
1584 1305 1637 1343 in
1663 1289 1965 1350 collatione;
1986 1303 2090 1339 me-

504 1383 603 1436 lius
621 1382 906 1451 Zamensis,
932 1399 1045 1435 nam
1068 1384 1119 1436 in
1143 1382 1510 1436 Proconsulari
1528 1381 1786 1449 provincia
1810 1380 1905 1448 fuit
1927 1378 2088 1432 Zama

504 1475 709 1539 civitas,
751 1477 794 1529 si
844 1474 1051 1541 Plinio,
1097 1474 1377 1529 Ptolemaeo
1422 1492 1482 1527 ac
1518 1474 1767 1529 Straboni
1813 1473 2085 1528 credimus.

502 1569 645 1634 Quot
671 1568 853 1633 verba,
889 1579 965 1622 tot
992 1578 1188 1622 errata.
1225 1567 1277 1621 In
1310 1568 1594 1622 collatione
1618 1582 1737 1635 cap.
1776 1568 1874 1621 1δῦ
1906 1566 2089 1619 lauda-

502 1669 590 1715 tur
621 1661 910 1726 Majorinus
938 1664 1201 1731 episcopus
1244 1662 1403 1729 plebis
1428 1661 1712 1715 Zentensis.
1766 1660 1833 1714 Et
1871 1659 2084 1729 quidem

502 1764 650 1808 recte
684 1772 694 1805 :
731 1770 852 1807 nam
885 1754 937 1807 in
969 1754 1221 1824 synodica
1260 1753 1717 1822 proconsularium
1749 1760 1856 1807 act.
1887 1750 1922 1803 2
1954 1765 2086 1805 con-

502 1843 608 1899 citi
653 1845 1031 1901 Lateranensis
1074 1854 1401 1900 memoratur
1451 1844 1747 1898 Florentius
1794 1844 1960 1913 gratia
1994 1842 2085 1896 Dei

2194 634 2319 702 psit.
2353 628 2555 702 Tagora
2593 634 2643 688 in
2676 632 2921 688 Numidia
2951 633 3230 689 dicebatur
3256 637 3410 692 etiam
3437 637 3638 709 Tagura,
3663 651 3710 701 ut

2192 743 2255 782 ex
2282 720 2471 780 Notitia
2500 726 2692 781 Africae
2721 737 2883 798 patet.

2263 820 2553 877 CBISPOLUS
2592 821 2931 877 VOLITENSlS.
2968 836 3033 876 tn
3063 818 3279 894 vulgatis
3303 822 3539 878 codicibus
3563 822 3714 895 legitur

2195 918 2480 987 Trispolus,
2525 918 2612 972 sed
2652 919 2827 972 uitium
2866 934 2957 987 per
2985 934 3037 971 se
3065 917 3353 987 manifestat
3378 906 3621 973 insolentia
3642 938 3716 975 no-

2192 1011 2381 1075 minis;
2418 1026 2575 1080 quare
2599 1010 2859 1063 emendari
2885 1004 3025 1063 debet
3054 1024 3117 1063 ea:
3138 1006 3423 1063 collatione.
3478 1008 3567 1063 llic
3599 1022 3717 1069 recte

2192 1104 2422 1171 priorem
2457 1103 2685 1156 litteram
2716 1102 2955 1173 corrigit.
2988 1094 3041 1156 In
3080 1115 3182 1156 ms.
3227 1101 3537 1156 serenissimi
3575 1107 3716 1175 magni

2192 1196 2343 1251 ducis
2373 1196 2633 1268 Crispolus
2665 1198 2879 1267 legitur,
2918 1206 3029 1253 tum
3058 1186 3113 1252 in
3159 1192 3444 1268 epigraphe
3471 1199 3715 1270 synodicae,

2191 1300 2302 1343 tum
2336 1290 2386 1343 in
2421 1290 2681 1359 re5cripto
2714 1284 3029 1345 Innocentii.

2264 1380 2467 1435 Vtcron
2495 1378 2799 1437 UTICENSIS.
2822 1379 2943 1435 Non
2960 1372 3268 1451 illequidem
3289 1380 3499 1450 scriptor
3518 1378 3721 1437 librorum

2193 1473 2254 1526 de
2286 1470 2639 1527 Persecutione
2669 1470 2951 1526 Vandalica
2992 1489 3130 1526 anno
3159 1469 3267 1526 484
3293 1472 3500 1525 excitata
3525 1473 3722 1528 adversus

2192 1567 2467 1619 catholicos
2500 1567 2561 1619 ab
2590 1565 2874 1631 llunerico,
2916 1562 3007 1619 sed
3035 1566 3169 1619 alius
3209 1566 3435 1638 ejusdem
3473 1565 3666 1619 nominis
3689 1578 3724 1623 et

2192 1656 2343 1719 sedis,
2362 1656 2446 1725 qui
2469 1656 2563 1723 [uit
2579 1649 2886 1727 Carthagine
2906 1672 3021 1710 cum
3038 1652 3244 1709 collatio
3265 1652 3541 1709 haberetur.
3556 1652 3722 1721 Victor,

2192 1748 2279 1814 qui
2309 1749 2406 1801 sub
2440 1746 2707 1803 llunerico
2738 1748 2870 1803 visit
2898 1764 2961 1803 ac
2988 1746 3207 1818 scripsit
3244 1745 3408 1801 libros
3428 1746 3491 1802 de
3512 1746 3726 1802 Persecu-

2195 1841 2338 1895 tione
2376 1841 2683 1908 Vandalica,
2735 1858 2841 1897 non
2897 1841 3000 1897 fuit
3039 1842 3323 1913 episcopus
3351 1834 3616 1904 Uticensis,
3655 1842 3724 1895 sul

501 1936 766 2005 episcOpus
821 1936 882 1992 S.
929 1937 993 1991 E.
1038 1936 1325 1991 Zentensis.
1376 1937 1492 2003 Quo
1521 1936 1737 2006 egregio
1787 1934 2089 1989 testimonio
2120 1926 2169 1987 B
2197 1933 2453 1999 Vitensis,
2484 1944 2543 1987 ut
2573 1934 2786 2004 egregie
2808 1949 2839 1989 e
2865 1950 2995 1989 mss.
3019 1931 3369 1989 ostenderunt
3390 1928 3663 1986 Cltil'lletius
3684 1945 3728 1982 ac

501 2029 786 2091 evincitur;
809 2038 955 2083 recte
1000 2028 1163 2083 scribi
1210 2031 1263 2082 in
1310 2029 1597 2083 collatione
1636 2028 1974 2091 Zentensem,
2025 2041 2089 2080 ac

504 2118 644 2171 male
673 2118 774 2187 legi
801 2119 1198 2189 Zemptensem,
1227 2130 1280 2173 et
1310 2120 1535 2175 Zentam
1567 2120 1731 2174 fuisse
1761 2122 1899 2174 inter
1924 2119 2087 2174 urbes

506 2214 933 2278 proconsulares.
959 2214 1162 2268 [{ursus
1185 2215 1325 2283 quod
1354 2214 1574 2267 Zentam
1600 2215 1654 2267 in
1677 2214 1891 2267 Zamam
1917 2222 2087 2267 mutat

503 2303 587 2357 vix
625 2305 887 2369 patienter
915 2306 1041 2361 ferri
1076 2319 1268 2376 potest.
1308 2308 1363 2361 ln
1392 2309 1681 2362 collatione
1712 2323 1830 2377 cap.
1868 2308 1962 2362 191
2006 2307 2090 2361 di-

502 2397 641 2449 citur
668 2396 922 2467 Dialogus
943 2400 1208 2468 episc0pus
1238 2400 1525 2465 Zamensis,
1566 2402 1719 2469 cujus
1748 2402 2090 2456 adversarius

505 2487 787 2543 Montanus
832 2505 967 2544 unus
993 2507 1023 2545 e
1052 2501 1259 2561 septem
1286 2493 1585 2555 Donatistis
1632 2492 1978 2546 collatoribus
2005 2508 2091 2546 re-

503 2593 775 2640 censetur.
818 2583 983 2652 lgitur
1027 2602 1130 2639 non
1164 2586 1473 2655 Majorinus,
1520 2586 1613 2640 sed
1656 2585 1910 2656 Dialogus
1948 2601 2090 2640 anno

505 2680 605 2732 411
643 2691 758 2734 erat
781 2680 1057 2736 Zamensis
1084 2684 1385 2751 episcOpus.

526 2792 547 2820 ,ο
577 2770 965 2827 Pos'rustutsus.
1002 2772 1201 2845 Ignotae
1227 2775 1394 2840 sedis;
1430 2791 1550 2828 nam
1578 2777 1665 2845 qui
1692 2776 1879 2830 dicitur
1904 2777 1957 2829 in
1987 2776 2092 2829 col-

501 2864 689 2918 latione
707 2864 1007 2935 Tagorensis
1034 2869 1261 2921 diversus
1282 2879 1357 2922 est
1381 2867 1445 2921 ab
1468 2869 1597 2934 isto;
1622 2870 1872 2939 siquidem
1886 2868 2093 2940 Tagora

501 2957 694 3020 civitas,
726 2974 815 3010 seu
844 2958 1069 3030 Tagura,
1093 2972 1167 3014 est
1204 2962 1255 3014 in
1297 2959 1570 3026 Numidia,
1612 2977 1714 3016 non
1744 2964 1862 3016 item
1884 2964 1935 3016 in
1958 2962 2091 3016 Pro-

502 3050 794 3115 consulari,
835 3060 879 3103 et
920 3054 1050 3104 inter
1096 3052 1358 3123 episcopos
1401 3070 1427 3106 e
1466 3054 1718 3108 Numidia
1756 3055 1810 3107 in
1858 3055 2091 3108 exsilium

502 3151 661 3206 actos,
690 3154 978 3197 reccttsetur
1000 3144 1296 3201 Timotheus
1317 3147 1646 3218 Tagurensis.
1665 3149 1931 3219 lgnoravit
1958 3150 2092 3203 duas

502 3235 667 3289 fuisse
698 3237 748 3291 in
776 3226 954 3293 Africa
985 3240 1244 3309 Tagoras,
1276 3243 1418 3310 quod
1450 3253 1629 3298 tamen
1666 3245 1967 3311 intelligere
1995 3259 2089 3312 po-

506 3338 643 3381 terat
673 3344 736 3384 cx
770 3331 1076 3398 collatione,
1113 3333 1198 3387 cui
1234 3334 1371 3387 inter
1396 3334 1687 3389 catholicos
1715 3337 1979 3391 antistites
2008 3339 2085 3390 in-
2114 3302 2161 3364 ο

504 3420 737 3475 tcrl’uere
773 3422 1051 3478 Restitutus
1072 3426 1339 3496 episcopus
1368 3424 1697 3497 Tagorensis,
1744 3430 1832 3496 qui
1872 3428 1972 3483 fuit
1995 3445 2088 3483 cu-

504 3522 615 3568 stos
647 3516 947 3571 tabularum
980 3534 1096 3587 cap.
1136 3521 1268 3586 “3;
1300 3530 1355 3574 et
1384 3520 1785 3575 Posthuminnus
1824 3524 2089 3593 episcopus

504 3606 659 3675 plebis
707 3606 1036 3676 TagOrensls,
1083 3620 1203 3680 Cap.
1252 3612 1375 3666 155.
1427 3612 1606 3681 Itaque
1649 3612 2085 3680 Posthumianus,

504 3701 587 3767 qui
622 3702 836 3762 ponitur
863 3702 914 3754 in
945 3701 1257 3771 epigraphe,
1311 3702 1410 3757 l‘uit
1452 3705 1735 3773 episcopus
1769 3703 2087 3775 Tagorensis

502 3794 555 3845 in
616 3794 884 3861 provincia
936 3795 1337 3851 Proconsulari.
1389 3798 1460 3851 At
1505 3798 1672 3851 tuisse
1718 3797 1980 3867 Tagoram
2034 3801 2088 3854 in

503 3882 605 3937 hac
638 3887 908 3952 provincia
941 3888 1136 3955 colligo
1167 3904 1231 3942 ex
1262 3889 1480 3942 Tabulis
1502 3888 1948 3959 Peutingerianis,
1998 3890 2089 3945 ubi

501 3973 617 4029 haec
645 3976 921 4046 leguntur:
946 3978 1177 4032 Tltacora
1208 3994 1260 4047 ν,
1294 3980 1487 4051 Gegetu
1517 3981 1729 4051 (supple
1762 3999 1847 4045 xv,
1884 3998 1952 4037 ex
1978 3986 2089 4036 An-

502 4068 687 4121 tonino
718 4085 838 4123 mox
867 4070 1155 4142 laudando)
1189 4070 1491 4142 Nurragara
1538 4088 1633 4137 xu,
1679 4072 1831 4127 Sicca
1880 4071 2091 4127 Veneria

502 4174 629 4213 xxx.
680 4162 979 4216 Antoninus
1012 4164 1081 4217 ita
1127 4166 1318 4220 scribit
1348 4166 1399 4219 in
1450 4167 1642 4220 itinere
1683 4166 1839 4221 Musti
1865 4168 2089 4221 Cirtam.

503 4250 709 4305 Siccam
750 4268 919 4319 xxxii,
971 4255 1280 4328 Naraggara
1331 4274 1456 4323 xxx,
1509 4259 1710 4331 Tagora
1761 4275 1852 4322 xx,
1904 4258 2095 4326 Tipasa

502 4358 687 4397 xxxiv.
712 4343 930 4400 Certum
962 4358 1045 4401 est
1076 4348 1322 4417 Tipasam
1355 4361 1631 4419 spectasse
1667 4352 1731 4403 ad
1757 4351 2090 4417 Numidiam;

504 4451 626 4489 nam
672 4436 724 4489 in
769 4438 954 4491 notitia
997 4440 1153 4508 hujus
1181 4442 1474 4510 provincia:
1515 4443 1822 4495 nominatur
1857 4442 2094 4495 Rusticus

505 4527 817 4598 Tipasensis.
872 4533 1231 4601 Naraggaram
1266 4534 1473 4599 'l‘ipasm
1519 4534 1795 4586 tinitituam
1834 4534 2095 4589 Numidiae

506 4622 802 4691 ascripsere
825 4623 1049 4679 Carolus
1077 4643 1106 4680 a
1138 4629 1193 4682 ὃ.
1225 4627 1389 4681 Paulo
1410 4638 1461 4680 et
1491 4627 1821 4689 Holstenius,
1850 4628 1945 4681 sed
1975 4640 2094 4697 per~

506 4729 728 4785 peram;
764 4732 886 4771 nam
919 4719 1229 4789 synodicam
1261 4719 1717 4787 proconsularium
1760 4729 1867 4775 act.
1905 4718 1940 4771 2
1962 4734 2095 4774 con-

506 4808 612 4861 cilii
645 4807 1024 4864 Lateranensis
1057 4811 1375 4877 subscripsit
1404 4809 1695 4863 Benenatus
1730 4812 1996 4881 episcOpus
2028 4813 2091 4868 S.

510 4898 578 4954 Ε.
616 4898 1065 4971 Narragaritanw,
1107 4904 1239 4955 etin
1272 4901 1465 4957 Notitia
1514 4904 1653 4958 inter
1679 4904 2094 4972 proconsulares

506 5000 823 5045 recensetur
846 4990 1162 5045 Maximinus
1185 4991 1663 5064 Maraggaritanus,
1693 4993 1780 5046 tibi
1806 4994 1959 5061 plane
1984 4992 2096 5046 Na-

506 5086 871 5154 raggaritanus
902 5085 1180 5154 legendum
1213 5095 1315 5139 est.
1354 5086 1420 5139 Et
1446 5086 1500 5138 in
1524 5086 1809 5141 collatione
1834 5088 1972 5141 inter
1993 5086 2097 5140 Do-

508 5178 731 5230 natistas
759 5192 878 5245 cap.
905 5178 1009 5232 ‘207
1037 5189 1349 5232 numeratur
1376 5176 1659 5234 Faustinus
1687 5182 1957 5250 episcOpus
1982 5179 2097 5234 Na-

508 5270 894 5338 raggaritensis.
949 5269 1095 5324 Ultra
1149 5270 1506 5342 Naraggaram
1561 5288 1748 5327 versus
1798 5273 2095 5328 Numidiam

512 5365 725 5429 ponitur
754 5360 965 5434 Gegetu.
993 5363 1160 5416 Porro
1187 5363 1326 5419 hanc
1355 5368 1519 5419 etiam
1550 5366 1739 5429 urbem
1768 5366 1933 5419 fuisse
1958 5367 2095 5421 intra

510 5457 783 5511 tlimcesim
819 5459 1279 5526 proconsularium
1329 5469 1473 5530 patet
1510 5476 1575 5516 ex
1616 5459 1831 5515 Victore
1863 5460 2095 5530 Vitensi,

509 5556 595 5621 qui
626 5553 717 5607 lib.
746 5569 761 5606 ι
793 5554 859 5607 de
890 5553 1161 5609 Persecut.
1200 5555 1372 5611 Vand.
1398 5556 1539 5612 inter
1564 5557 1971 5626 proconsulares
2004 5572 2099 5612 no-

511 5647 676 5699 tninat
713 5645 993 5699 Vicentium
1025 5646 1342 5717 Cigitanunt.
1389 5648 1572 5720 Itaque
1617 5650 1823 5719 Tagora
1865 5650 1899 5703 5
1930 5646 2099 5703 millia

511 5752 762 5806 passuum
787 5737 978 5808 Gigetu
1008 5739 1237 5805 distans,
1284 5750 1403 5795 erat
1434 5743 1619 5797 ultima
1652 5743 1778 5797 urbs
1811 5742 2098 5813 provincia

507 5831 966 5905 Carthaginiensis,
992 5833 1200 5904 Tipasat
1226 5838 1583 5902 contermina,
1608 5838 1763 5910 cujus
1790 5851 1940 5894 sacra
1965 5845 2100 5892 tem-

512 5940 643 6003 pore
670 5928 970 5991 collationis
998 5918 1417 5991 Poitbumianus
1447 5932 1808 6004 ministrabat,
1834 5934 1925 6004 qui
1950 5943 2100 6005 post-

2196 2028 2522 2084 llolstenias.
2575 2028 2689 2084 Hoc
2718 2030 2890 2099 ipsum
2924 2028 3183 2099 probatur
3211 2044 3280 2083 ex
3316 2022 3534 2082 elencho
3559 2024 3728 2094 episco-

2194 2136 2383 2191 porum
2413 2123 2481 2176 ab
2514 2122 2781 2177 llunerico
2812 2121 2865 2176 in
2894 2121 3147 2177 exsilium
3182 2119 3599 2189 deportatorum;
3634 2132 3729 2171 nam

2193 2214 2333 2270 inter
2364 2216 2775 2285 proconsulares
2806 2214 3111 2267 nominatur
3134 2208 3466 2266 Florentinus
3496 2202 3728 2272 Uticensis,

2192 2322 2245 2369 et
2272 2312 2411 2366 inter
2439 2311 2745 2382 Byzacenos
2792 2298 2962 2362 Victor
3000 2305 3243 2372 Vitensis,
3295 2304 3381 2375 qui
3430 2302 3583 2358 libros
3625 2302 3730 2357 scri-

2194 2410 2302 2477 psit
2325 2407 2393 2462 de
2424 2406 2803 2461 Persecutione
2825 2402 3134 2458 Vandalica.
3158 2401 3318 2456 Plura
3344 2401 3441 2453 hac
3464 2398 3528 2453 de
3549 2398 3729 2467 releges

2193 2500 2245 2555 in
2294 2499 2599 2565 Chimetio,
2648 2498 2799 2567 cujus
2846 2496 3133 2563 volumen,
3184 2502 3245 2549 ut
3291 2493 3538 2564 pleraque
3573 2484 3677 2555 alia,
3708 2502 3731 2543 e

2194 2593 2562 2663 copiosissima
2596 2602 2684 2647 tua
2714 2592 2800 2647 illa
2820 2589 3147 2649 bibliotheca
3172 2603 3280 2644 non
3298 2586 3463 2643 semel
3484 2585 3731 2639 mihicom-

2195 2684 2443 2741 modasti.

2266 2778 2471 2833 Vtcron
2490 2777 2845 2834 MIGIBPENSIS.
2878 2778 2963 2832 Ita
2984 2778 3170 2847 legitur
3197 2779 3253 2830 in
3276 2774 3558 2838 collatione,
3581 2781 3669 2825 etc.
3686 2769 3731 2821 ln

2195 2871 2297 2926 hoc
2320 2880 2375 2926 et
2396 2871 2716 2941 prtecedenti
2753 2870 2965 2925 Victore
3006 2869 3145 2924 redit
3178 2868 3246 2945 ad
3277 2866 3462 2922 solitas
3490 2861 3733 2918 divinatio-

2195 2980 2311 3019 nes.
2342 2964 2582 3019 Adl‘uere
2609 2963 2884 3018 collationi
2916 2971 3026 3017 tres
3054 2955 3143 3016 alii
3175 2976 3206 3016 e
3247 2956 3607 3014 Procousulari
3636 2967 3734 3023 pro-

2197 3056 2369 3108 vincia
2405 3054 2676 3121 Victores;
2724 3044 2939 3125 nempe,
2986 3050 3401 3113 Libertinensis,
3428 3044 3735 3111 Abitinensis,

2194 3154 2249 3201 et
2285 3145 2704 3200 Tuburbitanus.
2766 3140 2913 3199 Itane
2967 3144 3130 3200 hosce
3172 3144 3313 3198 intra
3361 3137 3737 3212 quinquennium

2194 3240 2391 3294 obiisse
2421 3248 2590 3309 putat,
2637 3239 2837 3294 risisse
2866 3254 2995 3294 vero
3022 3238 3428 3308 Migirpensem,
3482 3243 3535 3289 et
3560 3230 3737 3288 Uticen-

2195 3348 2333 3397 sem,
2363 3341 2421 3387 ut
2442 3333 2530 3387 isti
2562 3332 2924 3397 solummodo,
2968 3341 3024 3388 et
3055 3331 3234 3386 nullus
3260 3329 3474 3385 illorum
3502 3325 3645 3382 trium
3666 3335 3738 3393 sy-

2195 3420 2337 3478 nbdo
2366 3419 2507 3478 anni)
2531 3424 2635 3479 “6
2664 3424 2990 3493 Carthagine
3016 3432 3204 3478 contra
3240 3421 3551 3491 Pelagianos
3573 3423 3741 3473 coacta

2193 3516 2457 3571 interesse
2484 3517 2791 3586 potuerint?
2817 3516 2923 3571 Sed
2953 3516 3037 3569 cui
3069 3514 3226 3569 facile
3255 3512 3357 3568 fuit
3384 3511 3541 3568 urbes
3568 3523 3653 3577 pro
3673 3522 3741 3561 ar-

2193 3608 2354 3663 bitrio
2373 3618 2599 3675 mutare,
2623 3609 2974 3675 confundere,
2997 3616 3304 3674 exstruere,
3324 3605 3465 3660 haud
3487 3602 3738 3673 quidquam

2193 3702 2344 3771 pensi
2378 3702 2562 3758 habuit
2590 3703 2874 3773 episcopos
2908 3701 2975 3755 ad
3015 3700 3255 3772 synodos
3300 3699 3583 3754 admittere
3609 3701 3743 3765 prout

2195 3794 2347 3860 libet,
2368 3802 2423 3849 et
2448 3804 2606 3863 prout
2635 3794 2764 3849 libet
2790 3793 3100 3848 excludere.

2266 3885 2462 3940 LUCIUS
2488 3885 2908 3941 TAGARATENSIS.
2937 3884 3246 3938 Recensetur
3264 3884 3380 3954 ejus
3408 3896 3583 3936 nomen
3600 3879 3648 3932 in
3662 3876 3745 3931 col-

2196 3978 2405 4032 latione.
2434 3977 2794 4047 Tagaralensis
2816 3978 3041 4048 episcopi
3072 3976 3303 4031 meminit
3333 3976 3510 4030 notitia
3531 3974 3747 4044 episcopo-

2194 4087 2308 4124 rum
2337 4072 2608 4139 prouincia
2630 4071 3048 4140 Proconsularis,
3079 4070 3303 4141 refertur
3324 4074 3460 4126 enim
3489 4068 3749 4123 Honoratus

2198 4163 2240 4216 Τ
2241 4164 2563 4235 agaretensis
2590 4166 2771 4234 pulsus
2798 4166 2852 4218 in
2881 4164 3139 4219 exsilium.
3164 4163 3284 4220 Non
3309 4178 3527 4235 possum
3562 4175 3659 4217 non
3689 4156 3749 4211 al-

2195 4258 2293 4313 bos
2313 4258 2550 4313 calculos
2578 4258 2831 4327 adjicere.

2268 4349 2546 4405 ΜΑιιιΑΝυε
2591 4350 2986 4406 Uzwrsnensrs.
3035 4350 3354 4405 Nominatur
3397 4352 3453 4403 in
3492 4346 3748 4403 collatione.

2199 4443 2433 4497 Meminit
2467 4446 2649 4497 notitia
2676 4444 3053 4517 Episwporutn
3092 4446 3370 4516 provincias
3395 4438 3752 4498 Proconsularis

2198 4537 2435 4604 Augentii
2456 4535 2818 4607 Usipperitani
2839 4539 2895 4591 in
2919 4538 3158 4591 exsilium
3181 4537 3404 4607 expulsi.
3434 4536 3490 4591 In
3518 4531 3753 4604 plerisque

2198 4630 2356 4684 editis
2385 4629 2659 4685 codicibus
2682 4631 2875 4700 legitur
2903 4628 3197 4694 Mucianus,
3227 4630 3323 4684 sed
3347 4629 3603 4683 Garnerio
3638 4623 3755 4678 favet

2201 4737 2305 4776 ms.
2338 4721 2712 4778 Laurentisne:
2743 4722 3105 4779 bibliotheca.
3159 4722 3216 4777 In
3253 4722 3475 4777 Tabulis
3505 4716 3753 4783 Peutinge-

2202 4815 2367 4871 rianis
2398 4813 2644 4885 Usippira
2668 4817 2883 4884 ponitur
2908 4830 3068 4886 supra
3088 4816 3284 4885 Putput
3304 4815 3358 4870 in
3382 4805 3755 4870 mediterraneis

2204 4924 2391 4965 versus
2419 4910 2719 4965 meridiem.
2744 4912 2802 4965 In
2828 4909 3047 4981 Synodo
3071 4908 3331 4963 Bonitaeii
3366 4906 3657 4977 appellatur
3675 4899 3755 4954 Se-

2202 5004 2421 5056 ntentius
2454 5002 2839 5074 Usipparensis.
2877 5002 3146 5057 Marianus
3188 5002 3287 5055 fuit
3313 5016 3452 5060 unus
3489 4999 3754 5069 legatorum

2202 5094 2662 5165 proconsularium
2696 5096 2746 5149 in
2773 5094 3001 5150 concilio
3025 5095 3150 5149 anni
3176 5095 3306 5150 419.

2277 5188 2618 5242 Faucroosvs
2645 5190 3036 5242 Asztntrensrs.
3083 5185 3169 5242 Ita
3197 5189 3383 5260 legitur
3409 5188 3467 5240 in
3494 5183 3752 5241 collatione,

2201 5281 2472 5351 legendum
2501 5290 2666 5333 tamen
2700 5281 2827 5350 forte
2854 5289 2927 5333 est
2942 5264 3306 5346 Abderitensis,
3330 5278 3408 5333 vel
3428 5272 3753 5332 Abbiritensis:

2204 5381 2277 5425 est
2309 5374 2443 5425 enim
2480 5372 2618 5436 apud
2664 5371 3000 5426 Ptolemtzum
3032 5374 3247 5427 Abdera:
3292 5372 3485 5425 mentio
3523 5369 3574 5423 in
3610 5365 3754 5434 Africa

2204 5464 2436 5535 propria,
2471 5480 2558 5517 seu
2586 5465 2846 5534 provincia
2881 5462 3274 5532 Proconsulari,
3304 5464 3552 5533 siquidem
3581 5458 3755 5530 ponitur

2206 5556 2298 5609 sub
2333 5554 2666 5625 Carthagine,
2695 5567 2741 5609 et
2772 5557 2824 5608 in
2860 5554 3061 5609 Notitia
3100 5556 3373 5625 prouincia:
3398 5546 3753 5608 Preconsulmis

2207 5649 2267 5718 ﬁt
2315 5648 2502 5701 mentio
2529 5645 2717 5701 Felicis
2746 5646 3013 5701 Abaritani
3038 5648 3282 5719 episcopi.
3316 5646 3472 5701 Hunc
3506 5658 3614 5699 vero
3639 5638 3777 5709 Fru-l

2208 5751 2444 5794 ctuosum
2472 5749 2669 5809 oportet
2699 5750 2800 5793 non
2836 5741 2925 5794 diu
2966 5740 3124 5810 fuisse
3160 5742 3509 5813 superstitem;
3554 5748 3660 5790 nam
3684 5745 3753 5783 an.

2206 5835 2313 5891 M9
2337 5833 2602 5889 Candidus
2627 5833 2968 5888 Abbaritanus
2986 5842 3269 5890 recentatur
3291 5836 3424 5891 inter
3450 5836 3629 5904 legatos
3657 5838 3753 5898 pro-

2207 5928 2386 5988 uincia:
2415 5926 2835 5995 Procomularis.
2868 5928 2957 5998 qui
2975 5937 3142 5987 tamen
3163 5929 3217 5987 in
3241 5923 3671 6001 subscriptionibus
3687 5915 3751 5973 tli-
