3954 6364
245 404 329 462 285
890 386 1251 454 VARIORUM
1290 382 1898 453 EXERCITATIONES
1937 388 2006 453 ΙΝ
2043 394 2104 454 8.
2146 386 2524 454 AUGUSTINI
2562 397 2818 455 OPERA.

3394 397 3499 455 286

244 515 669 582 citurGermaniai,
688 512 779 569 sed
795 518 1195 570 mendosemam
1215 508 1493 568 Germania
1513 526 1614 569 sive
1635 520 1800 578 uetus,
1830 508 1888 577 Α
1986 508 2328 574 Ρνωιεωιαιω
2378 530 2645 590 eprscbpus
2693 515 3045 575 Sicilibbensis
3085 508 3331 574 Est-teste
3376 522 3499 577 sub-

241 621 326 675 sire
348 632 488 680 nova,
524 613 741 682 pertinet
768 608 837 665 ad
867 608 1201 675 Numidiam,
1228 609 1272 663 si
1302 620 1401 681 qua
1434 608 1568 679 ﬁdes
1593 602 1809 663 Notitiw

240 713 402 782 sapius
431 711 618 773 citattc,
664 707 719 760 in
754 722 856 776 qua
884 706 941 775 ﬁt
976 702 1165 758 mentio
1186 694 1379 757 Felicis
1400 698 1667 757 Abarltani
1696 700 1807 773 epi-

241 806 376 875 δευρί.
416 802 610 857 Parum
652 800 816 856 callet
860 799 1165 855 Africanam
1218 796 1623 869 geograpltiam,
1680 796 1810 852 dum

241 897 405 954 urbem
438 890 805 949 Abziritanam
857 908 979 947 cum
1022 890 1339 946 Abbiritana
1403 886 1701 946 confundit.
1751 884 1811 944 In

240 990 501 1048 collatione
530 1003 648 1055 Cap.
690 980 794 1041 128
825 986 1023 1041 dicitur
1053 972 1377 1039 Fructuosus
1408 984 1675 1054 episcopus
1704 982 1813 1053 ple-

245 1089 301 1141 bis
323 1084 660 1139 Absiritensis.
695 1072 895 1136 Plinius
918 1080 1011 1135 lib.
1035 1096 1089 1145 v,
1115 1094 1236 1150 cap.
1261 1076 1319 1143 4,
1344 1072 1526 1133 laudat
1554 1076 1609 1131 in
1628 1066 1809 1130 Africa

243 1176 468 1250 oppidum
516 1176 895 1229 Abziritanum.
945 1172 1069 1227 Haec
1110 1172 1236 1227 urbs
1274 1170 1571 1225 Ptolemaeo
1616 1166 1812 1223 dicitur

244 1270 447 1334 Abdera,
500 1284 621 1321 nam
675 1267 715 1321 Ι)
764 1282 862 1337 pro
905 1258 944 1319 Ζ
988 1264 1190 1334 passim
1246 1266 1518 1329 sumptum
1566 1258 1812 1329 superius

243 1361 447 1420 ostendi.
479 1350 543 1413 Et
570 1360 623 1414 in
652 1358 859 1431 synodo
886 1356 1160 1413 Genethlii
1194 1371 1284 1410 an.
1320 1348 1424 1412 390
1456 1348 1633 1409 Victor
1662 1352 1813 1407 Absi-

242 1460 420 1511 ritanus
443 1458 493 1508 et
515 1448 857 1507 Abderitanus
880 1452 934 1506 in
962 1450 1125 1505 variis
1148 1448 1426 1505 codicibus
1454 1443 1671 1521 legitur.
1695 1447 1813 1503 Cas-

244 1565 397 1609 terum
422 1547 589 1602 adhuc
618 1544 672 1602 in
705 1546 883 1601 Africa
908 1542 1327 1601 numerabantur
1348 1540 1467 1599 duae
1499 1542 1659 1599 urbes
1682 1558 1815 1614 qua-

243 1660 343 1701 rum
371 1641 598 1711 episc0pi
630 1638 1001 1695 Abbiritenses
1026 1637 1496 1705 nuncupabantur.
1528 1632 1661 1691 Nam
1685 1624 1809 1706 cap.

248 1739 333 1793 9.15
355 1734 571 1789 laudatzn
593 1732 897 1788 collationis
929 1732 1146 1801 ponitur
1176 1726 1499 1785 Annibonius
1522 1726 1813 1785 Abbiritcn-

250 1830 334 1896 sis;
360 1828 523 1897 capite
550 1842 681 1879 vero
710 1822 833 1893 155,
859 1823 1010 1879 Felix
1033 1824 1300 1895 episcopus
1317 1824 1670 1895 Abbirmajus.
1692 1841 1811 1894 quas

246 1890 354 1975 urbs
382 1890 447 1972 ita
472 1890 867 1988 appellabatur,
889 1925 947 1970 ut
975 1910 1044 1970 ab
1063 1890 1437 1983 'Abbi'rminus,
1471 1890 1572 1971 ubi
1589 1890 1812 1971 sedebat
1840 1890 1888 1962 Β

239 2010 571 2076 Annibonius,
599 2008 1056 2079 distingueretur;
1090 2004 1205 2062 Afri
1236 2006 1379 2061 enim
1412 1998 1477 2061 ad
1508 2005 1642 2062 duas
1667 2008 1811 2077 ejus-

238 2106 349 2160 dem
390 2103 613 2157 nominis
650 2103 811 2156 urbes
851 2090 1295 2170 distinguendas,
1358 2099 1648 2155 utebantur
1693 2096 1811 2156 istis

235 2196 488 2251 vocabulis
511 2195 681 2265 majus
708 2202 763 2248 et
789 2194 989 2259 minus;
1023 2191 1093 2246 ita
1127 2182 1268 2262 apud
1298 2190 1518 2247 eosdem
1546 2192 1810 2248 habemus

234 2287 557 2357 Leptiminus,
600 2290 816 2358 nempe,
865 2285 1096 2341 Parvam
1142 2284 1373 2353 Leptim,
1415 2284 1470 2339 et
1514 2276 1567 2339 in
1611 2282 1809 2341 Notitia

232 2383 363 2436 inter
391 2376 690 2451 Byiaccnos
719 2390 800 2435 est
836 2370 1247 2433 Fortunatianus
1278 2374 1672 2447 Leptiminensis
1696 2394 1716 2433 :
1738 2380 1811 2434 ita

230 2473 424 2528 Plinius
460 2472 655 2527 ibidem
684 2480 930 2527 recenset
958 2470 1153 2540 oppida
1190 2470 1413 2525 Ucitana
1460 2468 1598 2537 duo,
1642 2471 1812 2541 majus

228 2579 269 2620 et
287 2568 464 2629 minus,
495 2576 548 2621 et
574 2581 693 2635 cap.
729 2565 833 2621 155
860 2563 1166 2620 collationis
1199 2566 1457 2619 recitatur
1498 2560 1810 2617 Octavianus

224 2661 482 2728 episcopus
522 2657 680 2729 plebis
729 2656 1019 2729 Ucimajus.
1072 2648 1254 2727 itaque
1293 2654 1471 2711 eidem
1534 2646 1811 2710 collationi

224 2766 363 2806 anno
402 2752 497 2807 411
545 2748 840 2807 interfuere
871 2742 1205 2806 Fructuosus
1235 2747 1611 2815 AbziriteuSis,
1658 2744 1811 2802 Felix

224 2843 590 2915 Abbirmajus,
638 2845 971 2899 Annibonius
1018 2842 1388 2899 Abbirminus.
1445 2839 1501 2894 In
1566 2832 1813 2913 synodali

228 2938 683 3006 proconsularium
724 2947 831 2992 act.
873 2937 908 2992 2
948 2936 1163 2991 concilii
1192 2926 1573 2990 Lateranensis
1609 2928 1812 2987 laudati

230 3033 555 3101 appellantur
583 3032 881 3088 Adeodatus
910 3024 1259 3098 Abbiritanus,
1300 3039 1355 3086 et
1392 3026 1683 3084 Victorinus
1711 3028 1814 3083 Ab-

228 3126 484 3191 ziritanus,
509 3142 735 3196 quorum
763 3128 1139 3196 episcoporum
1170 3118 1330 3182 urbes
1360 3124 1555 3179 mirum
1587 3137 1693 3177 non
1730 3124 1814 3178 est

229 3220 533 3275 Garnerinm
566 3222 618 3275 in
646 3237 805 3275 unam
834 3220 1165 3290 confudisse,
1186 3238 1307 3277 cum
1338 3237 1438 3278 nec
1465 3222 1683 3277 easdem
1709 3220 1811 3275 Ca-

230 3313 371 3368 rolus
398 3330 424 3367 a
460 3316 513 3371 S.
545 3315 729 3382 Paulo,
767 3330 863 3370 nec
894 3315 1204 3371 llolstenius
1233 3326 1421 3372 exacte
1443 3316 1804 3371 distinxerim.

234 3405 328 3458 Sed
360 3406 459 3460 alia
486 3422 675 3462 rursus
700 3407 947 3461 Garnerii
979 3415 1157 3462 errata
1187 3406 1509 3477 corrigenda
1540 3418 1689 3473 sunt;
1715 3406 1814 3460 ial-

234 3513 341 3551 sum
373 3500 509 3553 enim
536 3500 938 3555 estCandidum
971 3501 1297 3555 successisse
1317 3500 1651 3567 Fructuoso;
1688 3514 1811 3553 nam

235 3591 487 3649 Candidus
515 3595 616 3648 fuit
644 3595 929 3665 episcopus
953 3595 1336 3659 Abbiritensis,
1371 3610 1477 3650 non
1510 3593 1814 3649 Abziriten-

237 3684 330 3749 sis;
365 3685 431 3739 ita
472 3686 613 3740 enim
659 3686 853 3757 legitur
900 3687 952 3741 in
994 3688 1391 3757 subscriptione
1435 3688 1627 3758 synodi
1667 3702 1810 3740 anno

240 3777 332 3832 119
358 3778 675 3850 Carthagine
705 3790 925 3850 coactas,
976 3780 1244 3836 Candidus
1285 3783 1551 3853 episcopus
1602 3780 1806 3835 Abbiri—

242 3873 383 3925 tensis
409 3871 942 3940 Germanicianorum,
969 3876 1108 3944 apud
1144 3874 1416 3929 Labbeum
1452 3885 1581 3928 tom.
1611 3873 1655 3928 ll
1675 3872 1813 3927 Con-

245 3964 318 4018 cil.
348 3971 459 4037 pag.
495 3967 652 4023 1670.
686 3969 753 4022 Et
780 3978 963 4034 recte;
1006 3985 1129 4022 nam
1159 3966 1300 4037 apud
1333 3968 1689 4037 Augustinum
1713 3966 1810 4020 lib.

252 4074 295 4111 vr
322 4059 380 4114 de
408 4060 582 4130 Bapt.,
612 4077 733 4129 cap.
760 4061 852 4128 23,
895 4063 1202 4116 nominatur
1234 4062 1285 4115 in
1319 4061 1525 4131 synodo
1561 4049 1812 4129 Cypriani

254 4150 500 4207 Successus
544 4154 607 4208 ab
644 4154 799 4207 Abbir
838 4153 1250 4208 Germaniciano.
1295 4154 1349 4207 Si
1384 4153 1676 4208 Garnerius
1717 4168 1813 4222 pro

256 4244 510 4303 Germania:
549 4250 603 4301 in
634 4248 950 4303 melioribus
978 4248 1250 4303 codicibus
1280 4246 1626 4301 Gcrmaniciw
1656 4246 1814 4315 legis-

258 4349 338 4407 set,
365 4342 551 4395 reetius
574 4351 777 4396 textum
805 4342 1153 4397 correxisset.
1176 4342 1369 4395 Verum
1397 4341 1677 4410 plusquam
1702 4340 1813 4408 pal-

260 4432 393 4486 maris
415 4443 494 4487 est
522 4434 765 4502 ejusdem
807 4435 1087 4504 scriptoris
1130 4434 1468 4499 allncinatio,
1521 4433 1611 4487 ubi
1653 4433 1816 4487 tradit

264 4516 579 4576 Fructuosum
616 4533 735 4593 post
763 4539 961 4577 annum
994 4523 1098 4577 M6
1128 4524 1268 4577 haud
1300 4523 1391 4577 diu
1423 4522 1591 4578 fuisse
1618 4538 1814 4593 super-

265 4614 426 4679 stitem,
458 4617 595 4685 quod
628 4616 901 4672 Candidus
931 4632 1072 4671 anno
1095 4616 1200 4671 M9
1231 4618 1284 4671 in
1314 4616 1596 4672 Fructuosi
1630 4617 1814 4672 cathe-
1839 4660 1879 4685 ε

267 4706 338 4761 dra
360 4710 587 4766 sedebat.
607 4712 663 4766 ld
682 4712 770 4766 ubi
794 4711 862 4766 de
875 4711 1112 4766 Candida
1140 4726 1319 4765 sermo
1341 4712 1563 4767 inferius
1592 4711 1809 4776 incidet,

270 4803 533 4869 ostendam;
567 4820 689 4858 nam
721 4805 908 4858 ambos
940 4804 1064 4858 huic
1087 4804 1295 4875 synodo
1325 4812 1621 4873 praesentes
1640 4804 1809 4873 tingit.

320 4892 721 4958 Quoovuuneus
746 4895 1025 4951 Vsnsusts.
1056 4894 1180 4949 Fuit
1204 4912 1334 4949 unus
1354 4912 1418 4949 ea:
1438 4898 1608 4949 decem
1635 4895 1815 4967 legatis

275 4987 501 5051 provincia:
532 4988 951 5049 Proconsularis.
986 4992 1075 5059 qui
1106 5006 1221 5043 cum
1261 4991 1481 5043 aliarum
1522 4992 1814 5058 provincia-

272 5092 355 5129 rum
390 5080 557 5150 legatis
608 5095 695 5135 an.
734 5081 862 5149 419,
906 5083 1111 5135 nomine
1151 5084 1300 5135 totius
1333 5082 1591 5152 Africana:
1632 5082 1815 5151 synodi

270 5184 449 5225 canones
475 5184 889 5245 recognoverunt.
916 5174 1031 5229 Non
1060 5176 1128 5229 ita
1152 5184 1254 5230 est.
1288 5176 1385 5229 Hic
1408 5174 1814 5242 Quodvultdeus

267 5272 365 5317 ante
386 5278 573 5321 annum
605 5265 703 5320 411
733 5276 849 5321 erat
870 5267 1181 5337 episcopus,
1217 5280 1338 5321 nam
1365 5269 1668 5322 nominatur
1689 5278 1816 5323 ante

264 5355 490 5411 Thomam
540 5358 905 5425 Cubdensem,
957 5362 1047 5429 qui
1107 5360 1349 5415 interfuit
1396 5358 1689 5414 collationi.
1748 5362 1817 5413 At

260 5452 633 5519 Quodvultdeus
686 5454 938 5509 Verensis
994 5462 1113 5524 post
1155 5469 1245 5508 an.
1293 5452 1389 5509 Ml
1446 5454 1813 5522 episcopatum

257 5548 476 5616 indeptus
505 5556 620 5614 est;
661 5564 781 5604 cum
820 5550 873 5603 in
912 5549 1397 5619 subscriptionibus
1426 5564 1514 5603 an.
1561 5548 1666 5603 419
1693 5555 1815 5617 post

252 5639 585 5697 Penthadium
600 5641 950 5709 Carpitanum
970 5640 1195 5695 locetur.
1214 5638 1412 5694 Earum
1432 5639 1807 5710 fragmentum,

246 5733 375 5795 quod
404 5734 689 5803 plurimum
720 5733 787 5787 ad
817 5748 931 5788 rem
964 5732 1111 5803 facit,
1142 5733 1227 5788 hic
1258 5732 1457 5788 insero.

306 5848 616 5907 Penthadius
639 5852 907 5921 episcopus
922 5848 1217 5919 Carpitame
1248 5849 1491 5905 Ecclesia!
1519 5844 1819 5917 subscripsi.

305 5924 569 5995 Ru/i‘tanus
596 5927 865 5996 episcOpus
888 5922 1134 5981 Ecclesite
1160 5922 1415 5981 Maseusis
1446 5924 1745 5994 subscripsi.

244 6028 299 6047 Ι

1912 605 2373 736 “diluuia...
2395 665 2661 735 ερεεεορω
2689 663 2920 736 Veranii?
2942 615 3189 736 E‘f’i‘m
3209 666 3502 736 “‘bwri’m'

1987 734 2250 789 Candidus
2270 794 2275 799 ,
2296 732 2573 805 episcopus
2612 735 2943 791 Abbiritensis
2995 732 3504 794 Germanicianorum

1918 795 2169 862 Ecclesia:
2194 795 2489 877 subscripsi.

1987 986 2144 1041 Anno
2172 981 2273 1045 411
2309 982 2529 1042 sedebat
2575 984 2765 1056 Carpis
2804 982 3089 1055 Antonius,
3139 982 3223 1043 cui
3270 982 3507 1044 Pentha-

1916 1074 2034 1137 dius
2062 1074 2381 1151 subrogatus
2406 1072 2502 1135 fuit
2523 1094 2591 1136 ex
2616 1088 2735 1148 cap.
2761 1076 2865 1136 125
2886 1079 3043 1137 toties
3066 1086 3375 1139 memorata:
3397 1082 3508 1139 col-

1914 1162 2150 1227 lationis.
2186 1166 2330 1227 idem
2357 1171 2517 1227 etiam
2540 1166 2943 1237 Quodvultdeus
2962 1173 3015 1229 in
3039 1174 3331 1244 epigraphe
3359 1176 3509 1246 poni-

1915 1268 2003 1320 t‘ur
2033 1270 2160 1319 ante
2181 1258 2508 1319 CandOrinm
2530 1256 2907 1330 Mullitensem,
2932 1265 3021 1335 qui
3042 1264 3309 1321 collationi
3340 1265 3509 1323 inter-

1917 1354 2039 1416 fuit.
2062 1359 2237 1428 Quare
2258 1352 2503 1414 diversus
2519 1357 2676 1428 plane
2697 1352 2797 1413 fuit
2818 1373 2845 1412 a
2863 1352 3236 1425 Quodvultdeo
3256 1352 3503 1419 Verensi.

1986 1450 2290 1507 Campantus
2320 1444 2700 1504 MULLITENSIS.
2732 1446 3053 1505 Numeratttr
3080 1450 3213 1507 inter
3245 1454 3507 1527 episcopos

1915 1536 2000 1616 qui
2028 1538 2341 1615 Carthagine
2370 1540 2579 1613 fuerunt
2614 1552 2837 1613 tempore
2866 1538 3174 1602 collationis.
3213 1544 3359 1602 Inter
3388 1566 3507 1620 pro-

1916 1638 2209 1693 consulares
2231 1638 2413 1709 ejectos
2440 1628 2640 1691 Notitia
2663 1636 2811 1692 habet
2835 1630 3128 1694 Liberatum
3150 1634 3506 1702 Mullilanum.

1914 1722 2153 1786 Tandem
2185 1728 2480 1785 Garnerius
2505 1740 2609 1785 non
2636 1731 2746 1785 sine
2768 1742 2893 1785 cura
2918 1736 2965 1785 et
2992 1728 3167 1787 labore
3192 1732 3396 1805 aliquid
3418 1752 3510 1792 ex-

1916 1823 2155 1894 piscatus
2184 1833 2285 1878 est.

1988 1915 2233 1971 MAXIMUS
2254 1922 2308 1971 et
2336 1910 2633 1973 MEGABIUS.
2660 1910 2863 1990 Igndta‘:
2889 1916 3051 1975 sedes.
3070 1917 3177 1977 Sed
3201 1920 3255 1977 et
3283 1914 3509 1980 aliorum

1918 2012 2106 2077 parum
2139 2002 2312 2061 eidem
2342 2016 2503 2063 notas.

1988 2098 2224 2154 RUFINUS
2255 2098 2712 2154 DnusruaNeusrs.
2765 2090 3071 2171 Quanquam
3105 2100 3182 2156 ita
3229 2097 3414 2175 legitur
3452 2102 3508 2159 in

1916 2190 2208 2258 collatione,
2242 2188 2508 2258 legendum
2540 2192 2705 2245 tamen
2733 2203 2855 2262 puto
2878 2188 3273 2263 Dinisianensis,
3307 2196 3382 2250 uel
3414 2213 3510 2265 po-

1916 2282 2017 2340 tius
2048 2280 2458 2340 Dionisianensis
2483 2294 2499 2340 .‘
2523 2288 2694 2359 ejusce
2723 2288 2857 2341 enim
2885 2286 3105 2343 nominis
3133 2289 3400 2360 episc0pus
3422 2306 3512 2359 po-

1916 2382 2052 2437 nitur
2072 2382 2126 2436 in
2156 2382 2372 2436 concilio
2396 2379 2789 2450 Carthaginensi
2808 2381 3232 2450 rebaptizantium
3252 2400 3395 2438 num.
3418 2380 3511 2441 4⁸8.

1918 2466 1994 2529 An
2025 2492 2125 2528 non
2156 2473 2249 2529 illa
2274 2475 2419 2528 sedes
2449 2486 2563 2543 qua!
2591 2476 2644 2527 in
2683 2473 2886 2529 Nolitia
2917 2474 3191 2545 provincia:
3221 2474 3514 2531 Proconsu—

1915 2569 2039 2623 laris
2060 2576 2295 2639 corrupte
2321 2569 2505 2639 legitur
2529 2558 2997 2623 Duassendelmai?
3017 2561 3131 2625 Non
3156 2579 3377 2640 possunt
3398 2564 3514 2628 sine

1913 2652 2026 2715 risu
2053 2656 2166 2714 haec
2194 2654 2387 2714 audiri.
2415 2657 2455 2714 A
2482 2666 2703 2714 carcere
2730 2659 2797 2714 ad
2825 2652 3026 2715 calcem
3055 2672 3315 2731 pererrat.
3344 2660 3510 2733 Lege,

1915 2751 1990 2807 mi
2020 2742 2240 2817 Antoni,
2273 2748 2622 2822 epigraphen,
2652 2744 2861 2808 videbis
2906 2746 3173 2808 nominari
3218 2769 3326 2810 non
3366 2746 3513 2811 Rufi-

1916 2862 2068 2912 num,
2099 2845 2193 2902 sed
2223 2845 2521 2901 Rusrtcuu.
2556 2838 2632 2900 lta
2662 2862 2784 2901 cum
2815 2841 2921 2901 duo
2949 2840 3154 2904 Rustici
3199 2847 3255 2904 in
3305 2846 3513 2921 epigra-

1915 2930 2022 3012 phe
2048 2939 2377 3007 scribantur,
2410 2938 2708 2995 Garnerius
2733 2958 2799 2996 ex
2832 2939 2996 3010 priori
3040 2940 3406 2998 Rusticianum
3436 2940 3512 2999 fa-

1915 3036 2008 3099 cit,
2038 3034 2392 3104 posteriorem
2438 3034 2491 3087 in
2518 3032 2765 3089 Rufinum
2802 3043 2996 3090 mutat.
3024 3026 3159 3091 Cum
3207 3051 3316 3092 nou
3344 3030 3513 3107 possit

1916 3120 2196 3183 Rusticum
2228 3120 2368 3182 inter
2398 3125 2662 3183 ducentos
2689 3136 2744 3182 et
2786 3122 3055 3197 octoginta
3096 3145 3193 3185 sex
3230 3128 3513 3201 episcopos

1916 3222 2007 3291 qui
2038 3219 2310 3276 collationi
2342 3234 2537 3276 nomen
2561 3214 2828 3276 dederunt
2852 3222 3111 3291 reperire,
3149 3223 3281 3278 s'atis
3308 3223 3515 3279 urbano

1917 3316 2147 3372 artiﬁcio
2181 3331 2277 3385 pro
2310 3315 2531 3370 Rustico
2561 3313 2809 3370 Rufinum
2859 3310 3119 3372 obtrudit.
3153 3314 3322 3371 Porro
3368 3316 3514 3372 Rufi-

1916 3425 2020 3467 nus
2043 3425 2161 3481 cap.
2193 3408 2286 3464 121
2322 3409 2628 3464 collationis
2657 3420 2881 3466 vocatur
2909 3402 3175 3479 episcopus
3194 3408 3351 3479 plebis
3378 3410 3515 3464 Dru-

1916 3505 2230 3561 silianensis.
2276 3504 2476 3559 Verum
2522 3504 3021 3573 metamorphoseos
3066 3506 3359 3571 studiosus,
3406 3522 3515 3562 non

1916 3600 2081 3656 modo
2106 3600 2442 3669 episcopum,
2471 3597 2567 3654 sed
2588 3606 2644 3653 et
2674 3596 3027 3653 Drusilianam
3058 3598 3300 3667 ejusdem
3326 3598 3511 3654 sedem

1916 3693 1970 3748 in
2002 3692 2161 3747 aliam
2191 3700 2516 3753 convertens
2543 3691 2621 3745 ait
2647 3708 2660 3743 :
2687 3689 2981 3760 Legendum
3009 3698 3179 3744 tamen
3208 3700 3331 3760 puto
3362 3690 3514 3745 Dini-

1915 3787 2221 3841 sianensem.
2257 3784 2482 3841 Serione
2507 3799 2572 3837 an
2600 3784 2787 3853 iocose
2819 3784 2932 3838 haec
2960 3783 3243 3853 scripsisse
3263 3782 3512 3838 eumdem

1918 3879 2110 3947 putas?
2150 3875 2381 3932 Ubinam
2428 3874 2691 3945 gentium,
2742 3889 2849 3928 non
2881 3874 3054 3928 dicam
3091 3874 3147 3929 in
3174 3873 3375 3939 Africa,
3421 3874 3515 3930 sed

1917 3971 2051 4027 orbe
2082 3978 2195 4024 toto
2242 3968 2589 4037 episcopatus
2638 3965 3027 4020 Dinisianensis
3070 3964 3287 4035 paruit?
3320 3964 3515 4020 Verum

1916 4062 2042 4118 vide
2071 4060 2341 4133 quomodo
2390 4060 2634 4115 eamdem
2684 4058 3013 4112 Dinisianam
3057 4071 3209 4112 suam
3248 4058 3391 4111 illam
3424 4073 3515 4111 nr-

1918 4155 2065 4224 bem,
2095 4169 2256 4225 quam
2286 4166 2393 4207 uno
2422 4151 2584 4207 ductu
2632 4151 2823 4207 calami
2856 4158 3084 4219 repente
3120 4152 3402 4216 excitarat,
3434 4150 3515 4205 al-

1920 4259 2037 4306 tero
2064 4249 2245 4303 statim
2273 4246 2504 4316 dejecit;
2533 4246 2610 4299 uel
2632 4246 2824 4317 potius,
2854 4245 3045 4313 inquit,
3081 4244 3513 4299 Dionisianensis.

1918 4340 2026 4398 Sed
2056 4354 2340 4412 perperam
2368 4338 2826 4393 Drusilianensem
2851 4336 3147 4391 Ecclesiam
3168 4327 3289 4391 cum
3318 4336 3516 4406 Diony-

1919 4434 2071 4488 siana
2101 4430 2408 4495 confundit;
2437 4430 2525 4483 illa
2551 4430 2696 4485 enim
2726 4428 2792 4482 ad
2816 4429 3230 4500 proconsulares
3261 4430 3513 4497 pertinet,

1919 4535 1978 4582 ut
2006 4540 2074 4582 ex
2115 4523 2334 4579 Tabulis
2385 4521 2815 4589 Peutingerianis
2845 4530 3080 4588 constat,
3118 4520 3235 4575 haac
3280 4536 3410 4575 vero
3448 4520 3515 4575 ad

1922 4620 2263 4691 Byzacenos;
2297 4631 2419 4671 nam
2450 4617 2591 4670 inter
2613 4616 2770 4671 sedes
2792 4615 3005 4685 Byzacii
3034 4630 3153 4685 qua:
3169 4615 3287 4669 sine
3308 4616 3517 4683 episco-

1920 4713 2003 4783 pis
2024 4716 2180 4765 erant
2207 4724 2349 4764 anno
2375 4708 2507 4774 481i,
2537 4708 2752 4777 ponitur
2780 4707 2831 4761 in
2864 4704 3063 4761 Notitia
3094 4705 3289 4761 Africa:
3319 4702 3517 4775 Diony-

1916 4808 2089 4863 siana.
2115 4803 2341 4858 Easdem
2369 4804 2531 4857 etiam
2554 4800 2803 4856 diversas
2831 4799 2991 4854 urbes
3032 4798 3200 4853 fuisse
3240 4797 3517 4855 evidenter

1919 4916 1991 4957 ex
2023 4898 2312 4955 collatione
2337 4896 2644 4961 deducitur,
2676 4896 2730 4949 in
2756 4910 2860 4965 qua
2891 4908 3010 4960 cap.
3030 4892 3130 4948 187
3150 4892 3291 4948 inter
3311 4893 3518 4961 episco-

1920 5007 2017 5063 pos
2049 4989 2356 5044 Donatistas
2384 4987 2475 5058 qui
2495 4986 2772 5042 collationi
2803 4984 3092 5041 interfuere
3112 4985 3328 5055 ponitur
3351 4983 3517 5039 Resti-

1920 5096 2057 5141 tutus
2085 5085 2352 5155 episcOpus
2380 5080 2809 5147 Drusilianensis,
2837 5088 2893 5135 et
2921 5093 3042 5147 cap.
3074 5078 3178 5134 198
3210 5076 3383 5133 Victor
3413 5082 3518 5151 epi-

1924 5194 2108 5250 scopus
2131 5174 2779 5247 Dionysianensis..ltaque
2803 5171 3105 5227 Drusiliana
3126 5171 3518 5244 etDionysiana

1925 5269 2079 5325 fuere
2127 5268 2379 5334 diversas,
2412 5277 2466 5323 et
2512 5266 2850 5322 diversarum
2898 5264 3293 5334 provinciarum
3337 5267 3517 5329 nrbes.

1927 5362 2124 5431 quibus
2152 5362 2387 5416 distincti
2413 5359 2648 5429 episcopi
2672 5356 2964 5412 Donatista
2985 5358 3374 5428 praesidebant;
3400 5359 3515 5413 illas

1928 5471 2059 5512 vero
2101 5470 2270 5511 novus
2301 5452 2640 5525 geographus
2664 5451 2719 5506 in
2745 5465 2908 5507 unam
2953 5451 3255 5520 confundit,
3290 5452 3514 5506 alteram

1927 5564 1995 5607 ex
2023 5548 2251 5620 Byzacio
2281 5547 2333 5602 in
2366 5544 2812 5602 Proconsularem
2842 5545 2959 5601 sine
2987 5544 3252 5601 machinis
3284 5544 3516 5600 transfe-

1922 5652 2073 5699 rens.
2105 5641 2176 5696 At
2204 5656 2377 5711 neque
2422 5639 2504 5693 his
2551 5638 2940 5694 mutationibus
2965 5647 3273 5704 contentus,
3302 5652 3423 5693 cum
3452 5651 3516 5694 ex

1930 5734 2234 5790 Drusiliana
2292 5733 2480 5789 fecerit
2526 5730 2877 5799 Dinisianam,
2923 5731 3046 5787 dein
3098 5730 3515 5802 Dionysianam;

1927 5828 2146 5887 tandem
2176 5842 2244 5885 es
2270 5828 2354 5887 his
2373 5827 2625 5883 omnibus
2647 5837 2897 5898 tanquam
2923 5826 3221 5885 dirutorum
3241 5826 3514 5885 civitatum

1932 5924 2222 5985 ruderibus
2248 5938 2440 5984 novam
2473 5923 2661 5985 urbem
2689 5921 2918 5982 aediﬁcat
2938 5920 3408 5995 Duassendelmai;
3437 5925 3514 5982 An
