3954 6364
533 335 639 388 9.87

531 547 815 599 consularis
842 557 1076 616 corrupte
1116 549 1300 618 legitur
1325 547 1780 602 Dnassendelmai?
1820 550 1928 603 lino
1959 548 2105 615 ipse-

531 648 641 692 met
668 650 916 708 corrupte
941 640 1094 708 legit;
1126 655 1246 694 nam
1279 643 1328 694 in
1363 641 1556 695 Notitia
1588 642 1797 695 laudata
1837 658 1940 694 non
1971 640 2105 693 dici-

531 740 616 783 tur
667 727 1113 794 Duassendelmai,
1170 731 1262 785 sed
1331 732 1756 797 Duassedemsai;
1804 732 2108 785 nominatur

527 823 666 873 cnim
699 821 893 874 ibidem
927 821 1238 875 Mannucius
1288 823 1700 889 Duasscdemsai,
1756 825 1908 892 cujus
1951 824 2107 876 sedes

527 926 644 964 cuin
697 922 960 966 statuatur
1004 913 1056 968 in
1113 914 1508 980 Proconsulari,
1553 918 1736 985 nequit
1773 917 1958 970 eadem
1987 930 2106 969 esse

525 1019 644 1057 cum
677 1005 1020 1075 Dionysiaua,
1048 1023 1166 1076 quae
1188 1009 1239 1061 in
1263 1008 1448 1062 eadem
1478 1008 1670 1063 Notitia
1698 989 1902 1063 locatur
1930 1009 1981 1062 in
2007 1010 2109 1078 By-

526 1095 695 1149 zacio.
725 1095 892 1150 Porro
942 1098 1234 1152 Ecclesiam
1269 1099 1674 1154 Duassedemsai
1709 1113 1833 1169 puto
1863 1101 2104 1154 eamdem

524 1200 645 1240 esse
671 1201 788 1254 qua:
819 1201 938 1256 cap.
958 1189 1063 1243 ἓ).θὲ
1093 1190 1393 1244 collationis
1415 1192 1607 1244 dicitur
1629 1191 2104 1257 Assenemsalensis,

525 1275 615 1330 ubi
645 1278 782 1331 inter
815 1279 1114 1336 Donatistas
1150 1292 1459 1336 recensetur
1494 1281 1901 1336 Fortunatianus
1952 1285 2105 1336 Asse-

429 1439 432 1442 _
524 1369 877 1436 nemsalensis,
907 1383 960 1426 et
989 1374 1041 1426 in
1073 1375 1276 1441 synodo
1307 1376 1562 1430 Bonifacii
1593 1377 1732 1431 inter
1759 1377 2102 1445 proconsula-

524 1475 611 1514 res
640 1463 853 1530 ponitur
902 1463 1251 1519 Potronianus
1301 1467 1724 1521 Senemsalensis.
1781 1469 2105 1536 Synodicam

523 1554 979 1622 proconsularium
1004 1566 1108 1610 act.
1143 1558 1178 1610 ‘2
1199 1559 1386 1629 synodi
1417 1559 1788 1613 Lateranensis
1819 1558 2107 1613 subscribit

523 1641 766 1699 Julianus
785 1649 951 1717 gratia
977 1647 1072 1701 Dei
1103 1651 1365 1719 episcOpus
1386 1649 1445 1704 S.
1470 1650 1537 1703 E.
1569 1652 1789 1703 duarum
1813 1650 2107 1717 Senepsali-

509 1737 760 1790 'tinarum.
799 1738 971 1792 Habes
1003 1755 1131 1807 ergo
1162 1741 1212 1793 in
1244 1752 1468 1808 quatuor
1512 1743 1754 1797 versibus
1805 1751 1880 1794 tot
1929 1753 2102 1795 errata
2158 1735 2162 1739 ’

1420 337 1969 394 SUI’PI.EMENTUM
2013 337 2100 390 AD
2138 333 2373 388 OPERA
2412 335 2469 387 S.
2515 335 2901 391 AUGUSTINI.
3647 352 3726 408 E33
3778 410 3779 413 η

531 471 654 522 non,
680 455 942 523 inquiens,
956 456 1049 509 illa
1070 457 1210 510 sedes
1237 472 1355 527 qute
1383 459 1436 512 in
1463 457 1515 510 Ν
1519 459 1661 511 otitia
1686 457 1955 525 provinciae
1978 453 2110 507 Pro-
2129 457 2190 512 ..Α
2217 463 2300 505 tur
2323 450 2676 504 Januarianus
2706 459 2970 520 episcopus
3012 451 3253 505 Ecclesia:
3279 453 3561 526 Gisipensis.
3597 465 3645 519 Et
3673 478 3730 524 ta.

2211 557 2334 594 men
2366 557 2486 594 cum
2532 542 2810 611 utriusque
2843 545 2991 596 urbis
3019 543 3291 596 distinctio
3339 549 3604 606 meridiana
3645 558 3732 615 luce
3764 513 3770 544 Ι

2211 633 2411 688 clarior
2455 644 2729 710 appareat,
2773 635 3108 689 confidenter
3155 637 3412 690 exclamat
3459 640 3731 705 Garnerius:

2214 723 2410 777 Nullus
2441 726 2616 777 dubito
2642 727 2765 795 quin
2812 726 2945 778 idem
2985 725 3318 779 Ginesitensis
3369 733 3450 792 qui
3487 731 3736 802 Gisipensis.

2211 816 2363 870 Adde
2391 816 2550 868 etiam
2600 815 2902 868 Proculiani
2941 832 3134 868 nomen
3165 815 3420 873 familiare
3451 819 3597 877 fuisse
3629 835 3738 898 apud

2210 907 2402 971 Afros;
2429 922 2548 959 nam
2579 908 2861 974 episcopus
2884 908 2971 973 qui
2997 909 3048 959 in
3076 907 3397 974 Hipponensi
3422 912 3620 968 dioecesi
3641 933 3742 973 con-

2210 1009 2289 1053 tra
2318 1001 2669 1067 Augustinum
2699 1000 3005 1052 morabatur
3035 998 3086 1052 in
3115 1009 3262 1066 parte
3291 1000 3498 1067 Donati,
3517 1004 3742 1066 Proculia-

2212 1110 2311 1146 nus
2345 1095 2638 1157 dicebatur,
2676 1096 2740 1147 ad
2772 1091 2927 1161 quem
2954 1096 3076 1146 data
3102 1105 3184 1148 est
3203 1097 3426 1162 epiStola
3447 1100 3577 1155 inter
3596 1105 3739 1174 Aug“.

2210 1187 2470 1240 Stinianas
2520 1187 2640 1251 147,
2692 1195 2746 1240 et
2799 1188 3107 1240 nominatur
3155 1189 3317 1242 etiam
3362 1189 3414 1243 in
3453 1194 3602 1261 epiSl.
3647 1199 3739 1255 l08.

2213 1276 2408 1330 Fateor
2437 1286 2610 1330 tamen
2638 1279 2688 1329 in
2719 1277 2906 1330 codice
2930 1278 3286 1331 Laurentiano
3310 1277 3578 1335 Proculum
3595 1290 3740 1344 scribi.

2208 1371 2407 1427 Verum
2439 1376 2588 1430 adest
2619 1377 2671 1431 in
2704 1392 2822 1446 cap.
2871 1377 2976 1432 155
3003 1381 3165 1430 etiam
3218 1377 3470 1432 Proculus
3511 1381 3741 1441 Serrensis.

2280 1465 2516 1521 Tactus.
2562 1467 2757 1522 Mirum
2807 1469 2990 1538 ubique
3043 1471 3196 1539 hujus
3246 1471 3463 1524 nominis
3509 1474 3740 1541 silentium,

2207 1563 2306 1616 nisi
2327 1564 2461 1629 quod
2495 1563 2594 1617 Leo
2626 1565 2846 1636 Magnus
2872 1569 3076 1634 scripsit
3103 1568 3171 1619 ad
3197 1566 3445 1622 Thomam
3489 1571 3742 1636 Africanum

2208 1656 2503 1725 episcopum
2527 1673 2545 1710 :
2562 1660 2650 1710 sed
2669 1659 2967 1712 incredibile
2986 1670 3057 1712 est
3081 1661 3272 1712 huncce
3295 1659 3539 1712 Thomam
3559 1673 3741 1717 nostrum

2210 1748 2391 1801 tandiu
2435 1750 2636 1803 vixisse.
2672 1752 2726 1806 Si
2775 1767 3012 1820 prtesens
3052 1753 3323 1806 collationi
3376 1752 3487 1806 haac
3540 1753 3740 1818 dixisset,

522 1830 840 1884 recentioris
888 1830 1108 1899 hujusce
1151 1833 1461 1902 geographi,
1503 1849 1623 1901 quas
1654 1832 1791 1886 forte
1822 1833 1962 1887 idem
2012 1834 2107 1888 ad-
2134 1831 2184 1892 B
2210 1839 2426 1892 surdum
2461 1841 2609 1896 illum
2654 1842 3044 1906 altirmassein;
3080 1859 3199 1896 nam
3231 1859 3352 1911 cap.
3392 1845 3493 1897 155
3521 1845 3618 1897 alta
3642 1860 3743 1899 voce

521 1923 691 1978 denda
721 1924 924 1991 putavit
951 1923 1300 1996 Geographia:
1326 1926 1649 1994 reformatae,
1683 1944 1842 1999 quam
1885 1927 2098 1996 quidam

522 2006 687 2086 (n'osti
717 2015 1008 2086 hominem)
1034 2019 1083 2070 in
1110 2018 1279 2073 lucem
1305 2020 1502 2074 emisit.

589 2105 854 2161 RUFIANUS
885 2109 1176 2164 MAXENSIS.
1205 2108 1409 2164 Dicitur
1430 2111 1489 2164 'in
1518 2113 1787 2166 collatione
1817 2113 1871 2164 Μ
1877 2128 2099 2165 uzucen-

519 2197 587 2251 sis
605 2215 624 2263 ;
655 2215 784 2252 unus
812 2200 907 2269 fuit
938 2217 964 2253 c
989 2202 1160 2255 decem
1186 2201 1430 2272 delegatis
1456 2219 1483 2256 e
1514 2205 1771 2272 provincia
1804 2203 2101 2256 Proconsu-

518 2286 619 2342 lari
647 2306 733 2342 an.
767 2291 870 2345 419
895 2293 961 2342 ad
991 2296 1422 2361 recognoscendos
1460 2312 1696 2357 canones,
1736 2306 1840 2350 etc.
1874 2295 2094 2348 Putabat

519 2398 577 2438 sc
607 2385 762 2455 lippis
783 2386 1020 2443 scribere
1043 2404 1105 2442 ac
1136 2389 1459 2452 tonsoribus,
1501 2406 1620 2443 cum
1675 2399 1754 2444 tot
1801 2390 2097 2444 fabularum

521 2485 766 2545 portenta
791 2477 992 2534 chartis
1025 2480 1267 2534 inseruit.
1302 2480 1524 2535 Fallitur
1552 2497 1672 2536 cum
1703 2482 1890 2536 scribit
1922 2479 2098 2535 Buﬁa-

521 2585 646 2623 num
671 2570 772 2624 dici
813 2569 865 2624 in
905 2571 1192 2628 collatione
1242 2573 1635 2629 Muzucensem.
1682 2573 1792 2629 Nec
1841 2574 2097 2628 Rufianus

521 2661 736 2726 dicitur,
767 2677 864 2716 nec
891 2663 1243 2730 Muzucensis,
1296 2665 1390 2718 sed
1447 2679 1564 2732 cap.
1600 2663 1721 2731 127,
1763 2675 2098 2733 nuncupatur

523 2756 834 2821 Rufinianus
881 2757 1200 2813 Muzuensis.
1249 2759 1378 2812 Erat
1413 2759 1567 2813 Muzu
1611 2760 1662 2812 in
1696 2758 2094 2822 Proconsulari,

481 2877 488 2886 -
519 2860 572 2902 et
594 2849 732 2904 inter
757 2849 959 2918 eiectos
983 2865 1048 2904 ex
1081 2851 1179 2906 hac
1203 2852 1468 2918 provincia
1486 2851 1537 2904 in
1550 2851 1793 2905 exsilium
1824 2853 1890 2904 ab
1915 2850 2096 2904 Hune-

521 2940 636 2995 rico
666 2942 916 2995 recitatur
945 2939 1098 2994 Felix
1144 2943 1456 2995 Muzuensis.
1491 2941 1547 2995 In
1579 2940 1766 2996 eadem
1814 2941 2096 2995 collatione

517 3048 632 3102 cap.
670 3035 773 3088 155
798 3035 1080 3102 episcopus
1099 3032 1419 3087 Muzucensis
1451 3035 1749 3103 appellatur
1770 3033 2086 3088 Restitutus.

519 3125 758 3194 Denique
790 3126 844 3179 in
891 3124 1368 3194 subscriptioiiibus
1407 3127 1653 3195 superius
1683 3124 1925 3179 adduetis
1953 3139 2094 3178 anno

2204 1933 2508 1985 nominatus
2539 1943 2623 1986 est
2651 1933 2717 1987 ab
2741 1932 2930 1988 Ofﬁcio
2961 1933 3182 1987 Thomas
3204 1935 3466 2004 episcopus
3485 1937 3629 2004 plebis
3647 1937 3744 1988 Cub-

2203 2026 2389 2088 densis,
2421 2025 2507 2093 qui
2536 2027 2696 2080 etiam
2731 2029 3043 2096 respondit:
3080 2028 3125 2079 E
3152 2039 3330 2081 contra
3371 2031 3608 2082 neminem
3627 2031 3744 2083 habe-

2201 2132 2332 2168 mus.
2368 2117 2512 2170 Hanc
2541 2133 2671 2172 vero
2703 2116 2995 2173 Ecclesiam
3029 2130 3303 2186 spectasse
3347 2119 3412 2172 ad
3445 2121 3741 2185 proconsula-

2201 2223 2287 2261 res
2313 2218 2522 2275 poterat
2547 2209 2839 2265 Garnerius
2867 2212 3076 2266 discere
3103 2228 3166 2266 ex
3194 2213 3446 2280 synodica
3469 2224 3569 2268 act.
3591 2213 3622 2265 ‘2
3648 2229 3743 2268 con-

2201 2301 2305 2353 cilii
2330 2301 2387 2355 S.
2422 2303 2629 2356 Martini
2661 2320 2832 2372 papae,
2858 2320 3013 2373 quam
3043 2305 3363 2372 subscripsit
3382 2303 3589 2358 Gentilis
3612 2307 3744 2375 gratia

2201 2392 2296 2446 Dei
2329 2397 2591 2464 episcOpus
2638 2396 2698 2452 S.
2732 2396 2800 2450 E.
2827 2396 3127 2452 Cubdensis.
3188 2399 3505 2452 Portentum
3535 2399 3616 2451 tibi
3643 2399 3744 2451 forte

2199 2485 2468 2540 videbitur
2497 2487 2636 2542 hunc
2679 2491 2992 2558 scriptorem
3021 2506 3124 2544 non
3154 2491 3357 2544 vidisse
3398 2491 3642 2545 Thomam
3678 2493 3741 2543 ubi

2199 2587 2315 2632 erat
2358 2578 2410 2632 in
2461 2580 2769 2646 collatione,
2823 2584 3089 2650 reperisse
3141 2598 3268 2636 vero
3315 2585 3456 2636 hunc
3499 2582 3654 2649 ipsum
3680 2583 3743 2634 ubi

2200 2667 2358 2735 plane
2384 2684 2488 2724 non
2520 2679 2656 2733 erat,
2689 2687 2880 2739 nempe
2907 2673 2958 2725 in
2991 2672 3213 2740 epistola
3261 2671 3322 2727 S.
3370 2671 3560 2727 Leonis
3589 2673 3745 2739 Magni.

2201 2760 2376 2816 Semel
2405 2772 2605 2816 tantum
2638 2763 2745 2818 Leo
2775 2764 2990 2832 Magnus
3017 2764 3240 2826 litteras,
3289 2781 3410 2832 quae
3455 2774 3665 2828 exstent,
3706 2766 3745 2818 in

2199 2854 2430 2910 Africam
2454 2858 2624 2921 misit;
2659 2869 2739 2911 est
2766 2859 2990 2926 epistola
3021 2859 3090 2913 87
3121 2859 3185 2912 ad
3219 2860 3505 2926 episcopos
3531 2857 3746 2910 Maurita-

2199 2951 2300 3005 niae
2340 2949 2707 3015 Caesariensis,
2752 2951 2804 3005 in
2835 2967 2938 3020 qua
2987 2951 3164 3006 nullus
3195 2951 3433 3006 Thomas
3467 2952 3744 3018 appellatur.

2197 3042 2410 3096 Interim
2437 3059 2538 3096 non
2563 3058 2780 3113 possum
2807 3060 2908 3098 non
2934 3045 3115 3098 dolere
3143 3045 3393 3110 supinam
3415 3058 3477 3097 ac
3499 3046 3744 3097 immanem

2201 3150 2419 3204 prorsus
2459 3135 2701 3190 Garnerii
2733 3135 3183 3192 allucinationein.
3221 3137 3337 3204 qui,
3369 3150 3472 3188 non
3502 3142 3748 3189 contentus

516 3216 618 3271 419
645 3216 989 3287 Penthadius,
1021 3217 1108 3287 qui
1133 3229 1250 3285 post
1272 3232 1471 3270 annum
1497 3215 1597 3270 411
1625 3216 1828 3270 electus
1851 3217 1946 3269 fuit
1966 3213 2094 3268 Car—
2119 3199 2164 3260 C
2199 3199 2358 3280 iubes
2395 3237 2447 3280 ει
2492 3226 2771 3280 Africanos
2813 3227 3094 3293 episcopos
3126 3199 3498 3291 'cunfudisse,
3548 3225 3746 3278 Leonem

516 3321 706 3376 porum
734 3307 1036 3377 episcopus,
1077 3307 1361 3362 subscribit
1392 3319 1514 3361 ante
1541 3305 1844 3359 Rnl’ﬁanum
1877 3305 2093 3359 Maxen-

515 3412 653 3450 sem.
669 3397 908 3451 Nondum
932 3413 1060 3468 ergo
1084 3397 1168 3453 hic
1187 3413 1325 3451 anno
1344 3399 1441 3452 411
1467 3407 1582 3451 erat
1601 3398 1904 3466 episcopus,
1919 3411 2092 3465 neque

517 3487 755 3543 interfuit
791 3490 1081 3555 collationi,
1127 3505 1247 3544 cum
1294 3491 1581 3545 l’enthadio
1610 3500 1663 3544 et
1694 3489 1913 3544 Thomae
1951 3489 2093 3545 Cub-

517 3578 665 3633 densi
697 3581 748 3634 in
781 3580 879 3635 hac
904 3581 1191 3650 epigraphe
1223 3595 1582 3650 prteponatur.

586 3672 974 3728 Pnocuussus.
1007 3672 1094 3726 Vel
1114 3674 1299 3741 ignota:
1315 3675 1470 3734 sedis,
1494 3675 1590 3739 vel,
1610 3675 1744 3742 quod
1770 3675 1932 3743 magis
1953 3691 2084 3740 reor,

513 3763 613 3834 legi
634 3763 773 3817 debet
807 3762 1060 3817 Proculus
1081 3763 1408 3818 Ginesitensis
1440 3765 1680 3832 Salaria,
1730 3769 1879 3836 cujus
1906 3784 2088 3820 nomen

514 3865 719 3924 ponitur
739 3856 791 3908 in
816 3856 1104 3910 collatione.
1136 3854 1275 3908 Nam
1295 3854 1348 3909 in
1377 3856 1426 3909 Ν
1433 3859 1573 3911 otitia
1599 3860 1949 3929 episcOporum
1970 3876 2090 3928 pro-

513 3948 691 4000 vincia:
719 3946 1109 4002 Proconsularis
1133 3950 1315 4019 legitur
1334 3951 1638 4004 Carissimus
1661 3950 1962 4020 Gisipensis,
1987 3955 2088 4023 eje-

513 4047 623 4090 ctus
652 4038 704 4090 in
735 4039 988 4093 exsilium.
1026 4040 1219 4095 Nullus
1243 4059 1358 4096 vero
1388 4044 1562 4097 dubito
1590 4046 1707 4113 quin
1730 4048 1864 4098 idem
1895 4045 2089 4099 Ginesi-

513 4130 668 4182 tensis
693 4132 778 4200 qui
828 4129 1125 4202 Gisipensis.
1169 4133 1369 4188 Vereor
1398 4153 1464 4188 ne
1506 4145 1583 4189 tot
1626 4139 2087 4204 metamorphoses

513 4235 765 4276 nauseam
795 4237 857 4284 ac
879 4223 1143 4280 fastidium
1170 4227 1260 4280 tibi
1287 4229 1550 4297 ingerant,
1575 4229 1654 4281 vir
1673 4228 2001 4296 doctissime,
2025 4243 2088 4283 ac

514 4322 711 4368 memet
740 4329 843 4369 non
878 4315 978 4370 levi
1010 4331 1139 4372 sane
1180 4319 1392 4373 crimini
1421 4320 1710 4374 obnoxium
1743 4321 1950 4384 faciam,
1997 4322 2085 4390 qui

515 4416 568 4460 te
593 4422 622 4459 a
663 4407 994 4476 gravioribus
1023 4412 1235 4479 studiis,
1263 4413 1455 4480 quibus
1477 4413 1567 4466 diu
1611 4423 1875 4480 noctuque
1902 4428 2084 4466 curam

515 4497 766 4563 intendis,
815 4500 879 4554 ad
911 4501 1024 4556 hare
1054 4503 1209 4571 plane
1241 4504 1478 4558 fabulosa
1511 4503 1792 4558 lectitanda
1827 4505 2084 4574 interpel-

513 4590 636 4645 lent.
663 4589 778 4646 Scis
805 4592 1057 4649 Catonem
1091 4606 1210 4664 post
1238 4596 1547 4650 difﬁcillima
1596 4599 2082 4652 senatus-consulta

512 4685 747 4739 animum
793 4689 858 4740 ad
889 4703 1103 4742 cursum
1151 4688 1411 4757 ludosque
1451 4705 1571 4742 cum
1631 4690 1805 4758 pueris
1840 4693 2083 4745 vertisse.

514 4777 624 4846 Ego
669 4778 883 4846 quidem
915 4779 1087 4835 varias
1134 4780 1359 4834 subinde
1407 4782 1704 4846 hominum,
1743 4783 1978 4848 ttrbium,
2024 4799 2088 4838 ac

513 4872 903 4940 provinciarum
933 4889 1038 4926 non
1070 4886 1224 4925 secus
1249 4885 1311 4925 ac
1339 4872 1390 4924 in
1423 4887 1582 4927 scena
1615 4871 1728 4928 ﬁeri
1755 4875 1912 4937 Solet,
1964 4890 2086 4928 mu-

513 4963 742 5016 tationes
773 4963 1021 5018 exhibeo.
1053 4963 1231 5016 Reﬁce
1257 4965 1469 5017 interim
1493 4973 1564 5027 te,
1596 4979 1658 5020 ac
1695 4967 1878 5020 oculos
1904 4980 2089 5021 aures-

513 5073 614 5124 que
632 5057 936 5122 commoda,
958 5072 1078 5110 nam
1103 5071 1255 5110 nova:
1281 5073 1457 5111 rerum
1483 5058 1645 5113 facies
1663 5069 1968 5113 oceurrunt.
1993 5059 2089 5112 l-lic

514 5147 858 5201 Proculianus
890 5148 941 5200 in
972 5147 1253 5202 Proculum
1285 5149 1532 5213 vertitur,
1559 5165 1618 5204 ac
1648 5148 1823 5217 Gisipa
1852 5151 1905 5202 in
1929 5149 2089 5204 Ginc-

513 5239 669 5290 sitam
701 5239 885 5291 urbem
935 5238 1296 5308 transmigrat.
1327 5240 1478 5305 Quod
1512 5241 1740 5294 hominis
1773 5256 1967 5296 nomen
1994 5256 2086 5294 va-

516 5333 705 5397 rietur,
729 5333 854 5386 dolo
884 5332 1194 5401 plerumque
1217 5332 1273 5385 ﬁt
1301 5334 1386 5387 vel
1413 5333 1660 5399 consilio,
1710 5335 1834 5388 dtnn
1875 5350 1968 5402 per
1991 5334 2089 5388 ad-

519 5423 786 5488 optionem
806 5423 1016 5477 familite
1045 5425 1095 5476 in
1113 5424 1246 5478 alias
1272 5423 1726 5488 transcribuntur;
1749 5433 1804 5477 at
1827 5425 1984 5478 nrbes
2007 5441 2095 5477 ur-

521 5511 676 5566 bibus
699 5513 934 5568 inserere
964 5529 1100 5567 unns
1128 5514 1416 5569 Garnerius
1443 5516 1688 5569 tentavit.
1717 5513 1910 5568 Verum
1933 5529 2088 5582 quam

521 5603 818 5671 infeliciter,
852 5622 918 5659 ne
972 5607 1215 5674 imperite
1259 5607 1428 5664 dicam
1455 5651 1469 5671 ,
1503 5607 1692 5675 collige
1729 5621 1799 5660 ex
1830 5620 1948 5674 cap.
1992 5605 2092 5661 155

519 5696 840 5761 collationis,
865 5699 916 5750 in
948 5713 1046 5767 qtta
1082 5699 1386 5752 nominatur
1413 5699 1670 5753 Proculus
1698 5700 1964 5768 episcopus
1987 5699 2096 5764 ple-

523 5788 596 5844 bis
621 5786 948 5848 Ginssitensis
977 5791 1227 5861 Salaria';
1251 5800 1306 5847 et
1332 5807 1397 5848 ex
1421 5806 1538 5864 cap.
1570 5790 1695 5863 l35,
1726 5789 1812 5845 ubi
1846 5801 2096 5846 recense-

2196 3319 2442 3387 Magnum
2474 3334 2568 3383 pro
2596 3318 2776 3373 Leone
2806 3318 2878 3372 IX
2909 3319 3164 3372 obtrudit.
3201 3318 3393 3372 Exstat
3422 3320 3560 3372 inter
3587 3316 3749 3370 Leonis

2193 3411 2264 3465 IX
2293 3413 2549 3481 epistolas
2580 3415 2736 3467 tertia
2764 3429 2884 3468 cum
2932 3415 3029 3467 hac
3075 3414 3367 3483 epigraphe
3401 3432 3412 3465 :
3441 3414 3510 3466 ad
3537 3411 3750 3464 Thomam

2193 3507 2482 3576 episcopum
2535 3507 2856 3575 Africanum,
2908 3503 3064 3574 quam
3112 3518 3288 3561 tamen
3338 3507 3487 3575 ﬁngit
3527 3521 3554 3557 a
3603 3504 3751 3556 Leone

2192 3597 2385 3665 Magno
2413 3597 2684 3665 scriptam.
2720 3597 2920 3651 Damus
2949 3613 3074 3665 ergo
3106 3597 3465 3652 libentissime
3493 3591 3752 3648 incredibile

2191 3705 2298 3742 esse
2341 3687 2592 3740 Thomam
2623 3688 2952 3741 nominatum
3000 3693 3051 3742 in
3102 3688 3202 3741 hac
3249 3689 3562 3757 epigraphe,
3604 3684 3752 3738 tanditt

2189 3780 2404 3842 vixisse;
2435 3780 2631 3833 etenim
2668 3795 2833 3845 nsque
2864 3780 2928 3832 ad
2960 3790 3165 3845 tempus
3197 3781 3498 3834 litterarum
3525 3778 3588 3831 ab
3629 3776 3750 3841 Apo-

2189 3869 2376 3922 stolica
2403 3868 2530 3923 sede
2571 3870 2639 3920 ad
2689 3868 2933 3921 Thomam
2975 3870 3270 3936 episcopum
3317 3870 3620 3938 Africanum
3645 3865 3752 3918 scri-

2189 3972 2423 4031 ptarum,
2454 3965 2693 4015 sexcenti
2722 3970 2775 4012 t-t
2802 3962 3010 4029 triginta
3043 3973 3151 4015 tres
3175 3963 3298 4015 anni
3330 3962 3462 4027 lapsi
3486 3969 3632 4020 sunt;
3669 3956 3749 4020 pri-

2189 4069 2308 4107 mus
2337 4053 2532 4106 Leonis
2565 4052 2630 4105 IX
2660 4069 2829 4106 annus
2859 4053 2955 4105 fuit
2983 4063 3178 4105 nostrae
3204 4055 3429 4121 epocha:
3455 4052 3609 4106 1049.
3641 4049 3688 4102 Si
3713 4049 3751 4100 in

2190 4147 2282 4201 lib.
2309 4163 2342 4199 n
2364 4146 2593 4200 Victoris
2614 4146 2681 4200 de
2707 4144 2857 4200 Pers.
2886 4145 3054 4198 Vand.
3084 4145 3304 4199 vidisset
3327 4147 3491 4199 alium
3520 4143 3751 4199 Thomam

2189 4239 2501 4306 episcopum
2531 4237 2838 4291 Africanum
2863 4238 2886 4287 ?

2261 4327 2551 4382 Juusmus
2575 4327 2899 4380 TIMIDENSIS.
2957 4325 3018 4378 In
3049 4328 3324 4380 collatione
3371 4327 3555 4396 legitur
3597 4322 3753 4375 Tum:-

2190 4419 2383 4480 densis,
2416 4418 2504 4470 sed
2532 4419 2796 4487 legendum
2819 4418 2965 4484 (nota
2988 4416 3392 4485 conﬁdentiam)
3417 4415 3622 4468 omnino
3642 4410 3755 4463 uide-

2192 4518 2274 4562 tur
2299 4508 2603 4562 Timidensis
2632 4527 2649 4561 :
2673 4525 2789 4560 nam
2819 4509 2871 4559 in
2913 4510 3173 4577 provincia
3218 4506 3590 4561 Proconsulari
3633 4500 3755 4555 nullo

2194 4600 2289 4670 fuit
2311 4598 2534 4652 Tunnda
2562 4600 2756 4661 civitas,
2785 4598 2871 4650 sed
2903 4597 3124 4663 Tintida,
3151 4614 3266 4666 qua:
3319 4597 3484 4665 Regia
3509 4592 3757 4662 aliquando

2192 4691 2396 4745 dicitur.
2429 4690 2682 4743 Eamdent
2707 4691 2962 4742 cramben
2990 4691 3222 4755 reponit.
3252 4689 3390 4744 Audi
3423 4689 3631 4742 interim
3657 4699 3757 4751 quae

2194 4782 2334 4836 idem
2384 4789 2573 4834 auctor
2621 4781 2670 4833 in
2724 4781 2863 4832 notis
2911 4779 2977 4831 ad
3029 4779 3362 4834 Vlaceurtuu
3409 4779 3756 4834 Culusitanum

2197 4873 2383 4928 scribit
2410 4873 2477 4926 de
2507 4871 2728 4926 urbibus
2767 4871 3240 4939 proconsularibus
3269 4890 3281 4923 :
3314 4872 3585 4940 Siquidem
3608 4870 3684 4921 vix
3709 4865 3757 4916 il-

2197 4967 2297 5019 lius
2321 4965 2594 5034 provincia:
2616 4963 2787 5026 plures
2811 4981 2964 5032 quant
2986 4965 3254 5034 sexaginta
3277 4974 3394 5018 octo
3417 4962 3665 5016 Ecclesias
3684 4973 3758 5009 no-

2195 5058 2378 5117 vimus,
2409 5071 2501 5107 nec
2530 5055 2647 5107 illas
2675 5055 2782 5106 noti
2808 5056 2955 5115 situs,
2993 5071 3108 5106 cum
3137 5067 3305 5107 tamen
3351 5056 3542 5123 fuerint
3586 5059 3758 5105 centum

2193 5150 2457 5218 sexaginta
2502 5159 2742 5214 quatuor,
2783 5147 2828 5198 si
2875 5163 2973 5213 qua
3000 5147 3127 5213 ﬁdes
3154 5146 3351 5200 Victori
3401 5145 3642 5201 Uticensi.
3671 5141 3759 5194 Cur

2194 5254 2322 5308 ergo
2360 5238 2578 5291 Tunuda
2618 5253 2721 5288 non
2755 5235 2850 5288 fuit
2879 5252 2982 5289 una
3011 5254 3074 5290 ex
3117 5238 3223 5291 illis
3261 5247 3479 5292 centum
3530 5237 3635 5291 fere
3661 5243 3759 5301 quae

2194 5328 2549 5398 ignorantur?
2577 5327 2754 5382 Potuit
2775 5337 2949 5380 tamen
2983 5328 3251 5392 pertinere
3279 5328 3344 5382 ad
3390 5328 3550 5381 aliam
3581 5324 3759 5378 Africa-

2197 5438 2318 5477 nam
2353 5422 2711 5490 provinciam;
2743 5434 2862 5472 nam
2895 5419 3116 5474 Tumida
3148 5421 3368 5475 incertae
3402 5419 3682 5486 provincia:
3705 5412 3759 5464 ab

2194 5512 2571 5567 ecclesiasticis
2596 5511 2913 5577 geographis
2941 5511 3244 5578 deputatur.
3284 5512 3335 5564 In
3382 5511 3601 5564 Tabulis
3642 5509 3756 5560 Pcu-

2198 5605 2506 5674 tingerianis
2537 5604 2589 5655 in
2623 5603 2993 5655 Proconsulari
3026 5603 3216 5672 legitur
3250 5603 3436 5657 Uthica
3471 5619 3559 5669 xx,
3594 5601 3757 5653 Thnnu

2196 5712 2292 5758 vn,
2339 5694 2554 5746 Maxula
2588 5709 2694 5746 χχι.
2729 5691 2885 5746 Forte
2925 5710 2953 5745 a
3001 5694 3189 5749 Tbnnu
3238 5695 3378 5750 dicta
3426 5706 3508 5749 est
3547 5688 3756 5748 Ecclesia

2199 5787 2593 5852 Thunudensis.
2624 5785 2679 5841 In
2700 5785 2915 5845 Tabulis
2944 5787 3280 5844 Ptolemaicis
3299 5789 3520 5861 ponitur
3537 5786 3754 5845 Tanatas
