3954 6364
197 342 286 401 239

823 328 1171 385 VARIORUM
1212 325 1740 380 EXERCI'I‘ATIUNI

1852 326 1911 380 IN
1950 327 2012 382 S.
2054 326 2426 383 AUGUSTINI
2466 326 2716 382 OPERA.

3300 322 3412 382 290

196 458 268 511 ubi
301 453 442 507 unius
468 452 663 502 tantum
697 444 885 498 littera:
925 420 1146 495 varialio
1170 457 1201 494 a
1233 449 1378 494 textu
1424 437 1720 492 collationis
1748 441 1802 501 Α
1827 437 1915 506 qui
1967 447 2142 494 tamen
2194 441 2260 492 ad
2315 439 2641 509 provinciam
2683 436 3154 521 Carthaginensem
3195 447 3412 508 specta-

192 555 396 616 apparet.
427 541 489 594 Et
512 536 708 590 Plinius
746 535 835 588 lib.
861 550 930 598 IV,
963 548 1082 599 cap.
1109 534 1161 597 5,
1195 530 1373 585 laudat
1414 532 1464 582 in
1498 531 1725 583 Procon-

193 636 326 692 sulari
343 630 579 702 oppidum
603 627 974 681 Tunudisense.
1008 627 1084 680 Ex
1107 624 1188 679 his
1216 633 1421 692 poterat
1442 621 1730 676 Garnerius

194 733 503 781 memoratam
535 719 820 773 Ecclesiam
853 718 1060 771 facilius
1107 726 1161 770 et
1192 715 1516 784 probabilius
1551 723 1729 767 osten-

192 820 314 880 dere,
342 828 490 883 quam
519 810 659 865 illam
700 811 751 863 in
792 808 1153 863 Timidensem
1183 807 1298 861 sine
1344 817 1480 861 te5te
1508 819 1733 858 conver-

193 921 299 964 tere.
327 907 451 960 Cum
483 906 620 957 inter
651 903 951 958 Donatistas
982 902 1160 956 nullus
1191 900 1513 954 Timidensis
1555 899 1730 952 nomi-

193 1011 339 1062 netur,
393 1012 497 1051 non
551 996 777 1049 obscure
827 993 1110 1048 deducitur
1156 991 1398 1046 eamdem
1442 989 1732 1042 Ecclesium

194 1097 324 1149 luisse
351 1088 659 1145 Catholicam
693 1085 821 1158 (rari
865 1096 1019 1140 erant
1064 1084 1303 1153 episcopi
1353 1081 1639 1135 Donatistae
1679 1080 1733 1132 in

194 1182 553 1246 Proconsulari,
607 1188 742 1232 teste
796 1177 1054 1233 Petlliano
1079 1176 1239 1244 capit.
1275 1175 1378 1230 165
1413 1170 1734 1239 collationis)

192 1280 376 1345 ejusque
403 1273 711 1341 episc0pum
763 1271 828 1323 ad
875 1268 1142 1339 synodum
1179 1282 1282 1320 non
1337 1267 1578 1329 venisse;
1634 1263 1737 1316 nisi

195 1372 322 1424 fuerit
357 1382 417 1421 ex
457 1364 528 1419 64
577 1363 831 1418 Ecclesiis
886 1360 1274 1414 catholicorum
1329 1373 1447 1426 qure
1498 1367 1736 1422 tempore

193 1459 451 1516 collationis
478 1455 751 1525 episcopis
775 1454 1049 1516 carebant,
1083 1451 1315 1506 nondum
1348 1450 1400 1504 in
1432 1449 1736 1503 demortum

195 1569 283 1608 rum
332 1551 499 1603 locum
550 1549 704 1602 novis
764 1545 1086 1616 subrogatis,
1117 1558 1181 1597 ex
1226 1542 1412 1597 eadem
1456 1540 1739 1595 collatione

197 1661 282 1713 cap.
303 1643 419 1696 9.15.

248 1735 563 1791 Ocrsvuuus
599 1733 988 1786 Ressuseusrs.
1022 1728 1108 1783 Ita
1133 1728 1316 1797 legitur
1352 1728 1405 1780 in
1443 1724 1733 1779 collatione.

1830 533 1922 585 vit.

1899 623 2132 688 Sanus,
2157 626 2345 693 ignota:
2369 626 2526 680 sedis.
2552 625 2607 678 ln
2634 625 2820 680 codice
2841 625 3206 682 Laurentiana:
3225 629 3412 686 biblio-

1833 716 2004 769 theca:
2034 716 2214 769 Sixtus
2247 716 2459 784 legitur,
2490 715 2582 770 sed
2613 731 2869 785 nusquam
2893 728 3220 776 memoratur
3245 724 3297 778 in
3319 738 3411 778 ve-

1827 809 1987 861 tuStis
2016 807 2211 862 Africae
2239 810 2616 864 monumentis.

1903 901 2330 967 Quonvumoeus
2355 901 2709 958 Gtvtnreusm.
2740 905 2864 976 Legi
2886 909 3015 974 forte
3041 907 3116 964 ita
3140 908 3284 962 debet
3307 925 3326 962 :
3359 909 3416 977 ﬁt

1834 986 1968 1043 enim
1997 993 2181 1044 mentio
2210 993 2438 1061 episcbpi
2467 995 2691 1063 ejusdem
2716 996 2932 1049 nominis
2952 1007 2998 1050 et
3023 998 3157 1051 sedis
3177 999 3230 1052 in
3255 999 3415 1053 colla-

1837 1083 1988 1150 tione,
2020 1099 2110 1136 nec
2138 1092 2306 1136 tamen
2336 1084 2390 1136 in
2417 1085 2534 1138 aliis
2564 1101 2596 1137 a
2630 1084 2998 1142 Proconsuldri
3037 1091 3308 1155 provinciis
3338 1107 3418 1144 re-

1835 1175 2029 1244 peritur
2054 1175 2198 1229 sedes
2237 1175 2560 1232 Civirtensis.
2607 1179 2748 1231 Sane
2795 1177 3084 1236 Garnerius
3133 1197 3238 1238 non
3290 1183 3420 1252 legit

1835 1264 2255 1334 subscriptiones
2285 1267 2474 1337 synodi
2507 1267 2763 1322 Bonifacii
2813 1271 3246 1340 Carthaginensis
3276 1276 3417 1344 apud

1841 1355 2110 1410 Labbeum
2136 1366 2266 1414 tom.
2293 1358 2356 1412 IV
2384 1359 2615 1423 Concil.,
2642 1375 2764 1428 pag.
2793 1361 2953 1430 1610,
2983 1364 3122 1417 illam
3151 1367 3292 1420 enim
3331 1383 3420 1437 sy-

1840 1447 2040 1500 nodum
2067 1447 2356 1501 subscribit
2393 1447 2680 1502 Vincentius
2713 1451 2982 1520 episcOpus
3006 1453 3165 1522 plebis
3193 1455 3421 1510 Gervita-

1839 1556 1918 1593 me
1942 1542 2137 1611 legatus
2163 1542 2436 1610 provinciae
2462 1542 2800 1612 Tripolitinte.
2852 1547 3032 1616 Itaque
3067 1548 3223 1604 sedes
3248 1550 3422 1604 Givir-

1843 1633 2010 1686 tensis
2046 1643 2165 1688 erat
2192 1642 2342 1687 extra
2375 1635 2634 1689 terminos
2659 1636 3078 1705 Proconsularis,
3124 1640 3235 1696 imo
3283 1642 3420 1697 ultra

1845 1723 2153 1793 Byzacium,
2181 1734 2234 1778 et
2261 1725 2326 1778 ad
2356 1724 2716 1793 Tripolitanos
2747 1729 3062 1796 pertinebat.

207 1831 280 1882 lloc
306 1826 618 1879 brevissimo
637 1825 844 1878 scholio
865 1838 978 1876 rem
997 1837 1056 1875 se
1076 1823 1143 1874 ad
1173 1821 1384 1874 oculum
1409 1828 1739 1872 monstrasse
1769 1811 1817 1872 Β
1915 1818 2254 1872 Peu'rmtbtus
2281 1817 2640 1875 CARPITANUS.
2671 1818 2797 1874 Fuit
2819 1837 2952 1875 unus
2980 1839 3007 1875 e
3032 1823 3204 1878 decem
3251 1826 3422 1881 electis

199 1919 440 1984 existimat.
489 1916 648 1969 Errat
679 1925 876 1976 autem,
919 1914 1046 1966 dum
1091 1911 1498 1965 Ressianensem
1529 1909 1737 1976 cpisco—

199 2023 290 2070 pum
317 2005 782 2074 proconsularibus
818 2011 1154 2066 annumerat,
1187 1999 1276 2068 qui
1318 2000 1458 2053 inter
1485 1997 1738 2052 Numidas

196 2099 408 2154 locandus
438 2106 545 2159 est,
581 2112 702 2150 nam
748 2101 798 2149 in
847 2095 1041 2149 Notitia
1073 2093 1268 2146 Africae
1320 2093 1456 2145 inter
1487 2089 1740 2144 Numidas

194 2192 377 2243 habetur
410 2186 638 2258 Vigilius
672 2186 1018 2239 Rcssanensis.
1055 2183 1164 2237 Hoc
1193 2183 1352 2237 etiam
1395 2195 1459 2236 ex
1491 2181 1601 2247 ipsa
1629 2179 1740 2232 col-

191 2283 348 2336 latione
383 2279 696 2348 colligitur;
751 2292 874 2330 nam
916 2291 1032 2344 cap.
1079 2275 1177 2329 19.1
1231 2274 1346 2327 haec
1388 2272 1736 2326 scribuntur:

190 2372 385 2442 Aspidius
419 2371 698 2439 episcopus
748 2369 905 2440 plebis
952 2367 1325 2420 Tacaratensis.
1373 2362 1523 2416 Idem
1569 2363 1740 2416 dixit:

191 2465 348 2520 Prwsto
397 2480 547 2521 sum.
586 2463 887 2517 Verissimus
934 2463 1195 2531 episwpus
1249 2457 1520 2510 Donatista
1565 2457 1740 2511 dixit:

192 2560 383 2628 Agnosco
411 2554 576 2608 illum:
601 2570 620 2608 .'
647 2563 862 2623 quatuor
903 2561 1018 2605 sunt
1048 2553 1103 2604 in
1132 2549 1274 2621 plebe
1302 2567 1431 2612 mea,
1465 2549 1738 2612 Datianus,

190 2649 409 2716 Aspidius,
435 2646 763 2700 Fortunatus
816 2654 862 2698 et
888 2644 1217 2697 Octavianus.
1248 2641 1376 2694 Erat
1403 2641 1656 2693 Tacarata
1687 2639 1740 2691 in

191 2739 410 2802 Numidia,
445 2737 599 2792 unde
624 2736 814 2790 ibidem
842 2736 890 2788 in
925 2733 1118 2788 Notitia
1151 2732 1402 2786 recitatur
1425 2729 1741 2782 Crescentius

192 2829 541 2883 Tacaratensis.
589 2827 844 2880 Datianus
883 2835 998 2880 erat
1046 2824 1327 2892 episcopus
1375 2821 1632 2890 Legensis
1673 2834 1743 2873 ex

193 2940 279 2990 cap.
310 2922 421 2987 121,
452 2920 785 2976 Octavianus
827 2919 1196 2974 Ressanensis.
1239 2917 1372 2971 Tres
1412 2917 1512 2969 illae
1544 2916 1744 2970 dicace-

193 3030 255 3069 ses
295 3015 420 3068 intra
462 3013 776 3068 Numidiam
825 3021 976 3065 erant
1025 3011 1391 3065 contermina).
1423 3010 1744 3063 Octavianus

194 3122 289 3175 ergo
327 3105 687 3160 liessanensis
714 3107 940 3173 pertinet
971 3103 1037 3156 ad
1083 3101 1404 3156 Numidiam.
1453 3100 1743 3156 Carnerius

1842 1927 1902 1964 ea.
1934 1911 2192 1978 provincia
2226 1910 2595 1966 Proconsulari
2623 1913 2690 1966 ad
2735 1922 3160 1984 recognoscendos
3203 1936 3423 1975 canones

1842 2019 1928 2055 an.
1955 2001 2082 2057 419.
2125 2002 2283 2056 Vides
2325 2005 2465 2059 hunc
2506 2005 2818 2074 scriptorem
2856 2008 3053 2077 lingere
3076 2008 3210 2063 duos
3238 2010 3422 2081 Carpi-

1843 2107 1994 2150 tanos
2023 2097 2305 2166 episcopos
2337 2113 2439 2151 una
2469 2098 2625 2166 simul
2666 2100 2888 2164 sedisse.
2946 2111 3000 2156 et
3041 2117 3186 2156 anno
3211 2105 3317 2159 416
3339 2105 3422 2158 ei-

1842 2189 1963 2243 dem
1995 2191 2265 2260 synodicae
2297 2191 2509 2246 nomina
2537 2192 2780 2246 dedisse?
2813 2194 3018 2249 Etenim
3043 2199 3286 2263 superius
3313 2201 3420 2254 An-

1845 2282 2071 2346 tonium,
2099 2283 2189 2350 qui
2212 2291 2396 2337 sextus
2426 2284 2476 2336 in
2511 2284 2608 2338 hac
2655 2285 2942 2354 cpigraphe
2971 2290 3298 2356 nominatur,
3322 2307 3418 2359 ap-

1846 2373 2069 2440 pellarat
2088 2375 2393 2443 episcopum
2407 2374 2748 2445 Carpitanum
2762 2417 2776 2442 ,
2791 2380 2874 2432 cui
2895 2379 3052 2434 modo
3069 2381 3419 2438 Penthadium

1844 2464 2365 2519 concathedraneum
2396 2464 2541 2520 facit.

1917 2554 2366 2621 Quoovumoeus.
2413 2555 2613 2628 Ignota:
2639 2561 2792 2614 sedis.
2825 2561 2974 2617 Hunc
3001 2564 3200 2620 rectius
3223 2565 3420 2622 Veren-

1845 2660 1956 2701 sem
2005 2649 2250 2714 dixisset,
2298 2650 2494 2719 quippe
2533 2652 2622 2720 qui
2677 2653 2728 2705 in
2778 2654 2982 2724 synodo
3011 2671 3136 2711 ann.
3165 2656 3270 2713 419
3300 2670 3421 2729 post

1849 2739 2200 2796 Pentltadium
2232 2743 2566 2812 subscriptus
2597 2745 2804 2814 legitur.
3081 2763 3086 2768 ·

1916 2834 2210 2888 CYPBIANUS
2241 2835 2661 2891 TUBURBITANUS.
2695 2835 2779 2890 lta
2819 2839 3004 2910 legitur
3038 2842 3092 2895 in
3128 2844 3417 2900 colmtione.
3457 2901 3466 2910 ,

1847 2923 1941 2978 Est
1968 2934 2137 2979 autem
2162 2925 2428 2981 Tuburbus
2456 2945 2544 2981 seu
2587 2927 2827 2983 Tuburbo
2865 2933 3041 2986 civitas
3080 2935 3132 2988 in
3164 2939 3420 3000 provincia

1848 3015 2239 3081 Proconsulari,
2271 3019 2464 3089 fuitque
2490 3021 2610 3074 olim
2638 3020 2835 3075 colonia
2856 3021 3030 3078 Plinio
3058 3035 3104 3078 et
3143 3025 3419 3084 Ptolemazo

1847 3119 1988 3162 uota.
2021 3109 2251 3163 Meminit
2282 3112 2511 3182 ejusdem
2549 3113 2834 3168 Antoninus
2875 3116 2928 3168 in
2963 3116 3141 3172 itinere
3182 3119 3420 3190 Hippone

194 3205 333 3249 tamen
360 3212 462 3250 non
491 3194 639 3249 vidit
669 3195 722 3248 in
750 3195 936 3249 eadem
981 3193 1267 3246 collatione
1307 3193 1528 3246 alterum
1578 3192 1738 3246 Octa-
1769 3184 1815 3248 C
1848 3200 2006 3270 Regio
2032 3201 2411 3270 Carthaginem,
2439 3220 2648 3271 eamque
2679 3207 2822 3275 ponit
2862 3208 2991 3261 inter
3028 3184 3353 3268 Cluacariam
3373 3226 3421 3270 et

194 3287 364 3340 viaimm
387 3289 707 3356 episcopum
740 3286 1206 3354 proconsularem;
1236 3285 1280 3336 is
1302 3281 1401 3337 luit
1433 3284 1739 3335 Octavianus

196 3382 413 3448 episcopus
453 3380 627 3449 plebis
677 3377 974 3449 Ucimajus,
1024 3377 1098 3429 uti
1138 3377 1389 3429 scribitur
1440 3390 1560 3443 cap.
1615 3375 1736 3428 155.

198 3471 359 3524 Plinius
383 3471 640 3540 superius
665 3479 990 3524 memoratus
1015 3469 1287 3522 recensuit
1306 3468 1497 3536 Oppida
1524 3466 1743 3521 Ucitana

201 3564 295 3627 duo,
314 3567 495 3634 majus,
529 3570 584 3616 et
609 3562 796 3624 minus,
821 3570 876 3615 et
906 3564 957 3614 in
1000 3559 1251 3628 synodica
1284 3558 1742 3628 proconsularium

202 3663 280 3705 act.
307 3655 336 3705 Ξ
362 3653 573 3708 concilii
607 3652 980 3706 Lateranensis
1021 3650 1264 3704 laudatur
1291 3648 1550 3719 Tripolius
1573 3648 1638 3703 ϐ.
1671 3649 1739 3702 D.

203 3746 429 3813 cpiscopus
457 3745 516 3800 S.
547 3744 616 3798 E.
666 3744 918 3799 Ucitanoe.
961 3744 1137 3811 Quare
1169 3745 1256 3796 hic
1288 3744 1420 3797 forte
1451 3743 1545 3796 fuit
1587 3743 1744 3797 Octa-

203 3837 353 3891 vianus
370 3841 657 3909 episcopus
687 3839 972 3907 L‘cimajus.

257 3933 641 3984 l’aaarexn'rus
672 3930 1032 3983 SICILIBENSIS.
1069 3927 1213 3982 Unus
1239 3930 1334 4000 fuit
1353 3945 1380 3982 e
1401 3929 1572 3983 decem
1601 3929 1742 3998 lega—

203 4025 250 4075 tis
274 4025 527 4092 pravius-ite
553 4022 972 4087 Proconsularis,
997 4022 1084 4091 qui
1105 4038 1222 4074 cum
1241 4022 1356 4075 aliis
1379 4021 1599 4073 aliarum
1628 4037 1746 4088 pro-

203 4116 442 4168 vinciarum
471 4116 764 4182 recognovit
809 4130 1024 4166 canones
1069 4131 1193 4168 anu.
1234 4113 1338 4167 419
1367 4113 1570 4166 nomine
1595 4114 1744 4166 totius

205 4207 421 4271 .lfricante
447 4205 653 4275 synodi.
706 4204 886 4274 Neque
916 4205 1097 4258 sedem
1141 4205 1297 4274 hujus
1335 4205 1570 4274 episcopi
1601 4211 1746 4259 recte

205 4295 463 4363 divinatur;
498 4313 622 4350 nam
656 4295 1004 4349 Praetextatus
1036 4297 1228 4363 priesul
1256 4295 1515 4350 Sicidbrtc
1544 4311 1637 4350 seu
1662 4297 1746 4352 Si-

205 4387 376 4441 t-ilibba:
404 4401 519 4442 erat
550 4375 824 4456 dignitatis
871 4397 1111 4457 tempore
1149 4391 1411 4457 posterior
1451 4388 1746 4444 Penthadio

205 4474 481 4543 Carpitano;
536 4477 798 4546 siquidem
844 4477 896 4530 in
948 4478 1424 4546 subscriptionibus
1470 4479 1658 4548 synodi
1713 4495 1740 4532 a

208 4561 426 4620 Garnerio
457 4569 710 4632 laudauc,
741 4566 1030 4621 Penthadio
1076 4569 1431 4637 postponitur,
1465 4580 1520 4621 ιιι
1549 4584 1613 4624 ex
1647 4570 1743 4623 tri-
1769 4564 1822 4624 D

205 4654 280 4706 lius
302 4657 771 4726 διιιιεειίριίοιιὶὺιιε
800 4657 940 4726 apud
972 4657 1242 4712 Labbeum
1278 4668 1406 4713 tom.
1441 4659 1483 4713 ll
1511 4660 1738 4725 Concil.,

207 4761 298 4816 pag.
318 4749 466 4814 1168,
498 4750 656 4814 1669,
683 4751 843 4815 1670,
864 4760 1102 4819 apparet,
1130 4767 1352 4820 quarum
1374 4767 1534 4805 unum
1562 4767 1743 4806 exem-

206 4841 318 4904 plum
342 4844 585 4912 superius
616 4843 914 4910 posuimus;
941 4851 995 4896 at
1020 4843 1102 4897 hic
1133 4843 1481 4897 Praetextatus
1513 4845 1742 4900 Pentha-

205 4931 272 4982 dto
297 4935 633 5001 prmponitur,
665 4950 781 4987 cum
831 4935 1017 4988 tertius
1048 4936 1098 4989 in
1131 4935 1419 5004 epigraphe
1460 4934 1528 4989 ab
1553 4936 1740 4990 eodem

206 5026 440 5080 reritetur.
471 5028 570 5081 llic
597 5027 851 5080 l'lolstenii
883 5029 1142 5081 sententia
1167 5027 1452 5096 rejicienda
1477 5030 1606 5082 mihi
1635 5038 1740 5092 est,

207 5116 273 5179 qui
301 5133 405 5186 pag.
439 5120 506 5173 56
538 5120 721 5173 scribit
749 5119 1086 5173 Cilibiensem
1113 5121 1354 5174 eamdem
1383 5136 1502 5174 cum
1533 5121 1739 5175 Sicilib~

209 5205 326 5261 ltcnsi
355 5209 534 5264 urbem
563 5211 755 5274 fuisse;
789 5225 908 5263 nam
937 5211 1107 5264 eidem
1139 5211 1401 5264 collatioui
1426 5228 1490 5264 ex
1526 5212 1742 5266 Donati-

209 5297 282 5347 stis
326 5299 602 5355 intcrl'uere
653 5302 1032 5367 Quadratianus
1080 5301 1343 5370 episcopus
1397 5301 1744 5355 Sicilibbensis

209 5403 303 5458 cap.
334 5394 447 5462 198,
480 5405 534 5449 et
563 5394 818 5448 Tertullus
849 5397 1110 5466 episcopus
1140 5394 1424 5449 Cilibieusis
1468 5412 1584 5465 cap.
1613 5397 1739 5452 206.

213 5476 252 5529 In
278 5485 460 5550 synodo
487 5485 739 5539 Bonifacii
763 5501 848 5538 an.
875 5487 976 5541 525
1017 5488 1317 5541 nominatur
1346 5487 1628 5543 Restitutus
1658 5489 1741 5544 Ci-

215 5570 398 5628 libiensis
426 5577 559 5632 inter
592 5581 1014 5644 procurtsularcs.
1051 5580 1283 5649 Utraque
1323 5583 1562 5637 Ecclesia
1592 5583 1743 5638 deest

215 5659 255 5712 in
276 5663 448 5720 Notitia
477 5669 688 5724 Africus.
719 5671 942 5726 Carolus
968 5688 996 5724 a
1045 5673 1100 5726 S.
1134 5673 1295 5727 Paulo
1326 5690 1445 5742 pag.
1475 5674 1576 5730 114
1607 5677 1743 5731 Cili-

217 5754 418 5814 biensem
462 5764 816 5834 episcopatum
875 5767 1086 5821 incerta:
1134 5767 1417 5834 provinciae
1470 5771 1738 5840 ascripsit,

1845 3288 2084 3360 Cigisam.
2110 3292 2252 3347 Duas
2274 3295 2434 3347 urbes
2454 3293 2843 3352 Tuburhitanas
2867 3300 2916 3353 in
2943 3316 3098 3356 unam
3122 3304 3416 3362 confundit.

1845 3381 1974 3435 Nam
2005 3397 2121 3450 cap.
2159 3384 2263 3438 155
2289 3385 2468 3439 collat.
2505 3386 2807 3443 nominatur
2833 3389 3005 3445 Victor
3026 3397 3289 3466 episcOpus
3319 3396 3420 3450 Tu.

1845 3473 2230 3528 burbitanorum
2256 3475 2549 3542 Minorum;
2575 3488 2630 3533 et
2647 3493 2764 3548 cap.
2797 3481 2899 3535 155
2920 3482 3208 3554 Cyprianus
3227 3491 3420 3558 episco-

1847 3584 1941 3635 pus
1966 3569 2126 3638 plebis
2169 3569 2633 3627 Tuburbitanorum
2668 3574 2951 3648 Major-um.
2989 3579 3166 3635 Victor
3201 3583 3291 3638 lib.
3323 3585 3417 3638 ult.

1844 3657 1912 3714 de
1935 3660 2205 3716 Persecut.
2234 3661 2400 3716 Vand.
2423 3666 2662 3719 meminit
2687 3665 3051 3725 Tuburbitana:
3071 3674 3285 3728 civitatis
3312 3693 3420 3730 ma-

1845 3752 1998 3821 joris,
2028 3763 2080 3806 et
2105 3754 2402 3807 Antoninus
2433 3757 2486 3809 in
2518 3759 2877 3828 descriptione
2908 3767 3184 3820 memorati
3217 3769 3419 3822 itineris

1846 3845 1952 3908 ait;
2009 3844 2284 3898 Cluacaria
2329 3863 2416 3901 xv.
2472 3848 2873 3908 Tuburbominus
2932 3872 3114 3911 xxvtu.
3173 3860 3416 3932 Cigisam.

1847 3934 2130 4004 Perperam
2155 3951 2282 4006 ergo
2313 3940 2669 3996 testimonium
2699 3945 2950 4001 Antonini
2975 3949 3275 4019 adducitur,
3297 3957 3418 4024 quia

1846 4025 2144 4099 Cyprianus
2180 4030 2401 4084 sedebat
2438 4035 2576 4095 apud
2625 4035 3066 4109 'l‘uburbomajus,
3097 4044 3249 4113 cujus
3276 4047 3418 4102 nulla

1847 4120 1986 4189 apud
2028 4122 2352 4176 Antoninum
2381 4126 2582 4178 mentio
2611 4136 2713 4180 est.
2749 4123 2941 4184 Verum
2989 4133 3265 4204 utriusque
3307 4137 3419 4192 Tu-

1848 4211 2004 4266 burbi
2019 4213 2176 4266 situm
2203 4213 2512 4269 describunt
2530 4217 2746 4272 Tabula:
2769 4219 3209 4291 Peutingerianaa,
3228 4227 3316 4282 ubi
3339 4228 3420 4285 Si-

1847 4304 2024 4359 cilliba
2073 4305 2246 4360 media
2295 4307 2484 4363 visitur
2525 4308 2740 4379 oblique
2787 4321 3068 4384 utrumque
3111 4317 3420 4377 Tubnrbum

1849 4399 2160 4468 reSpiciens,
2185 4400 2388 4455 distans
2417 4402 2841 4475 Tuburbomajus
2865 4407 3027 4466 millia
3057 4424 3306 4478 passuum
3328 4415 3421 4471 28.

1851 4491 2007 4544 Errat
2056 4493 2274 4561 insuper
2302 4493 2428 4547 dum
2459 4495 2781 4565 Cyprianum
2814 4498 3110 4557 Penthadio
3137 4502 3420 4575 Carpitano

1848 4584 2200 4653 posteriorem
2231 4587 2398 4655 ponit,
2423 4588 2513 4657 qui
2545 4597 2718 4645 tamen
2769 4605 2909 4646 anno
2936 4593 3037 4648 411
3070 4606 3188 4651 erat
3213 4600 3421 4667 episco-

1852 4693 1969 4745 pus,
2000 4688 2054 4732 et
2084 4677 2430 4747 Penthadius,
2460 4682 2904 4748 quemadmodum
2935 4685 3133 4743 dictum
3163 4701 3264 4755 est,
3288 4707 3419 4748 non-

1847 4767 1974 4822 dum
1998 4781 2064 4822 eo
2090 4782 2230 4823 anno
2255 4769 2444 4838 Carpis
2467 4772 2705 4827 sedebat.

1917 4857 2217 4914 Senvruus.
2251 4857 2451 4930 Ignota:
2477 4863 2630 4927 sedis,
2675 4867 3098 4933 quemadmodum
3139 4869 3418 4943 PELAGIUS,

1850 4949 2188 5015 Mancecws,
2220 4951 2548 5017 Veusnrrus,
2572 4953 2824 5022 Dtovuus,
2873 4957 3226 5029 Sarunumus,
3258 4965 3419 5022 TRIA-

1848 5055 2096 5104 zsceuus,
2123 5039 2432 5107 Genusuus,
2476 5043 2872 5111 Geausmauus,
2897 5048 3208 5118 Juvcurws,
3244 5056 3418 5114 Maso-

1846 5134 2351 5199 niuosJuvnNrtus.
2396 5136 2490 5190 Hic
2518 5138 2732 5192 collatio
2759 5139 3194 5211 Carthaginensis
3243 5146 3417 5204 homi-

1847 5241 1968 5280 nem
1995 5225 2258 5293 destituit,
2304 5242 2402 5282 nec
2429 5227 2643 5282 aliunde
2678 5231 2949 5298 suppetias
2997 5246 3180 5302 petere
3208 5242 3416 5308 potuit;

1845 5317 1939 5372 sed
1973 5332 2130 5386 quam
2162 5318 2461 5388 infcliciteri
2479 5319 2665 5373 eadem
2702 5321 2985 5378 collatione
3011 5339 3139 5381 usus
3161 5328 3233 5382 sit
3261 5345 3420 5387 nemo

1845 5423 1952 5462 non
1981 5408 2177 5464 videat.

1916 5502 2179 5557 CANDIDUS
2207 5505 2544 5559 Amenanus.
2573 5502 2697 5558 Fuit
2717 5522 2844 5562 unus
2869 5525 2896 5563 e
2926 5507 3110 5581 legatis
3146 5515 3422 5581 provincia:

1848 5591 2258 5658 Proconsularis,
2289 5603 2383 5649 etc.
2417 5595 2620 5661 Risum,
2643 5599 2831 5662 amice,
2858 5609 3057 5656 teneas.
3084 5603 3340 5672 Superius
3363 5606 3417 5660 in

1852 5683 2180 5749 Fnucruoso,
2211 5702 2367 5754 quem
2399 5689 2767 5744 Abbiritanum
2799 5693 3107 5763 episcopum
3138 5695 3302 5752 fuisse
3331 5712 3416 5750 as-

1851 5777 2035 5841 seruit,
2081 5777 2194 5832 haec
2248 5779 2397 5846 plane
2438 5782 2661 5836 dixerat.
2713 5783 2864 5837 llunc
2903 5801 3020 5840 vero
3067 5785 3412 5842 Fructuosum
