3954 6364
512 330 613 390 291
1404 326 1964 387 SUPPLEMENTUM
2003 326 2095 382 AD
2132 324 2360 383 OPERA
2399 325 2457 383 S.
2498 322 2887 383 AUGUSTINI.
3638 333 3720 388 292'.

511 457 703 522 oportet
731 465 833 502 non
864 448 953 502 diu
979 448 1135 519 fuisse
1158 448 1495 515 superstitem,
1521 464 1643 503 nam
1670 463 1805 501 anno
1826 445 1931 501 419
1955 444 2090 500 Con-
2116 446 2167 506 Α
2193 450 2273 497 sto
2294 442 2599 497 honorando
2640 458 2787 513 papas
2814 436 3114 494 Innocentio
3141 438 3409 509 Siluanus,
3442 440 3720 516 Valentinus,

510 541 663 595 didus
702 540 1028 594 Abbiritanus
1076 550 1359 595 recensetur
1397 542 1527 593 inter
1577 540 1771 612 legatos
1816 536 2088 608 provincia:
2190 535 2450 600 Aurelius,
2477 532 2731 597 Donatus,
2758 533 3066 599 Restitutus,
3090 530 3369 598 Lucianus,
3393 532 3612 605 Alypius,
3641 541 3723 595 Αι.

509 627 925 687 Proconsularis.
955 633 1010 687 8i
1036 630 1362 687 Fructuosus
1390 640 1445 687 et
1463 629 1734 685 Candidus
1760 629 1917 687 ambo
1945 627 2087 697 ejus.-
2189 629 2441 697 gustinus,
2478 627 2796 691 Placentius,
2831 624 3067 689 Seuerus.
3103 623 3439 693 Fortunatus,
3473 627 3723 699 Possidius,
3754 648 3762 699 μ

507 722 628 778 dem
656 716 804 779 urbis
846 722 1202 777 Abbiritensis
1244 723 1481 791 episcopi
1510 738 1613 777 una
1661 694 2087 789 eademque-die
2191 694 2446 785 Novatus,
2481 718 2774 783 Secundus,
2807 717 3150 782 Maurentius,
3192 716 3315 780 Leo,
3362 694 3725 789 Faustinianus,
3753 694 3769 721 ⁵

507 816 633 870 anni
674 812 779 871 416
807 816 964 869 simul
995 814 1217 871 adfuere
1256 814 1578 885 Carthagine
1622 816 1673 869 in
1722 813 1947 884 synodo,
1990 826 2086 866 cur
2135 820 2139 824 ’
2190 810 2515 876 Cresconius,
2548 810 2776 875 Maleas,
2816 809 3093 875 Littorius,
3124 806 3474 874 Fortunatus,
3510 807 3725 878 Donatus,

509 922 613 963 una
657 908 817 961 simul
849 908 901 960 in
953 907 1119 961 altera
1161 922 1377 977 quoque
1420 904 1830 976 Carthaginensi
1880 901 2085 973 synodo
2188 900 2529 969 Ponticanus,
2567 901 2913 967 Saturninus,
2954 900 3295 964 Cltristonius,
3332 898 3615 965 Honorius,
3646 902 3728 955 Lu-

505 1014 647 1055 anno
673 998 777 1054 M9
806 1015 926 1055 esse
950 1000 1274 1068 nequivere?
1301 999 1433 1054 Tam
1461 998 1568 1053 cito
1583 998 1664 1052 sui
1697 993 2085 1061 oblitus,_Can-
2187 996 2294 1050 cius
2316 1037 2330 1061 ,
2358 997 2655 1050 Adeodatus
2680 1037 2694 1062 ,
2744 994 3023 1048 Processus
3046 1033 3064 1060 ,
3097 992 3397 1047 Cresconius
3421 1033 3435 1057 ,
3468 992 3727 1063 Secundus,

504 1093 686 1149 didum
714 1094 975 1163 collegam
1004 1094 1060 1148 in
1081 1094 1388 1162 episcopatu
1418 1092 1716 1146 Fructuoso
1736 1089 1900 1153 dedit,
1925 1103 2083 1158 quem
2188 1086 2362 1155 Felix,
2388 1089 2641 1141 Asiaticus
2667 1130 2680 1155 ,
2714 1085 3065 1155 Ruﬁnianus,
3092 1083 3374 1141 Faustinus
3391 1124 3408 1149 ,
3435 1083 3625 1149 Servus,
3653 1084 3731 1140 Te-

508 1186 667 1257 paulo
725 1194 883 1241 antea
931 1185 1273 1242 decessorem
1328 1184 1787 1255 pronuntiaverat.
1853 1181 2088 1236 Putasne
2185 1182 2402 1244 rentius,
2435 1179 2756 1245 Cresconius,
2788 1178 3117 1245 Sperantius,
3150 1176 3462 1242 Quadratus,
3498 1173 3728 1242 Lucilius,

507 1279 823 1336 Garnerium
850 1279 1013 1335 ullam
1062 1278 1145 1333 his
1176 1277 1577 1348 responsionem
1608 1276 1872 1332 adornara
1903 1287 2081 1344 posse,
2187 1272 2436 1337 Sabinus,
2474 1271 2769 1336 Faustinus,
2811 1268 3138 1331 Cresconius,
3180 1266 3387 1327 Victor.
3421 1266 3724 1337 Gignuntius,

505 1374 609 1428 nisi
631 1373 697 1427 ad
723 1371 973 1426 calendas
1005 1371 1253 1426 Graecas?
1300 1368 1564 1425 Caeterum
1602 1367 1655 1421 id
1697 1366 1855 1420 etiam
1900 1372 2086 1435 peccat
2187 1361 2496 1416 Posidonius
2520 1403 2533 1426 ,
2579 1363 2858 1424 Antonius,
2892 1359 3259 1419 Innocentius.
3294 1358 3598 1423 Prtrsidius,
3635 1357 3731 1412 Cre-

504 1466 645 1535 quod
675 1474 959 1533 utrumque
985 1464 1223 1535 ejusdem
1268 1463 1417 1518 urbis
1450 1463 1758 1530 episcopum
1790 1458 1936 1523 facit,
1962 1472 2083 1511 cum
2183 1454 2423 1529 scentius,
2454 1451 2628 1517 Felix,
2661 1452 2906 1504 Antonius
2928 1491 2942 1515 ,
2984 1450 3158 1505 Victor
3178 1491 3194 1516 ,
3230 1448 3554 1514 Honoratus,
3587 1448 3731 1503 Dona-

506 1558 830 1612 Fructuosus
872 1556 1236 1611 Abziritanum
1268 1538 1520 1608 thronum
1559 1550 1786 1615 sederit,
1812 1547 2084 1605 Candidus
2186 1551 2287 1609 tus,
2338 1543 2545 1609 Petrus,
2578 1544 2881 1609 Prwsidius,
2915 1542 3238 1608 Cresconius,
3272 1542 3600 1611 Lampadius,
3632 1539 3731 1596 Del-

505 1651 662 1705 iuerit
690 1651 971 1719 episcopus
1018 1648 1372 1703 Abbiritensis
1422 1644 1974 1704 Germanicianorum,
2022 1654 2085 1694 ac
2185 1637 2476 1704 planus,“
2496 1637 2711 1689 concilio
2740 1636 3131 1701 Milevitano,in
3155 1632 3624 1691 Dominosalulem.

506 1742 688 1803 Felici.
721 1741 810 1809 qui
859 1738 1131 1794 collationi
1169 1737 1428 1803 interluit,
1454 1734 1793 1796 successerit,
1830 1730 2084 1801 quemad-
2260 1727 2517 1782 Pessimis
2538 1727 2728 1783 iisdem
2749 1727 3230 1795 auspiciis,horum
3257 1742 3469 1796 quoque
3494 1728 3732 1795 episcopo-

505 1836 719 1889 modum
752 1834 839 1889 ubi
861 1834 928 1889 de
954 1832 1251 1887 Fructuose
1281 1830 1528 1900 superius
1554 1843 1733 1884 sermo
1760 1826 1964 1891 incidit,
1992 1841 2081 1895 pa-
2113 1814 2161 1877 Β
2187 1835 2304 1875 rum
2344 1823 2502 1875 sedes
2541 1821 2832 1877 Carnerius
2861 1821 3151 1887 describit;
3195 1821 3348 1890 cujus
3376 1820 3583 1889 quidem
3618 1822 3732 1876 notis

504 1926 607 1981 lam
642 1925 872 1981 ostendi.
2186 1913 2496 1968 refellendis
2528 1914 2784 1984 temporis
2818 1914 3083 1983 jacturam
3128 1913 3305 1967 facere
3336 1914 3473 1967 forte
3501 1912 3731 1967 videbor:

571 2017 874 2071 Cvpattmus
916 2024 969 2071 et
1012 2015 1349 2072 Eutusuus.
1390 2013 1591 2075 lanata:
1637 2012 1790 2066 sedis.
1829 2009 1940 2066 Nec
1981 2023 2081 2080 ego
2182 2007 2279 2062 sed
2322 2009 2423 2063 hoc
2472 2010 2642 2077 ipsum
2696 2010 2748 2061 in
2790 2008 2920 2062 lucri
2972 2004 3091 2061 loco
3134 2004 3500 2074 reponendum
3543 2018 3730 2067 censeo,

503 2110 635 2171 scio,
669 2126 765 2164 nec
789 2111 1020 2180 inquiro.
1396 2152 1401 2157 .
2182 2102 2323 2172 quod
2354 2116 2476 2156 cum
2506 2103 2599 2157 tibi
2632 2102 2732 2157 hoc
2767 2102 2820 2155 in
2846 2116 3009 2172 opere
3034 2115 3238 2156 morem
3267 2114 3422 2171 gero,
3454 2099 3732 2168 obsequium

577 2200 829 2255 Ronanos
886 2202 1422 2256 Maestorou'rsaus.
1470 2199 1775 2253 Recensctur
1810 2198 1865 2251 in
1917 2195 2078 2249 colla-
2181 2211 2307 2267 erga
2340 2209 2391 2253 te
2430 2214 2604 2252 meum
2634 2197 2909 2261 extendo;
2945 2212 3118 2266 neque
3153 2196 3295 2250 enim
3330 2195 3614 2265 periculum
3640 2203 3729 2259 est,

503 2291 652 2345 tione.
681 2289 769 2345 Fit
785 2293 971 2347 mentio
994 2293 1045 2345 in
1071 2292 1273 2347 Notitia
1293 2293 1645 2364 episcoporum
1659 2289 1928 2359 provinciae
1948 2286 2081 2341 Pro-
2182 2305 2251 2344 ne
2290 2289 2358 2345 sit
2402 2291 2646 2356 nimium,
2698 2291 2838 2360 quod
2878 2305 2998 2345 esse
3038 2291 3334 2344 maximum
3362 2289 3535 2343 debet.
3561 2288 3731 2356 Collige

506 2384 795 2439 consularis
822 2384 1030 2438 Coronii
1056 2384 1475 2456 Megalopolitani
1497 2385 1549 2437 in
1572 2383 1804 2437 exsilium
1826 2380 1958 2445 acti;
1980 2395 2081 2449 qua
2182 2384 2394 2438 interim
2420 2395 2489 2450 te,
2514 2393 2567 2439 et
2596 2400 2663 2440 ex
2683 2384 3055 2441 Proconsulari
3084 2384 3354 2453 provincia
3389 2382 3442 2436 in
3467 2381 3729 2435 Numidiam

504 2490 619 2529 vero
644 2476 698 2530 in
722 2486 865 2547 parte
888 2477 1162 2546 provincia:
1182 2476 1576 2530 Proconsularis
1597 2476 1695 2529 sita
1721 2475 1879 2545 fuerit
1902 2474 2081 2544 Mega-
2186 2492 2217 2529 a
2244 2476 2503 2531 Garnerio
2526 2484 2744 2531 vocatus
2762 2476 2983 2546 gradum
3000 2490 3244 2542 moveas,
3270 2485 3328 2528 ut
3355 2473 3529 2541 qualia
3551 2474 3611 2525 de
3631 2472 3731 2526 Car-

503 2566 687 2637 lopolis
716 2570 947 2638 ignotum
972 2569 1096 2622 mihi
1124 2578 1217 2623 est.
1245 2568 1354 2623 imo
1380 2578 1433 2623 et
1454 2568 1595 2622 Afris
1618 2567 1758 2621 illius
1787 2566 1957 2620 atatis
1980 2566 2077 2620 ho-
2187 2567 2515 2637 thagineusis
2558 2570 2772 2623 concilii
2815 2569 3059 2623 Patribus
3081 2610 3095 2634 ,
3141 2570 3329 2623 eadem
3368 2566 3437 2622 de
3480 2564 3730 2620 Milevitani

503 2657 733 2712 minibus
763 2658 813 2712 id
840 2659 1040 2728 pariter
1072 2660 1303 2729 ignotum
1335 2659 1469 2723 luit;
1501 2659 1643 2712 nulla
1671 2658 1813 2713 enim
1846 2672 2077 2727 unquam
2181 2676 2468 2717 consessus
2491 2665 2757 2733 episcopis
2780 2672 3077 2717 commenta
3101 2662 3308 2715 audias.

503 2752 705 2805 exstitit
734 2750 788 2804 in
816 2751 995 2806 Africa
1023 2751 1386 2821 Megalopolis,
1415 2751 1566 2820 cujus
1589 2751 1817 2804 nominis
1839 2750 1966 2805 urbs
1987 2765 2079 2804 ce-
2254 2754 2512 2809 SILVANUS
2542 2756 2837 2809 Suuususm
2864 2756 2939 2807 vel
2967 2754 3252 2808 ZUMENSIS.
3294 2749 3522 2821 Utroque
3544 2750 3677 2803 modo
3692 2749 3731 2800 in

503 2843 663 2897 lebris
699 2842 797 2897 ﬂuit
830 2844 883 2898 in
932 2845 1322 2914 Peloponneso,
1367 2844 1575 2913 Polybil
1598 2844 1849 2899 Historici
1885 2843 2076 2910 patria.
2185 2844 2459 2899 collatione
2492 2848 2733 2900 scribitur
2766 2863 2948 2900 nomen
2978 2848 3132 2911 sedis,
3169 2862 3281 2916 qua:
3324 2846 3490 2912 prima
3516 2854 3625 2897 tunc
3648 2850 3732 2893 crat

503 2934 633 2988 Erat
652 2935 864 3003 quidem
895 2935 947 2989 in
970 2936 1145 2989 Africa
1174 2935 1503 3006 Meglapoiis.
1532 2936 1685 2992 Unde
1712 2936 1766 2990 in
1792 2935 2080 2990 collatione
2185 2936 2237 2987 in
2263 2938 2525 3002 prouincia
2549 2936 2830 3003 Numidiae,
2860 2946 2963 2992 etc.
3000 2936 3096 2991 Ubi
3118 2952 3233 2989 vero
3257 2938 3358 2989 sita
3380 2936 3528 3005 fuerit
3555 2934 3734 2989 Summa

503 3040 619 3095 cap.
654 3026 753 3079 155
777 3026 1021 3081 laudatur
1052 3027 1312 3082 Romanus
1334 3029 1597 3098 episcopus
1629 3028 1787 3096 plebis
1816 3027 2081 3099 Meglapo-
2181 3027 2257 3080 uel
2285 3028 2448 3082 Zuma
2476 3030 2724 3083 incertans
2754 3041 2825 3083 est
2846 3071 2860 3095 ,
2896 3031 2992 3083 nisi
3019 3033 3151 3094 forte
3190 3011 3530 3081 dicatur'esse
3559 3027 3731 3091 Zama,

503 3118 687 3182 litante,
720 3129 774 3175 et
804 3121 856 3174 in
882 3120 1077 3175 Notitia
1108 3120 1269 3175 citata
1299 3136 1330 3175 a
1361 3120 1644 3185 Garnerio,
1678 3121 1771 3175 sed
1805 3136 1910 3175 non
1944 3122 2080 3175 bene
2182 3134 2337 3186 quam
2372 3119 2573 3174 Plinius
2603 3131 2649 3174 et
2682 3120 2988 3175 Ptolemtcus
3016 3123 3069 3174 in
3112 3122 3287 3189 Africa
3323 3121 3603 3190 seu_potius
3640 3118 3733 3172 Nu-

502 3211 661 3278 locta,
694 3211 773 3265 vel
799 3220 945 3266 certe
974 3224 1247 3281 corrupta,
1276 3214 1581 3267 nominatur
1599 3184 1850 3267 Coronius
1879 3210 2076 3283 Μαρια·
2103 3189 2150 3251 C
2182 3184 2340 3263 midia
2368 3221 2637 3280 reponunt.
2670 3212 2775 3264 Nisi
2810 3212 2999 3281 hospes
3042 3212 3092 3265 in
3122 3184 3375 3265 At‘ricaua
3416 3184 3627 3265 historia
3654 3208 3733 3261 Za-

503 3301 801 3371 politanns;
846 3302 1075 3372 denique
1119 3303 1175 3357 in
1215 3304 1468 3374 synodica
1524 3313 1628 3359 act.
1676 3305 1744 3370 2,
1791 3304 1980 3375 synodi
2022 3304 2078 3359 S.
2188 3316 2327 3354 mam
2350 3316 2469 3354 cum
2499 3300 2719 3354 Zumma
2746 3302 3055 3356 contundet.
3089 3301 3301 3357 Etenim
3330 3316 3474 3355 anno
3502 3301 3618 3366 Mt,
3647 3299 3733 3353 cal.

504 3396 703 3450 Martini
736 3410 885 3465 papte
914 3407 1225 3452 recensetur
1271 3396 1559 3467 charatus
1592 3400 1862 3467 episcopus
1901 3386 1964 3452 S.
2012 3396 2079 3451 E.
2182 3394 3298 3464 Junii,coilationlCartliaginensladl'uerc
3321 3393 3735 3466 Dialogusepisco-

504 3486 937 3558 Meglapolitante.
978 3488 1087 3543 Hos
1130 3489 1412 3559 episcOpos
1456 3490 1611 3544 unius
1662 3484 1855 3544 littera:
1905 3490 2083 3544 detra-
2184 3504 2281 3557 pus
2309 3486 2606 3551 Zamensis,
2632 3496 2815 3541 contra
2838 3502 2995 3556 quem
3022 3487 3305 3542 Montanus
3345 3502 3485 3542 unus
3514 3493 3735 3555 eseptem

501 3582 681 3637 ctione
709 3580 1001 3637 Garnerius
1029 3596 1093 3637 ex
1126 3581 1304 3637 Africa
1332 3582 1383 3635 in
1426 3582 1693 3651 Europam
1722 3582 1879 3651 rapit.
1908 3581 2080 3637 Catte-
2188 3579 2481 3634 Donatistis
2506 3579 2854 3634 coliatoribus
2882 3580 3054 3634 stabat
3079 3596 3143 3635 ex
3184 3594 3303 3649 cap.
3341 3580 3437 3634 121
3466 3617 3483 3645 ,
3512 3586 3565 3633 et
3588 3578 3735 3631 Silva-

502 3688 615 3728 rum
645 3674 987 3729 amanuensis
1013 3674 1097 3728 vel
1131 3674 1493 3745 typographus
1532 3676 1735 3729 erroris
1782 3684 1968 3729 auctor
1989 3675 2079 3744 ju-
2185 3687 2278 3723 nus
2308 3672 2576 3738 episcopus
2606 3670 2925 3724 Zummensis
2964 3687 3083 3740 cap.
3113 3672 3184 3727 99
3206 3716 3220 3739 ,
3251 3673 3337 3726 cui
3384 3672 3736 3728 adversabatur

501 3767 743 3831 dicetur;
781 3769 1049 3837 proprium
1082 3766 1324 3823 Garnerii
1354 3779 1591 3823 erratum
1616 3777 1699 3823 est
1723 3770 1864 3839 quod
1884 3769 2080 3823 ltoma-
2182 3764 2369 3817 eadem
2406 3765 2458 3815 in
2489 3764 2704 3817 (Ιίωοοεί
2738 3763 2885 3817 Felix
2913 3764 3207 3828 Donatista,
3240 3764 3330 3834 qui
3364 3779 3477 3835 cap.
3510 3766 3621 3827 111,
3651 3760 3733 3814 201

500 3873 624 3913 num
656 3869 781 3915 ante
804 3876 999 3915 annum
1044 3860 1145 3915 411
1176 3863 1487 3931 episcopum
1519 3863 1713 3931 quippe
1738 3901 1753 3927 ,
1791 3862 1880 3931 qui
1915 3861 2076 3916 colla-
2182 3862 2235 3908 et
2263 3854 2399 3922 902,
2430 3855 2622 3909 dicitur
2648 3853 2988 3909 Zummensis.
3020 3855 3117 3912 Hic
3153 3859 3388 3927 scriptor
3425 3860 3478 3912 in
3523 3857 3652 3910 notis
3684 3853 3737 3909 ad

499 3949 625 4004 tioni
658 3951 924 4014 interluit,
956 3950 1161 4005 sedisse
1193 3951 1247 4006 in
1278 3952 1486 4022 synodo
1514 3962 1665 4020 putat
1693 3960 1815 4021 post
1845 3950 2077 4005 Pentha-
2179 3947 2505 4017 epigraphcn
2536 3947 2996 4020 proconsularium
3022 3949 3250 4004 dixerat.
3289 3949 3584 4005 MAJOBINUS
3608 3946 3737 4000 Zem-

503 4043 647 4099 dium
681 4044 1049 4119 Carpitauum,
1089 4055 1141 4102 et
1176 4044 1467 4102 Candidum
1502 4044 1570 4097 ab
1599 4045 1767 4099 Abbir
1796 4044 2079 4099 Germanic
2182 4044 2393 4114 ptensis.
2446 4043 2531 4098 Ita
2582 4044 2765 4113 legitur
2803 4044 2857 4097 in
2902 4045 3211 4109 collatione;
3257 4045 3441 4098 melius
3477 4039 3736 4104 Zamensis,

502 4136 675 4204 ciana,
721 4136 811 4201 qui
855 4145 975 4205 post
1020 4150 1217 4191 annum
1250 4135 1351 4192 4H
1383 4135 1452 4192 ad
1499 4149 1680 4192 sacras
1724 4136 1881 4193 sedes
1908 4135 2078 4193 evecti
2181 4154 2302 4191 nam
2342 4141 2395 4190 in
2429 4136 2807 4191 Proconsulari
2850 4139 3107 4208 provincia
3139 4140 3237 4207 fuit
3265 4138 3431 4190 Zama
3469 4138 3665 4199 civitas,
3704 4132 3737 4185 si

501 4236 641 4280 sunt.
2182 4227 2379 4291 Plinio,
2424 4226 2707 4283 Ptolemaeo
2737 4245 2795 4282 ac
2825 4229 3065 4283 Straboni
3091 4230 3365 4283 credimus.
3402 4227 3644 4283 Eamdem
3668 4226 3736 4278 in-

569 4320 870 4372 AFRICANUS
907 4328 959 4373 et
990 4318 1389 4373 MARCELLINUS.
1431 4316 1653 4372 Incerta:
1682 4318 1835 4374 sedis.
1869 4318 2077 4373 Marcus
2183 4322 2543 4376 constantiam
2572 4337 2672 4390 qua
2698 4321 2895 4391 passim
2920 4322 3141 4388 laborat,
3174 4323 3227 4376 in
3262 4323 3453 4376 horum
3482 4324 3735 4391 episc0po-

504 4410 784 4479 cpiscopus
813 4410 1084 4464 Donatista
1114 4425 1232 4479 cap.
1265 4409 1367 4463 187
1391 4410 1691 4464 collationis
1721 4410 2075 4479 interrogatus
2180 4429 2297 4469 rum
2334 4413 2547 4468 sedibus
2596 4414 2941 4484 designandis
2994 4414 3121 4469 viris
3164 4414 3494 4469 doctissimis
3532 4412 3732 4469 am-icat,

502 4520 528 4558 a
557 4513 738 4559 nostro
768 4504 961 4573 Alypio
985 4503 1329 4573 'I‘hagastensi
1356 4521 1369 4557 :
1406 4502 1553 4557 Unde
1579 4505 1672 4557 es?
1701 4505 1827 4568 Qua
1856 4514 1929 4557 est
1953 4504 2077 4557 civi-
2102 4564 2152 4578 ﬁ
2180 4507 2289 4578 qui,
2344 4508 2396 4561 in
2442 4506 2785 4561 recensendis
2817 4507 3029 4561 illarum
3078 4507 3477 4576 provinciarum
3518 4502 3734 4563 urbibus,

503 4607 577 4650 tas
609 4598 740 4649 tuo?
767 4595 1078 4665 respondit:
1120 4595 1306 4650 Secuta
1336 4594 1510 4649 Prura
1536 4596 1817 4651 Amidicca.
1842 4596 2074 4651 Helime-
2102 4564 2159 4626 Β
2182 4564 2422 4655 exactam
2456 4599 2729 4669 utriusque
2761 4599 3047 4667 provincia:
3080 4564 3437 4660 divisionem,
3488 4594 3645 4664 qualis
3682 4589 3735 4640 ab

504 4692 707 4746 limenia
728 4690 927 4743 Nasnta
950 4688 1134 4769 Prura.
1160 4692 1375 4745 Poterat
1394 4672 1699 4747 Garnerius
1707 4706 1803 4762 pro
1828 4707 1891 4746 ea
1919 4706 2075 4759 quam
2183 4690 2558 4745 ecclesiasticis
2589 4698 2797 4745 servata
2820 4698 2922 4756 est,
2950 4706 3053 4743 non
3085 4688 3332 4755 afferunt,
3364 4688 3457 4743 sed
3486 4686 3733 4740 ﬂuminum

505 4783 559 4837 in
607 4782 948 4852 designandis
1001 4797 1096 4852 pro
1148 4782 1367 4836 arbitrio
1434 4784 1802 4852 episcoporum
1858 4781 2077 4837 sedibus
2183 4785 2419 4838 sectione
2444 4784 2563 4838 illas
2593 4784 2855 4848 dividunt,
2889 4794 2943 4836 ut
2966 4783 3031 4836 ad
3054 4781 3263 4837 oculum
3288 4790 3456 4851 patet.
3490 4781 3563 4833 Ex
3590 4775 3733 4830 colla-

503 4880 868 4933 auctoritatem
894 4885 1133 4946 usurpat,
1164 4876 1467 4931 Africanum
1490 4878 1695 4933 Secutae
1720 4876 1901 4931 Prura:
1930 4876 2078 4929 Ami-
2185 4877 2327 4931 tione
2366 4876 2621 4932 habemus
2654 4876 2927 4943 Dialogum
2961 4875 3269 4943 episcopum
3300 4874 3631 4933 Zamensem,
3662 4865 3731 4919 cui

504 4971 665 5026 diceat
691 5011 709 5040 ,
763 4970 1121 5025 Marcellinum
1172 4984 1298 5024 vero
1354 4969 1798 5025 Melimelimenite
1863 4968 2076 5024 Nasutse
2186 4966 2476 5021 Garnerius
2505 4966 2818 5036 Majorinum
2848 4975 2901 5019 ct
2925 4967 3197 5019 Silvanum
3226 4966 3387 5020 etiam
3420 4964 3641 5031 collegiis
3660 4973 3733 5011 su-

503 5063 686 5118 Prurte
716 5063 993 5131 episcopos
1024 5061 1297 5130 deputare.
1512 5088 1517 5091 -
2180 5058 2523 5130 perimponit,
2561 5066 2616 5111 ut
2640 5060 3011 5126 episcoporum
3044 5058 3229 5112 eadem
3267 5058 3320 5111 in
3355 5057 3486 5110 urbe
3511 5050 3730 5109 triumvi-

572 5154 836 5208 Hactenus
865 5154 930 5207 de
961 5152 1103 5207 notis
1134 5150 1373 5207 Garnerii
1400 5152 1465 5205 ad
1496 5152 1821 5221 epigraphen
1854 5150 2071 5207 Patrum
2179 5163 2351 5208 ratum
2381 5152 2691 5206 constituat.
2721 5151 2881 5205 Zama
2907 5151 3202 5220 Jugurthze,
3237 5151 3359 5205 dein
3394 5150 3542 5204 Juba:
3569 5150 3615 5200 in
3642 5143 3732 5197 Nu-

504 5245 981 5315 proconsularium.
1013 5244 1225 5298 Accedo
1254 5243 1319 5296 ad
1340 5243 1577 5312 ejusdem
1610 5252 1762 5297 notas
1789 5244 1840 5298 in
1870 5245 2077 5298 titulum
2179 5244 2340 5299 midia
2364 5244 2547 5313 Regia,
2573 5243 2731 5298 rebus
2752 5242 2889 5313 apud
2912 5242 3153 5295 eamdem
3179 5258 3208 5294 a
3237 5240 3450 5296 Metello
3472 5226 3523 5295 et
3548 5237 3732 5292 Caesare

505 5338 719 5392 alterius
761 5337 1029 5407 synodica:
1062 5352 1091 5389 a
1121 5336 1378 5390 Numidiae
1412 5337 1675 5405 episcopis
1711 5352 1851 5391 anno
1882 5337 2074 5392 eodem
2178 5338 2341 5410 gestis
2381 5337 2680 5392 celebratur
2718 5350 2747 5389 a
2800 5334 3051 5389 Sallusdo
3094 5344 3149 5389 et
3185 5338 3246 5387 A.
3290 5334 3459 5388 llirtio
3490 5350 3503 5396 ;
3537 5329 3730 5383 Zumtnn

505 5428 630 5492 416,
662 5430 845 5484 itidem
875 5438 1062 5484 contra
1093 5428 1426 5498 Pelagianos,
1457 5428 1524 5483 ad
1546 5429 1909 5484 innocentium
1944 5443 2075 5499 pon-
2182 5448 2312 5488 vero
2353 5430 2452 5484 fuit
2489 5431 2734 5500 exiguum
2778 5430 2829 5481 in
2872 5428 3059 5482 eadem
3108 5426 3380 5496 provincia
3409 5425 3650 5495 oppidum
3678 5430 3729 5469 ex

506 5527 700 5583 tilicem
725 5526 920 5581 missas.
1584 5538 1599 5549 ν
1954 5508 1957 5511 ’
2183 5524 2296 5577 sola
2320 5523 2601 5579 collatione
2628 5518 3029 5589 Carthaginiensi
3057 5518 3408 5587 scriptoribus
3434 5507 3728 5571 ecclesiasti-

508 5663 1550 5729 EIUSDEMANIMADVERSIONESIN
1571 5663 2073 5724 EPIST'CLXXVI'
2184 5624 2590 5767 CiSV'jXTEElNUS
2636 5702 2971 5758 VAJENENSIS.
3003 5702 3087 5756 Ita
3127 5703 3309 5774 legitur
3354 5703 3406 5755 in
3451 5696 3712 5752 collatione.

579 5806 795 5862 Domino
822 5805 1105 5861 beatissimo
1128 5804 1401 5873 meritoque
1429 5802 1725 5870 venerabili,
1759 5813 1804 5857 et
1839 5805 1889 5856 in
1918 5803 2071 5859 Cltri-
2182 5800 2390 5859 Incerta
2428 5801 2567 5855 sedes
2600 5806 2673 5853 est
2692 5814 2709 5864 ;
2753 5796 2851 5867 fuit
2894 5806 3058 5852 tamen
3089 5813 3245 5869 prOpe
3288 5792 3597 5867 Vegcselam,
3626 5799 3720 5841 nam
