3954 6364
187 344 271 403 997,
817 292 1177 365 VARIORUM
1217 305 1820 365 EXERCITATIONES
1861 306 1927 363 ΙΝ
1969 306 2025 365 S.
2068 304 2441 364 AUGUSTINI
2478 301 2730 362 OPERA.

3305 303 3420 367 294

180 444 226 499 in
257 432 500 492 collatione
546 442 641 500 pro
690 423 1045 498 Vegeselitano
1079 424 1317 494 episcOpo
1355 423 1721 492 subscripsisse
1746 426 1800 488 Α
1826 421 1875 476 in
1924 422 2145 477 dimcesi
2185 421 2446 477 Adeodati
2479 420 2765 477 Milevitani
2795 417 3110 491 Donatistae,
3141 426 3200 475 ut
3222 419 3423 480 ibidem

178 533 353 589 dicitur.
383 527 435 581 In
460 538 577 595 cap.
612 520 715 577 155
743 519 1043 576 collationis
1073 519 1189 574 hac
1218 521 1503 589 leguntur:
1543 516 1725 571 Valen-

177 625 288 677 tinus
312 618 562 688 episcopus
606 610 849 683 Vajensis
876 626 968 683 pro
999 610 1358 665 consacerdote
1384 626 1495 664 meo
1528 608 1724 680 Regina

179 712 390 771 Ecclesia
419 706 823 780 Vegeselitensis,
856 706 944 776 qui
973 705 1055 758 hic
1078 703 1387 773 Carthagine
1410 704 1727 773 inﬁrmitatis

176 822 305 863 causa
331 802 595 869 detinetur,
620 808 752 864 etc.,
782 798 1081 867 subscripsi.
1110 796 1361 866 Ejusdem
1385 796 1725 851 adversarius

179 895 417 960 Donatista
438 906 555 962 cap.
595 891 701 946 186
731 890 925 944 dicitur
948 889 1245 955 Quintasius
1278 888 1531 959 Vajenst's.
1558 886 1729 957 Vege-

177 988 268 1046 sela
284 992 390 1041 erat
408 982 461 1037 in
481 980 729 1037 conﬁniis
751 978 1013 1035 Numidiae
1044 993 1231 1034 versus
1257 980 1573 1049 Byzacium;
1604 992 1729 1032 nam

178 1096 225 1138 ex
244 1076 496 1135 Antonino
522 1073 756 1128 distabat
776 1071 1018 1128 Sufetula
1042 1072 1172 1126 urbe
1190 1070 1399 1143 Byzacii
1421 1071 1585 1125 millia
1612 1084 1732 1139 pas-

178 1186 302 1230 suum
321 1168 405 1233 30,
430 1168 481 1221 in
514 1166 707 1221 itinere
728 1165 929 1221 'l‘henis
954 1163 1298 1220 'l‘hevestem.
1318 1162 1469 1234 Vaja,
1488 1178 1581 1217 seu
1606 1160 1731 1231 Baja

179 1283 263 1323 non
282 1260 437 1318 semel
467 1262 520 1316 in
549 1259 929 1317 ecclesiasticis
959 1259 1153 1315 Africa:
1175 1258 1536 1313 monumentis
1564 1258 1735 1311 nomi-

178 1366 322 1413 natur.
353 1351 503 1408 Felia:
525 1351 833 1420 Baianensis
866 1352 962 1406 fuit
992 1353 1045 1407 in
1076 1352 1305 1407 concilio
1328 1349 1477 1405 Grati
1504 1349 1734 1405 Cartha-

178 1446 396 1520 ginensis,
420 1443 647 1515 Bejanus
670 1443 973 1516 Bejanensis
998 1443 1093 1499 fuit
1117 1460 1257 1498 unus
1286 1458 1316 1499 e
1338 1443 1618 1516 duodecim
1648 1458 1735 1495 or-

181 1538 475 1595 dinatoribus
508 1537 815 1592 Maximiani
845 1535 1131 1592 damnatus
1153 1536 1358 1606 Bagaia:
1390 1551 1418 1590 a
1445 1536 1735 1606 Donatistis

182 1651 225 1691 es
237 1632 517 1702 Augustino
533 1630 626 1686 lib.
641 1646 831 1686 mcon.
848 1629 1055 1698 Cresc.,
1070 1646 1186 1700 cap.
1203 1631 1291 1685 55.
1308 1630 1594 1698 Perperam
1609 1643 1737 1683 vero

194 1724 644 1794 exsubscriptione
678 1724 952 1781 Valentini
998 1724 1281 1780 deducitur
1322 1725 1481 1779 istum
1532 1724 1737 1779 sedisse

1828 518 2117 574 Petilianus
2145 528 2471 588 conquestus
2498 526 2602 572 est.

1899 611 2240 666 Rasrtru'rus
2266 610 2579 665 NOVASINDS.
2614 608 2696 664 Ita
2718 613 2771 664 tn
2796 608 3087 664 collatione.
3112 607 3181 662 In
3211 607 3418 665 Notitia

1827 708 2185 787 episcOporum
2234 705 2499 759 Numidia:
2530 714 2819 759 recensetur
2848 704 2982 758 inter
3024 704 3264 771 expulsos
3290 704 3424 757 Can-

1829 800 1985 855 didus
2026 799 2412 853 Novasinensis.
2458 796 2699 865 Interfuit
2742 795 2959 851 concilio
3000 805 3106 850 tum
3148 795 3420 867 Carthagi-

1830 895 1973 947 nensi
1998 902 2116 946 ante
2146 892 2470 945 collationem
2499 906 2633 943 anno
2662 889 2762 944 411
2789 930 2803 955 ,
2833 899 2939 942 tum
2970 888 3267 943 Milevitana
3292 903 3427 942 anno

1832 985 1968 1051 416,
1998 995 2104 1038 tum
2141 985 2385 1054 Africano
2426 982 2700 1037 universali
2727 999 2813 1035 an.
2848 982 2987 1047 418,
3022 982 3073 1035 in
3121 999 3220 1053 quo
3251 982 3429 1037 tertius

1834 1079 1932 1147 fuit
1965 1079 2252 1150 legatorum
2286 1076 2561 1145 provinciis
2587 1075 2871 1129 Numidica.
2898 1075 3024 1130 Hinc
3056 1076 3249 1146 partim
3281 1085 3428 1130 recte

1835 1170 2168 1236 dicerentur,
2204 1169 2249 1222 si
2273 1184 2411 1223 unus
2441 1184 2471 1223 e
2501 1168 2746 1222 Numidia
2780 1168 3075 1223 Restitutus
3102 1168 3433 1223 Novasinen-

1836 1262 1913 1316 sis
1944 1262 2345 1331 appellaretur;
2394 1262 2488 1317 sed
2536 1264 2773 1317 occurrit
2822 1261 2874 1316 in
2924 1264 3111 1318 eadem
3144 1264 3434 1319 collatione

1835 1368 1954 1423 cap.
1994 1356 2091 1409 145
2117 1353 2397 1409 Restitutus
2418 1356 2686 1427 episcOpus
2709 1355 3035 1426 Tagorensis,
3062 1372 3219 1425 quam
3247 1357 3428 1411 Eccle-

1837 1448 1971 1501 sium
1999 1448 2063 1502 ad
2084 1448 2385 1502 Numidiam
2416 1459 2661 1518 spectare
2691 1450 2938 1505 concedit
2969 1450 3285 1515 Garnerius,
3306 1451 3435 1520 quia

1840 1541 1891 1594 in
1942 1540 2134 1595 Notitia
2170 1541 2310 1595 illius
2354 1543 2643 1611 provincizn
2682 1544 2900 1613 ponitur
2930 1543 3226 1597 Timotheus
3257 1544 3434 1615 Tagu-

1839 1637 2015 1687 rensis.
2078 1634 2283 1688 Rursus
2312 1634 2363 1688 in
2395 1635 2601 1705 synodo
2624 1636 2749 1688 anni
2774 1635 2878 1689 418
2905 1635 3156 1690 dicuntur
3182 1635 3335 1689 eiecti
3362 1636 3437 1690 le-

1841 1728 1945 1798 gati
1992 1727 2059 1781 de
2110 1726 2381 1794 provincia
2439 1727 2696 1781 Numidia:
2754 1728 2976 1797 Alipius,
3028 1729 3344 1800 Augustinus
3392 1735 3440 1781 et

191 1835 310 1892 prope
342 1819 676 1889 Vegeselam.
708 1818 765 1873 In
796 1819 1086 1875 collatione
1117 1834 1235 1889 cap.
1269 1818 1376 1873 208
1405 1826 1457 1871 et
1483 1816 1588 1871 209
1616 1818 1734 1887 plu-
1764 1830 1812 1897 Β
1842 1819 2145 1877 Restitutus.
2177 1821 2353 1889 Quare
2382 1836 2504 1876 cum
2554 1822 2639 1875 hic
2678 1821 2978 1876 Restitutus
3006 1824 3209 1877 sederit
3249 1822 3301 1876 in
3351 1838 3440 1901 sy-

187 1910 485 1983 resepiscopi
520 1909 812 1966 Donatistae
839 1911 1213 1980 subscripsere
1242 1925 1340 1980 pro
1369 1910 1612 1978 collegis,
1646 1909 1735 1978 qui

182 2009 218 2058 in
244 2006 405 2057 itinere
437 2004 758 2071 inﬁrmitatis
797 2020 954 2058 causa
983 2003 1173 2057 detenti
1206 2002 1475 2067 dicuntur,
1504 2016 1735 2071 quorum

182 2105 320 2153 tamen
342 2098 611 2153 diteceses
633 2113 741 2154 non
772 2108 927 2154 erant
946 2099 1315 2153 conterminas.
1344 2097 1410 2152 Et
1434 2112 1552 2152 cum
1578 2097 1738 2167 Regi-

179 2206 254 2245 nus
276 2189 598 2261 Carthagine
628 2200 937 2263 aegrotaret,
970 2192 1290 2247 invisentem
1315 2206 1375 2247 se
1396 2190 1739 2246 Valentinum

176 2295 328 2352 rogare
351 2284 532 2351 potuit
566 2292 624 2337 ut
655 2282 963 2339 mandatum
989 2298 1088 2339 suo
1128 2287 1345 2339 nomine
1375 2285 1735 2354 subsignaret.

173 2372 215 2427 in
248 2373 513 2449 Ephesina
546 2376 754 2445 synodo
785 2390 884 2445 pro
926 2374 1065 2429 Rufo
1096 2356 1566 2431 Thessalonicensi
1611 2375 1740 2431 sub—

172 2465 347 2536 scripsit
386 2466 687 2522 Flavianus
718 2467 1080 2539 Philippensis
1104 2508 1119 2531 ,
1167 2483 1393 2538 quorum
1436 2468 1593 2523 sedes
1633 2483 1738 2523 non

172 2568 290 2615 erant
314 2559 557 2627 vicinas;
607 2560 694 2615 hic
727 2562 871 2616 enim
904 2562 955 2614 in
990 2560 1301 2616 Macedonia
1332 2562 1570 2618 secunda
1591 2604 1606 2629 ,
1649 2562 1739 2625 ille
1778 2570 1781 2575 '

172 2651 209 2706 in
233 2656 384 2722 prima
417 2669 712 2709 sacrorum
747 2654 1031 2733 praefectos
1057 2654 1307 2726 agebant.

224 2747 475 2803 AUIELIUS
545 2748 999 2805 Msconntsnsrs.
1043 2747 1132 2803 Bis
1170 2750 1464 2803 Antoninus
1511 2750 1741 2803 meminit

172 2840 381 2895 civitatem
412 2841 793 2895 Macamadum
823 2843 876 2896 in
916 2841 1194 2897 Itinerario
1230 2842 1432 2896 :semel
1469 2843 1593 2897 dum
1640 2842 1732 2895 de-

172 2932 309 2987 scribit
335 2935 465 2988 uiam
512 2950 629 3005 qua:
664 2936 805 2989 ducit
847 2932 1043 2991 Cirtam
1073 2934 1387 3008 Carthagine
1414 2951 1433 2999 ;
1464 2939 1649 2990 iterum
1686 2937 1740 2991 in

173 3026 317 3081 itinera
346 3030 566 3082 Assuris
592 3027 817 3086 Thenas.
848 3027 969 3083 Illic
1000 3046 1101 3084 non
1133 3031 1369 3101 procula
1399 3028 1561 3096 Cirta,
1592 3029 1743 3084 isthic

173 3135 297 3186 prope
328 3118 543 3177 Thenas
583 3122 830 3191 ponitur;
860 3139 1019 3194 quare
1055 3140 1255 3177 necesse
1293 3133 1365 3178 est
1395 3124 1511 3194 falli
1548 3122 1739 3178 toxico-

1842 1912 1984 1965 nodo
2012 1913 2137 1965 anni
2167 1912 2273 1967 416
2315 1922 2438 1967 ante
2469 1912 2703 1982 Alipium
2736 1924 2789 1967 et
2825 1914 3175 1983 Augustinum
3200 1957 3213 1980 ,
3248 1928 3440 1984 perpe-

1842 2019 1955 2057 ram
1977 2005 2171 2059 dicitur
2194 2005 2283 2060 ille
2312 2006 2454 2059 idem
2484 2007 2573 2075 qui
2606 2020 2747 2059 anno
2776 2006 2885 2060 418
2914 2009 3224 2059 nominatur
3249 2005 3438 2060 Numi-

1843 2096 2029 2151 durum
2059 2097 2287 2167 legatus,
2320 2101 2441 2167 quia
2469 2100 2553 2151 hic
2586 2105 2707 2167 post
2737 2098 2969 2167 Alipium
3003 2106 3057 2152 et
3082 2099 3439 2169 Augustinum

1845 2190 2065 2256 ibidem,
2094 2200 2342 2259 tanquam
2376 2190 2425 2243 in
2450 2189 2758 2260 episc0patu
2793 2190 3059 2259 posterior
3088 2199 3438 2244 memoratur.

1918 2285 2183 2340 LUCIANUS
2217 2284 2524 2338 Gurnexsrs.
2562 2283 2870 2338 Recensetur
2900 2284 3031 2339 inter
3061 2286 3327 2353 episcopos
3356 2284 3442 2355 qui

1845 2376 2156 2447 Carthagine
2178 2376 2434 2446 synodum
2464 2376 2752 2428 habuerunt
2782 2368 2899 2429 ante
2924 2376 3251 2430 collationem
3276 2420 3290 2444 ,
3334 2386 3438 2433 etc.

1846 2468 1925 2520 An
1955 2482 2073 2520 vero
2102 2476 2145 2521 et
2169 2467 2249 2519 hic
2277 2476 2321 2520 et
2350 2465 2458 2519 illic
2481 2476 2718 2536 corrupte
2746 2468 2944 2537 legatur
2964 2465 3210 2521 Ecclesia:
3236 2485 3438 2533 nomen,

1844 2561 2121 2630 reponique
2150 2559 2326 2613 debeat
2357 2559 2448 2627 pro
2488 2560 2727 2629 Guirensi
2758 2560 2834 2613 vel
2864 2559 3067 2614 Girensi
3090 2602 3105 2627 ,
3148 2560 3438 2628 Girbensis,

1846 2656 1994 2724 cujus
2018 2654 2283 2725 episcopus
2304 2654 2501 2707 decimo
2529 2651 2642 2707 loco
2669 2655 2971 2707 sententiam
3000 2655 3129 2708 dii‘it
3150 2654 3202 2707 in
3220 2656 3439 2709 concilio

1848 2747 2299 2815 relraptizantium,
2319 2746 2620 2800 dubitaverit
2640 2749 2772 2818 forte
2789 2748 2994 2817 aliquis,
3011 2764 3099 2802 nec
3120 2749 3443 2822 meojudicio

1848 2840 1995 2892 valde
2020 2851 2222 2894 temere.
2254 2838 2371 2893 Non
2398 2841 2484 2894 ibo
2515 2840 2719 2894 inlicias
2741 2840 2944 2911 judicio
2962 2842 3252 2912 geographi
3280 2844 3443 2897 urbes

1847 2933 2071 2989 subinde
2094 2934 2370 2989 miscentis
2393 2950 2497 2988 non
2522 2934 2638 2990 fore
2658 2935 2727 2989 ita
2749 2938 3067 2989 sentientem
3093 2932 3247 2991 ialde
3278 2946 3445 2991 teme-

1848 3030 2069 3087 rarium.
2098 3030 2203 3087 Sed
2229 3030 2423 3087 eruditi
2452 3030 2979 3093 riderenthominem
3007 3030 3225 3091 Girbam
3253 3032 3306 3091 in
3337 3029 3446 3085 Nu-

1848 3124 2009 3179 midia
2040 3124 2325 3179 locantem.
2358 3122 2459 3193 Qui
2485 3124 2697 3194 ponitur
2730 3123 2993 3179 Mamillus
3015 3140 3046 3177 a
3077 3120 3249 3177 Garba
3273 3125 3324 3178 in
3351 3140 3441 3197 sy-

177 3213 359 3283 graphos
387 3216 475 3286 qui
512 3216 617 3287 legi
646 3216 829 3271 debere
867 3225 1049 3290 putant
1096 3216 1454 3271 Macontadem
1476 3262 1490 3287 ,
1533 3232 1744 3287 eamque

1856 3217 2488 3287 nodoﬁrebaptizantium,
2507 3228 2710 3289 spectat
2733 3218 2798 3273 ad
2823 3217 3213 3286 Tripolitanos;
3242 3232 3363 3272 nam
3390 3218 3445 3272 in

180 3309 395 3365 collocant
423 3325 587 3383 prape
620 3309 803 3371 Sirtim
830 3310 1105 3367 Minorem.
1133 3311 1353 3371 Postea:
1372 3308 1589 3365 Gemina
1614 3312 1747 3365 enim

182 3400 253 3469 fuit
281 3401 611 3463 Macomadia
641 3403 783 3477 apud
817 3402 1121 3471 Numidas;
1152 3421 1256 3459 una
1292 3407 1440 3481 cujus
1465 3404 1748 3458 Ecclesium

182 3507 338 3564 regeret
377 3496 646 3567 Aurelius,
687 3496 997 3567 haberetque
1039 3498 1395 3552 adversarium
1436 3496 1749 3553 Sallustium

183 3586 473 3643 Donatistam
500 3607 522 3658 ;
562 3590 729 3645 altera
764 3589 1060 3645 Resticiana
1085 3632 1099 3656 ,
1147 3592 1225 3648 cui
1253 3607 1348 3665 pro
1380 3602 1525 3660 parte
1555 3590 1748 3644 Donati

186 3674 493 3748 Pro/icentius
529 3690 790 3752 prteessel.
834 3681 947 3736 imo
989 3690 1105 3749 tres
1133 3681 1472 3738 Macomades
1504 3690 1751 3738 recenset

183 3771 471 3831 Antoninus.
525 3775 777 3831 Priorem
846 3776 899 3830 in
950 3774 1199 3830 Numidia
1257 3777 1407 3847 ponit
1460 3776 1748 3831 distantem

184 3862 299 3921 Cirta
326 3870 491 3925 millia
525 3884 787 3940 passuum
816 3870 928 3937 53;
968 3870 1193 3925 alteram
1233 3872 1283 3926 in
1319 3870 1548 3944 Byzacio
1586 3887 1750 3943 pr0pe

184 3960 385 4031 Tbenas,
426 3980 550 4037 qua:
575 3966 708 4021 urbs
734 3974 852 4023 erat
879 3966 931 4021 in
964 3966 1225 4039 Byzacio,
1270 3967 1323 4022 in
1353 3969 1506 4038 cujus
1552 3968 1751 4024 Notitia

186 4055 461 4113 nominatur
492 4056 774 4112 Pascasius
800 4058 1115 4113 Thenitanns
1141 4068 1237 4125 ;ct
1265 4075 1451 4121 rursus
1478 4060 1531 4114 in
1561 4060 1751 4123 eodem

186 4146 347 4206 itinere
372 4168 402 4206 a
431 4151 626 4221 Magna
655 4151 839 4225 Lepti,
875 4167 993 4223 quas
1025 4162 1142 4209 erat
1180 4152 1495 4222 metropolis
1524 4152 1755 4224 Tripoli-

188 4248 301 4299 tana:
321 4244 639 4314 provinciae,
665 4244 1043 4301 Alexandriam
1068 4244 1143 4299 ait
1167 4262 1181 4300 :
1206 4243 1536 4299 Macomades
1561 4246 1751 4315 Syrtis.

189 4339 431 4397 Antonino
477 4340 828 4396 consentiunt
874 4338 1093 4395 Tabulas
1137 4338 1585 4411 Peutingerianaa,
1636 4355 1755 4417 qua:

190 4446 327 4507 prope
350 4435 570 4493 Thenas
602 4436 657 4493 in
684 4434 913 4507 Byzacia
938 4444 1207 4507 reponunt
1230 4433 1559 4489 Macomades
1586 4433 1759 4489 Mino-

189 4541 265 4581 res.
288 4529 481 4596 Quarta
513 4528 846 4585 Macomadia
886 4527 1029 4599 apud
1059 4526 1316 4582 Numidas
1346 4524 1711 4599 lexicographi
1736 4565 1753 4593 ,

1853 3310 2049 3365 Notitia
2072 3310 2229 3379 hujus
2244 3310 2533 3380 provincia:
2558 3308 2803 3365 laudatuf-
2820 3309 3105 3364 Faustinus
3129 3309 3444 3369 Cirbitanus.

1851 3402 1909 3458 In
1963 3402 2209 3457 Numidia
2262 3402 2408 3459 nulla
2463 3400 2625 3457 Girba
2681 3402 3025 3467 nominatur,
3089 3404 3186 3458 sed
3238 3412 3446 3465 tantum

1853 3494 2029 3552 Garbe
2053 3513 2069 3562 ;
2095 3495 2238 3551 unde
2267 3496 2320 3550 in
2347 3495 2555 3563 synodo
2586 3494 2822 3550 Secundi
2849 3494 3127 3565 Tisigitani
3156 3495 3295 3566 apud
3327 3495 3446 3550 Cir-

1853 3600 1960 3646 tam
1991 3589 2163 3644 adt‘uit
2198 3588 2373 3644 Victor
2401 3605 2433 3642 a
2462 3587 2629 3643 Garbe
2650 3604 2712 3643 ex
2737 3588 2932 3657 Optato
2960 3588 3265 3645 iliilevitano
3293 3588 3383 3645 lib.
3407 3605 3447 3657 ι,

1852 3690 1907 3737 et
1929 3683 2064 3751 Aug.
2100 3681 2197 3735 lib.
2231 3696 2308 3745 ιιι,
2340 3694 2464 3735 con.
2498 3678 2866 3745 Cresconium,
2898 3693 3017 3753 cap.
3049 3678 3138 3737 27.

1926 3774 2143 3827 Aunus
2170 3771 2591 3826 Tuscssretvsrs.
2626 3770 2867 3823 Nobilior
2890 3769 2976 3823 ille
2999 3779 3071 3823 est
3102 3786 3215 3824 cum
3246 3772 3449 3841 scriptis

1854 3864 2146 3935 Augustini,
2191 3862 2519 3932 Hieronymi,
2569 3879 2630 3914 ac
2676 3860 2921 3930 Paulini,
2966 3872 3011 3917 et
3051 3862 3292 3928 aliorum,
3343 3872 3449 3915 tum

1855 3960 2076 4012 maxime
2107 3956 2253 4009 rebus
2290 3956 2442 4026 gestis
2473 3956 2715 4025 fastisque
2747 3952 3019 4020 Ecclesiae,
3068 3954 3249 4025 quibus
3294 3954 3450 4008 (κονίη

1855 4059 1971 4122 ptus
1989 4058 2061 4105 est
2085 4050 2215 4102 inter
2230 4048 2371 4101 divos
2400 4047 2482 4102 die
2509 4048 2574 4103 15
2596 4048 2833 4117 Augusti,
2866 4054 2970 4101 etc.
3003 4047 3191 4101 Omnia
3216 4045 3449 4117 egregie.

1860 4144 1967 4200 Sed
1991 4144 2199 4217 Alipius
2229 4158 2388 4214 supra
2419 4158 2577 4199 omne
2603 4142 2845 4199 Garnerii
2874 4143 3203 4215 praeconium
3236 4151 3340 4199 est.

1931 4250 2268 4303 AUGUSTINUS
2306 4246 2673 4300 "IPPONENSIS.
2725 4243 2889 4307 Nulla
2932 4244 3013 4297 hic
3036 4255 3158 4299 nota
3194 4261 3325 4314 opus
3356 4252 3448 4300 est.

1862 4339 2075 4397 Utinam
2113 4338 2562 4411 quemadmodum
2596 4336 2769 4391 nullas
2794 4336 2881 4391 hic
2912 4336 3144 4405 scriptor
3173 4336 3241 4391 de
3275 4340 3453 4407 Augu-

1861 4435 2003 4489 stino
2053 4442 2208 4488 notas
2258 4430 2528 4501 supponit,
2584 4430 2651 4487 ita
2685 4445 2784 4485 nec
2819 4430 2911 4493 ulli
2953 4429 3251 4500 Augustino
3302 4439 3453 4484 notas

1863 4526 2184 4581 innssissent
2213 4541 2227 4590 ;
2263 4540 2434 4594 neque
2466 4522 2610 4578 enim
2644 4522 2797 4577 nobis
2825 4520 3180 4577 vindiciarum
3211 4521 3454 4577 scriben-

191 4630 298 4685 quos
323 4621 560 4687 vellicat,
590 4636 622 4676 a
654 4618 915 4679 Garnerio
942 4620 1169 4676 discent.
1196 4621 1373 4690 Quare
1402 4618 1757 4674 Proﬁcentius
1784 4613 1839 4675 D
1862 4617 2053 4674 darum
2072 4617 2366 4672 necessitas
2386 4615 2631 4683 imposita
2656 4614 2843 4669 luisset
2879 4632 2889 4666 :
2916 4613 3057 4668 unde
3078 4629 3261 4668 eorum
3281 4612 3370 4681 qui
3396 4628 3455 4667 sc

191 4707 436 4777 Donatista
476 4714 707 4771 sedebat
726 4714 865 4785 apud
900 4713 1237 4769 Macomades
1267 4712 1610 4785 Byzacenos;
1643 4712 1757 4765 haec

191 4804 307 4861 enim
346 4808 475 4865 urbs
524 4807 719 4864 dicitur
760 4807 828 4863 ab
872 4807 1149 4864 Antonino
1186 4806 1541 4875 municipium.
1576 4802 1755 4860 Limes

191 4890 610 4963 Macomadiensis
640 4901 693 4956 in
724 4899 921 4957 Notitia
956 4900 1168 4969 imperii
1200 4897 1562 4961 Occidentalis
1598 4894 1756 4969 poni-

192 4993 261 5047 tur
280 4994 373 5055 sub
393 4994 642 5053 custodia
668 4993 822 5059 ducis
843 4992 1185 5065 Tripolitani.

186 5130 189 5131 ν
247 5086 487 5151 Donatus
523 5090 884 5151 AIPORENIIS.
931 5088 1133 5143 Dicitur
1160 5088 1365 5158 quidem
1394 5087 1447 5141 in
1484 5085 1757 5143 collatione

196 5178 480 5240 Auburensis
499 5225 517 5251 ,
550 5185 642 5238 sed
666 5185 719 5238 in
746 5183 799 5238 Ν
804 5183 949 5238 otitia
982 5183 1040 5251 ﬁt
1066 5184 1257 5237 mentio
1284 5180 1543 5241 Cresconii
1568 5181 1761 5252 Ampo-

196 5276 347 5342 tensis,
388 5280 544 5350 ejecti
573 5279 627 5339 in
656 5276 894 5333 exsilium
922 5293 1037 5331 cum
1058 5275 1196 5330 aliis.
1232 5274 1289 5330 In
1319 5275 1608 5331 collatione
1637 5288 1757 5344 cap.

199 5364 278 5422 121
305 5384 405 5429 non
443 5370 779 5431 Auburensis
808 5370 1035 5438 dicitur,
1083 5368 1179 5425 sed
1217 5368 1566 5434 Anburensis,
1605 5367 1757 5437 cujus

172 5461 508 5523 adversarius
549 5467 807 5523 Servatus
846 5480 969 5536 cap.
1004 5465 1107 5520 198
1142 5463 1444 5534 appellatur
1483 5463 1757 5534 episcopus

175 5536 565 5641 :Amphorsnsis.
593 5559 773 5616 Potuit
799 5558 1039 5615 Donatus
1059 5557 1251 5613 sedere
1279 5556 1514 5612 Anburte
1544 5556 1595 5610 in
1621 5554 1759 5609 dite-

172 5649 289 5711 .ιαί
336 5652 693 5723 Amphorensi
739 5666 835 5709 seu
888 5649 1229 5722 Amporensi,
1300 5646 1758 5719 quemadmodum

205 5733 462 5810 Delphinus
482 5761 553 5802 ex
584 5760 698 5816 cap.
726 5743 799 5801 65
824 5745 1064 5816 ejusdem
1094 5741 1421 5805 collationis,
1444 5739 1758 5795 morabatur

206 5827 251 5887 in
267 5833 471 5896 ἀίειοωί
489 5838 970 5904 Constantiniensi,
1002 5846 1058 5894 et
1076 5844 1307 5906 quatuor
1326 5832 1579 5890 catholici
1603 5840 1756 5891 erant

1864 4723 1927 4763 ac
1956 4723 2050 4762 sua
2084 4716 2286 4765 tantum
2320 4706 2565 4775 probant,
2595 4705 2815 4774 querela
2844 4719 2948 4759 non
2972 4720 3077 4759 uno
3110 4704 3228 4757 loco
3258 4705 3452 4773 erupit.

1937 4799 2270 4855 Passennus
2301 4798 2694 4851 hlsosunmsns.
2732 4794 2938 4865 Legitur
2964 4795 3169 4863 quidem
3205 4797 3258 4847 in
3288 4796 3447 4848 colla-

1864 4895 1999 4949 tione
2042 4891 2395 4954 Placentinus,
2441 4891 2544 4944 imo
2589 4900 2636 4944 et
2676 4890 2729 4943 in
2768 4889 2941 4943 codice
2984 4887 3169 4943 Latina
3215 4885 3457 4943 Ecclesia:

1863 4989 2147 5059 Africanae,
2193 5002 2365 5040 verum
2408 4986 2459 5037 in
2501 4984 2681 5038 (ἔνωεο
2728 4982 2941 5036 habetur
2985 4982 3303 5048 Placentina,
3343 4998 3457 5053 qua:

1865 5096 1961 5135 vos:
2002 5080 2321 5133 communior
2355 5076 2493 5148 apud
2538 5079 2709 5146 Afros.
2762 5073 3010 5144 Interfuit
3053 5075 3269 5131 concilio
3309 5074 3456 5145 Afri-

1864 5189 1992 5226 cano
2022 5188 2156 5226 anno
2184 5170 2311 5237 418,
2337 5185 2707 5239 personamque
2734 5168 2885 5236 gessit
2908 5167 3063 5238 legati
3088 5166 3373 5247 Numidica,
3396 5184 3457 5223 ac

1865 5266 1918 5320 in
1938 5282 2096 5320 causa
2125 5264 2176 5317 Μ
2184 5264 2402 5317 aurentii
2437 5260 2825 5315 Tubursicensis
2853 5270 3033 5315 contra
3059 5261 3284 5319 seniores
3315 5276 3457 5315 novre

1867 5360 2157 5415 Germania:
2204 5359 2539 5412 interlocutus
2589 5365 2683 5412 est.
2738 5354 3143 5412 Correctionem
3209 5355 3450 5413 admitto.

1867 5453 2087 5513 Interim
2117 5468 2313 5509 annum
2345 5450 2537 5521 synodi
2558 5450 2645 5505 cui
2677 5450 2921 5506 interfuit
2942 5451 3247 5506 Placentius
3273 5459 3456 5506 contra

1863 5547 2108 5604 seniores
2136 5560 2289 5601 novae.
2324 5542 2658 5599 Germaniam
2697 5544 2792 5613 (ita
2830 5545 3020 5615 legitur
3050 5559 3169 5615 cap.
3212 5542 3279 5600 67
3322 5544 3451 5599 Cod.

1864 5638 2127 5711 Africani)
2156 5638 2272 5709 ipse
2300 5637 2462 5692 etiam
2494 5638 2724 5707 corrigat
2749 5653 2765 5703 ;
2798 5637 3056 5705 dicendus
3086 5636 3228 5693 enim
3255 5644 3339 5691 est
3363 5651 3456 5693 an-

1867 5751 1967 5793 nus
2008 5736 2131 5801 407,
2181 5748 2302 5790 nam
2346 5735 2397 5788 in
2447 5733 2657 5804 synodo
2693 5734 2888 5809 indicta
2919 5734 3085 5788 Basso
3113 5739 3169 5787 et
3208 5729 3456 5801 Philippo

1863 5844 2039 5897 coss.,
2091 5842 2232 5884 anno
2278 5828 2415 5889 408.
2464 5831 2667 5886 nullum
2715 5831 2974 5887 Placentii
3035 5826 3230 5887 nomen
3276 5839 3455 5885 sonat.
