3954 6364
543 353 649 414 295

1360 323 1362 326 ’
1458 347 2011 409 SUPPLEMEN'I‘UM
2050 347 2143 401 AD
2180 345 2410 400 OPEBA
2448 347 2506 404 s.
2549 341 2939 403 aucusrmt.
3655 370 3733 429 .196

611 470 850 523 Serenus
881 467 1260 523 MILEVITANUS.
1305 465 1478 520 Severi
1509 464 1793 517 Ecclesium
1817 462 1933 517 silet
1958 461 2122 515 colla-
2149 466 2204 522 Α
2227 461 2416 517 eodem
2458 463 2670 516 vivebat
2713 463 2872 516 etiam
2918 461 3242 514 Fortunatus
3292 457 3738 528 Constantineusat

543 562 614 613 tio
647 571 798 632 prout
842 562 976 614 edita
1003 572 1107 626 est,
1133 560 1358 628 quamvis
1386 566 1448 612 de
1480 560 1665 612 Severo
1696 559 1918 625 loquitur
1956 557 2116 609 serius

542 651 901 724 Carthaginem
929 651 1145 722 appulsa
1171 668 1283 704 cum
1313 651 1652 704 novemdecim
1684 651 1800 702 aliis
1830 648 2114 716 catholicis,

542 762 751 816 quorum
803 746 1068 798 catholicw
1114 744 1359 798 Ecclesia:
1407 746 1756 814 appellantur,
1809 755 1912 797 etc.
1962 741 2116 795 Nulla

546 848 666 889 nota
699 837 791 890 his-
815 836 954 890 uotis
1000 836 1187 889 inferri
1224 845 1420 904 potest.
1460 835 1716 904 Loquitur
1755 851 1817 889 ex
1850 849 1968 903 cap.
2012 833 2116 888 215

540 928 862 981 collationis.
889 928 1039 983 Sedit
1083 929 1314 982 Severus
1356 929 1534 982 Milevi
1572 937 1695 982 ante
1739 941 1936 981 annum
1986 926 2112 981 597.

541 1019 756 1073 Mileum
784 1019 977 1074 dicitur
999 1020 1066 1073 ab
1092 1021 1383 1084 Antonino,
1414 1030 1468 1076 et
1493 1020 1588 1075 fuit
1616 1022 1825 1075 colonia
1848 1020 2118 1076 exTabu-

541 1113 608 1166 lis
640 1112 1085 1183 Peutingerianis.

611 1203 958 1259 FOBTUNATUS
987 1205 1508 1260 Cossumnmcasns.
1543 1204 1670 1258 Fuit
1712 1221 1842 1258 unus
1880 1221 1907 1257 e
1930 1212 2114 1274 septem

539 1292 798 1346 catholicis
841 1295 928 1365 qui
966 1294 1290 1347 collationem
1330 1306 1504 1348 contra
1552 1294 1843 1348 Donatistas
1883 1310 2118 1364 suscepe-

539 1394 657 1438 runt
675 1403 693 1449 ;
711 1387 842 1438 sitne
867 1386 1318 1441 Constantiniensis
1341 1387 1570 1442 Ecclesia
1591 1389 1767 1440 eadem
1786 1404 1898 1454 qutc
1921 1387 2116 1440 Cirten-

540 1477 632 1537 sis.
674 1478 934 1547 disputant
959 1479 1168 1530 eruditi.
1200 1479 1265 1532 Et
1301 1479 1543 1533 adductis
1565 1479 1892 1548 argumentis
1925 1478 2116 1546 quibus

541 1570 728 1625 eadem
765 1571 895 1624 urbs
926 1579 1154 1640 utroque
1191 1571 1350 1624 modo
1379 1573 1649 1626 nominata
1690 1580 1944 1640 apparet,
1994 1569 2112 1624 ait:

541 1659 685 1732 Cogit
725 1678 822 1725 me,
851 1660 966 1712 licet
1007 1663 1362 1726 reluctantem,
1399 1671 1542 1714 tanta
1581 1663 1652 1714 vis
1693 1671 2114 1732 argumentorum

540 1756 772 1806 assentiri
801 1752 988 1806 Cravio
1024 1751 1382 1822 Pamclioque,
1417 1770 1565 1822 quem
1587 1753 1766 1806 ducent
1793 1763 1990 1806 secutus
2018 1762 2108 1806 est.

545 1848 844 1912 Quanquam
871 1846 1035 1912 prima
1058 1845 1190 1897 ratio
1212 1862 1312 1914 qua
1342 1847 1498 1898 utitur
1521 1846 1728 1897 omnino
1770 1844 1976 1912 infirma
2003 1853 2075 1897 est
2097 1860 2116 1909 ;
2146 1828 2196 1889 Β

539 1936 784 2006 siquidem
820 1933 1135 1989 Fortunatus
1169 1936 1255 1988 ille
1286 1935 1526 1989 Cirtensis
1559 1952 1705 2005 quem
1740 1946 1985 1988 memorat
2011 1935 2117 1987 Au-

539 2029 765 2096 gustinus
795 2026 884 2080 lib.
919 2029 980 2081 de
1015 2027 1178 2081 Unico
1204 2026 1466 2096 Baptismo
1493 2042 1609 2096 cap.
1641 2026 1707 2080 16
1729 2067 1744 2092 ,
1783 2027 2008 2080 diversus
2044 2037 2118 2079 est

541 2115 720 2184 procul
744 2117 900 2170 dubio
922 2133 953 2167 a
976 2113 1291 2178 Fortunato,
1313 2132 1461 2183 quem
1488 2119 1576 2170 lib.
1613 2133 1668 2170 tu
1697 2129 1874 2170 contra
1902 2115 2118 2168 Petilia-

539 2223 680 2271 num,
722 2223 836 2274 cap.
871 2208 922 2270 1,
958 2216 1002 2260 et
1034 2207 1122 2259 lib.
1147 2223 1224 2272 ιιι,
1264 2223 1378 2275 cap.
1407 2206 1496 2272 58,
1525 2207 1999 2260 Constantinensem
2033 2223 2118 2258 vo-

539 2306 617 2348 cat
640 2312 656 2348 :
683 2298 768 2349 ille
783 2298 915 2349 enim
947 2295 1240 2350 Possidium
1264 2299 1511 2366 dignitate
1542 2297 1819 2368 episcopali
1841 2297 2116 2367 pra’cessit,

540 2390 631 2441 iste
666 2399 860 2442 secutus
889 2399 980 2442 est.
1011 2388 1251 2442 Cirtensis
1279 2390 1528 2457 siquidem
1570 2391 1890 2458 paucissimis
1919 2391 2067 2442 annis
2095 2430 2111 2454 ,

540 2494 810 2552 antequam
837 2482 1148 2553 Augustinus
1178 2482 1364 2534 librant
1396 2483 1457 2535 de
1488 2480 1653 2536 Unico
1682 2481 1946 2550 Baptismo
1987 2484 2118 2534 scri-

542 2574 675 2626 beret
703 2573 970 2644 (scribebat
1009 2589 1124 2626 vero
1153 2590 1287 2626 anno
1314 2574 1464 2644 (ἑοῖ),
1507 2575 1745 2628 successit
1795 2572 2076 2641 Profuturo
2099 2615 2115 2638 ,

540 2681 654 2716 cum
682 2674 847 2716 tamen
883 2662 1144 2717 Possidius
1166 2673 1281 2716 ante
1309 2683 1502 2717 annum
1524 2661 1628 2719 594
1659 2665 1924 2736 episcopus
1950 2675 2073 2718 esset
2101 2683 2120 2730 ;

547 2763 600 2806 at
626 2751 1060 2807 Constantineusis
1089 2754 1402 2824 praecedebat
1435 2753 1749 2818 Possidium,
1777 2766 1829 2807 ut
1851 2771 1914 2806 ex
1949 2754 2120 2807 multis

540 2847 989 2916 subscriptionibus
1033 2857 1249 2900 constat.
1303 2848 1500 2903 Scribit
1554 2848 1802 2902 Aurelius
1852 2848 2034 2900 Victor
2064 2847 2118 2900 in

541 2939 677 2994 libro
717 2941 783 2994 de
821 2937 1120 2994 Caesaribus
1145 2983 1158 3005 ,
1192 2941 1335 2994 victo
1377 2957 1515 2994 anno
1563 2943 1665 2996 306
1714 2957 1744 2995 a
1769 2941 2120 2996 Constantino

539 3045 705 3100 prope
733 3030 964 3084 Milvium
1004 3040 1219 3100 pontem
1251 3033 1553 3116 Maxentio,
1586 3049 1611 3084 a
1657 3045 1844 3108 senatu
1876 3035 2119 3088 Romano

540 3119 693 3175 Cirta:
715 3121 922 3191 oppido,
951 3123 1088 3189 quod
1118 3125 1377 3178 obsidione
1404 3125 1685 3178 Alexandri
1712 3129 1994 3188 ceciderat,
2037 3144 2118 3181 re-

2222 569 2345 608 nam
2379 553 2469 606 lib.
2500 570 2514 606 I
2552 564 2696 606 cont.
2731 553 2886 606 [’etil.
2915 592 2929 615 ,
2965 565 3082 618 cap.
3115 551 3178 612 i,
3227 548 3337 601 ait:
3381 546 3498 607 Cum
3533 565 3667 603 essem
3695 551 3740 606 in

2222 646 2450 701 Ecclesia
2481 644 2909 707 Constantineusi,
2953 643 3191 696 Absentio
3224 649 3492 711 prazsente,
3523 653 3563 694 et
3585 643 3740 714 collega

2220 755 2330 792 meo
2359 737 2667 792 Fortunatio
2689 739 2798 806 ejus
2825 736 3081 806 episcopo.
3110 735 3180 789 At
3211 735 3300 788 lib.
3331 750 3397 796 ιι,
3424 749 3534 801 cap.
3564 735 3622 798 5,
3649 737 3740 789 lau-

2220 831 2351 885 dans
2395 831 2686 885 Romanam
2721 829 3010 883 Ecclesiam
3043 829 3117 881 ait
3143 846 3154 880 :
3185 828 3239 880 in
3262 843 3361 896 qua
3389 827 3530 879 hodie
3557 828 3742 880 Anasta-

2218 925 2324 977 sius
2344 926 2502 978 sedet.
2529 923 2630 979 Ubi
2652 923 2806 978 vides
2823 923 2990 977 libros
3015 930 3200 977 contra
3225 921 3534 975 Pctilianum
3558 924 3745 990 scriptos

2221 1015 2388 1069 fuisse
2417 1031 2445 1068 a
2479 1016 2536 1070 S.
2569 1015 2825 1078 doctore,
2872 1016 3161 1082 superstite
3208 1014 3265 1067 S.
3311 1013 3578 1066 Anastasio
3620 1030 3744 1082 papa,

2219 1107 2311 1172 qui
2342 1122 2460 1160 cum
2493 1107 2634 1160 diem
2681 1106 2875 1160 obierit
2909 1121 3050 1158 anno
3087 1105 3194 1159 402
3217 1145 3232 1170 ,
3275 1119 3595 1174 consequens
3636 1105 3683 1159 ﬁt
3703 1119 3746 1161 ut

2220 1198 2545 1252 Fortunatus
2575 1199 3042 1253 Constantineusis
3080 1207 3203 1252 ante
3249 1213 3445 1250 annum
3488 1197 3582 1252 402
3622 1199 3747 1254 fuerit

2217 1294 2501 1361 episcopus
2541 1291 2907 1345 Constantium
2932 1332 2948 1353 ,
2979 1291 3070 1357 qui
3098 1305 3217 1344 cum
3248 1289 3299 1343 in
3332 1289 3604 1342 collatione
3637 1305 3747 1344 anno

2215 1389 2341 1451 Ml,
2373 1398 2424 1440 et
2455 1386 2508 1440 in
2540 1388 2745 1456 synodo
2765 1386 3063 1439 Milevitana
3095 1400 3236 1438 anno
3261 1383 3390 1445 419.
3419 1397 3640 1451 pnesens
3661 1384 3748 1436 lue-

2219 1481 2308 1544 rit,
2341 1497 2481 1534 auno
2509 1480 2611 1534 407
2657 1481 2807 1548 juxta
2839 1478 3084 1534 Garnerii
3129 1476 3526 1545 chronologiam
3568 1476 3748 1532 sedebat

2218 1571 2583 1626 Constantina:
2607 1587 2709 1626 una
2739 1587 2860 1625 cum
2895 1571 3190 1624 Fortunato
3217 1570 3322 1622 alio
3349 1568 3569 1622 Cirtensi
3601 1569 3747 1622 Prolu-

2219 1664 2322 1716 turi
2353 1677 2686 1717 successore.
2723 1663 2797 1714 Ita
2825 1662 2960 1715 duos
2991 1661 3311 1714 Fortunatos
3339 1675 3404 1713 ex
3437 1676 3536 1711 uno
3566 1657 3748 1722 iaciens,

2221 1755 2450 1808 fabulam
2481 1754 2549 1809 de
2595 1755 2802 1808 duobus
2840 1754 3182 1808 Menaechmis
3213 1753 3352 1806 belle
3400 1752 3582 1806 iterum
3629 1750 3746 1804 ludit.

2293 1848 2560 1901 Possumus
2586 1847 2940 1900 Cumanas.
2966 1845 3088 1898 Fuit
3111 1856 3157 1898 et
3179 1846 3287 1914 ipse
3316 1843 3608 1898 collatorum
3633 1860 3749 1906 unus,

2215 1946 2324 2006 imo
2367 1941 2660 1994 individuus
2705 1944 2810 2009 fere
2847 1939 3277 2008 quemadmodum
3313 1947 3360 1991 et
3387 1937 3578 2008 Alipius
3617 1935 3751 2006 Augu-

2221 2035 2342 2088 stini
2381 2036 2434 2086 in
2473 2035 2619 2086 rebus
2664 2033 2908 2087 Ecclesia:
2945 2032 3160 2102 agendis
3209 2033 3400 2094 socius,
3450 2040 3553 2086 etc.
3602 2029 3752 2083 Omnia

2223 2127 2359 2181 bene
2385 2141 2442 2179 se
2466 2125 2662 2179 habent
2689 2143 2702 2189 ;
2730 2127 2822 2179 sed
2846 2125 2986 2193 quod
3015 2123 3254 2190 proxime
3279 2123 3330 2175 in
3353 2121 3491 2176 notis
3515 2121 3576 2174 ad
3605 2121 3751 2173 Fortu-

2224 2228 2404 2271 natum
2461 2217 2588 2271 dicit
2637 2216 2932 2270 Possidium
2986 2226 3104 2268 ante
3142 2230 3338 2266 annum
3379 2211 3482 2266 494
3513 2213 3753 2282 episcopum

2223 2309 2402 2379 fuisse,
2452 2308 2866 2362 anachronismo
2913 2316 3101 2360 scatet.
3156 2304 3276 2372 Ipse
3330 2301 3593 2357 Possidius
3633 2300 3753 2354 Cala-

2222 2402 2424 2455 mensis
2472 2400 2522 2453 in
2567 2399 2663 2454 lib.
2693 2398 2760 2451 de
2807 2398 2924 2450 Vita
2973 2395 3254 2464 Augustini
3297 2409 3418 2462 cap.
3464 2393 3496 2446 8
3523 2391 3684 2445 scribit
3713 2389 3754 2442 S.

2223 2493 2498 2546 doctorem
2545 2491 2788 2558 Hippone
2818 2495 3190 2542 consecratum
3216 2503 3247 2538 a
3276 2487 3505 2556 'primate
3542 2481 3755 2537 Numidia

2225 2582 2449 2652 Megalia
2482 2580 2769 2635 Calamensi
2793 2582 3048 2650 episcopo.
3080 2579 3151 2631 At
3178 2577 3506 2646 Augustinus
3543 2590 3602 2628 ex
3629 2573 3756 2628 Chro-

2225 2676 2345 2728 nico
2377 2675 2437 2728 D.
2469 2673 2719 2743 Prosperi
2750 2672 2849 2726 viri
2889 2682 2945 2726 et
2973 2670 3233 2726 coaetanei
3263 2679 3322 2722 et
3350 2666 3675 2728 amicissimi,
3698 2663 3756 2716 in-

2224 2773 2511 2835 auguratus
2563 2773 2648 2820 est
2688 2765 2912 2818 antistes
2967 2762 3184 2832 Olybrio
3230 2770 3282 2816 et
3330 2759 3558 2814 Probino
3610 2770 3756 2818 coss,

2223 2871 2367 2912 anno
2391 2857 2517 2912 595.
2541 2858 2716 2922 Quare
2747 2858 2984 2910 nonduin
3010 2857 3098 2907 illo
3127 2869 3269 2907 anno
3299 2853 3553 2922 Megalius
3577 2851 3756 2904 obierat.

2223 2950 2488 3004 Czeterum
2513 2949 2860 3002 Fortunatum
2885 2947 3491 3014 Constantinensetn,_et
3512 2943 3757 2999 Possidium

2222 3041 2590 3097 Calamensem
2645 3042 2920 3096 ordinatos
2969 3042 3133 3095 luisse
3189 3056 3334 3093 anno
3385 3041 3487 3092 597
3534 3038 3758 3091 evidenter

2223 3131 2432 3187 ostendi
2458 3133 2550 3187 lib.
2580 3149 2614 3186 ιι
2641 3132 2884 3186 Historia:
2911 3132 3227 3202 Pelagiana}.
3252 3147 3374 3200 cap.
3399 3131 3450 3185 8.

540 3219 733 3286 posito,
766 3230 1104 3285 exornatoque
1129 3233 1309 3271 nomen
1337 3217 1675 3272 Constantina
1706 3220 1945 3272 inditum.
1985 3221 2118 3276 Hinc
2146 3193 2194 3256 ε
2299 3226 2549 3280 Νονλτυε
2575 3226 2890 3282 SINITENsts.
2921 3224 3006 3278 Ita
3027 3225 3212 3296 legitur
3239 3226 3292 3277 in
3330 3223 3606 3277 collatione.
3651 3219 3760 3274 Sini-

539 3309 801 3362 Constans
848 3316 904 3362 et
940 3307 1284 3362 Constantius
1323 3309 1663 3366 Conatantini
1719 3313 1815 3366 lilii
1857 3315 2122 3368 dederunt

541 3401 856 3469 rescriptum
918 3398 1101 3452 Ordini
1150 3400 1367 3453 civitatis
1423 3401 1768 3455 Constantina:
1813 3401 2121 3458 Cirtensium

542 3492 648 3562 lege
673 3491 742 3544 2‘.)
767 3491 830 3543 de
856 3490 1214 3544 decurionibus
1245 3492 1359 3544 cod.
1387 3490 1585 3546 Theod.
1622 3494 1948 3562 Augustinus
1972 3495 2066 3549 lib.
2103 3511 2120 3549 ι

544 3598 667 3638 con.
687 3582 843 3636 Petil.
870 3597 990 3648 cap.
1013 3581 1070 3644 2,
1098 3583 1172 3635 ait
1200 3599 1215 3636 :
1248 3583 1312 3635 ln
1338 3585 1511 3638 eadem
1536 3585 1974 3642 Constantiniense
1995 3589 2120 3642 civi-

542 3685 642 3726 tate
665 3672 949 3743 Sylvanum
974 3674 1265 3744 episc0pum
1292 3677 1511 3746 majores
1532 3680 1682 3731 vestri
1703 3680 1756 3731 in
1779 3680 1890 3748 ipso
1911 3681 2120 3734 exordio

541 3767 620 3816 sui
653 3763 938 3816 schismatis
981 3765 1356 3819 ordinaverunt.
1390 3767 1444 3820 In
1486 3768 1621 3822 libro
1651 3784 1776 3824 vero
1809 3773 1963 3824 tertio
1993 3787 2121 3824 con-

542 3869 620 3911 tra
660 3857 1003 3911 Cresconium
1030 3872 1146 3926 cap.
1177 3857 1268 3926 27,
1299 3859 1578 3929 Sylvanurn
1611 3861 1886 3915 Cirtensem
1917 3879 2123 3917 nuncu-

542 3961 648 4020 pat.
683 3953 748 4007 Et
777 3955 869 4009 lib.
900 3971 955 4010 nt
979 3970 1100 4010 con.
1138 3956 1446 4012 Petilianum
1479 3959 1788 4028 episcOpum
1816 3958 2122 4014 Constanti-

546 4058 766 4098 nensem
802 4046 1130 4102 Donatistam
1156 4049 1224 4101 ait
1253 4066 1266 4100 :
1291 4046 1402 4119 Ego
1423 4054 1810 4104 commemoravi
1839 4051 2121 4121 Sylvanum

543 4133 842 4201 Cirtensem,
867 4139 947 4190 cui
969 4139 1275 4206 quibusdam
1298 4140 1611 4207 interpositis
1626 4142 1773 4194 etiam
1797 4144 1902 4210 ipse
1923 4160 2120 4196 succes-

545 4229 626 4280 sit.
654 4227 753 4282 Ubi
777 4230 1090 4284 Pctilianum
1111 4232 1327 4301 Sylvani
1349 4235 1841 4288 concathedraneum
1866 4237 2116 4306 appellat.

545 4318 768 4387 Legatur
789 4321 942 4388 epist.
977 4323 1080 4376 165
1099 4365 1112 4386 ,
1147 4324 1380 4392 itemque
1409 4333 1560 4393 gesta
1587 4327 1686 4380 sub
1716 4327 1985 4380 consulari
2009 4327 2118 4381 Nu—

546 4411 720 4462 midia:
751 4405 1064 4480 Zenopbilo.
1095 4412 1227 4467 Hinc
1254 4413 1392 4468 idem
1420 4415 1476 4469 S.
1507 4415 1694 4468 doctor
1721 4417 2032 4471 Petilianum
2067 4429 2119 4472 et

545 4502 889 4555 l-‘ortnnatum
923 4503 1080 4556 modo
1119 4503 1427 4568 Cirtenses,
1458 4506 1616 4560 modo
1645 4507 2118 4562 Constantinenses

2234 3321 2394 3373 tensis
2423 3329 2590 3371 autem
2619 3317 2861 3372 Ecclesia:
2890 3318 3116 3371 meminit
3147 3318 3464 3387 Augustinus
3494 3315 3628 3385 epist.
3663 3309 3760 3373 {28,

2226 3429 2340 3483 qua:
2356 3422 2428 3465 est
2451 3414 2518 3464 ad
2541 3410 2832 3474 Donatum;
2856 3411 3081 3463 meminit
3115 3412 3304 3477 pariter
3332 3408 3528 3462 Notitia
3545 3407 3762 3477 episcopo-

2235 3520 2352 3557 rum
2385 3503 2665 3570 Numidiaz,
2702 3507 2753 3556 in
2793 3521 2890 3572 qua
2919 3503 3157 3556 scribitur
3203 3503 3496 3570 Stephanus
3535 3495 3762 3552 Sinitensis

2228 3597 2281 3649 in
2304 3596 2538 3650 exsilium
2566 3597 2762 3662 pulsus.
2795 3595 2922 3661 Qua!
2943 3611 3096 3660 porro
3126 3595 3298 3661 fuerit,
3327 3603 3374 3646 et
3402 3593 3484 3645 ubi
3504 3591 3654 3658 posita
3670 3587 3763 3639 civi-

2231 3696 2311 3740 tas
2349 3688 2441 3740 illa
2470 3687 2717 3739 incertum
2760 3698 2874 3748 est;
2913 3685 3011 3738 nisi
3049 3686 3184 3753 quod
3217 3702 3279 3736 ea:
3321 3685 3589 3753 Augustino
3625 3678 3763 3745 colligi

2237 3791 2396 3846 potest
2425 3797 2523 3834 non
2552 3779 2734 3850 procul
2760 3780 2821 3831 ab
2845 3781 2964 3832 urbe
2994 3779 3042 3831 11
3051 3780 3317 3846 ipponensi
3341 3779 3574 3847 abfuisse.
3600 3776 3664 3827 An
3687 3786 3763 3822 non

2231 3873 2424 3926 idcirco
2451 3875 2616 3943 putari
2643 3881 2803 3938 potest
2831 3887 2934 3923 esse
2963 3871 3163 3924 Sinistu
3191 3870 3412 3932 colonia,
3447 3870 3585 3936 cujus
3614 3862 3762 3916 mentio

2236 3967 2292 4034 ﬁt
2306 3966 2444 4033 apud
2463 3966 2774 4018 Antoninum
2796 3966 2846 4016 in
2863 3955 3053 4017 Itinere
3073 3964 3136 4016 ab
3158 3963 3406 4033 Hippone
3427 3959 3760 4028 Carthaginem.

2228 4059 2512 4128 diciturque
2547 4058 2785 4126 Hippone
2815 4058 3009 4110 distare
3035 4073 3111 4111 nt.
3144 4074 3198 4110 ιιι.
3226 4073 3389 4111 LXXX.
3423 4073 3477 4108 ιι.
3509 4047 3761 4108 n.?0mnia

2227 4152 2383 4220 plane
2422 4151 2688 4218 susdeque
2714 4152 2984 4219 pervertit,
3012 4152 3169 4204 urbes
3197 4164 3266 4203 ex
3300 4166 3405 4202 una
3435 4151 3484 4202 in
3512 4147 3652 4200 aliam
3675 4155 3760 4211 pro

2228 4244 2453 4298 vinciam
2487 4253 2725 4312 portans,
2754 4252 2924 4295 textus
2959 4242 3255 4295 collationis
3296 4251 3353 4295 et
3382 4240 3622 4295 Antonini
3662 4245 3760 4302 pes-

2232 4336 2366 4389 sime
2411 4350 2780 4403 corrutnpens.
2836 4336 2889 4388 In
2930 4349 3045 4401 cap.
3102 4333 3204 4386 145
3248 4332 3543 4386 collationis
3587 4327 3760 4395 legillll'.

2232 4428 2461 4480 Novatus
2497 4428 2763 4493 episcopus
2793 4426 3038 4478 Ecclesiae
3079 4426 3340 4492 Sitifensis
3369 4442 3387 4490 ;
3427 4433 3481 4478 et
3515 4436 3624 4489 cap.
3660 4413 3759 4474 20-5.

2229 4517 2462 4570 Novatus
2499 4519 2768 4586 episwpus
2798 4516 3041 4570 Ecclesia:
3068 4518 3330 4570 catholicre
3366 4515 3523 4582 Sitiﬁ.
3563 4513 3673 4566 Erat
3696 4507 3761 4560 Si-

539 4594 822 4662 episcopos
850 4593 1017 4657 dicit,
1049 4604 1104 4647 ut
1143 4596 1381 4663 pluribus
1409 4598 1617 4650 ostendi
1650 4598 1738 4651 lib.
1773 4613 1808 4650 ιι
1851 4598 1982 4651 Hist.
2019 4599 2116 4654 Pe-
2143 4569 2198 4630 D
2229 4610 2336 4663 litis
2365 4569 2592 4664 celcbﬁs
2621 4569 2946 4662 Μξιιιι-ίιειηίω
2973 4609 3132 4672 urbs,
3179 4618 3263 4670 ει,
3305 4616 3364 4660 ιιι
3399 4569 3480 4659 δὴ,
3511 4600 3760 4666 Procopius

542 4686 670 4756 lag.,
699 4701 815 4753 cap.
843 4686 896 4740 8.
925 4685 1048 4739 Haec
1075 4697 1197 4740 sunt
1225 4688 1524 4742 evidentia:
1555 4699 1610 4742 at
1639 4689 1930 4744 Garnerius
1957 4700 2117 4745 testa-

535 4787 623 4832 tur
652 4794 705 4831 se
744 4781 1074 4832 reluctantem
1104 4779 1156 4832 in
1207 4779 1344 4834 banc
1389 4783 1705 4836 sententiam
1748 4783 2111 4855 descendere;

538 4872 769 4925 malebat
797 4872 938 4926 enim
969 4872 1370 4928 Constantinam
1397 4891 1427 4929 a
1469 4877 1610 4930 Cirta
1641 4878 1986 4949 distinguere,
2033 4892 2112 4948 ut,

536 4965 629 5029 qui
673 4965 831 5018 toties
859 4966 994 5019 duas
1037 4967 1088 5020 in
1123 4982 1279 5020 unam
1312 4967 1495 5023 urbem
1529 4971 1789 5036 confudit,
1825 4973 1909 5027 hic
1949 4987 2126 5029 unam“

533 5055 587 5109 in
616 5056 748 5109 duas
773 5057 1084 5111 dissecaret.
1121 5057 1316 5112 Verum
1348 5062 1489 5126 quod
1515 5061 1582 5116 de
1609 5065 1827 5118 urbibus
1859 5067 2113 5132 malebat,

536 5147 638 5200 hoc
661 5147 729 5201 de
753 5150 1019 5216 episcOpis
1048 5148 1192 5215 fecit,
1221 5151 1347 5204 dum
1383 5152 1731 5208 Fortunatum
1759 5154 2056 5212 Cirtensem
2083 5173 2113 5212 a

533 5239 832 5294 Fortunato
893 5240 1326 5298 Constantineusi
1384 5245 1652 5300 diversum
1723 5252 2110 5316 pronuntiavit.

531 5332 732 5386 Scribit
773 5333 884 5387 haec
917 5336 1240 5406 Augustinus
1272 5338 1411 5392 libro
1449 5339 1663 5393 laudato
1701 5342 1766 5395 de
1811 5343 1978 5397 Unico
2006 5345 2111 5398 Ba-

533 5427 750 5493 ptismo,
782 5441 898 5493 cap.
933 5429 999 5481 16
1025 5445 1036 5478 :
1071 5427 1294 5483 Proinde
1315 5433 1356 5482 si
1379 5429 1693 5500 Profuturus
1718 5442 1834 5485 ante
1863 5437 2112 5501 paucissi-

532 5537 642 5574 mos
668 5537 828 5574 annos
855 5522 1152 5590 defunctus,
1186 5537 1232 5577 et
1275 5524 1622 5590 Fortunatus,
1665 5529 1750 5595 qui
1794 5530 1845 5580 in
1897 5545 2110 5597 corpore

531 5615 704 5668 adhuc
725 5623 816 5677 est,
843 5623 992 5683 atque
1016 5617 1094 5669 illi
1122 5619 1355 5671 successit
1386 5621 1642 5688 episcopo,
1667 5632 1774 5674 etc.
1809 5622 1992 5690 Itaque
2022 5640 2110 5676 an.

475 5712 482 5719 '
532 5708 654 5770 407,
686 5725 805 5762 cum
837 5707 952 5762 haec
979 5709 1236 5762 scriberet
1281 5709 1628 5779 Augustinus,
1673 5712 1885 5770 vivebat
1922 5714 2116 5768 Fortu-

535 5811 689 5855 rtatus
735 5799 1000 5854 Prbluturi
1048 5802 1098 5852 in
1149 5801 1372 5854 Cirtensi
1423 5802 1550 5856 sedo
1597 5818 1897 5858 successor.
1950 5806 2116 5860 Porro

2229 4702 2321 4754 lil).
2349 4717 2383 4754 ll
2416 4700 2481 4754 de
2513 4701 2658 4754 Bello
2696 4699 3004 4764 Vandalico,
3031 4711 3182 4766 caput
3211 4698 3426 4768 regionis
3460 4695 3626 4758 Zabis,
3653 4691 3760 4742 πίτνα

2227 4795 2500 4847 Aurasium
2528 4803 2748 4846 montem
2791 4794 2923 4856 sitaz,
2965 4809 2992 4845 a
3037 4809 3136 4862 qua
3183 4791 3493 4844 Mauritania
3532 4779 3759 4842 Sitifensis

2225 4885 2406 4953 quinta
2435 4885 2795 4939 ecclesiastica
2829 4885 2878 4936 in
2904 4885 3077 4938 Africa
3110 4885 3382 4954 provincia
3405 4875 3755 4937 denominaba-

2229 4988 2333 5031 tur.
2361 4975 2416 5030 In
2455 4977 2652 5031 Codice
2686 4977 2938 5030 Africano
2979 4991 3096 5045 cap.
3140 4976 3242 5029 127
3284 4977 3522 5030 laudatur
3562 4969 3758 5024 Novatus

2231 5070 2491 5140 Sitifensis
2518 5070 2712 5139 legatus
2742 5067 3074 5121 Mauritania:
3100 5068 3381 5138 Sitifensis.
3423 5063 3690 5121 Garnerius
3714 5062 3758 5108 ιιι

2227 5160 2484 5213 Novatum
2514 5161 2652 5213 inter
2678 5160 2933 5213 Numidas
2965 5171 3263 5222 recenseat,
3296 5175 3357 5212 ex
3390 5154 3612 5211 Sitilensi
3656 5148 3755 5203 fecit

2227 5253 2570 5308 Sinitensem.
2615 5253 2744 5306 Erat
2777 5254 2941 5307 Sitilis
2982 5253 3217 5321 proxima
3252 5251 3540 5312 Numidize,
3583 5245 3756 5298 distans

2225 5345 2452 5400 Guiculo
2491 5345 2622 5398 urbe
2653 5347 2925 5399 Numidica
2954 5361 3017 5400 ex
3045 5347 3315 5399 Antonino
3339 5345 3500 5398 millia
3540 5345 3775 5410 passuum

2228 5437 2412 5505 viginti
2437 5437 2692 5506 quinque,
2728 5440 2989 5504 Ampsaga
3026 5437 3192 5489 ﬂuvio
3237 5435 3373 5490 inter
3399 5442 3656 5498 utramque
3680 5435 3755 5490 Ρ⁰’

2223 5529 2345 5583 sito.
2379 5530 2646 5596 Nusquam
2681 5529 2981 5583 Antoninus
3022 5530 3262 5581 meminit
3294 5529 3488 5583 Sinistu
3525 5524 3572 5577 in
3597 5521 3754 5573 itinere

2224 5619 2463 5687 Hippone
2493 5619 2657 5688 Regio
2679 5619 3051 5686 Carthaginem
3077 5639 3088 5671 :
3116 5621 3302 5673 scribit
3332 5621 3469 5673 enim
3496 5633 3507 5667 :
3543 5602 3750 5666 Onellaba

2226 5731 2278 5767 st.
2306 5732 2354 5768 ιι.
2382 5731 2428 5766 1,.
2462 5716 2539 5766 Ad
2569 5717 2738 5784 Aquas
2767 5731 2818 5768 M.
2848 5732 2894 5767 l‘.
2928 5732 3048 5768 xxv.
3085 5717 3296 5771 Simittu
3324 5733 3378 5768 ιι.
3411 5731 3456 5766 ιι.
3501 5727 3548 5762 v.
3582 5704 3749 5758 Bullam

2229 5809 2434 5863 lieaium
2465 5823 2554 5860 vn.
2603 5812 2668 5860 At
2701 5809 2784 5861 illc
2812 5824 2874 5861 cs
2907 5811 3119 5862 Simitlu
3160 5810 3335 5864 reddit
3363 5805 3574 5861 Sinistu.
3612 5797 3748 5850 Porro
