3954 6364
152 346 234 404 201
809 341 1156 400 VARIORUM
1193 341 1790 403 EXERCITATIONES
1828 342 1892 402 IN
1931 345 1986 404 S.
2019 344 2385 439 AUGUSTINI
2422 355 2676 416 OPE‘RA.
3272 363 3379 421 298

156 458 334 517 Simittu
356 461 469 510 erat
505 453 560 509 in
590 455 964 513 Proconsulari
997 459 1301 528 provincia;
1337 475 1457 516 nam
1507 461 1560 516 in
1600 477 1688 532 sy-
1716 463 1770 524 Α
1796 463 1974 522 tit‘ensi
2001 468 2220 528 dioecesi
2252 473 2305 528 in
2330 474 2631 532 Numidiam
2672 475 2845 546 rapit,
2883 475 2975 532 ubi
3026 478 3166 547 apud
3211 494 3374 536 unum

158 549 309 606 nodica
327 556 427 602 act.
450 546 506 612 2,
538 548 588 617 1,
619 548 830 604 concilii
851 548 907 606 S.
939 550 1153 606 Martini
1184 553 1376 621 legitur
1403 552 1690 608 Benenalus
1797 557 2114 618 Garnerium
2146 563 2326 635 Mopta
2347 567 2658 623 collocatur.
2685 567 2745 622 lu
2766 567 2986 624 Tabulis
3010 568 3370 642 Peutingeriao

159 640 402 695 Simitensis
430 639 570 695 inter
601 640 786 698 Patres
817 645 1248 712 proconsulares,
1293 654 1350 702 et
1390 647 1441 701 in
1486 647 1692 718 synodo
1793 650 1879 707 nis
1908 653 1960 708 in
1987 655 2297 713 Mauritania
2325 659 2564 714 Sitilensi
2614 661 2865 717 scribitur
2901 680 2914 716 :
2964 661 3132 734 Mapti
3157 639 3378 717 muniet-

159 734 252 788 anni
276 732 369 788 H9
402 733 696 789 Adeodatus
727 735 1098 807 Simittuensis,
1127 746 1181 793 et
1211 753 1329 809 cap.
1375 739 1480 795 125
1527 740 1694 796 colla-
1796 744 1959 813 pium.
1980 746 2051 802 At
2079 747 2170 803 ille
2193 749 2537 820 municipium
2566 767 2664 821 pro
2685 753 2970 824 Municipio
2992 732 3210 825 oppido,
3229 759 3375 827 quod

158 823 282 881 tionis
321 822 620 879 nominatur
662 823 951 882 Benenatus
998 827 1330 897 Simittensis,
1377 832 1468 902 qui
1517 832 1688 888 dixit:
1795 846 1912 894 erat
1940 839 1996 895 in
2021 841 2291 909 Numidia,
2321 843 2578 910 obtrudit,
2614 861 2732 901 cum
2763 822 2936 916 Mopta
2966 822 3376 905 diceretur'mu-

158 919 243 976 llec
282 919 431 972 habeo
471 918 631 973 alium
656 961 672 986 ,
722 936 812 975 nec
848 923 1132 981 Iucreticos.
1186 924 1384 980 Verum
1427 941 1546 997 cap.
1586 927 1694 983 202
1795 929 2076 1000 nicipium,
2104 933 2247 1004 quod
2293 949 2400 990 non
2439 943 2551 990 erat
2582 936 2797 992 colonia
2823 953 2916 993 seu
2948 939 3074 993 urbs
3104 939 3255 995 Latio
3281 941 3380 996 do-

154 1012 404 1068 Cresconius
435 1013 705 1083 episcopus
733 1013 1012 1070 Sinitensis
1051 1031 1172 1071 cum
1207 1018 1496 1075 Donatistis
1522 1021 1692 1076 nomi-
1797 1031 1941 1089 nata,
1972 1027 2066 1081 sed
2095 1025 2313 1083 vivebat
2341 1027 2458 1098 lege
2485 1029 2821 1100 municipali;
2849 1041 2902 1086 et
2932 1031 2985 1086 in
3027 1033 3250 1090 laudatis
3274 1035 3378 1090 Ta-
3446 1042 3452 1049 '

156 1112 298 1168 natur;
340 1103 427 1158 ubi
462 1117 591 1186 vero
627 1105 741 1160 haec
779 1105 908 1163 urbs
938 1108 1099 1165 fuerit
1131 1109 1305 1166 dicam
1347 1125 1444 1167 suo
1472 1111 1691 1169 inferius
1795 1119 1937 1174 bulis
1989 1120 2182 1190 oppida
2234 1136 2354 1190 qua:
2403 1125 2689 1193 municipia
2753 1125 2837 1179 vel
2892 1126 3118 1180 coloniae
3180 1127 3380 1183 fuerint

159 1199 248 1253 loco
267 1195 325 1250 ad
347 1205 500 1250 notas
524 1196 576 1250 in
606 1196 905 1253 LuetLLuu.
1795 1210 1994 1279 optime
2021 1211 2472 1268 demonstrantur.
2520 1215 2671 1281 Quod
2728 1229 2856 1272 vero
2909 1217 3018 1273 Leo
3069 1219 3122 1272 in
3172 1221 3376 1290 synodo

207 1291 452 1347 Secessus
509 1290 876 1350 RUSPITENSIS.
929 1293 1030 1365 Ita
1065 1297 1250 1367 legitur
1291 1299 1344 1352 in
1395 1300 1688 1356 collatione.
1796 1314 1923 1354 ann.
1946 1301 2050 1356 419
2079 1301 2276 1357 dicitur
2302 1303 2610 1371 Moctensis,
2653 1307 2912 1362 mendose
2941 1309 3218 1376 scribitur;
3252 1326 3373 1367 nam

161 1385 426 1440 Pertinuisse
453 1399 572 1440 vero
597 1385 890 1442 Secundum
917 1406 1032 1444 cum
1062 1407 1154 1445 sua
1194 1392 1423 1448 Ecclesia
1457 1396 1525 1449 ad
1565 1412 1689 1465 pro-
1775 1381 1861 1448 ‘ex
1882 1394 2109 1450 vetustis
2137 1395 2413 1451 codicibus
2445 1397 2685 1452 Vaticani
2727 1398 2973 1456 Labbeus
3005 1409 3133 1455 tom.
3168 1401 3210 1456 ll
3239 1402 3380 1458 Con—

156 1477 326 1532 rint-iam
351 1477 615 1534 Numidia:
641 1492 841 1535 constat
878 1499 938 1537 ea:
980 1500 1096 1538 can.
1135 1483 1234 1541 100
1269 1484 1395 1539 Cod.
1432 1487 1692 1556 Africana:
1797 1484 1890 1541 cii.
1923 1501 2042 1558 pag.
2074 1487 2232 1556 1670,
2252 1489 2492 1558 reposuit
2520 1489 2821 1562 MOptensis.

156 1569 389 1635 Ecclesiw;
418 1572 504 1624 ubi
531 1571 716 1626 dicitur
738 1573 924 1628 electus
953 1592 984 1629 a
1017 1575 1305 1630 lllaurentio
1343 1593 1435 1647 pro
1466 1594 1568 1631 uno
1598 1582 1692 1649 ju-
1869 1577 2260 1635 FAUSTINIANUS
2298 1580 2725 1638 TAIIUGADENSIS.
2754 1581 2842 1636 Ita
2874 1584 2926 1637 in
2959 1583 3252 1639 collatione.
3285 1584 3383 1639 Est

154 1661 287 1713 dicum
301 1661 460 1715 suain
487 1677 664 1727 causa,
694 1666 834 1733 apud
861 1666 1130 1735 primatem
1177 1667 1439 1722 Numidiw
1465 1667 1690 1736 Xantip-
1797 1681 1971 1726 autem
2002 1689 2156 1744 prape
2187 1672 2480 1729 Tltevestam
2527 1676 2781 1730 coloniam
2821 1678 2876 1730 in
2908 1677 3158 1732 Numidia
3191 1679 3383 1732 Tamu-

154 1769 262 1820 pum.
289 1751 419 1806 Nam
445 1754 539 1808 alii
560 1771 733 1809 omnes
760 1758 984 1828 episc0pi
1026 1758 1273 1814 Numida:
1302 1771 1441 1828 sunt,
1474 1771 1520 1816 et
1549 1763 1694 1832 judi-
1800 1764 1931 1834 gade
1957 1765 2130 1818 civitas
2157 1775 2277 1819 nota
2307 1765 2613 1837 Augustino,
2640 1769 2918 1836 Antonino,
2960 1769 3159 1835 Plinio,
3206 1770 3384 1824 Ptole—

152 1845 256 1898 rium
275 1845 394 1898 illud
416 1848 727 1915 provinciale
757 1849 876 1918 fuit.
930 1849 1034 1904 Tot
1071 1859 1195 1906 sunt
1225 1853 1275 1906 in
1304 1854 1489 1922 paucis
1514 1855 1692 1909 verbis
1720 1842 1770 1906 Β
1801 1871 1948 1924 moto,
1989 1867 2035 1909 et
2062 1858 2198 1910 aliis.
2233 1857 2548 1928 Neutiquam
2579 1868 2762 1914 uotum
2803 1869 2889 1918 est:
2930 1860 3196 1916 Antonino
3239 1860 3382 1915 Tha—

156 1948 315 2005 errata,
341 1948 396 1993 ut
420 1939 563 1996 unde
587 1955 869 1997 censuram
899 1942 1149 1998 exordiar
1179 1945 1436 2014 ignorem.
1466 1945 1692 2002 Haerebo
1799 1947 2082 2016 mitgadem
2115 1962 2236 2003 esse
2262 1949 2491 2004 vicinam
2517 1950 2801 2016 Thevesti;
2850 1967 2975 2006 nam
3022 1952 3109 2006 hic
3153 1953 3338 2007 scribit
3364 1972 3376 2006 :

152 2033 348 2103 ejusdem
375 2033 635 2103 vestigiis,
662 2043 723 2090 ut
750 2034 978 2091 subinde
1005 2035 1270 2092 labentem
1307 2037 1357 2092 in
1391 2038 1553 2107 pedes
1583 2039 1691 2093 eri-
1802 2037 2042 2093 Tltevesle
2062 2056 2118 2092 ιι.
2149 2055 2198 2092 p.
2227 2055 2356 2093 xxn.
2392 2041 2669 2110 Timphadi
2696 2059 2753 2097 ια.
2778 2059 2827 2096 p.
2853 2059 2940 2097 xx.
2984 2043 3223 2114 Vegesela
3247 2061 3299 2098 ιι.
3328 2061 3377 2100 ρ.

151 2140 262 2193 gam.
283 2126 399 2181 Erat
419 2125 599 2197 Ruspa
626 2127 839 2198 Byzacii
866 2127 1014 2198 urbs,
1065 2143 1223 2198 quam
1272 2129 1328 2184 S.
1377 2128 1691 2201 Fulgentius
1797 2147 1948 2186 xvm.
1977 2131 2209 2187 Mascula
2241 2149 2296 2186 Ii.
2331 2149 2378 2186 ρ.
2414 2149 2544 2187 xxu.
2580 2134 2771 2188 Claudi
2796 2151 2850 2190 st.
2899 2152 2947 2188 ιι.
2982 2152 3110 2189 xxn.
3152 2137 3382 2189 Tha-mu-

151 2228 190 2275 et
211 2221 317 2275 vitae
346 2222 628 2279 sanctitate
665 2231 720 2278 et
749 2223 1074 2293 scriptorum
1109 2226 1425 2282 excellentia
1457 2227 1693 2283 illustra-
1798 2223 1937 2292 gadi.
1983 2222 2147 2293 Igitur
2182 2223 2525 2295 Thamugada
2568 2241 2674 2280 non
2724 2235 2808 2281 est
2851 2242 3018 2296 prope
3057 2228 3382 2284 Thevestem

152 2311 222 2366 rit.
246 2312 500 2369 Laudatur
539 2314 595 2370 in
615 2313 812 2370 Notilia
840 2314 1114 2386 Byzacena
1139 2317 1432 2388 Stephanus
1459 2319 1695 2391 Ruspen-
1797 2333 1864 2372 ex
1894 2319 2185 2385 Antonino,
2215 2333 2334 2374 cum
2364 2321 2552 2374 eodem
2584 2328 2740 2388 teste,
2772 2329 2975 2375 remota
3009 2321 3171 2377 fuerit
3198 2323 3263 2376 ab
3291 2323 3387 2376 illa

153 2405 222 2472 tis,
250 2405 372 2461 etin
395 2408 639 2478 synodali
668 2409 909 2479 ejusdem
954 2409 1243 2481 provinciae
1282 2420 1386 2466 act.
1417 2414 1451 2466 2
1476 2413 1694 2467 concilii
1798 2411 1932 2465 urbe
1957 2411 2123 2465 millia
2154 2425 2368 2480 passum
2403 2412 2502 2466 104
2539 2455 2553 2479 ,
2603 2421 2656 2467 et
2692 2413 2881 2467 mediae
2923 2414 3062 2468 inter
3100 2424 3387 2484 utramque

153 2494 198 2550 S.
218 2495 409 2553 Martini
437 2498 684 2555 Julianus
719 2501 1021 2572 Ruspensis.
1070 2504 1124 2558 ln
1162 2503 1376 2558 Tabulis
1412 2505 1696 2575 Peutinge-
1800 2501 2000 2557 fuerint
2028 2503 2261 2559 Mascula
2293 2511 2347 2559 et
2375 2503 2633 2574 Vegesela
2682 2506 2842 2560 urbes
2883 2507 3244 2576 episcopales;
3296 2508 3386 2560 hic

153 2586 282 2642 rianis
307 2589 354 2643 in
381 2590 606 2660 Byzacio
638 2603 910 2663 ponuntur
939 2595 1111 2666 Ruspe
1152 2605 1196 2649 et
1225 2594 1482 2670 Ruspina.
1516 2597 1569 2651 in
1599 2597 1695 2652 Ta-
1800 2597 1942 2652 enim
1975 2607 2220 2666 tempore
2248 2597 2551 2654 collationis
2582 2598 2853 2668 Rheginus
2884 2641 2897 2664 ,
2949 2599 3059 2653 illic
3091 2614 3220 2654 vero
3251 2600 3383 2653 Mal-

152 2678 264 2735 bulis
289 2681 625 2740 Ptolemaicis
669 2685 897 2755 legimus
942 2686 1056 2741 haec
1093 2687 1146 2741 in
1179 2687 1404 2757 Byzacia
1451 2689 1644 2759 oppida
1680 2707 1691 2741 :
1800 2688 1934 2745 chus
1958 2691 2225 2744 antistites
2256 2689 2533 2745 sedebant.
2566 2690 2798 2761 Frugum
2832 2693 3041 2760 copiam
3065 2690 3205 2760 apud
3236 2691 3382 2744 Tha-

150 2770 467 2843 Adrumetum,
514 2777 772 2846 Ruspina,
806 2777 982 2848 Leptis
1012 2795 1190 2850 parva,
1221 2780 1444 2851 Tapsus,
1477 2782 1691 2849 Achola,
1800 2783 2083 2852 mngadam
2108 2783 2597 2853 laudatProcopius
2628 2784 2719 2838 lib.
2752 2799 2788 2836 ll
2817 2783 2884 2838 de
2908 2784 3049 2838 bello
3069 2783 3381 2838 Vandalico.

150 2861 313 2931 Ruspe,
359 2865 643 2924 Bracordes
679 2873 1099 2939 promontorium,
1130 2880 1232 2927 etc.
1267 2873 1466 2929 Plinius
1509 2874 1698 2943 Ruspi-
1801 2871 2003 2927 ibidem
2035 2875 2194 2928 etiam
2225 2874 2388 2928 tradit
2419 2888 2541 2944 pag.
2572 2873 2640 2928 97
2674 2874 2769 2928 Ed.
2804 2873 2955 2928 Grot.
2986 2875 3384 2943 Thambgadam

148 2971 244 3008 nam
267 2957 483 3014 liberum
512 2962 765 3031 oppidum
795 2964 928 3020 dicit
948 2965 1039 3020 lib.
1075 2981 1129 3032 v,
1161 2981 1279 3036 cap.
1309 2967 1362 3021 4.
1388 2968 1569 3038 Itaque
1598 2969 1699 3025 Se-
1803 2964 1963 3018 sitam
1993 2979 2113 3020 esse
2141 2965 2193 3019 in
2212 2965 2414 3033 campis
2446 2964 2513 3018 ad
2539 2965 2837 3030 Orientem,
2870 2964 3131 3019 adversus
3149 2974 3386 3020 montem

146 3049 322 3106 cuudus
346 3051 685 3124 Ruspitensis
707 3057 798 3127 qui
824 3058 877 3112 in
913 3058 1199 3113 collatione
1232 3060 1556 3127 nominatur,
1584 3063 1699 3117 sive
1803 3055 2112 3124 Aurasium,
2138 3071 2293 3126 quem
2325 3058 2397 3110 ait
2439 3056 2592 3109 trium
2621 3057 2823 3109 dierum
2858 3058 3038 3111 itinere
3068 3057 3385 3127 Carthagine

144 3141 331 3213 Ruspae,
363 3162 455 3204 seu
478 3148 732 3220 Ruspinze
760 3152 920 3220 sedit,
957 3167 1240 3226 perperam
1288 3156 1351 3210 ad
1393 3156 1695 3212 Numidiam
1735 3225 1768 3231 _
1808 3157 2070 3231 remotum
2098 3149 2296 3214 luisse.
2344 3148 2399 3202 in
2437 3149 2627 3203 eodem
2674 3164 2802 3203 vero
2833 3149 2969 3205 libro
3016 3149 3231 3204 laudato
3261 3165 3386 3220 pag.

145 3239 449 3294 transfertur.
489 3240 771 3300 Secundus
814 3245 903 3314 qui
949 3225 1154 3302 canone
1200 3248 1304 3303 100
1339 3249 1473 3303 Cod,
1524 3249 1692 3304 Αῖιιίε,
1723 3225 1769 3290 C
1805 3225 1926 3309 120',
1963 3242 2254 3297 Theueslem
2281 3252 2372 3295 sex
2397 3241 2596 3295 dierum
2624 3242 2805 3295 itinere
2843 3242 3150 3314 Carthagine
3186 3243 3390 3296 distans

143 3340 477 3399 memoratur,
531 3344 649 3390 erat
724 3336 1006 3407 episcopus
1068 3339 1584 3409 Megarmelitensis,
1641 3350 1700 3396 ut

1826 3335 2071 3407 ιρρὶάιιηι.
2095 3333 2293 3390 Verum
2319 3333 2458 3404 quod
2491 3333 2867 3389 Faustinianus
2898 3333 2988 3388 ille
3019 3333 3116 3388 fuit
3153 3333 3387 3388 Thamu-

141 3430 300 3488 postea
326 3426 625 3481 ostendam.
659 3428 899 3498 Denique
925 3432 1066 3500 quod
1095 3433 1171 3486 ait
1197 3433 1466 3488 antistites
1496 3434 1699 3489 electos
1803 3425 2075 3495 gadenSiS.
2109 3441 2240 3495 pura
2284 3433 2410 3494 Puta
2442 3424 2682 3480 Gamel‘ii
2733 3425 2992 3480 diViﬂaliO
3021 3435 3130 3490 θεὶς
3178 3440 3299 3480 nam
3334 3426 3385 3478 in

139 3509 182 3566 in
218 3527 371 3570 causa
418 3517 698 3574 Maurentii
751 3519 1161 3578 Tubursicensis
1223 3540 1393 3578 omnes
1439 3525 1700 3580 Numidas
1803 3518 2091 3574 collatione
2120 3533 2238 3588 cap.
2281 3516 2388 3572 215
2432 3517 2686 3572 recitatur
2727 3514 3102 3571 Faustinianus
3143 3517 3388 3571 Rusicca-

140 3607 299 3675 fuisse,
327 3608 513 3666 falsum
537 3620 640 3667 est.
665 3611 798 3668 Nam
825 3613 882 3669 hi
910 3615 1070 3684 plane
1097 3614 1248 3672 fuere
1277 3616 1571 3687 xantippus
1599 3618 1701 3673 Ta-
1805 3613 1994 3666 densis.
2027 3611 2175 3666 Hanc
2215 3624 2344 3665 vero
2384 3610 2570 3666 urbem
2615 3610 2668 3663 in
2719 3607 2962 3663 Numidia
3011 3611 3157 3679 ponit
3186 3608 3388 3664 Plinius

138 3701 361 3764 gosensis
406 3703 607 3772 primas
630 3744 644 3769 ,
682 3705 1009 3775 Augustinus
1051 3707 1432 3778 Hipponensis,
1476 3708 1700 3763 Floren-
1805 3704 1898 3759 lib.
1929 3720 1984 3773 v,
2014 3718 2130 3773 cap.
2167 3703 2223 3768 '5,
2245 3702 2336 3757 ubi
2365 3701 2551 3757 scribit
2572 3702 2797 3755 distasse
2817 3699 2963 3756 Cirta
2987 3702 3247 3756 Numidiae
3272 3718 3382 3757 meo

142 3787 233 3842 tius
262 3790 808 3864 Hippoxarrhytensis
845 3837 861 3863 ,
918 3796 1181 3853 Theasius
1236 3799 1696 3869 Memblositanus,
1808 3795 2006 3865 tropoli
2036 3795 2201 3849 millia
2239 3807 2490 3864 passuum
2529 3792 2599 3846 48
2651 3791 2872 3846 Ponitur
2908 3791 2976 3845 ab
3016 3793 3286 3846 Antonino
3308 3792 3380 3845 dia

136 3875 422 3937 Samsucius
449 3883 733 3940 Turrensis
769 3900 834 3941 ex
877 3889 1103 3956 epistola
1130 3888 1414 3959 Augustini
1448 3892 1571 3958 168,
1602 3891 1701 3946 Se-
1805 3898 1954 3945 stans
1981 3903 2009 3942 a
2042 3887 2205 3943 Gullu
2237 3887 2499 3941 Numidiae
2547 3885 2710 3938 millia
2741 3878 2994 3954 pass'uum
3028 3884 3116 3947 60,
3158 3901 3185 3937 a
3220 3886 3385 3938 Para-

137 3974 325 4030 cundus
354 3976 833 4046 Megarmelitensis
865 3996 930 4036 ex
951 3981 1130 4036 collat.
1160 3998 1278 4052 cap.
1314 3984 1436 4048 125,
1481 3994 1538 4039 et
1567 3986 1700 4040 Pos-
1805 3979 1964 4034 tianis
1995 3976 2094 4042 50;
2127 3992 2246 4046 quae
2277 3977 2392 4030 loca
2419 3983 2572 4030 erant
2595 3975 2648 4028 in
2678 3973 2946 4039 Numidia,
2980 3982 3032 4028 et
3062 3974 3388 4030 Rusiccades

138 4063 288 4121 sidius
327 4068 676 4126 Calamensis.
725 4073 795 4126 At
820 4065 1039 4128 'certum
1090 4082 1169 4129 est
1211 4075 1602 4130 Memblosilam
1647 4085 1703 4132 et
1806 4072 1982 4127 media
2011 4071 2152 4124 inter
2181 4068 2271 4123 illa
2303 4069 2526 4123 locatur.
2567 4065 2677 4120 Cur
2708 4081 2834 4135 ergo
2872 4065 3246 4120 Faustinianus
3277 4068 3386 4122 Ru-

140 4152 416 4225 Hipponem
459 4161 805 4233 Diarrliytum
857 4163 1019 4219 fuisse
1069 4165 1121 4219 in
1176 4167 1574 4222 Proconsulari.
1622 4168 1701 4224 De
1806 4164 2133 4222 siccadensis
2180 4163 2362 4232 nequit
2405 4159 2661 4215 allii-mari
2706 4160 2798 4214 ille
2834 4159 2971 4215 idem
3023 4161 3109 4229 qui
3152 4161 3390 4216 interluit

140 4245 348 4308 Theasio
375 4253 479 4310 hoc
508 4256 682 4325 ipsum
713 4256 846 4311 dixit
868 4257 1160 4315 Garnerius
1191 4261 1245 4315 in
1279 4263 1419 4316 notis
1447 4262 1512 4316 ad
1543 4277 1701 4332 supe-
1806 4257 2012 4328 synodo
2037 4253 2389 4311 Milevitana?
2419 4253 2570 4323 Legit
2614 4253 2666 4306 in
2702 4251 2917 4306 laudato
2944 4254 3120 4320 capite
3145 4252 3250 4307 2l5
3278 4254 3387 4307 Ali-

141 4339 318 4397 riorem
340 4344 688 4416 epigraphen,
718 4348 842 4404 licet
885 4350 1136 4405 nescierit
1174 4351 1503 4424 distinguere
1539 4353 1703 4409 Mem-
1807 4349 1954 4418 pium
1981 4346 2185 4402 dixisse
2210 4345 2276 4400 de
2306 4344 2656 4399 Faustiniano
2685 4342 3064 4397 Rusiccadensi
3099 4360 3111 4394 :
3167 4343 3267 4395 llic
3315 4353 3389 4398 est

143 4429 363 4490 bressam
403 4453 431 4492 a
458 4438 826 4494 Memblosita.
844 4441 901 4496 In
936 4444 1181 4514 synodali
1229 4445 1369 4515 apud
1417 4448 1699 4502 concilium
1804 4442 1860 4494 in
1889 4440 1984 4493 hac
2010 4440 2233 4504 civitate,
2261 4438 2349 4492 sed
2373 4435 2699 4490 male-habet.
2726 4435 2902 4503 Quare
2928 4436 3116 4490 ntorbo
3138 4437 3386 4491 eumdem

145 4522 190 4578 ὃ.
219 4527 464 4597 Martini,
504 4531 644 4586 inter
672 4533 1081 4601 proconsulares
1126 4536 1413 4592 subscribit
1465 4538 1700 4592 Donatus
1807 4549 1946 4589 anno
1965 4532 2066 4587 411
2095 4530 2299 4602 putavit
2323 4528 2647 4600 Carthagine
2680 4528 3033 4594 exstinctum;
3069 4530 3209 4584 unde
3251 4545 3389 4584 unus

149 4615 725 4688 lpponizaritensis.Sed
755 4625 870 4683 haec
899 4627 1045 4684 clare
1076 4638 1279 4699 patent,
1306 4645 1480 4701 neque
1502 4631 1700 4688 diutius
1724 4606 1780 4670 Ῑ)
1809 4624 2271 4695 Thamugadensis
2315 4623 2372 4676 in
2417 4621 2701 4676 collatione
2730 4621 3061 4692 remanebat,
3108 4635 3265 4690 quem
3297 4637 3387 4691 sy-

151 4709 193 4765 in
219 4714 314 4769 illis
343 4725 396 4771 te
416 4717 562 4772 volo.
1807 4720 1951 4776 nodo
1977 4718 2295 4773 Milevitana:
2323 4723 2643 4785 praesentem
2683 4714 2816 4770 citra
2861 4713 3079 4768 dubium
3111 4725 3389 4768 assevera-

204 4804 540 4864 Mauaermus
559 4808 991 4867 Tuauasrcessrs.
1014 4809 1097 4866 Ita
1122 4811 1306 4884 legitur
1331 4814 1384 4868 in
1406 4813 1699 4880 collatione,
1807 4821 1910 4869 ret.
1942 4810 2107 4866 Visne
2132 4817 2240 4864 tam
2281 4807 2579 4878 speciosam
2606 4806 2967 4875 conjecturam
2996 4805 3317 4861 admittere?

153 4904 239 4951 etc.
269 4899 394 4954 Rem
442 4916 541 4956 acu
589 4901 762 4972 tetigit
794 4920 806 4955 :
839 4903 965 4959 hinc
1012 4903 1086 4958 illi
1125 4906 1285 4960 etiam
1330 4914 1490 4976 atque
1540 4905 1700 4961 etiam
1877 4903 2216 4958 Cassoomus
2240 4900 2656 4955 Curcuurmus.
2697 4896 2784 4951 Ita
2811 4899 2862 4952 in
2899 4898 3174 4952 collatione
3207 4914 3226 4952 :
3254 4899 3385 4953 scri-

155 4989 381 5055 gratulor.
435 4992 600 5047 Tollit
628 5007 686 5046 se
719 4993 881 5049 humo
936 5010 950 5047 :
985 4996 1078 5050 sed
1122 4997 1222 5051 heu
1267 4997 1446 5051 statim
1475 4997 1697 5052 corruit.
1807 4996 2031 5051 bendum
2058 4998 2188 5065 forte
2209 4991 2560 5059 Culcuitanus,
2602 4999 2675 5045 est
2711 4991 2844 5044 enim
2880 4990 3082 5061 cognita
3126 5006 3227 5044 non
3275 4999 3389 5045 tan-

215 5080 314 5138 Lso
338 5083 597 5140 Mumetptt
628 5086 944 5142 Morrensrs.
993 5085 1079 5139 Ita
1118 5087 1301 5158 legitur
1329 5090 1380 5142 in
1409 5089 1700 5144 collatione.
1804 5099 1915 5146 tum
1929 5086 2313 5156 Antonino,sed
2339 5086 2494 5141 etiam
2516 5084 2814 5148 Ptolemaeo,
2835 5081 3030 5137 Culcua
3053 5085 3255 5138 colonia
3284 5102 3388 5141 me—

166 5170 242 5227 Est
275 5187 432 5231 autem
479 5195 643 5232 sermo
690 5179 961 5249 Municipii
1001 5181 1052 5233 in
1099 5179 1302 5235 Notitia
1351 5183 1702 5253 episcoporum
1807 5184 1895 5238 dia
1915 5184 2018 5256 fere
2038 5183 2171 5237 inter
2199 5179 2413 5246 Cirtam,
2441 5177 2651 5235 Simittu
2671 5176 2943 5242 coloniam,
2974 5175 3153 5247 Lares,
3178 5187 3223 5232 et
3245 5176 3389 5233 Gau-

169 5261 416 5334 Numidiaz,
449 5271 534 5324 ubi
561 5271 800 5326 scribitur
824 5271 1003 5326 Victor
1027 5271 1426 5342 Municipiensis
1449 5291 1565 5329 cum
1588 5277 1704 5330 aliis
1807 5275 2043 5347 sopitum.
2092 5273 2322 5342 Rideas,
2365 5288 2460 5342 per
2500 5285 2587 5326 me
2629 5270 2789 5337 licet,
2830 5267 2992 5324 Nova:
3031 5269 3383 5342 Geographie:

169 5371 284 5416 actus
307 5365 356 5416 in
376 5365 630 5419 exsilium.
651 5365 940 5420 Cavendum
962 5383 1114 5436 porro
1136 5384 1197 5421 ne
1222 5369 1332 5437 quis
1362 5378 1567 5439 prapter
1589 5387 1707 5442 cog-
1812 5375 2080 5440 portenta.
2130 5367 2289 5423 Ponit
2329 5365 2607 5423 Cuiculum
2655 5363 2888 5419 medium
2934 5362 3050 5419 fere
3093 5365 3149 5420 in
3197 5366 3391 5423 itinere

170 5454 386 5510 nationem
409 5459 668 5512 nominum
696 5458 915 5514 Leonem
950 5458 1084 5513 hunc
1119 5459 1402 5530 confundat
1433 5478 1546 5515 cum
1576 5463 1701 5532 alio,
1817 5460 1960 5517 Cirta
1979 5461 2253 5518 Orientem
2284 5473 2472 5516 versus
2501 5472 2564 5513 ac
2591 5456 2996 5527 Carthaginem;
3040 5466 3094 5512 et
3123 5459 3264 5529 quod
3295 5462 3392 5514 mi-
3451 5475 3456 5484 ε

170 5548 236 5615 qui
257 5549 552 5606 Hoc-tentem
583 5551 868 5606 Ecclesium
895 5553 1027 5607 rexit
1056 5553 1320 5622 adfut'lque
1348 5554 1562 5610 concilio
1594 5554 1709 5625 ple-
1815 5553 2038 5609 rabilius
2062 5560 2180 5620 est,
2223 5566 2286 5607 ex
2328 5550 2621 5616 Antonino,
2653 5549 2744 5619 qui
2781 5558 2956 5606 tamen
3003 5548 3120 5604 haec
3160 5550 3349 5605 scribit
3380 5568 3394 5603 :
3456 5591 3461 5599 .

172 5640 423 5696 turioann.
451 5641 586 5708 M9;
607 5641 703 5696 illa
726 5645 862 5696 enim
893 5641 1147 5708 Ecclesia,
1178 5659 1290 5714 quis
1313 5643 1600 5714 Maptensis
1631 5646 1712 5698 di-
1785 5644 1958 5700 .Cirta
1984 5642 2197 5697 Mileum
2232 5658 2288 5697 Il.
2324 5658 2373 5696 P.
2413 5657 2537 5705 xxv,
2586 5641 2816 5696 ldicram
2855 5658 2912 5698 ιι.
2960 5658 3010 5697 P.
3036 5657 3160 5712 xxv,
3195 5642 3394 5697 Cuiculi
3461 5657 3465 5659 λ

168 5733 290 5801 titur,
312 5737 376 5791 ad
401 5735 711 5791 Numidiam
740 5737 1074 5808 provinciam,
1105 5738 1228 5805 ista,
1264 5754 1377 5809 qua:
1408 5737 1706 5803 Mactensis,
1818 5752 1874 5791 rt.
1922 5752 1973 5790 Ρ.
2006 5749 2136 5802 xxv,
2179 5734 2322 5803 Siti/5
2358 5749 2414 5791 tt.
2462 5750 2510 5790 ι».
2547 5751 2670 5790 xxv.
2705 5735 2884 5805 Vides,
2919 5745 3054 5792 teste
3096 5735 3394 5792 Antonino.

164 5834 219 5889 ad
239 5834 595 5893 Mauritaniam
622 5836 914 5904 Sitifensem
941 5834 1240 5905 pertinebat.
1272 5834 1505 5906 Moptam
1526 5848 1591 5889 ex
1621 5833 1704 5890 Si-
1760 5814 1770 5824 ’
1815 5833 1974 5890 situm
2005 5846 2124 5890 esse
2144 5828 2420 5889 Cuiculum
2451 5831 2504 5888 in
2531 5830 2720 5892 itinere
2749 5830 2893 5888 Cirta
2923 5845 3112 5981 verisgs
3135 5829 3390 5888 Occiden<

370 5932 641 5981 Parnm“
690 5927 940 5981 XLV“.

370 5932 641 5994 ΡΑτιοι.
690 5927 940 5992 XLVII.
