3954 6364
1467 372 2018 432 SUPPLEMENTUM
2057 373 2415 457 ADOPERA
2460 375 2521 432 S.
2564 373 2957 434 AUGUSTINI.
3660 380 3731 453 300

560 496 668 542 tem
698 484 766 540 ad
804 484 1108 542 Sitifensem
1136 483 1401 569 civitatem
1434 525 1450 551 ,
1490 501 1610 555 qua
1649 472 1852 543 cumin
1882 468 2139 543 Maurita-
2247 486 2431 557 quinta
2448 485 2645 556 Martii,
2664 503 2784 544 cum
2807 466 3072 563 cessasset
3098 483 3155 541 in
3174 484 3348 543 Africa
3369 495 3629 558 persecutio
3648 514 3733 570 pou

559 581 649 636 nia
676 578 920 637 Sitifensi
959 578 1141 645 fuerit,
1184 564 1368 649 aperte
1402 578 1688 636 deducitur
1724 578 2007 636 Cuiculum
2046 596 2139 637 ex-

562 681 787 728 tremam
817 670 983 726 fuisse
1011 669 1270 725 Numidia
1314 670 1500 725 urbem
1529 686 1715 727 versus
1744 670 2135 741 Mauritaniam,

560 778 720 834 quam
746 772 925 817 tamen
954 761 1093 817 idem
1123 763 1177 816 in
1206 763 1380 818 medio
1406 762 1517 819 fere
1542 762 1807 820 Numidia
1836 764 1994 821 locat.
2042 762 2140 819 Mi-

558 867 681 909 rare
710 854 925 908 interim
949 850 1181 907 hominis
1213 852 1509 920 solertiam,
1552 856 1643 925 qui
1684 856 1738 911 in
1765 856 2040 912 Antonino
2065 854 2140 910 in-

559 942 706 997 venit
724 941 1098 999 Culcuitanum
1127 944 1402 1014 oppidum,
1446 942 1587 1015 quod
1631 947 1989 1018 nusquamhin
2027 946 2139 1001 An-

558 1033 729 1089 tonini
756 1032 1034 1090 ltinerario
1075 1034 1299 1104 legitur;
1324 1049 1429 1090 non
1460 1046 1640 1091 autem
1685 1036 1818 1092 vidit
1844 1034 2139 1092 Cuiculita-

558 1141 710 1195 num,
751 1127 894 1198 quod
937 1126 1004 1182 ab
1040 1127 1231 1183 eodem
1272 1136 1377 1182 tam
1417 1128 1616 1184 diserte
1653 1129 1993 1200 designatur.
2025 1128 2133 1187 Sed

558 1216 648 1271 vix
675 1216 782 1288 pati
809 1232 1028 1287 possum
1058 1219 1125 1272 ab
1163 1214 1267 1273 hoc
1296 1227 1721 1276 commentatore
1751 1217 2136 1278 Cuiculitanam

557 1309 854 1366 Ecclesium
885 1311 938 1365 in
966 1310 1336 1367 Culcuitanam
1377 1314 1573 1367 mutari
1616 1312 1935 1367 auctoritate
1961 1311 2139 1367 Ptole-

557 1401 678 1456 mai
704 1401 823 1472 (qui
852 1410 1028 1457 tamen
1057 1400 1325 1471 Calenam,
1349 1420 1455 1458 non
1479 1402 1751 1471 Culcuam,
1785 1416 1842 1458 ut
1882 1404 2140 1460 mendose

556 1491 708 1562 legit,
739 1492 880 1548 inter
905 1492 1169 1549 Numidia
1196 1510 1348 1550 nova
1378 1496 1539 1550 urbes
1568 1494 1785 1565 posuit),
1812 1504 1935 1551 cum
1965 1496 2018 1550 in
2042 1511 2139 1552 veo

558 1584 718 1640 tustis
738 1584 1007 1641 Africana
1029 1584 1286 1642 Ecclesia
1327 1588 1688 1642 monumentis
1732 1588 1865 1642 nihil
1906 1586 2141 1643 ‘Cuiculi-

558 1682 682 1730 tana
707 1674 838 1730 urbe
864 1674 1195 1745 frequentius
1242 1679 1569 1733 nominetur.
1625 1680 1681 1733 In
1732 1679 1942 1750 synodo
1986 1679 2139 1735 Grati

557 1767 806 1823 laudatur
842 1767 1229 1840 Elpidophorus
1277 1769 1677 1836 Cuiculitanus;
1729 1773 1783 1827 in
1823 1774 2034 1844 synodo
2078 1771 2135 1828 S.

557 1860 809 1934 Cypriani
844 1862 1203 1919 Pudentianus
1246 1882 1277 1918 a
1323 1864 1556 1931 Cuiculi;
1601 1866 1655 1921 itt
1696 1866 1892 1922 Notitia
1937 1866 2138 1922 Africa

563 1952 741 2009 Victor
770 1953 1160 2022 Cuiculitanus;
1198 1957 1251 2011 in
1289 1957 1575 2012 collatione
1610 1957 1910 2012 Cresconius
1946 1959 2144 2029 episco-

560 2062 659 2114 pus
680 2045 841 2116 plebis
863 2045 1256 2113 Cuiculitensis;
1295 2050 1347 2101 in
1384 2050 1591 2119 synodo
1619 2066 1650 2102 v
1682 2050 1855 2103 Creses
1876 2050 2145 2119 episc0pus

561 2136 631 2195 E.
662 2138 1002 2194 Cuiculitante
1049 2142 1327 2209 provincia:
1362 2142 1650 2200 Numidian
1688 2144 1903 2199 Memini
1943 2143 2147 2199 Carne-

559 2231 700 2287 rium
752 2230 907 2286 initio
954 2232 1281 2302 pralationis
1320 2233 1389 2287 ad
1432 2233 1721 2287 Historiam
1768 2235 2143 2291 Nestorianam

563 2310 836 2378 afﬁrmare
859 2321 1219 2378 Christianum
1249 2322 1454 2395 Lupum
1480 2340 1731 2395 magnum
1761 2326 2145 2384 ecclesiastica

562 2415 898 2486 antiquitatis
950 2426 1319 2487 reparatorem
1366 2419 1613 2473 imntensa
1656 2420 1957 2475 eruditionis
1998 2422 2145 2494 copia

559 2509 644 2563 vix
672 2526 775 2563 non
807 2508 971 2565 obrui.
997 2510 1187 2565 Procul
1220 2510 1289 2566 ab
1316 2510 1418 2566 hoc
1441 2513 1679 2582 periculo
1705 2524 1969 2569 remotum
1994 2513 2145 2570 vides

561 2600 899 2667 Garnerium,
940 2603 1176 2657 nondum
1218 2602 1362 2658 enim
1404 2604 1665 2659 immensa
1708 2604 1801 2659 illa
1842 2603 2144 2661 eruditione

559 2690 877 2755 suffocatur;
920 2700 1029 2747 tota
1082 2693 1227 2748 enim
1272 2692 1512 2763 ejusdem
1573 2694 1831 2749 litteraria
1877 2695 2140 2765 supellex,

557 2782 693 2851 quod
718 2791 870 2837 notas
898 2791 1192 2852 prasentes
1218 2785 1431 2853 attinet,
1458 2801 1635 2856 pugno
1663 2788 1965 2857 stringitur.

628 2873 881 2929 MALCBUS
912 2874 1337 2931 Mascuuruus.
1374 2875 1457 2930 Ita
1478 2878 1531 2931 in
1550 2876 1839 2934 collatione.
1868 2878 2007 2933 Nota
2025 2897 2143 2936 vero

558 2966 817 3021 Δηιδηὶηο
847 2974 919 3019 est
954 2964 1189 3019 Mascula
1219 2983 1275 3021 tt.
1314 2984 1369 3021 ιι.
1414 2983 1499 3021 Lx.
1536 2984 1583 3021 ι).
1616 2985 1648 3021 a
1672 2967 1914 3023 Thebeste
1940 2969 2141 3024 distans

556 3056 789 3111 euntibus
810 3057 877 3110 ad
895 3056 1190 3127 Sitifensem
1220 3059 1492 3112 coloniam.
1511 3058 1815 3112 Recensetur
1834 3060 1985 3114 etiam
2011 3062 2143 3116 inter

557 3148 817 3216 episcopos
850 3147 1114 3202 Numidia:
1145 3148 1498 3203 Januarianus
1535 3148 1936 3217 Masculitanus,
1969 3163 2015 3207 et
2037 3170 2141 3208 nte-

557 3240 704 3293 minit
735 3240 1052 3313 Augustinus
1097 3241 1187 3295 lib.
1218 3258 1273 3295 ιιι
1316 3252 1454 3296 cont.
1496 3242 1843 3310 Cresconium,
1880 3260 1996 3316 cap.
2045 3205 2216 3315 27,»c

559 3332 746 3387 Donati
778 3333 1133 3400 Masculitani,
1157 3334 1246 3405 qui
1276 3334 1329 3388 in
1353 3334 1571 3389 concilio
1606 3333 1824 3390 Cirtensi
1848 3337 2142 3394 Donatista-

558 3441 673 3479 rum
710 3441 847 3478 anno
875 3424 1003 3491 505,
1031 3425 1111 3478 cui
1135 3426 1341 3495 praefuit
1370 3425 1641 3481 Secundus
1676 3427 1995 3499 Tisigitanus
2027 3430 2142 3485 Nu-

559 3518 731 3573 midiae
755 3518 970 3589 primas,
1002 3517 1267 3588 confessus
1295 3529 1364 3573 est
1404 3536 1456 3572 se
1501 3520 1819 3574 traditorem.
1856 3521 2023 3577 llecte
2070 3523 2139 3580 de

560 3611 751 3666 Malchi
782 3610 913 3666 sede
948 3628 961 3664 :
990 3626 1112 3665 nam
1137 3612 1296 3666 etiam
1324 3610 1377 3663 in
1406 3612 1612 3680 synodo
1656 3612 1909 3667 Bonifacii
1953 3615 2140 3670 lauda-

559 3711 646 3757 tur
656 3700 686 3755 ,Ι
693 3700 938 3755 anuarius
953 3700 1327 3755 Masculitanus
1343 3702 1537 3773 legatus
1560 3703 1832 3772 provincia:
1850 3703 2137 3763 Numidia.

561 3796 947 3856 Verumtamen
976 3799 1031 3854 in
1064 3800 1128 3854 iis
1170 3814 1289 3869 qua
1334 3799 1479 3853 addit
1531 3808 1717 3868 peccat
1766 3800 1964 3855 biennii
2021 3817 2143 3871 pro-

560 3892 951 3948 chronismum.
1009 3890 1142 3944 Nam
1173 3890 1409 3961 synodus
1443 3890 1552 3949 illa,
1588 3900 1725 3946 teste
1754 3892 1946 3960 Optato
1974 3892 2066 3948 lib.
2101 3910 2139 3959 ι,

561 3992 673 4053 post
701 3982 1100 4053 persecutionem
1125 3981 1267 4051 apud
1296 3980 1493 4035 Cirtam
1520 3990 1695 4034 coacta
1719 3983 1835 4052 fuit.
1868 3983 1933 4036 Et
1962 3984 2142 4053 Augu-

560 4076 733 4130 stinus
778 4073 918 4127 libro
964 4072 1181 4127 laudato
1223 4087 1343 4141 cap.
1382 4072 1483 4137 ‘26,
1534 4073 1658 4126 ait:
1703 4070 1887 4126 Exstat
1915 4072 2143 4128 Secundi

562 4164 835 4235 Tisigitani
884 4162 1159 4217 concilium
1188 4179 1303 4215 cum
1330 4164 1652 4233 paucissimis
1694 4162 1901 4232 quidem
1950 4163 2143 4231 factum

562 4255 702 4325 apud
730 4251 943 4319 Cirtam,
989 4260 1101 4321 post
1142 4253 1542 4321 persecutionem
1592 4254 1822 4306 codicum
1870 4253 2145 4309 tradendo-

563 4361 703 4411 rum,
733 4352 790 4398 ut
810 4344 920 4397 illic
939 4344 993 4396 in
1024 4341 1195 4395 locum
1224 4343 1452 4412 defuncti
1488 4344 1813 4396 ordinaretur
1855 4345 2138 4412 episc0pus.

563 4438 636 4495 At
665 4452 731 4492 ex
765 4435 931 4506 gestis
958 4434 1371 4505 municipalibus
1405 4434 1707 4502 persecutio
1750 4434 1991 4489 codicum
2037 4445 2145 4488 tra-

563 4528 865 4587 dendorum
888 4525 1109 4595 inempit
1127 4525 1288 4579 Cirta
1302 4521 1618 4578 Diocletiano
1643 4524 1734 4579 vu't
1757 4535 1803 4579 et
1827 4524 2143 4581 Maximiano

564 4636 638 4677 vtt
666 4635 839 4674 conss.
862 4658 879 4685 ,
924 4633 1065 4673 anno
1092 4615 1219 4685 303,
1270 4632 1356 4671 xtv
1381 4616 1483 4671 kal.
1516 4614 1684 4683 Junii,
1712 4634 1777 4674 ex
1806 4618 1994 4673 eodem
2022 4633 2140 4688 cap.

565 4714 659 4782 29,
705 4710 867 4769 Cirtae
911 4712 1132 4767 sedente
1170 4709 1340 4763 Paulo
1369 4711 1627 4779 episcopo,
1659 4710 1741 4763 cui
1773 4717 1957 4779 postca
2002 4724 2145 4766 anno

567 4809 674 4865 305
703 4817 919 4863 mortuo
942 4805 1210 4877 Sylvanus
1243 4819 1521 4859 succeSsor
1552 4805 1707 4857 datus
1740 4811 1842 4858 est.
1892 4804 2146 4875 Augusti-

565 4916 668 4957 nus
691 4915 887 4956 annum
917 4908 970 4954 et
999 4897 1138 4952 diem
1170 4897 1358 4968 synodi
1389 4896 1647 4950 Cirtensis
1679 4896 1920 4966 designat
1943 4896 1995 4950 in
2024 4896 2148 4951 bre-

568 4996 744 5050 viculo
776 4993 1074 5050 collationis
1101 4991 1273 5045 tertia
1300 4990 1404 5045 diei
1453 5006 1569 5059 cap.
1607 4989 1693 5053 18,
1737 4989 1827 5043 ubi
1855 4998 1907 5044 et
1938 4982 2161 5059 tempus

571 5088 813 5142 durantis
861 5084 914 5139 in
950 5084 1127 5139 Africa
1183 5083 1573 5153 persecutionis
1617 5082 1776 5137 etiam
1818 5082 2144 5136 declaratur.

570 5178 747 5245 Gesta,
778 5177 967 5247 inquit,
998 5184 1306 5246 martyrum,
1348 5176 1527 5246 quibus
1558 5172 1913 5229 ostendebatur
1952 5185 2149 5246 tempus

570 5268 955 5343 persecutionis,
986 5268 1273 5321 consulibus
1315 5268 1452 5335 facta
1484 5276 1599 5319 sunt
1645 5265 1967 5319 Diocletiano
2002 5282 2055 5319 ιχ
2102 5274 2149 5319 et

574 5360 889 5415 Maximiano
922 5374 1033 5425 vttt,
1082 5358 1245 5427 pridie
1266 5359 1385 5411 idus
1420 5355 1771 5410 Februarias:
1801 5367 1940 5428 gesta
1974 5364 2149 5409 autem

572 5451 885 5523 episcopalia
910 5450 1099 5503 decreti
1141 5450 1382 5503 Cirtensis
1412 5458 1523 5519 post
1564 5448 1798 5502 eumdem
1826 5448 2148 5501 consulatum

2167 1822 2218 1885 B

2220 2227 2570 2299 .Fortunatus
2593 2239 2761 2286 noster
2781 2231 2848 2287 sit
2872 2232 3083 2304 hujusce
3109 2229 3357 2289 Ecclesia:
3378 2235 3641 2319 episcOpus.
3658 2232 3758 2288 Vah!

2240 576 2640 659 abdicationem
2688 576 3013 645 Diocletiani
3060 582 3117 632 et
3164 575 3473 649 Maximiani,
3496 582 3735 653 dominante

2240 654 2294 723 in
2325 654 2474 723 Italia
2502 677 2557 724 et
2584 667 2765 724 Africa
2797 669 3001 739 Severo
3030 667 3261 725 Casare.
3306 668 3494 729 Probat
3524 673 3623 734 hac
3655 681 3735 753 ipsa

2241 759 2484 830 pluribus
2513 761 2908 818 eruditissimus
2938 762 3203 817 Henricus
3228 762 3461 823 Valesius
3483 768 3533 823 in
3560 775 3673 839 notis
3691 780 3739 834 ad

2240 866 2361 923 cap.
2390 850 2424 905 2
2446 851 2539 906 lib.
2570 868 2664 907 vin
2690 853 2903 927 Eusebii
2934 852 3295 909 Caesariensis.
3314 855 3547 915 Hadriani
3578 862 3741 935 Henrici

2239 944 2423 998 fratris
2456 945 2665 1001 litteras
2696 961 2868 1014 nuper
2914 946 2991 1019 ad,
3029 955 3084 1000 te
3137 945 3291 1004 datas
3331 950 3456 1005 milii
3504 956 3741 1017 ostendisu.

2240 1026 2416 1090 Ambo
2446 1035 2514 1091 de
2551 1035 2911 1092 ecclesiastica
2952 1051 3017 1093 ac
3059 1036 3282 1109 profana
3312 1038 3522 1097 historia
3548 1042 3742 1107 benemo-

2240 1128 2354 1193 riti,
2386 1143 2449 1182 ac
2481 1128 2709 1198 proinde
2738 1136 2826 1182 tua
2858 1128 3089 1183 amicitia
3113 1129 3427 1201 dignissimi.

2310 1218 2604 1274 LlTTORlUS
2635 1219 2947 1275 Suanensrs.
2979 1218 3067 1275 Ita
3095 1220 3299 1291 quidem
3319 1221 3372 1275 in
3408 1221 3663 1293 collatione,
3685 1233 3746 1284 sed

2241 1315 2373 1385 forte
2402 1313 2671 1382 legendum
2705 1312 3058 1382 Sugunensis.
3084 1312 3301 1383 Ponitur
3322 1316 3450 1368 enim
3473 1316 3530 1369 ab
3549 1316 3750 1377 Antonino

2241 1406 2295 1459 in
2327 1404 2578 1459 Numidia
2600 1421 2757 1476 prape
2786 1403 2981 1459 Cirtam
3001 1403 3173 1478 Sugus
3194 1422 3213 1461 :
3236 1422 3515 1479 quanquam
3534 1409 3584 1464 in
3604 1410 3751 1469 Notitia

2242 1499 2596 1570 episcOporum
2628 1497 2892 1554 Numidia:
2910 1498 3213 1569 [inimentio
3246 1497 3435 1555 Felicis
3464 1501 3699 1559 Suabensis
3715 1508 3751 1560 in

2242 1589 2479 1644 exsilium
2501 1590 2659 1661 pulsi.
2694 1589 2748 1645 Si
2774 1606 2881 1645 non
2918 1590 3287 1660 perfunctorie
3308 1589 3549 1649 Notitiam
3570 1593 3751 1652 lectitas-

2242 1689 2346 1748 set,
2378 1682 2725 1763 cognovisset
2754 1680 2952 1738 ibidem
2995 1683 3288 1739 memorari
3322 1681 3567 1765 Victorem
3594 1686 3753 1757 Sugitu-

2242 1760 2407 1839 num;
2455 1774 2600 1829 unde
2654 1774 2943 1832 Suabensis
2982 1791 3079 1832 seu
3104 1760 3391 1834 Suavensis
3430 1764 3588 1847 (nun,
3626 1787 3673 1835 ut
3693 1780 3753 1838 ille

2245 1864 2343 1933 ait,
2385 1865 2689 1936 Suanensis)
2723 1868 2977 1924 Ecclesia
3008 1868 3064 1924 in
3102 1868 3413 1953 Sugitanam
3448 1873 3756 1929 convertenda

2250 1956 2572 2011 sententiam
2603 1957 2860 2013 exuisset.

2320 2045 2678 2103 Fonruns'rus
2705 2048 3312 2123 Casum-Cauneasrs.
3340 2049 3425 2105 Ita
3447 2050 3499 2125 in
3522 2051 3757 2121 collatione;

2246 2138 2334 2193 sed
2361 2153 2477 2191 cum
2500 2140 2668 2207 plures
2692 2140 2925 2209 ejusdem
2946 2130 3163 2196 nominis
3189 2128 3506 2217 censeantur,
3528 2143 3703 2196 dubium
3718 2161 3760 2197 an

2246 2322 2436 2394 quales
2466 2323 2627 2381 modo
2657 2325 2937 2397 scrupulos
2960 2326 3183 2395 patitur,
3206 2326 3300 2397 qui
3338 2325 3528 2396 passim
3565 2324 3761 2395 quosdam

2247 2415 2530 2487 episcopos
2573 2416 2639 2471 ad
2684 2416 2823 2472 hanc
2864 2404 3224 2489 synodum‘ex
3254 2400 3541 2495 collatione
3568 2414 3763 2482 admittit,

2246 2509 2365 2564 aliis
2402 2509 2642 2580 ejusdem
2673 2525 2895 2582 prorsus
2942 2510 3176 2566 nominis
3202 2510 3543 2587 prorarbitrio
3562 2506 3765 2567 exclusis!

2250 2602 2358 2658 Sex
2386 2600 2667 2659 Fortunati
2709 2603 2767 2659 in
2800 2594 3099 2659 collatione
3132 2602 3274 2658 inter
3310 2596 3599 2659 catholicos
3631 2615 3767 2675 secem

2247 2701 2475 2748 sentur:
2507 2692 2958 2761 Rusuccurensis,
2983 2693 3295 2765 Capsensis,
3318 2692 3770 2773 Constantiniensis;

2247 2786 2395 2856 prior
2445 2787 2678 2857 pertinet
2725 2788 2792 2843 ad
2842 2776 3170 2842 Mauritanos
3200 2782 3579 2869 Casarienses,
3598 2785 3708 2841 alter
3726 2781 3771 2839 all

2248 2880 2589 2951 Byzacenos,
2642 2890 2946 2952 postremus
2972 2880 3037 2935 ad
3066 2864 3358 2948 Numidas,
3392 2879 3480 2951 qui
3510 2886 3623 2934 ante
3646 2872 3772 2932 Passi

2246 2971 2391 3027 dium
2420 2970 2618 3040 legitur
2646 2970 2701 3026 in
2744 2970 3055 3042 epigraphe.
3096 2968 3232 3025 Tres
3272 2964 3773 3037 alii'recitantur,Ca-

2246 3061 2752 3127 sensi-Calanensis,
2783 3061 3172 3126 Abbenzensis,
3205 3069 3261 3116 et
3285 3061 3659 3117 Undesitensis.
3699 3053 3775 3111 Has
3868 3053 3869 3121 ἲ

2244 3156 2380 3211 duas
2409 3155 2678 3211 Ecclesiae
2725 3155 2943 3209 incerta
2972 3153 3265 3224 provinciae
3328 3151 3489 3222 vulgo
3533 3148 3773 3205 ascribunt.
3868 3148 3869 3199 ξ

2246 3253 2315 3308 At
2360 3254 2413 3309 in
2453 3251 2655 3307 Notitia
2704 3249 2967 3304 Numidia
3002 3248 3262 3304 recitatur
3295 3245 3563 3318 Optantius
3592 3238 3777 3298 Casensi-

2244 3342 2569 3400 Calanensis.
2603 3339 2897 3398 Garnerius
2925 3354 3053 3409 ergo
3079 3338 3290 3393 dubitat
3332 3353 3403 3393 an
3432 3334 3674 3392 Numidia
3699 3330 3779 3401 θυῖε

2244 3449 2441 3505 scopus
2469 3434 2797 3489 Fortunatus
2841 3428 3041 3487 sederit
3089 3428 3229 3500 apud
3261 3426 3556 3483 Ecclesiam
3580 3417 3779 3479 Casensi-

2245 3525 2620 3591 Calanensem,
2640 3537 2799 3593 quam
2817 3529 3023 3577 certum
3038 3519 3199 3576 estad
3219 3516 3524 3574 Numidiam
3538 3521 3777 3584 spectasse,

2245 3615 2333 3671 vel
2364 3615 2543 3684 potius
2592 3611 2753 3668 fuerit
2783 3612 3067 3681 episcopus
3096 3602 3399 3674 Undesita,
3427 3606 3510 3662 vel
3542 3602 3779 3665 Abbenw,

2246 3706 2467 3761 incerta
2497 3719 2721 3777 prorsus
2749 3701 3039 3773 provincia
3066 3701 3409 3771 oppidorum.

2316 3797 2563 3853 Dosnrus
2586 3796 2959 3850 TlBlLl’l‘ANUS.
2996 3792 3211 3863 Legitur
3250 3793 3307 3845 in
3347 3788 3613 3845 collatione
3644 3778 3781 3853 Tigili-

2246 3898 2417 3955 tanus,
2443 3889 2531 3942 sed
2562 3887 2742 3959 procul
2773 3885 2929 3939 dubio
2962 3884 3231 3949 mendose;
3260 3897 3425 3952 neque
3463 3880 3593 3934 enim
3632 3873 3784 3944 uspiam

2245 3981 2429 4035 mentio
2474 3981 2724 4051 reperitur
2766 3978 2984 4032 civitatis
3029 3976 3234 4047 Tigilis.
3290 3974 3549 4031 Libenter
3605 3965 3803 4043 admitto‘

2244 4072 2510 4126 Donatum
2567 4069 2667 4139 legi
2719 4070 2771 4123 in
2822 4068 3108 4123 collatione
3157 4066 3343 4136 procul
3391 4063 3545 4118 dubio
3590 4056 3781 4113 mendose

2244 4166 2613 4237 Tigilitanum,
2644 4162 2741 4219 sed
2768 4164 2834 4220 ab
2865 4177 2971 4218 uno
3003 4150 3317 4227 Garnerio,
3356 4146 3481 4215 nam
3506 4157 3593 4229 qui
3619 4154 3785 4209 litteras

2245 4257 2409 4322 norit,
2438 4256 2490 4310 in
2522 4270 2641 4324 cap.
2675 4254 2772 4309 121
2805 4252 3110 4309 collationis
3138 4252 3279 4321 leget
3310 4268 3324 4305 :
3369 4250 3607 4304 Donatus
3636 4245 3787 4313 episco-

2247 4364 2339 4418 pus
2369 4347 2698 4403 Tisilitensis.
2723 4346 2872 4401 Idem
2904 4346 3032 4400 dixit
3061 4362 3080 4401 :
3108 4344 3309 4399 Praesto
3332 4360 3480 4407 sum;
3504 4341 3588 4396 sed
3611 4352 3697 4393 non
3714 4333 3785 4384 ha-

2248 4441 2334 4495 beo
2383 4449 2557 4495 contra
2606 4456 2685 4495 me
2719 4440 2869 4494 etiam
2904 4440 3217 4509 episwpum.
3270 4436 3367 4493 Ille
3394 4451 3524 4491 vero
3556 4438 3788 4503 perperam

2250 4548 2348 4603 pro
2373 4532 2681 4599 Tisilitensi,
2714 4530 3165 4601 quemadmodum
3198 4530 3251 4584 in
3296 4528 3474 4583 tribus
3517 4516 3788 4580 editionibus

2250 4625 2534 4691 Massonis,
2563 4624 2907 4693 Albaspinai,
2936 4631 2990 4678 et
3016 4621 3217 4676 Labbei
3255 4620 3475 4691 legitur,
3507 4614 3789 4688 Tigilitanum

2247 4716 2400 4771 dixit.
2456 4715 2563 4770 Sed
2620 4729 2977 4784 prapropera
3026 4711 3245 4768 lectioni
3292 4710 3348 4765 id
3396 4710 3527 4765 vitio
3571 4710 3781 4760 vertatur.

2249 4808 2405 4863 Aliud
2433 4822 2656 4874 insuper
2679 4816 2886 4878 peccat,
2920 4806 3060 4876 quod
3091 4806 3145 4861 in
3171 4804 3306 4859 urbe
3339 4802 3627 4859 Tibilitana
3654 4795 3791 4878 Donaf

2250 4909 2362 4953 tum
2387 4877 2695 4968 episcopum
2734 4896 3057 4951 catholicum
3094 4895 3244 4966 ponit
3272 4908 3419 4948 anno
3444 4892 3570 4960 Ml,
3616 4900 3719 4942 cum
3753 4877 3790 4933 id

2252 4990 2515 5059 temporis
2542 4989 2679 5057 apud
2709 4987 3057 5043 Tibilitanum
3088 4985 3343 5057 oppidum
3374 4983 3590 5041 sederet
3617 4970 3794 5071 Simpli-

2251 5081 2368 5135 cius
2402 5079 2679 5135 Donatista
2707 5079 3027 5148 episcopus,
3074 5077 3162 5148 qui
3202 5092 3319 5148 cap.
3383 5074 3487 5130 I97
3537 5068 3791 5128 collationis

2252 5170 2389 5226 dixit
2413 5187 2427 5225 :
2461 5170 2822 5225 Adversarium
2846 5186 2948 5225 non
2976 5168 3157 5224 habeo.
3196 5167 3329 5223 Huic
3352 5176 3559 5230 tamen,
3580 5159 3699 5218 velit
3723 5168 3795 5209 uo-

2254 5264 2333 5332 lit,
2360 5263 2622 5319 Donatum
2642 5260 2976 5318 Catholicam
3006 5263 3057 5317 in
3090 5261 3276 5317 eadem
3307 5261 3445 5316 urbe
3470 5247 3793 5313 adversarium

2249 5358 2425 5429 jungit
2451 5374 2465 5411 :
2497 5371 2619 5413 cum
2656 5366 2881 5427 uterque
2909 5372 3003 5412 sua
3039 5357 3090 5411 in
3120 5356 3339 5411 civitate
3380 5362 3607 5411 testatus
3628 5344 3690 5403 sit
3713 5352 3795 5395 non

2256 5451 2454 5507 habere
2500 5450 2873 5505 adversantem
2910 5450 3309 5518 coepiscopum.
3367 5444 3539 5500 Estne
3580 5441 3673 5494 lioc
3704 5444 3795 5487 eru‘

574 5544 728 5599 tertio
756 5558 918 5597 nonas
948 5540 1186 5606 Martias,
1210 5559 1271 5594 ac
1304 5557 1392 5610 per
1438 5539 1532 5593 hoc
1568 5540 1805 5593 tredecim
1844 5554 2033 5591 menses
2068 5538 2153 5591 in-
2256 5541 2489 5597 ditornm
2518 5542 2771 5611 patientia
2800 5540 2983 5595 abuti?

574 5646 758 5691 teresse
782 5635 1125 5689 inveniuntur.
1161 5633 1335 5687 Habes
1356 5647 1422 5686 ex
1445 5632 1741 5700 Augustino
1781 5630 1998 5684 savisse
2028 5644 2149 5699 per-

573 5728 904 5784 secutionem
933 5740 1072 5780 anno
1122 5724 1281 5779 etiam
1312 5724 1449 5790 504,
1499 5736 1618 5777 cum
1673 5730 1937 5793 martyres
1985 5719 2151 5775 occisi

577 5829 729 5888 sunt;
748 5819 1011 5891 synodum
1029 5832 1157 5874 vero
1173 5816 1471 5873 Cirtensem
1495 5821 1731 5872 coactam
1755 5828 1896 5870 anno
1915 5811 2041 5881 505,
2066 5812 2153 5870 die

2325 5632 2679 5699 PONTICANUS,
2708 5632 3063 5695 Suumvnws,
3110 5630 3496 5691 Cuntsronrus,
3544 5621 3795 5677 ﬂosculus.

2256 5723 2471 5780 Luctus.
2507 5722 2724 5777 Incerta:
2750 5722 2905 5777 sedis.
2936 5721 3055 5778 Uno
3085 5719 3250 5777 verbo
3275 5725 3450 5775 semet
3476 5720 3700 5771 censurae
3724 5711 3796 5774 νγ

2261 5813 2453 5881 riculo,
2483 5826 2581 5870 nos
2610 5811 2856 5869 molestia
2880 5808 3094 5867 liberat.
