3954 6364
187 434 283 512 soi

883 451 1228 508 vsmonuu
1267 447 1858 507 EXERCITATJONES
1898 449 1961 503 1N
2002 426 2058 505 s.
2099 450 2463 506 AUGUSTINI
2502 416 2746 507 erant.

3328 450 3434 508 302

256 572 567 623 Aoeoosrus
595 567 1033 623 BELLALITBNSIS.
1062 567 1148 620 Ita
1169 566 1373 638 quidem
1400 567 1453 619 in
1480 563 1755 619 collatione
1784 563 1833 625 Α
1864 561 2001 616 Rufo
2043 563 2093 615 in
2135 562 2425 617 Breviario.
2476 562 2551 615 Ex
2604 562 2797 632 quibus
2850 562 3126 617 evidenter
3171 561 3436 633 colligitur

185 661 470 729 appellatur
501 660 765 725 Ecclesia;
794 660 881 714 sed
925 660 977 714 in
1021 659 1223 715 Notitia
1269 660 1531 715 Numidia'
1567 658 1753 728 legitur

186 752 550 805 Bz'llalisensis.
585 750 682 805 Ubi
731 766 847 805 vero
889 750 1159 806 Numidiae
1186 752 1285 806 sita
1324 751 1475 822 fuerit
1503 749 1754 821 ejusmodi

186 845 376 907 civitas,
401 845 769 911 incompertum
791 842 917 897 mihi
947 853 1038 898 est.
1086 843 1192 899 Sed
1223 859 1341 899 cum
1370 843 1628 899 Garnerio
1658 858 1751 898 ex-

126 936 129 943 ’
187 934 478 1004 postulabit
502 935 637 989 alter
659 934 899 1003 ejusdem
935 936 1167 990 nominis
1195 937 1478 1006 episcopus
1511 936 1754 997 Numida,

187 1028 272 1096 qui
304 1014 420 1095 cap.
452 1024 556 1080 129
585 1024 780 1080 dicitur
824 1026 1118 1081 Adeodatus
1160 1028 1425 1097 episcopus
1454 1026 1609 1096 plebis
1656 1025 1759 1078 Ba-

188 1120 426 1173 scritana:
451 1135 471 1174 :
504 1133 623 1172 nam
646 1119 784 1175 hanc
830 1119 1016 1174 urbem
1048 1119 1101 1174 in
1129 1119 1372 1174 Numidia
1409 1117 1573 1173 fuisse
1601 1119 1761 1174 docet

188 1209 382 1265 Nomia
406 1210 646 1279 ejusdem
694 1210 1001 1280 provinciae,
1048 1210 1104 1265 in
1132 1226 1233 1280 qua
1267 1212 1515 1266 laudatur
1549 1210 1758 1265 Vitalia-

191 1318 281 1356 nus
306 1302 677 1368 Vasaritanus;
706 1311 760 1359 et
786 1304 882 1357 loci
912 1303 1209 1358 Vazaritani
1231 1306 1285 1358 lit
1313 1305 1515 1359 mentio
1544 1320 1662 1359 can.
1690 1304 1758 1359 54

191 1393 603 1451 Cod.Al‘ricani.
647 1395 829 1465 Itaque
870 1410 1021 1451 mere
1061 1410 1157 1464 pro
1202 1396 1427 1450 arbitrio
1455 1397 1761 1451 Bellaliten-
1816 1430 1819 1435 ι

191 1500 303 1542 sem
324 1487 578 1552 obtrudit,
606 1488 823 1542 excluso
848 1488 1183 1542 Bazaritano.
1207 1488 1383 1555 Quare
1408 1487 1566 1554 hujus
1587 1486 1765 1542 Adeo.

193 1576 301 1632 dati
330 1579 415 1648 qui
443 1579 497 1632 in
528 1578 734 1648 synodo
765 1579 1094 1642 nominatur,
1136 1578 1329 1633 civitas
1367 1579 1526 1633 etiam
1559 1579 1760 1632 incerta

194 1678 294 1733 est,
325 1675 378 1723 et
405 1683 509 1722 non
540 1678 742 1723 tantum
773 1670 906 1724 situs
944 1669 1199 1732 civitatis,
1243 1678 1301 1723 ut
1323 1670 1412 1723 ille
1438 1670 1760 1723 afﬁrmabat.

266 1759 580 1813 Pcocssscs.
615 1758 815 1829 Ignota:
842 1760 1000 1815 sedis.
1034 1760 1393 1815 Procedamus
1423 1759 1487 1813 ad
1516 1770 1691 1814 notas.

262 1851 585 1905 Caescomus
635 1849 1112 1906 Ceureusmeusrs.
1166 1849 1252 1904 Ita
1289 1848 1477 1921 legitur
1518 1852 1573 1902 in
1606 1847 1766 1902 colla-

1859 654 2185 708 Tubiensem
2216 653 2507 708 Ecclesiam
2554 654 2674 708 huic
2703 653 2989 722 provinciae
3030 653 3428 719 ascribendam,

1859 758 1964 798 non
1989 759 2115 798 vero
2139 743 2427 809 Numidiae;
2455 745 2586 798 alias
2615 745 2768 798 istius
2798 745 3090 813 provinciae
3122 744 3283 815 legati
3307 760 3434 799 con-

1861 841 1940 889 tra
1987 834 2329 890 Cresconium
2386 835 2689 902 stetissent,
2741 851 2846 892 non
2900 846 3077 892 autem
3128 837 3430 894 Sitifenses.

1862 925 2085 980 Carolus
2114 942 2141 979 a
2175 928 2233 981 S.
2282 926 2445 979 Paulo
2477 926 2754 981 Tubiensis
2801 929 3139 999 episcopatus
3180 946 3287 986 non
3322 945 3428 986 meo

1864 1016 2036 1080 minii,
2066 1025 2120 1070 et
2148 1016 2459 1071 Holstenius
2493 1032 2611 1086 pag.
2644 1016 2713 1071 65
2741 1028 2794 1071 et
2825 1019 2894 1073 96
2924 1029 3169 1074 notarum
3198 1021 3264 1076 ad
3288 1035 3435 1075 eum»

1863 1107 1984 1163 dem
2018 1108 2193 1163 minus
2241 1117 2384 1162 recte
2416 1123 2534 1160 cum
2565 1106 2874 1163 Tubunensi
2904 1110 3212 1176 confundit;
3256 1110 3435 1166 Tubu-

1869 1215 1951 1254 nas
1983 1200 2125 1254 enim
2147 1209 2301 1255 erant
2332 1200 2382 1252 in
2424 1199 2693 1266 Numidia,
2720 1208 2779 1253 ut
2806 1212 2987 1269 postea
3010 1200 3204 1257 dicam.
3238 1201 3438 1257 Carne-

1866 1292 1979 1346 rius
2030 1291 2171 1360 quod
2224 1292 2550 1346 Cresconius
2605 1291 2791 1345 relicto
2844 1292 3039 1361 oppido
3094 1292 3440 1362 Villaregensi

1872 1383 2201 1438 Tubiensem
2246 1384 2425 1439 sedem
2471 1387 2799 1454 occupavit,
2856 1393 3131 1453 utramque
3186 1385 3442 1439 Numidia:

1870 1477 2061 1533 urbem
2112 1478 2361 1532 asseruit.
2403 1477 2610 1532 Scimus
2653 1494 2718 1531 ex
2760 1477 3000 1543 Socrate,
3042 1476 3359 1547 Sozomeno,
3393 1486 3445 1535 et

1869 1569 2216 1625 Theodoreto
2242 1569 2497 1623 Euzoium
2536 1570 2684 1637 prius
2732 1568 2939 1624 sedisse
2978 1569 3117 1639 apud
3167 1568 3445 1624 Germani-

1868 1662 2003 1717 ciam
2047 1663 2097 1715 in
2130 1660 2482 1728 Euphratensi
2518 1661 2819 1729 provincia,
2864 1661 2987 1716 dein
3024 1662 3442 1716 Antiochensem

1870 1753 2123 1808 thronum
2169 1753 2451 1813 invasisse.
2494 1760 2769 1822 postremo
2806 1750 3446 1823 Constantinopolitanam

1871 1848 2053 1901 sedem
2104 1859 2408 1913 usurpasse.
2458 1844 2725 1900 Eusebius
2789 1853 2924 1900 teste
2968 1845 3175 1915 synodo
3222 1845 3446 1899 Alexan-

198 1942 347 1994 tione.
375 1939 442 1992 Et
463 1957 575 1993 vero
601 1941 657 1995 in
701 1940 899 1993 Notitia
922 1940 1275 2010 episcoporum
1308 1939 1567 1993 Numidia:
1600 1954 1771 1992 nume-
1799 1941 1847 2002 B
1873 1936 2024 1993 drina
2054 1938 2103 1991 in
2147 1937 2387 2007 apologia
2428 1936 2662 2024 secunda
2703 1937 2762 1995 S.
2800 1938 3099 2005 Athanasii,
3133 1940 3304 2008 primo
3350 1942 3449 1993 Be-
3494 1940 3504 1950 '

196 2042 337 2085 ratur
378 2031 506 2085 inter
547 2034 731 2103 ejectos
759 2031 875 2084 inde
904 2032 1166 2101 episcOpos
1192 2030 1481 2085 Florentius
1510 2029 1759 2086 Centena-

197 2122 393 2175 riensis.
423 2122 557 2176 Cum
579 2121 763 2191 plures
790 2120 1065 2176 Cresconii
1100 2123 1151 2176 in
1177 2122 1461 2177 collatione
1490 2137 1769 2178 numeren-

201 2222 305 2279 tur,
340 2214 481 2267 hunc
509 2214 600 2283 qui
645 2212 920 2283 trigesimo
947 2213 1068 2268 loco
1112 2214 1165 2267 in
1192 2215 1482 2284 epigraphe
1526 2216 1770 2268 nomina-

198 2312 305 2370 tur,
336 2304 540 2359 sedisse
568 2303 706 2373 apud
738 2304 1117 2361 Centenarium
1149 2306 1242 2373 (ita
1274 2305 1377 2361 hoc
1398 2307 1652 2375 Oppidum
1685 2322 1771 2375 ap-

200 2399 423 2469 pellatur
469 2398 524 2453 in
572 2397 790 2453 Tabulis
833 2398 1297 2467 Peutingerianis)
1339 2398 1468 2462 sine:
1492 2408 1625 2453 teste
1666 2414 1771 2451 non

200 2488 449 2553 credam;
494 2502 617 2542 cum
647 2487 944 2557 praesertim
975 2488 1114 2543 idem
1142 2488 1432 2543 Garuerius
1462 2490 1528 2544 de
1550 2489 1773 2545 Cresco-

201 2582 410 2639 uiorum
442 2581 496 2635 in
526 2578 773 2637 Numidia
805 2579 1029 2635 urbibus
1059 2580 1193 2634 nihil
1244 2581 1381 2635 certi
1435 2595 1493 2635 se
1536 2589 1776 2637 statuere

203 2687 362 2743 posse
392 2673 620 2741 ingenue
646 2672 898 2737 fateatur,
928 2679 989 2726 ut
1016 2686 1115 2726 suo
1146 2673 1369 2729 inferius
1399 2674 1518 2729 loco
1550 2674 1770 2729 videbis.

267 2763 541 2820 Secuuous
579 2763 1089 2825 Macanuaurmus,
1135 2776 1230 2818 seu
1278 2765 1555 2825 Aoueusm.
1616 2763 1774 2829 Quem

204 2853 689 2925 Nagarmelitanum
712 2852 916 2907 collatio
938 2854 1083 2918 dicit,
1114 2852 1397 2921 Aquensem
1418 2862 1663 2923 praeterea
1692 2870 1778 2906 vo-

203 2956 282 3001 cat
310 2947 644 3018 Augustinus.
674 2945 943 3016 Nusquam
972 2946 1027 3000 in
1051 2946 1334 3015 Augustini
1362 2946 1513 3002 libris
1541 2947 1775 3002 Secundi

204 3054 301 3095 nec
325 3038 759 3111 Magannelitani,
813 3053 911 3093 nec
950 3038 1196 3109 Aquensis
1247 3054 1441 3094 nomen
1486 3040 1777 3108 reperitur.

204 3130 262 3185 In
301 3130 486 3185 libello
526 3139 729 3184 tantum
770 3130 987 3199 Leporii
1038 3130 1151 3184 haec
1192 3130 1513 3199 subscriptio
1540 3132 1777 3201 legitur:

206 3219 473 3276 Secundus
493 3221 753 3290 episcopus
770 3221 1039 3289 Aquensis,
1062 3222 1162 3275 sive
1194 3220 1581 3292 Megarmitana:
1611 3223 1778 3278 oblato

1878 2032 1980 2101 ryti
2009 2031 2060 2083 in
2095 2030 2265 2099 prima
2295 2028 2565 2086 Phoenicia
2591 2033 2875 2102 episcopus
2905 2031 3025 2099 fuit,
3055 2032 3177 2089 inde
3206 2034 3258 2088 in
3291 2032 3450 2087 NICO-

1872 2122 2207 2177 mediensem
2240 2122 2291 2175 in
2336 2123 2585 2194 Bithynia
2612 2124 2793 2179 sedem
2840 2139 2898 2179 se
2944 2125 3193 2194 intrusit,
3240 2125 3451 2181 tandem

1874 2213 2085 2268 favente
2130 2213 2445 2268 Constantio
2506 2216 2744 2285 Augusto
2800 2215 3452 2285 Constantinopolitanam

1875 2304 2120 2373 arripuit,
2148 2320 2343 2374 semper
2370 2306 2593 2359 aliorum
2621 2306 2873 2373 civitates,
2906 2307 3066 2360 oculis
3097 2323 3185 2377 per
3211 2306 3453 2361 invidiam

1875 2398 2137 2466 conjectis,
2173 2397 2420 2451 oblimans
2448 2408 2597 2467 atque
2636 2400 2903 2454 arrodens.
2962 2399 3118 2454 Juxta
3165 2400 3454 2455 illationcm

1877 2488 2123 2544 Garnerii
2154 2489 2207 2543 in
2231 2490 2420 2544 eadem
2447 2490 2720 2558 provincia
2743 2500 2903 2545 erunt
2931 2500 3242 2565 memorata:
3270 2492 3454 2557 urbes,

1877 2595 1998 2637 cum
2026 2594 2200 2636 tamen
2221 2581 2719 2653 Constantinopolis
2760 2582 2922 2638 fuerit
2962 2584 3016 2637 in
3060 2583 3293 2653 Europa,
3341 2585 3455 2638 alite

1880 2687 2013 2728 vero
2043 2674 2097 2727 in
2125 2673 2289 2728 variis
2314 2687 2376 2729 ac
2404 2674 2500 2728 abs
2525 2689 2585 2729 se
2625 2674 2852 2730 invicem
2894 2676 3114 2731 remotis
3144 2675 3284 2730 Asiae
3333 2691 3455 2745 pro-

1880 2763 2091 2817 vinciis.
2123 2761 2285 2818 Forte
2314 2778 2420 2833 quo
2445 2778 2690 2818 erronem
2741 2765 2899 2818 istum
2948 2764 3293 2819 Cresconium
3341 2766 3455 2820 lon-

1881 2853 2049 2924 gioris
2080 2854 2288 2908 itineris‘
2318 2853 2565 2909 molestia
2595 2855 2869 2922 liberaret,
2896 2864 3180 2927 utrumque
3208 2856 3457 2925 oppidum

1882 2942 2247 3013 Villaregense
2277 2953 2333 3000 et
2357 2945 2627 2999 Tubiense
2653 2946 2703 2999 in
2734 2946 2919 3000 eadem
2956 2947 3229 3014 provincia
3263 2948 3458 3016 posuit.

1883 3042 1941 3089 ut
1964 3034 2281 3089 Cresconius
2308 3036 2372 3090 de
2396 3050 2504 3091 uno
2531 3036 2597 3091 ad
2625 3027 2853 3091 alterum
2887 3037 3042 3092 facile
3072 3038 3385 3094 transiliret.

1956 3125 2258 3179 Asu'rtcus.
2291 3124 2511 3179 Incerta:
2559 3126 2713 3192 sedis,
2759 3128 3190 3199 quemadmodum
3216 3138 3265 3183 et
3300 3128 3458 3185 RUFI-

1888 3231 2099 3272 nuucs.
2132 3216 2323 3271 Nullus
2366 3217 2453 3272 hic
2478 3219 2741 3273 censoriae
2785 3221 3090 3276 severitatis
3138 3230 3278 3277 notae
3318 3222 3460 3278 locus

205 3312 347 3366 nobis
377 3328 410 3365 a
438 3311 656 3382 Leporio
694 3311 864 3365 libello
904 3313 1203 3378 subscripsi.
1259 3312 1354 3367 Ubi
1387 3329 1492 3367 non
1526 3314 1775 3382 Augusti-
1806 3298 1856 3366 (ἶ
1884 3317 1988 3366 est.
2019 3307 2208 3363 Melius
2234 3307 2309 3362 illi
2342 3308 2502 3362 vertit
2531 3309 2777 3379 ignorare
2805 3326 2966 3381 quam
2998 3312 3214 3370 docere.

206 3417 327 3467 nus,
357 3402 450 3471 qui
475 3401 668 3456 ibidem
693 3401 882 3457 eodem
906 3400 1065 3455 modo
1087 3402 1420 3471 subscriptus
1450 3404 1664 3474 legitur,
1687 3404 1780 3460 sed

206 3493 318 3563 ipse
342 3491 633 3549 Secundus
662 3507 722 3547 se
749 3494 1053 3562 Aquensem
1083 3492 1237 3547 dixit.

272 3584 443 3639 Fs;th
470 3583 909 3641 VILLABBGSNSIS.
969 3585 1079 3640 Etsi
1128 3595 1319 3640 certum
1360 3597 1434 3641 est
1480 3603 1543 3642 ea:
1587 3588 1783 3642 duobus

204 3677 437 3746 ejusdem
457 3677 675 3730 nominis
692 3679 939 3747 episcopis
960 3677 1221 3733 Numidia:
1245 3680 1462 3733 alterum
1486 3684 1640 3750 fuisse
1669 3682 1785 3734 Vil-

200 3771 521 3841 laregensem
546 3808 563 3835 ,
604 3770 820 3824 alterum
868 3770 1189 3836 Tubiensem,
1224 3774 1430 3825 dubium
1469 3782 1634 3827 tamen
1676 3784 1787 3827 uter

200 3870 379 3919 Iuram
411 3860 680 3914 ecclesiam
704 3860 913 3913 rexerit.
945 3860 1160 3926 Postea,
1191 3878 1353 3915 canon
1374 3862 1443 3916 48
1466 3862 1594 3918 Cod.
1622 3863 1785 3932 Afric.

199 3952 431 4005 continet
454 3966 663 4004 causam
694 3950 949 4003 Cresconii
985 3949 1368 4020 Villaregensis,
1418 3953 1506 4021 qui
1543 3969 1658 4006 cum
1690 3954 1791 4006 ’l‘u-

200 4040 431 4096 h'ensem
460 4041 742 4095 Ecclesium
771 4040 1016 4095 uiolenter
1048 4041 1332 4108 invasisset,
1362 4044 1538 4095 relicta
1569 4044 1789 4097 Villare-

200 4133 369 4204 gensi,
400 4132 687 4201 saepiusque
723 4131 1015 4185 admonitus
1046 4128 1242 4203 fuisset,
1291 4136 1655 4189 contumaciter
1698 4153 1793 4206 pa-

203 4239 321 4278 rere
351 4225 736 4285 detrectaverat.
767 4225 950 4279 Verum
976 4242 1093 4283 cum
1114 4229 1455 4295 expostulatio
1480 4229 1616 4296 facta
1642 4233 1792 4299 fuerit

206 4318 271 4369 ab
303 4315 580 4375 Honorato
609 4328 656 4371 et
691 4317 895 4372 Urbano
920 4318 1250 4373 Mauritania:
1278 4318 1544 4388 Sitifensis
1589 4322 1792 4393 legatis,

210 4408 473 4477 conjicere
495 4418 661 4478 posset
683 4409 890 4479 aliquis,
914 4424 1004 4463 nec
1026 4419 1209 4465 temere
1237 4420 1500 4480 utramque
1524 4414 1796 4482 praefatam

214 4494 508 4551 Ecclesium
539 4499 607 4551 ad
640 4497 828 4553 hancce
861 4497 1233 4554 Mauritaniam
1261 4501 1531 4571 pertinere.
1557 4502 1661 4557 Sed
1685 4520 1796 4557 cum

218 4586 437 4643 Notitia:
454 4600 636 4644 auctor
662 4590 715 4643 in
758 4591 1068 4645 contrarium
1113 4593 1316 4657 sentiat,
1356 4593 1439 4645 vix
1476 4608 1567 4664 ego
1608 4596 1797 4664 possim

1955 3399 2262 3454 FAUS'I‘INUI
2280 3400 2625 3455 SILLITENSIS.
2661 3400 2748 3455 Ita
2776 3403 2831 3455 in
2855 3402 3169 3471 collatione;
3219 3406 3277 3474 fit
3302 3418 3463 3462 autem

1881 3493 1938 3547 in
1968 3490 2173 3546 Notitia
2198 3491 2548 3562 episcoporum
2572 3492 2835 3547 Numidia:
2864 3496 3051 3549 mentio
3082 3495 3298 3550 Maximi
3322 3496 3464 3553 Sillio

1885 3587 2011 3639 lani.
2044 3584 2311 3655 Exspecta
2342 3600 2652 3654 parumper,
2685 3595 2741 3642 et
2768 3588 2993 3643 alterum
3020 3588 3332 3644 Faustinum
3367 3592 3465 3646 Sil-

1886 3679 2105 3734 litanam
2134 3677 2446 3732 cathedram
2473 3692 2578 3731 una
2607 3680 2785 3765 .simul
2813 3680 3091 3735 sedentem
3113 3680 3326 3747 audies;
3362 3683 3465 3737 imo

1888 3769 2101 3823 tertium
2125 3767 2441 3822 Faustinum
2468 3769 2863 3837 supposititium
2888 3771 2941 3823 in
2970 3769 3070 3825 hac
3089 3771 3316 3841 synodo,
3341 3771 3457 3827 Gar-

1888 3860 2040 3916 nerio
2062 3868 2301 3923 auctore,
2335 3859 2561 3914 videbis.

1961 3951 2257 4007 Ssnvusom
2291 3950 2566 4004 Buneusrs.
2597 3948 2683 4003 Ita
2709 3952 2760 4003 in
2779 3952 3072 4017 collatione,
3096 3954 3197 4006 nisi
3219 3955 3353 4023 quod
3380 3958 3465 4009 ad-

1894 4044 2030 4096 ditur
2064 4041 2438 4094 Tubursicensis
2466 4039 2636 4093 Barce.
2681 4038 2865 4093 Verum
2896 4042 2949 4095 in
2968 4041 3185 4109 ‘Notitia
3208 4044 3462 4114 episcopo-

1891 4150 2007 4187 rum
2040 4132 2298 4187 Numidia:
2347 4132 2535 4184 dicitur
2575 4132 2873 4200 simpliciter
2920 4131 3162 4186 Leontius
3202 4131 3466 4199 Burensis.

1892 4224 2008 4280 Non
2054 4238 2161 4278 uno
2190 4222 2317 4277 vitio
2344 4222 2550 4281 laborat
2578 4222 2681 4277 hoc
2716 4222 2980 4279 scholion.
3016 4223 3292 4294 Agnomen
3322 4225 3471 4281 urbis

1894 4330 1993 4386 pro
2018 4316 2257 4384 ejusdem
2286 4315 2501 4369 nomine
2537 4314 2792 4369 obtrudit.
2820 4312 2952 4368 Cum
2976 4315 3169 4385 duplex
3196 4324 3342 4371 esset
3365 4317 3471 4371 Tu-

1896 4408 2145 4464 bursicus
2175 4410 2227 4462 in
2256 4408 2457 4472 Africa,
2504 4422 2604 4460 una
2632 4407 2772 4460 dicta
2818 4416 2900 4461 est
2928 4406 3254 4462 Tubursicus
3296 4408 3468 4473 Buraz,

1897 4499 2065 4554 altera
2097 4498 2491 4552 Numidiarum.
2526 4498 2675 4550 Patet
2702 4511 2765 4551 ex
2796 4497 3110 4562 collatione,
3138 4498 3190 4551 in
3221 4513 3324 4567 qua
3352 4512 3473 4568 cap.

1901 4588 1999 4643 1³21
2030 4589 2272 4643 laudatur
2302 4588 2569 4643 Servusdei
2605 4588 2874 4656 episc0pus
2905 4587 3062 4656 plebis
3090 4586 3473 4642 Tubursicensis

221 4684 567 4753 coniecturam
595 4683 809 4753 probare
844 4698 862 4737 :
892 4684 1003 4753 quis
1041 4685 1174 4737 enim
1207 4683 1412 4739 Victore
1441 4659 1670 4740 Uticensi
1694 4704 1798 4743 me-
1826 4659 2077 4744 B‘Burae,
2126 4689 2309 4735 contra
2352 4694 2509 4749 quem
2549 4678 2785 4733 Donatus
2838 4678 3119 4733 hmreticus
3149 4679 3342 4745 stabat,
3384 4680 3472 4749 qui

224 4770 329 4825 lius
356 4773 509 4826 situm
538 4772 798 4826 ciuitatum
822 4773 1032 4843 Africa,
1065 4773 1510 4846 Ecclesiarumque
1534 4794 1569 4831 a
1588 4779 1693 4833 suis
1722 4796 1801 4833 re-

230 4868 427 4916 clarum
460 4864 611 4918 sociis
660 4864 947 4919 distinctius
1004 4866 1242 4920 noverit?
1290 4868 1462 4933 Quare
1502 4870 1662 4925 donec
1713 4872 1803 4925 lux

229 4952 435 5008 aliunde
471 4957 636 5025 major
665 4954 934 5027 affulgeat,
984 4955 1197 5011 Notitiat
1239 4959 1605 5014 adiuvandum
1656 4974 1796 5032 puto.

229 5039 467 5113 Cespitat
506 5046 559 5101 in
592 5046 750 5116 plano
776 5088 789 5111 ,
819 5057 873 5102 et
914 5048 967 5101 in
996 5047 1220 5104 meridie
1247 5053 1492 5121 majorem
1522 5053 1683 5107 lucem
1709 5070 1802 5108 ex-

230 5144 405 5204 aptat.
443 5139 555 5194 Sibi
585 5139 735 5210 tingit
775 5140 1138 5196 testimonium
1170 5140 1381 5199 Notitiae
1410 5146 1637 5200 canonis
1663 5147 1803 5201 Alri-

232 5230 355 5312 cani
403 5230 556 5286 dictis
582 5230 880 5286 adversari.
922 5232 980 5287 In
1023 5232 1218 5287 Notitia
1262 5233 1524 5291 Numidiae
1557 5238 1807 5292 scribitur

234 5316 468 5378 Donatus
502 5323 899 5395 Villaregensis;
939 5333 996 5379 at
1018 5326 1306 5383 'l‘ubiensis
1344 5328 1585 5385 Ecclesia
1610 5330 1808 5387 ibidem

236 5424 349 5468 non
374 5416 644 5473 recitatur.
668 5416 851 5486 Itaque
867 5416 1188 5473 Cresconius
1215 5433 1282 5473 ex
1302 5419 1436 5475 urbe
1460 5419 1809 5491 Villaregensi

236 5500 497 5562 Numidia;
521 5506 590 5563 ad
616 5506 988 5563 Mauritaniam
1026 5507 1335 5564 Sitifensem
1372 5510 1661 5579 prolectus,
1693 5511 1803 5565 Tu-

239 5594 477 5654 biensem
514 5597 711 5655 ibidem
756 5597 1054 5653 Ecclesium
1101 5599 1395 5654 invaserat.
1466 5599 1601 5655 Hinc
1648 5601 1808 5670 legati

240 5683 514 5755 Sitifenses
543 5689 750 5757 petiere
774 5702 806 5741 a
846 5688 1052 5759 synodo
1078 5697 1134 5743 ut
1165 5702 1327 5758 agere
1367 5698 1589 5757 possent
1623 5701 1810 5747 contra

243 5776 618 5858 Cresconium,
671 5795 859 5836 coram.
900 5790 1087 5836 rectore
1132 5781 1457 5851 prouincias;
1507 5793 1622 5837 erat
1669 5786 1809 5857 enim

242 5865 559 5927 Mauritania
576 5868 845 5930 Sitifensis
870 5870 1147 5939 provincia
1172 5870 1468 5941 prasidalis
1490 5881 1626 5929 teste
1648 5873 1811 5930 Sexto

1903 4787 2022 4842 cap.
2038 4771 2143 4827 906
2168 4771 2361 4825 dicitur
2386 4769 2616 4823 Donatus
2636 4768 3039 4834 Tubursicensis,
3065 4783 3236 4838 neque
3261 4767 3473 4823 additur

1905 4865 2091 4928 Buraz;
2117 4866 2256 4918 unde
2288 4871 2497 4918 constat
2523 4863 2838 4917 Serv‘umdei
2871 4877 2977 4915 non
3026 4875 3146 4916 esse
3190 4860 3475 4916 dicendum

1906 4957 2220 5019 Burensem,
2245 4955 2339 5009 sed
2369 4956 2851 5019 Tubursicensem;
2883 4968 2911 5005 a
2934 4952 3149 5007 nomine
3178 4952 3343 5019 enim,
3370 4968 3477 5008 non

1908 5050 1976 5104 ab
2006 5050 2291 5119 agnomine
2316 5049 2461 5103 urbis
2484 5046 2829 5118 appellandus
2851 5055 2933 5101 est
2958 5064 2969 5097 ι
3001 5046 3105 5100 hoc
3144 5046 3287 5109 enim
3320 5045 3479 5116 hujus

1910 5143 2235 5199 Tubursicus
2264 5142 2332 5197 ab
2375 5142 2541 5197 altera
2591 5142 2741 5196 istius
2771 5141 3001 5195 nominis
3044 5141 3179 5196 urbe
3209 5141 3480 5197 distinctio
3519 5186 3529 5215 κ

1912 5242 2121 5289 tantum
2168 5234 2514 5304 signiﬁcatur.
2549 5232 2622 5286 lta
2650 5232 2874 5286 dicimus
2902 5230 3250 5299 Ultrajectum
3280 5230 3478 5299 Rheni,
3514 5218 3527 5313 ε

1915 5334 1976 5382 ut
2002 5325 2103 5379 hoc
2124 5324 2377 5394 oppidum
2400 5323 2466 5378 ab
2488 5321 2778 5391 Ultrajecto
2795 5320 2862 5375 ad
2887 5322 3084 5375 Mosam
3115 5336 3481 5388 secernamus,
3514 5318 3523 5394 ζ

1916 5423 1972 5471 et
1998 5428 2275 5484 perperam
2320 5414 2438 5482 quis
2468 5412 2623 5480 hujus
2671 5411 2903 5465 civitatis
2932 5410 3239 5479 episcopum
3271 5422 3482 5467 vocaret
3513 5410 3533 5439 ’τ

1918 5507 2221 5562 Mosensem.
2246 5506 2426 5561 Altera
2445 5503 2769 5558 Tubursicus
2786 5503 3062 5557 dicebatur
3088 5501 3484 5558 Numidiamm.‘

1913 5600 1989 5656 ita
2038 5600 2092 5654 in
2136 5598 2322 5654 eadem
2361 5595 2648 5651 collatione
2691 5609 2809 5663 cap.
2852 5594 2951 5652 201
3004 5596 3142 5650 inter
3186 5595 3484 5661 Donatista:

1914 5690 2224 5746 nominatur
2248 5686 2531 5742 Ianuarius
2558 5687 2621 5739 de
2650 5685 2934 5739 Tubursicu
2965 5683 3354 5749 Numidaarum,
3398 5684 3486 5739 cui

1913 5781 2299 5839 adversabatur
2330 5778 2524 5835 ibidem
2570 5779 2891 5834 Maurentius
2937 5776 3229 5832 catholicus
3267 5791 3335 5832 ex
3360 5790 3483 5847 cap.

1916 5874 2041 5944 M5,
2069 5873 2159 5931 ubi
2186 5874 2482 5945 appellatur
2514 5875 2783 5946 episcopus
2809 5871 3051 5928 Ecclesice
3073 5871 3479 5951 Tubursicenst's.
