3954 6364
537 406 644 466 305

1426 398 1974 459 SUPPIEMENTUM
2014 399 2105 456 AD
2142 398 2369 457 orsus
2411 404 2471 459 s.
2512 361 2897 460 AUGUSTINI.
3652 409 3738 469 θοι

540 523 836 592 Utrumque
866 521 1116 591 oppidum
1162 519 1398 574 confudit
1428 519 1734 575 Holstenius
1763 536 1881 591 pag.
1916 519 2003 585 55,
2055 525 2109 573 et
2134 520 2188 580 Δ
2213 518 2541 588 collegarum
2591 532 2711 572 cum
2740 517 2842 586 ipsi
2897 528 3019 586 erga
3071 514 3327 570 Romanas
3367 514 3608 572 Ecclesia:
3644 535 3739 588 jura

541 614 695 666 unius
736 622 933 667 tantum
991 612 1230 667 meminit
1256 612 1474 691 Carolus
1528 628 1557 667 a
1584 613 1637 668 S.
1674 612 1864 667 Paulo.
1905 612 1986 666 Ex
2030 610 2115 666 bis

538 705 698 758 etiam
729 704 972 768 infertur,
1009 703 1386 769 Tubursicum,
1433 703 1524 759 ubi
1554 703 1773 759 sedebat
1802 703 2111 770 Servusdei,

541 814 644 852 non
676 810 819 853 recte
848 801 1008 852 statui
1041 798 1091 851 in
1123 797 1388 864 Numidia,
1416 814 1537 853 cum
1589 798 1656 853 ad
1686 798 2113 869 distinguendam

540 890 759 946 alteram
791 889 1145 944 Tubursicum
1179 906 1206 943 a
1239 890 1534 945 'l‘ubursicu
1569 892 1745 956 Bura),
1778 891 1864 945 illa
1909 891 2114 945 dicere-

540 990 630 1035 tur
658 980 964 1035 Tubursicus
1012 980 1391 1034 Nuntidiarum.
1428 981 1641 1036 Poterat
1674 980 2112 1048 GameriusSer-

539 1070 753 1126 vumdei
798 1087 864 1125 ex
920 1071 1213 1141 Augustino
1267 1072 1359 1126 lib.
1414 1089 1470 1127 ιιι
1499 1081 1684 1128 contra
1733 1072 2111 1140 Cresconium,

2215 612 2707 682 obsequentissimi,
2737 610 2924 681 procul
2951 617 3151 675 essent,
3182 609 3303 665 ideo
3341 609 3407 664 ad
3436 625 3550 666 eum
3570 613 3740 682 episco-

2213 720 2402 776 porum
2430 713 2751 761 conventum
2774 719 2833 759 se
2863 703 3110 758 conferre
3137 711 3467 759 recusarunt.

2285 796 2610 853 CIESCONIUS
2641 814 2706 850 ne
2735 810 3006 851 CASTELLO
3030 795 3346 850 Tnvusuo.
3377 794 3575 865 Legitur
3595 797 3640 850 in
3660 798 3743 853 col-

2215 889 2408 946 latione
2436 889 2605 959 plebis
2633 888 2825 953 Tituli;
2862 888 2953 942 sed
2983 889 3165 943 notitia
3192 887 3417 941 meminit
3454 887 3677 944 Victorini
3697 892 3743 947 de

2216 982 2426 1035 castello
2456 979 2717 1034 Tituliano
2748 978 2971 1051 episcOpi
2993 978 3277 1033 Numidiae.
3309 977 3534 1033 Postea:
3565 978 3743 1035 Manen-

2217 1074 2341 1126 dum
2370 1090 2523 1141 porro
2571 1088 2729 1140 nunc,
2781 1071 3025 1142 quoniam
3053 1072 3279 1136 utemini,
3326 1070 3629 1124 vehementer
3663 1088 3745 1127 esse

2216 1166 2472 1235 probabile
2525 1165 2779 1219 Notitiam
2817 1165 3206 1235 episcOporuns,
3253 1180 3357 1235 qua
3406 1173 3508 1217 tam
3549 1180 3665 1231 saepe
3689 1166 3747 1234 (at

2216 1273 2375 1327 quam
2406 1258 2747 1327 infeliciter!)
2779 1259 2854 1311 usi
2883 1273 3078 1322 sumus,
3106 1257 3352 1326 scriptam
3379 1257 3532 1326 fuisse
3554 1257 3610 1309 ab
3639 1258 3747 1322 ipso-

2216 1358 2316 1403 met
2348 1349 2549 1404 Victore
2584 1349 2847 1416 Uticensi,
2896 1350 2982 1419 qui
3026 1358 3129 1402 tres
3160 1349 3317 1402 libros
3345 1334 3407 1401 de
3441 1348 3749 1404 Persecutione

2230 1440 2508 1495 Vandalica
2556 1442 2859 1531 compgsuit,
2914 1451 3019 1494 etc.
3049 1442 3212 1510 Atque
3255 1440 3375 1493 hinc
3420 1440 3616 1509 quisque
3655 1441 3749 1493 satis

2218 1534 2491 1604 perspiciat
2540 1542 2810 1602 utrumque
2859 1548 2986 1599 opus
3025 1531 3458 1603 conjungendum,
3502 1531 3542 1583 si
3584 1532 3750 1601 quando

2226 1626 2444 1680 Victoris
2469 1627 2685 1681 historia
2706 1628 2913 1690 edatur,
2933 1637 3182 1695 tanquam
3203 1625 3420 1679 alterum
3443 1625 3638 1678 alterius
3658 1642 3751 1695 sup-

538 1176 655 1231 cap.
703 1164 791 1226 45,
825 1164 1020 1218 eximie
1049 1164 1445 1228 commendare,
1477 1164 1628 1233 cujus
1674 1164 1835 1218 verba
1868 1163 1953 1218 hic
2002 1165 2115 1217 lau-

537 1254 709 1310 danda
740 1265 895 1323 sunt,
930 1272 993 1310 ac
1041 1271 1291 1326 germana
1338 1257 1494 1311 lectio
1523 1257 1870 1311 restituenda.
1903 1256 2114 1327 Episco-

540 1364 658 1415 pus,
706 1348 906 1419 inquit,
938 1349 1213 1403 catholicus
1242 1367 1273 1401 (ι
1305 1349 1745 1403 Thubursicubure
1778 1348 1965 1404 Servus
2024 1364 2116 1402 no-

539 1442 691 1508 mine,
725 1458 839 1495 cum
868 1444 1099 1496 invasum
1122 1461 1151 1496 a
1176 1444 1347 1497 vestris
1380 1445 1542 1496 locum
1570 1451 1809 1511 repeteret
1858 1451 1903 1495 et
1927 1443 2118 1496 utrius-

538 1550 635 1603 que
682 1536 843 1604 parlis
892 1546 1244 1605 procuratores
1296 1536 1654 1605 proconsulare
1703 1537 2117 1605 prccstolarentur

539 1641 776 1692 examen,
826 1637 1029 1696 repente
1079 1628 1173 1681 sibi
1204 1630 1254 1680 in
1305 1628 1489 1697 Oppido
1520 1636 1793 1681 memorato
1826 1628 2000 1681 vestris
2027 1643 2115 1680 ar-

539 1720 689 1772 matis
718 1720 1047 1787 irruentibus,
1096 1722 1179 1773 vix
1228 1721 1364 1772 rivus
1404 1721 1621 1789 aufugit.
1678 1720 1776 1775 Ubi
1833 1720 2113 1790 legendum
2220 1720 2525 1788 plementum
2570 1726 2618 1771 et
2653 1718 2842 1771 lumen.
2897 1716 3103 1772 Passim
3162 1715 3380 1771 labitur.
3434 1714 3676 1770 Scribitur
3713 1718 3750 1771 in

538 1824 659 1865 esse
678 1809 992 1865 Thubursicu
1015 1810 1167 1865 Bura:
1191 1820 1331 1879 patet
1360 1827 1425 1866 ex
1442 1812 1743 1879 collatione,
1771 1812 1908 1865 unde
1926 1811 1984 1865 S.
2008 1811 2117 1865 Αιι-
2220 1810 2505 1865 collatione
2526 1824 2645 1879 cap.
2682 1809 2785 1864 125
2813 1807 3113 1863 Cresconius
3128 1808 3398 1879 episcOpus
3430 1805 3583 1874 plebis
3603 1805 3749 1869 Tituli,

538 1907 782 1975 gustinus
814 1906 1039 1961 Servum
1069 1906 1267 1960 diserte
1297 1914 1568 1974 nuncupat
1594 1904 2038 1967 Tubursicensem,
2062 1913 2119 1960 et
2146 1890 2195 1951 Β
2220 1911 2402 1959 contra
2431 1918 2589 1974 quem
2616 1901 2800 1957 Victor
2837 1900 3108 1957 Donatista
3140 1900 3335 1963 stabat,
3371 1898 3459 1968 qui
3486 1898 3645 1967 capite
3675 1896 3753 1952 ΞΜ

538 1999 775 2055 Donatus
804 1998 1087 2055 haereticus
1115 2014 1233 2068 cap.
1262 2000 1363 2055 106
1391 2000 1564 2055 dietus
1595 2008 1677 2054 est
1708 1999 2113 2067 Tubursicensis,
2220 1996 2359 2050 inter
2389 1995 2675 2050 haereticos
2703 1993 2776 2048 ita
2808 2000 3123 2047 recensetur
3151 2007 3166 2046 :
3207 1990 3388 2044 Victor
3408 1991 3656 2059 episcopus
3682 1989 3751 2041 Ti-

536 2105 643 2145 non
673 2106 800 2145 vero
826 2090 1366 2144 Tubursicuburensis.
1420 2092 1496 2144 Ex
1552 2091 1782 2145 laudatis
1836 2090 2115 2159 Augustini
2219 2088 2450 2142 tulensis.
2472 2087 2596 2141 Haec
2617 2092 2796 2141 autem
2823 2084 3061 2140 Ecclesia
3089 2082 3398 2154 pertinebat
3425 2081 3492 2136 ad
3515 2094 3751 2150 proconsu-

536 2180 715 2234 verbis
744 2180 951 2235 videtur
981 2181 1160 2249 colligi
1199 2181 1336 2235 hanc
1362 2182 1716 2236 Tubursicum
1748 2183 1903 2236 Burae
1952 2183 2116 2238 fuisse
2220 2182 2382 2245 lares,
2432 2179 2575 2250 quod
2629 2179 2833 2233 diserte
2884 2176 3177 2233 Garnerius
3225 2182 3436 2245 poterat
3469 2173 3663 2229 discere
3700 2182 3751 2227 ex

539 2272 594 2325 in
627 2273 1027 2339 Proconsulari,
1060 2273 1201 2343 quod
1232 2274 1373 2328 illius
1418 2275 1599 2343 Oppidi
1628 2290 1803 2330 causae
1835 2292 2114 2344 proconsu-
2218 2272 2411 2326 Notitia
2442 2272 2835 2341 episcoporum,
2868 2285 2970 2341 qua
3000 2284 3060 2326 se
3082 2278 3191 2325 tam
3220 2284 3358 2338 saepe
3379 2284 3522 2323 usum
3548 2275 3751 2332 testatur,

536 2363 634 2415 lari
661 2362 861 2430 judicio
901 2362 1315 2432 subjicerentur,
1364 2379 1485 2419 cum
1513 2366 1860 2432 proconsules
1888 2364 2114 2421 Cartba-
2217 2366 2312 2421 sed
2338 2364 2576 2435 profecto
2596 2364 2698 2419 hac
2719 2366 2836 2419 vice
2858 2378 2987 2419 usus
3015 2376 3123 2417 non
3144 2369 3263 2428 est;
3296 2374 3419 2416 nam
3442 2359 3626 2415 ibidem
3645 2359 3751 2414 inter

536 2455 808 2524 ginensem
860 2456 1205 2526 provinciam,
1261 2457 1573 2512 consulares
1614 2458 1916 2513 Numidiam
1964 2473 2116 2529 rege-
2218 2456 2625 2525 proconsulares
2677 2455 2897 2525 legisset
2945 2454 3290 2509 Cresciturum
3343 2450 3751 2507 Titulitanurn.At

537 2554 688 2611 rent;
720 2546 813 2601 sed
863 2546 1018 2603 video
1052 2548 1323 2603 inﬁrmum
1371 2563 1437 2603 ac
1482 2550 1639 2618 plane
1688 2550 1950 2606 lubricum
1994 2566 2145 2607 esse
2218 2550 2308 2605 ille
2359 2560 2417 2605 ut
2462 2548 2809 2605 Cresconium
2864 2548 2919 2603 in
2970 2547 3216 2603 Numidia
3258 2546 3562 2616 episcopum
3608 2542 3750 2608 faciat,

536 2638 638 2693 hoc
664 2649 1065 2710 argumentum;
1097 2657 1221 2697 nam
1251 2642 1478 2698 Possidii
1510 2651 1563 2699 et
1595 2643 1826 2715 Crispini
1852 2647 1905 2700 in
1928 2645 2113 2701 Numi-
2216 2640 2461 2695 eumdem
2482 2656 2550 2696 ex
2577 2640 2774 2711 oppido
2794 2639 3085 2695 Titulitano
3113 2639 3168 2694 in
3198 2637 3467 2693 castellum
3483 2636 3751 2691 Titulianum

535 2729 623 2783 dia
654 2732 1025 2801 episcoporum
1059 2747 1274 2788 causam
1316 2734 1563 2803 cognovit
1587 2737 1867 2805 proconsul
1897 2752 1968 2791 ex
1998 2738 2111 2792 Au-
2217 2732 2324 2787 cito
2344 2733 2497 2788 citius
2526 2733 2711 2788 volare
2735 2731 2906 2801 jubet.
2935 2730 3088 2798 Quod
3115 2729 3286 2796 addit,
3318 2729 3560 2785 notitiam
3586 2728 3750 2798 episco-

534 2823 745 2890 gustino
772 2824 863 2878 lib.
891 2840 971 2893 ιη,
998 2839 1116 2894 cap.
1150 2824 1243 2891 48,
1287 2826 1469 2895 operis
1492 2826 1734 2896 ejusdem
1768 2838 1954 2884 contra
1981 2830 2113 2885 Cre-
2216 2838 2405 2893 porum
2437 2823 2634 2879 Africae
2664 2821 3001 2879 inserendam
3032 2821 3272 2876 historiae
3310 2820 3539 2876 Victoris
3563 2820 3624 2875 de
3648 2820 3751 2874 Per-

541 2913 795 2985 iconium,
822 2915 964 2984 quod
995 2916 1154 2970 etiam
1180 2926 1391 2971 constat
1416 2931 1484 2973 ex
1525 2918 1769 2988 epistolis
1799 2920 1902 2975 127
1929 2929 1983 2975 et
2010 2920 2113 2977 128
2216 2916 2489 2971 secutione
2511 2914 2825 2980 Vandalica,
2856 2922 3008 2985 atque
3032 2921 3305 2982 utrumque
3331 2928 3460 2981 opus
3489 2913 3751 2982 conjungere

532 3004 599 3059 ad
630 3006 896 3061 Donatum
928 3009 1301 3077 proconsulem
1327 3009 1543 3066 Africae.
1574 3010 1931 3068 Proconsules
1969 3015 2108 3069 enim

2217 3007 2359 3071 dum,
2381 3008 2424 3061 si
2448 3007 2649 3076 quando
2685 3005 2899 3061 Victoris
2934 3005 3149 3059 historia
3173 3005 3376 3069 edatur,
3425 3004 3517 3058 vix
3537 3005 3643 3057 sine
3665 3002 3752 3056 risu

531 3097 862 3164 amplissima
891 3108 1151 3167 potestate
1199 3100 1254 3154 in
1284 3100 1533 3155 omnibus
1566 3102 1761 3158 Africae
1794 3104 2106 3173 provinciis,
2215 3102 2392 3171 leges;
2434 3098 2599 3155 habes
2645 3099 2788 3155 enim
2818 3098 2872 3153 in
2914 3096 3108 3166 insigni
3135 3104 3225 3151 tua
3264 3094 3579 3151 bibliotheca
3606 3094 3744 3148 histo-

531 3196 753 3257 excepta
784 3189 1096 3245 Mauritania
1116 3190 1418 3261 Tingitana,
1449 3192 1754 3249 utebantur.
1781 3192 2108 3252 Tubursicus
2214 3192 2346 3246 riam
2380 3191 2605 3247 Victoris
2629 3190 2825 3247 editam
2871 3205 2901 3244 a
2932 3189 3092 3245 Petro
3130 3187 3424 3253 Chilﬂotio,
3458 3202 3605 3257 quem
3643 3186 3754 3239 inter

527 3266 792 3335 Numidiae
810 3290 927 3336 erat
947 3282 999 3335 in
1024 3282 1214 3338 itinere
1238 3281 1482 3352 Hippone
1501 3282 1703 3341 Cirtam
1723 3301 1791 3342 ex
1811 3288 2110 3357 Augustino
2138 3264 2184 3330 Ο
2214 3283 2605 3340 eruditissimos
2633 3281 2907 3338 societatis
2957 3280 3085 3336 Jesu
3132 3280 3434 3348 scriptores
3477 3285 3593 3348 post
3630 3276 3755 3331 Peta-

531 3371 687 3437 epist.
741 3372 862 3429 165.
896 3374 1134 3445 Denique
1178 3382 1332 3432 notes
1366 3374 1529 3433 velim
1569 3376 1814 3433 Garnerii
1863 3378 2104 3446 technas,
2213 3377 2358 3430 vium
2386 3388 2449 3430 ac
2478 3372 2822 3430 Sirmondum
2871 3370 3094 3427 laudare
3138 3370 3319 3436 soleo,
3374 3369 3428 3422 in
3466 3367 3610 3438 cujus
3646 3364 3756 3420 libro

532 3461 657 3515 nolo
696 3464 839 3517 enim
870 3465 1051 3523 dicere
1080 3468 1359 3537 malitiam,
1409 3478 1499 3526 aut
1522 3469 1812 3534 vafritiem,
1840 3485 1871 3525 a
1917 3470 2110 3540 quibus
2212 3473 2401 3537 quarto
2454 3472 2748 3520 memorata
2784 3462 2979 3518 Africae
3030 3460 3228 3517 Notitia
3267 3460 3491 3531 legitur.
3522 3456 3616 3525 Qui
3655 3468 3757 3512 sane

533 3550 689 3619 longe
716 3566 835 3607 esse
859 3555 1031 3611 virum
1081 3559 1247 3627 probe
1284 3559 1430 3625 scio;
1462 3562 1573 3628 ille,
1623 3570 1680 3616 ut
1727 3561 1862 3616 citra
1888 3561 2110 3616 dubium
2211 3558 2293 3613 vir
2312 3557 2653 3613 doctissimus
2682 3553 2927 3611 Garnerii
2951 3556 3077 3607 vota
3110 3565 3217 3606 non
3247 3549 3415 3606 modo
3431 3548 3625 3619 jamdiu
3649 3558 3756 3616 prai-

531 3641 752 3697 Servum
788 3659 885 3700 seu
928 3648 1243 3706 Servumdei
1273 3667 1397 3707 cum
1445 3666 1542 3707 sua
1581 3652 1671 3707 illa
1702 3653 1927 3709 Burensi
1954 3655 2107 3720 urbe,
2211 3649 2378 3714 venit,
2423 3661 2609 3703 verum
2640 3646 2805 3704 etiam
2842 3645 3148 3714 superavit;
3182 3657 3311 3697 cum
3355 3641 3597 3697 Notitiam
3636 3636 3754 3693 illam

532 3748 649 3801 quae
680 3736 825 3792 nulla
854 3739 1057 3808 uspiam
1079 3741 1198 3809 fuit,
1231 3743 1284 3798 in
1306 3744 1607 3800 Numidiam
1634 3746 1892 3815 traheret,
1927 3747 2110 3817 appel-
2212 3753 2319 3796 non
2372 3738 2587 3809 quidem
2618 3746 2869 3809 tanquam
2898 3735 3250 3807 appendicem
3304 3735 3538 3791 historias
3566 3728 3755 3787 Victoris

532 3824 660 3878 lavit
680 3826 931 3883 Notitiam
956 3830 1171 3899 Africae,
1200 3834 1440 3891 scribens
1466 3836 1524 3891 in
1549 3852 1614 3891 ea
1637 3838 1739 3890 dici
1770 3838 2065 3908 simpliciter
2089 3855 2109 3893 :
2218 3839 2455 3887 assutam
2478 3832 2725 3896 voluerit,
2750 3831 2889 3900 quod
2911 3845 2970 3886 se
2990 3829 3300 3885 desiderare
3325 3828 3606 3886 Garnerius
3629 3822 3751 3887 dicit,

532 3908 773 3973 Leontius
798 3918 1059 3991 Burensis,
1087 3939 1208 3980 cum
1255 3935 1432 3983 tamen
1476 3942 1582 3983 non
1609 3928 1683 3984 ita
1712 3929 1945 3998 legatur;
1984 3944 2107 3984 nam
2216 3921 2313 3977 sed
2334 3920 2512 3977 medio
2539 3935 2759 3989 prorsus
2790 3919 2944 3989 operi
2973 3919 3279 3975 inseruerit.
3309 3919 3522 3974 Editum
3552 3924 3625 3971 εει
3650 3910 3753 3968 illud

532 4010 827 4079 simpliciter
856 4013 1053 4069 ibidem
1099 4016 1348 4073 scribitur
1378 4037 1389 4071 :
1432 4017 1676 4073 Leontius
1704 4017 2000 4075 Burcensis.
2034 4020 2109 4075 Ita
2216 4013 2467 4068 volumen
2509 4027 2538 4066 a
2568 4011 2840 4071 Cbiilletio
2864 4011 3089 4066 Divione
3132 4024 3276 4065 anno
3308 4009 3467 4066 1664.
3498 4006 3623 4062 Hinc
3643 4003 3753 4057 forte

532 4117 598 4156 ex
626 4102 795 4157 Burca
826 4104 1016 4159 Buram
1046 4120 1239 4162 novam
1265 4108 1319 4162 in
1351 4108 1598 4163 Numidia
1628 4109 1813 4164 urbem
1842 4109 2105 4164 obtruxit.
2213 4104 2422 4173 putabis
2444 4102 2761 4159 Garnerium
2790 4102 2894 4157 hoc
2922 4102 3171 4171 praesenti
3202 4114 3345 4157 anno
3371 4101 3528 4167 i675,
3558 4111 3652 4167 quo
3669 4093 3752 4148 Ma-

532 4192 711 4247 Burita
738 4193 837 4248 fuit
864 4194 1125 4253 Numidiae
1145 4199 1294 4265 urbs,
1325 4207 1385 4252 ut
1415 4198 1641 4255 inferius
1672 4200 1896 4268 patebit.
2213 4193 2350 4247 rium
2393 4192 2914 4255 Mercatorem‘notis
2958 4191 3280 4248 illustratum
3313 4191 3611 4262 publicavit,
3632 4182 3752 4239 Chil-

602 4285 903 4342 TERENTIUS
956 4289 1422 4349 SBLEUCIANENSIS.
1457 4291 1543 4345 Ita
1587 4293 1641 4347 in
1677 4292 1967 4345 collatione.
2019 4291 2108 4345 Fit

2214 4282 2345 4337 lletii
2372 4295 2528 4352 opus,
2559 4281 2701 4351 quod
2732 4282 2785 4336 in
2816 4295 2910 4336 ore
2940 4280 3097 4337 fama:
3121 4288 3391 4347 versatur,
3415 4292 3569 4351 atque
3605 4272 3751 4331 erudi-

532 4383 701 4429 autem
745 4377 799 4429 in
825 4376 1025 4433 Notitia
1053 4381 1402 4449 episcoporum
1435 4381 1697 4436 Numidia:
1724 4383 1911 4436 mentio
1936 4381 2110 4451 Profi-
2211 4383 2386 4431 torum
2433 4374 2671 4429 omnium
2718 4373 2964 4428 manibus
2993 4373 3201 4439 teritur,
3235 4373 3447 4442 penitus
3493 4371 3750 4441 ignorasse.

533 4466 599 4518 cii
628 4465 1056 4522 Seleucianensis.
1089 4470 1305 4525 Poterat
1348 4470 1652 4527 Terentium
1693 4481 1747 4527 et
1771 4472 2106 4540 Servumdei,
2212 4467 2412 4524 Verum
2451 4468 2499 4524 si
2548 4468 2622 4524 ita
2646 4466 2874 4537 judices,
2906 4481 3049 4537 aegre
3097 4467 3153 4521 in
3182 4473 3327 4520 tuam
3352 4462 3653 4521 sententiam
3676 4458 3751 4513 de-

532 4566 690 4627 que‘m
719 4560 961 4629 proxime
991 4563 1359 4620 nominaverat
1386 4563 1602 4620 laudare
1631 4580 1699 4621 ex
1722 4564 1993 4635 synodicis
2021 4566 2108 4620 lit—
2131 4625 2179 4635 _
2213 4560 2499 4626 scendam;
2533 4559 2658 4613 nolo
2679 4558 2819 4613 enim
2850 4565 2957 4612 tam
2981 4559 3228 4627 supinam
3254 4551 3646 4611 celebratissimi
3667 4561 3748 4602 v0-

534 4625 663 4704 teris
688 4625 956 4704 Africanae
981 4651 1169 4722 synodi
1191 4654 1258 4707 ad
1287 4654 1634 4709 C(elestinum
1660 4625 1872 4725 papam,
1893 4656 1948 4711 in
1976 4671 2109 4725 qua-
2130 4625 2187 4689 D
2211 4652 2427 4708 luminis
2452 4651 2806 4722 ignorantiam
2832 4649 3034 4706 homini
3052 4625 3318 4703 atl‘ricare.
3340 4647 3577 4702 Arbitror
3600 4649 3747 4697 autem

530 4754 651 4793 rum
698 4739 1050 4809 inscriptione
1101 4745 1444 4799 nominantur
1488 4745 1725 4800 Aurelius
1780 4746 2103 4816 Valentinus,
2210 4745 2528 4801 Garnerium
2583 4746 2692 4812 jam
2743 4750 2868 4797 ante
2925 4739 3251 4797 novennium
3306 4738 3466 4794 hasce
3524 4740 3663 4790 notas
3705 4729 3749 4783 in

530 4833 806 4899 Antonius,
852 4833 1036 4901 Tutus,
1082 4836 1373 4903 Servusdei,
1436 4836 1720 4905 Terentius,
1767 4837 2102 4909 Fortunatus,
2208 4846 2490 4907 utramque
2510 4833 2838 4904 epigrapben
2860 4830 3393 4897 adornasse;scrtbit
3410 4829 3546 4885 enim
3569 4833 3748 4892 seoput

531 4930 636 4977 etc.
667 4922 745 4977 lta
781 4923 836 4977 in
881 4929 1108 4995 utraque
1156 4928 1363 4997 synodo
1391 4926 1674 4984 Servusdei
1721 4938 1777 4985 et
1827 4930 2106 4986 Terentius

530 5021 781 5082 tanquam
822 5013 1014 5072 eodem
1064 5014 1179 5071 fere
1207 5024 1451 5087 tempore
1496 5022 1819 5086 consecrati,
1861 5023 2104 5091 proxime

530 5101 807 5157 sedebant.
835 5102 919 5157 Ex
939 5103 1041 5160 hac
1079 5120 1209 5162 vero
1232 5106 1520 5179 epigrapbe
1546 5108 1799 5179 deduces,
1841 5113 2105 5168 maximos

532 5194 652 5250 illos
663 5196 1061 5266 Augustinianae
1074 5210 1272 5260 nostra;
1297 5204 1471 5274 gentis
1498 5205 1712 5272 heroas,
1728 5205 2103 5275 Augustinum,

529 5285 788 5359 Alipium,
815 5288 1093 5361 Severum,
1123 5309 1187 5349 ac
1233 5295 1556 5364 Possidium,
1587 5312 1695 5353 non
1723 5297 1889 5353 fuisse
1938 5298 1993 5352 in
2038 5312 2104 5353 eo

527 5376 781 5435 Africano
801 5382 1060 5450 concilio;
1088 5399 1208 5441 nam
1235 5394 1359 5442 ante
1380 5387 1695 5444 Servumdei
1717 5396 1771 5443 et
1792 5388 2104 5443 Terentium

523 5467 769 5539 inscripti
818 5472 1145 5544 legerentur,
1178 5480 1628 5547 quemadmodum
1656 5489 1927 5551 ponuntur
1954 5480 2012 5535 in
2038 5483 2103 5536 ti-

526 5559 637 5613 tulo
660 5561 904 5629 epistola:
925 5566 1085 5620 tantis
1104 5569 1247 5624 notis
1273 5584 1305 5625 a
1333 5570 1593 5628 Garnerio
1614 5572 1924 5637 illustratae;
1956 5572 2100 5643 quod

524 5662 717 5720 nempe
742 5652 1105 5727 intelligerent
1130 5659 1275 5715 eoin
1298 5663 1524 5718 concilio
1552 5678 1619 5720 ex
1642 5663 1889 5719 universa
1919 5662 2098 5719 Africa

522 5750 708 5799 coacto
725 5744 984 5804 adversus
1002 5749 1272 5809 Romanas
1291 5755 1677 5824 appellationes
1696 5755 1959 5812 acerrime
1985 5755 2097 5811 dis-

523 5836 815 5900 putandum
861 5848 917 5899 et
966 5842 1359 5905 decernendum
1412 5859 1564 5923 esse,
1604 5862 1635 5905 a
1682 5861 1786 5915 qua
1828 5846 2095 5907 sententia

2209 4928 2604 4991 difﬁcillimum,
2627 4926 2763 4996 quod
2785 4926 3027 4979 hactenus
3054 4924 3261 4978 tentavit
3285 4938 3432 4977 nemo
3453 4925 3745 4990 aggressum;

2209 5021 2297 5074 sed
2326 5036 2427 5074 non
2455 5020 2563 5073 sine
2592 5033 2715 5071 cura
2760 5025 2806 5071 et
2857 5015 3046 5071 labore.
3084 5015 3152 5069 Et
3186 5013 3401 5085 quidem
3452 5011 3650 5066 dissert.
3699 5002 3744 5067 5,

2209 5126 2334 5182 pag.
2384 5109 2511 5178 519,
2540 5115 2765 5164 testatur
2802 5121 2862 5162 se
2888 5116 3016 5162 ante
3043 5106 3179 5161 duos
3206 5115 3260 5160 et
3298 5103 3485 5174 viginti
3511 5110 3664 5155 annos
3692 5091 3746 5145 ad

2210 5202 2551 5271 Pelagianam
2581 5199 2869 5255 Historiam
2899 5197 3300 5271 commentariis
3329 5189 3695 5251 illustrandam,
3719 5196 3745 5235 ει

2209 5270 2494 5348 SirmOndo
2521 5292 2895 5348 vetustissimis
2922 5270 3135 5345 schedis
3158 5285 3557 5345 communicatis
3574 5279 3743 5336 anima-

2208 5398 2340 5446 tum.
2367 5388 2506 5443 Hinc
2533 5385 2774 5456 ejusdem
2802 5383 3085 5441 consilium
3113 5383 3294 5449 laudo,
3323 5380 3415 5452 qui
3437 5378 3581 5449 juxta
3599 5378 3741 5443 poeta

2210 5479 2279 5536 de
2306 5479 2504 5547 scripto
2529 5474 2845 5546 publicando
2888 5473 3171 5542 monitum,
3200 5484 3484 5541 nonumque
3515 5466 3740 5547 pretantur

2209 5570 2264 5624 in
2292 5545 2507 5634 annum,
2533 5545 2665 5621 suas
2708 5572 2863 5619 notas
2916 5563 3076 5632 pleno
3127 5577 3159 5617 a
3186 5557 3504 5618 Cluifﬂetiani
3542 5545 3737 5608 Victoris

2207 5659 2442 5715 editione
2463 5657 2731 5714 novennio
2757 5663 3050 5710 maturatas
3069 5654 3212 5709 haud
3236 5657 3500 5708 maturate
3518 5636 3733 5712 vulgavit-

2206 5750 2357 5816 Quod
2387 5750 2432 5806 si
2460 5765 2524 5807 ex
2548 5747 2736 5806 eodem
2768 5746 2989 5802 Horatio
3016 5746 3197 5802 statim
3223 5756 3486 5815 reponas:

2667 5848 3036 5911 Reprehendite
3068 5848 3195 5911 quod
3218 5859 3312 5899 non
