3954 6364
210 385 311 443 5υό

332 478 477 529 Multa
496 478 602 527 dies
626 484 677 527 et
700 476 848 525 multa
871 476 1013 524 litura
1034 476 1269 533 coercuit,
1294 479 1442 535 atque

335 543 627 591 [‘rmsectum
650 540 818 588 decies
836 550 933 586 non
961 538 1209 598 castigavit
1235 536 1293 584 ad
1316 546 1529 597 unguem

282 669 491 725 Nullam
528 682 623 738 pro
655 666 869 722 homine
899 663 1304 735 responsionem
1355 662 1617 717 adornare
1640 661 1781 727 volo,

214 778 280 818 ne
308 778 372 817 ex
399 776 625 817 censore
647 767 870 831 repente
891 801 907 826 ,
933 758 1059 813 dum
1091 758 1296 825 nescio,
1328 756 1615 812 advocatus
1641 755 1785 809 liam.

281 858 632 922 SPERANTIUS,
663 854 761 921 vel,
789 865 843 909 ut
869 864 941 908 est
970 855 1023 907 in
1045 852 1335 920 collatione,
1364 850 1641 907 Seennus
1667 851 1789 905 Am-

212 951 579 1006 madterensis.
612 948 837 1003 Dubium
859 948 983 1001 mihi
1006 948 1129 1017 fuit,
1159 947 1401 1001 debeatne
1426 944 1656 999 Ecclesia
1677 943 1790 998 Am-

212 1042 543 1097 madaerensis
572 1040 623 1093 in
648 1039 901 1093 Numidia
930 1039 1143 1105 censeri,
1186 1055 1252 1091 an
1298 1037 1349 1091 in
1378 1035 1633 1107 provincia
1660 1033 1793 1089 Pro-

212 1134 491 1201 consulari,
522 1132 747 1205 quamvis
777 1139 966 1184 certum
994 1130 1057 1184 sit
1096 1128 1164 1182 ad
1192 1131 1493 1183 alterutram
1522 1127 1789 1198 pertinere,

212 1225 306 1279 etsi
336 1226 389 1278 in
420 1224 649 1279 neutrius
679 1222 730 1277 Ν
736 1223 881 1277 otitia
911 1222 1196 1275 inveniatur
1230 1236 1248 1274 :
1278 1235 1447 1274 verum
1476 1235 1592 1272 cum
1637 1234 1794 1290 prope

212 1315 342 1368 absit
363 1332 395 1368 a
423 1314 663 1370 Tltebeste
694 1315 916 1381 colonia,
951 1322 1007 1367 ut
1028 1323 1103 1368 est
1124 1314 1264 1384 apud
1285 1313 1636 1375 Antoninum;
1665 1312 1795 1366 Tlte-

214 1408 347 1462 beste
367 1424 503 1468 vero.
533 1417 588 1461 ut
608 1415 802 1462 constat
818 1424 880 1461 ea:
913 1406 1109 1459 Notitia
1135 1407 1486 1476 episcOporum
1510 1403 1793 1472 Numidiae,

213 1500 387 1554 civitas
414 1501 478 1553 sit
502 1498 786 1564 Numidiae,
816 1499 1137 1551 Ammadaera
1162 1498 1358 1551 videtur
1382 1514 1577 1569 quoque
1611 1497 1798 1551 Nunti-

214 1592 315 1645 dia:
342 1592 492 1645 tribui
528 1592 735 1655 debere,
774 1593 1093 1660 quantumvis
1124 1598 1406 1659 repugnent
1435 1586 1671 1658 vulgares
1720 1597 1795 1641 ta-

215 1684 369 1749 bulae,
412 1683 637 1752 profecto
691 1700 792 1736 non
843 1682 1195 1737 exactissime.
1240 1679 1306 1734 In
1331 1680 1545 1735 concilio
1582 1681 1799 1749 rebapti-

215 1780 443 1832 santium
476 1777 745 1845 Eugenius
774 1777 843 1831 ab
886 1776 1222 1831 Ammadrcra
1272 1777 1530 1845 trigesimo
1576 1776 1797 1829 secundo

910 378 1258 435 VARIORUM
1303 372 1895 433 EXERCITATIONES
1929 372 1994 429 IN
2036 372 2093 429 S.
2136 372 2503 430 AUGUSTINI
2542 371 2792 430 OPERA.

3362 376 3467 433 306

1812 470 1872 530 Α
1896 470 1987 539 qui
2019 470 2175 525 toties
2207 470 2266 525 S.
2297 471 2591 539 Augustino
2643 470 2697 524 in
2747 466 2893 524 libris
2949 479 3134 527 contra
3167 471 3468 527 Donatistae

1892 572 2243 618 memoratur.
2274 562 2400 619 Inde
2430 578 2559 619 vero
2582 576 2767 619 assero
2802 561 3128 618 Felicianum
3168 578 3467 634 proconsu-

1894 660 2056 713 larem
2080 656 2389 726 episcopum
2418 665 2474 712 et
2492 659 2668 727 magni
2703 658 2842 712 inter
2864 656 3169 713 Donatistas
3189 658 3470 714 Maximia-

1894 754 2061 808 nistas
2104 751 2365 817 nominis;
2408 752 2533 822 quia
2562 751 2768 822 Alipius
2808 751 2963 822 petiit
3012 767 3139 808 num
3171 752 3472 809 Felieianus

1894 855 2041 903 esset
2066 848 2122 902 in
2143 846 2522 901 communione
2550 844 2806 901 Primiani
2848 846 3101 927 primatis
3129 847 3473 917 proconsula-

1897 943 2056 1010 rium,
2085 957 2191 996 non
2222 955 2351 996 vero
2372 934 2610 997 Januarii
2647 940 2890 1011 primatis
2918 940 3301 1009 Numidarum;
3345 956 3469 998 cum

1896 1040 2076 1089 tamen
2107 1034 2159 1087 in
2188 1032 2397 1103 synodo
2435 1030 2577 1101 apud
2624 1031 2873 1101 Bagajam
2903 1030 3205 1089 Felicianus
3232 1032 3301 1088 ab
3324 1042 3474 1089 utro-

1896 1143 2001 1199 que
2040 1128 2269 1198 primate
2322 1126 2390 1181 ob
2425 1125 2728 1180 Maximiani
2758 1125 3149 1183 ordinationem
3191 1127 3475 1183 damnatus
3506 1128 3515 1135 '

1899 1222 2076 1276 fuerit.
2111 1219 2276 1274 Adest
2302 1218 2523 1273 evidens
2554 1218 2917 1274 testimonium
2940 1233 3039 1290 pro
3059 1219 3213 1274 Μυειί
3243 1235 3472 1291 procon-

1899 1313 2066 1368 sulari
2097 1313 2149 1367 in
2180 1311 2435 1384 synodica
2465 1318 2569 1365 act.
2597 1311 2632 1366 2
2681 1311 2890 1366 concilii
2940 1311 3000 1367 S.
3050 1310 3255 1368 Martini
3304 1328 3475 1384 papte,

1900 1420 2058 1475 quam
2100 1405 2239 1459 inter
2278 1403 2690 1473 proconsulares
2732 1403 3021 1459 subscribit
3046 1402 3329 1459 Januarius
3371 1409 3478 1477 epi-

1899 1516 2084 1568 scopus
2114 1498 2172 1553 S.
2208 1498 2274 1551 E.
2306 1497 2633 1564 Mustttame;
2689 1498 2743 1552 in
2792 1498 2990 1553 Notitia
3034 1512 3164 1553 vero
3216 1498 3479 1555 Numidiae

1902 1592 2063 1644 etiam
2115 1590 2308 1659 legitur
2357 1592 2676 1643 Antonianus
2733 1589 3064 1644 Mustitanus.
3117 1589 3255 1645 Urbs
3299 1599 3476 1646 autem

1870 1723 1877 1727 .
1902 1679 2192 1736 Turrensis
2232 1684 2283 1734 ln
2305 1680 2698 1744 Proconsulari,
2730 1683 2881 1748 cujus
2922 1682 3089 1737 sacris
3119 1691 3348 1751 praeerat
3375 1684 3480 1737 Do-

1906 1781 2061 1827 natus
2106 1772 2400 1839 Donatista,
2444 1787 2602 1841 quem
2638 1772 2975 1827 Victorianus
3009 1772 3336 1828 Mustitensis
3381 1775 3481 1829 sibi

214 1869 327 1924 loco
351 1868 649 1923 sententiam
690 1868 854 1933 dixit,
887 1883 1034 1937 quem
1062 1868 1130 1919 ad
1168 1867 1334 1921 locum
1370 1866 1631 1919 Pamelius
1668 1863 1799 1918 nihil
1827 1847 1875 1908 Β
1904 1865 2135 1919 vicinum
2166 1863 2334 1928 dixit,
2386 1874 2604 1933 apparet
2640 1866 2689 1917 in
2713 1863 2930 1919 Tabulis
2954 1862 3399 1935 Peutingerianis,
3428 1866 3482 1921 in

213 1960 386 2013 attulit
410 1960 461 2011 in
494 1960 647 2027 notis,
688 1958 911 2027 alioquin
938 1957 1170 2022 eruditis,
1201 1958 1338 2027 quod
1381 1965 1607 2028 aptatam
1633 1955 1795 2011 lucem

213 2051 443 2118 afferret.
471 2050 634 2118 A/I‘ert
662 2050 885 2119 aliquam
907 2050 1148 2102 Antonini
1174 2046 1539 2116 Itinerarium,
1575 2064 1687 2101 cum
1715 2048 1797 2101 via

214 2159 330 2214 qua
357 2143 667 2213 Carthagine
693 2141 887 2195 Cirtam
915 2140 1051 2194 ducit
1076 2142 1147 2193 ita
1174 2140 1477 2193 describitur
1507 2155 1525 2193 :
1557 2137 1795 2193 Unucam

215 2251 271 2290 tt.
306 2251 357 2289 ι’.
384 2250 517 2303 nu,
544 2234 861 2291 Sicillibram
890 2250 945 2288 tt.
981 2250 1029 2287 ρ.
1064 2249 1163 2299 vu,
1198 2232 1378 2287 Vallos
1404 2248 1460 2287 Il.
1492 2249 1539 2285 ι).
1567 2248 1658 2298 xv,
1692 2232 1795 2287 Co-

215 2343 344 2384 reva
372 2345 430 2384 u.
463 2345 513 2383 Ρ.
544 2343 632 2394 xv,
664 2327 821 2384 Musti
853 2343 908 2382 tt.
938 2344 987 2382 ρ.
1025 2341 1208 2391 xxvtu,
1257 2323 1504 2379 Laribum
1534 2324 1795 2380 coloniam

215 2436 273 2474 ιι.
302 2436 352 2474 r.
378 2435 502 2483 xxx,
529 2419 801 2476 Attieuros
824 2434 880 2471 tt.
910 2434 957 2471 r.
992 2432 1101 2482 xvr,
1120 2415 1514 2471 Ammadaeram
1536 2415 1797 2470 coloniam

214 2525 272 2565 ι.
302 2527 351 2564 r.
383 2525 550 2577 usu,
579 2509 851 2564 Theveste
877 2507 1140 2563 coloniam
1170 2523 1229 2562 ι.
1260 2523 1308 2559 p.
1344 2515 1470 2573 xxv,
1503 2515 1610 2560 etc.
1663 2504 1800 2558 Hinc

215 2604 353 2657 enim
382 2611 516 2673 patet
561 2601 934 2656 Ammadazram
988 2601 1307 2653 tribuendam
1358 2616 1465 2653 esse
1514 2597 1796 2663 Numidiae,

215 2695 466 2760 siquidem
515 2694 682 2748 media
710 2702 779 2748 est
823 2693 952 2746 inter
974 2693 1229 2747 Attieuros
1256 2702 1300 2745 et
1329 2690 1640 2757 Thebestem,
1691 2706 1803 2759 qua:

215 2786 339 2839 duce
386 2787 613 2840 civitates
641 2786 696 2839 in
740 2787 839 2840 ista
870 2785 1131 2854 provincia
1180 2785 1419 2837 existunt.
1456 2782 1669 2850 Quaeso,
1721 2785 1804 2837 vir

216 2877 605 2943 eruditissime,
635 2892 700 2932 ne
723 2892 863 2947 aegre
889 2891 952 2931 ac
973 2876 1200 2931 moleste
1235 2875 1375 2930 feras
1400 2890 1482 2929 me
1506 2874 1558 2928 in
1589 2874 1671 2929 his
1694 2874 1804 2930 dis-

216 2970 485 3025 cutiendis
516 2984 802 3040 parumper
860 2970 1164 3035 immorari;
1223 2970 1480 3023 nonnulla
1523 2970 1663 3023 enim
1698 2978 1801 3023 tra-

214 3062 344 3116 dam
406 3063 667 3119 hactenus
728 3062 1105 3118 ecclesiasticis
1166 3061 1484 3131 geographis
1540 3061 1800 3131 ignorata,

217 3157 374 3226 queis
393 3165 572 3213 tamen
594 3156 858 3213 Africanae
886 3156 1180 3211 dioeceseos
1208 3156 1402 3211 limites
1431 3156 1667 3209 exactius
1694 3162 1804 3208 sta-

1900 1956 2090 2025 quibus
2120 1954 2343 2009 habetur
2362 1995 2377 2021 ,
2405 1953 2620 2008 Thurris
2647 1970 2719 2019 vr,
2746 1954 2989 2011 Sicilibba
3015 1971 3127 2021 xui,
3157 1954 3343 2022 Inuca,
3374 1967 3477 2013 etc.

1901 2046 2187 2101 Turrensis
2221 2046 2349 2100 urbs
2379 2054 2496 2100 erat
2546 2045 2788 2114 proxima
2836 2045 3128 2113 Sicilibbae,
3151 2061 3309 2117 quam
3362 2062 3483 2106 esse

1900 2136 2336 2207 proconsularem
2370 2136 2422 2189 in
2453 2135 2594 2189 notis
2649 2135 2715 2189 ad
2767 2136 3098 2204 superiorem
3155 2137 3479 2207 epigraphen

1902 2232 2135 2298 ostendi,
2185 2230 2274 2286 ubi
2311 2231 2450 2285 inter
2488 2230 2690 2299 legatos
2740 2229 3028 2297 provinciae
3075 2227 3483 2284 Proconsularis

1902 2324 2113 2379 laudavi
2148 2323 2527 2378 Prmtextatum
2575 2320 3006 2377 Sicilibbensem.
3045 2320 3155 2376 Hac
3200 2306 3482 2377 occasione

1901 2416 2067 2473 etiam
2100 2413 2413 2484 supplenda:
2443 2412 2573 2467 mihi
2604 2420 2728 2467 sunt
2773 2413 2966 2466 tabulm
2998 2411 3255 2468 Ecclesia:
3279 2412 3484 2467 Africa-

1902 2524 2016 2577 nae,
2062 2523 2219 2577 quam
2264 2506 2463 2561 laudati
2490 2505 2779 2575 geographi
2808 2503 3032 2559 Carolus
3072 2520 3101 2557 a
3143 2505 3199 2560 S.
3234 2504 3403 2559 Paulo
3429 2513 3485 2560 et

1904 2600 2212 2655 Holstenius
2264 2598 2636 2668 publicarunt,
2685 2599 2774 2667 qui
2826 2596 3136 2651 lnuceusem
3186 2595 3481 2651 Ecclesiam

1904 2689 2163 2746 Sicilibba
2190 2688 2352 2743 millia
2377 2701 2592 2757 passum
2615 2686 2681 2742 15
2702 2685 2985 2741 distantem
3009 2687 3332 2753 omiserunt;
3360 2701 3482 2742 cum

1905 2790 2081 2837 tamen
2134 2782 2185 2834 in
2215 2780 2504 2834 collatione
2534 2793 2653 2850 cap.
2683 2779 2783 2834 187
2814 2779 3118 2835 nominetur
3168 2778 3484 2833 Valentinia-

1905 2890 2000 2927 nus
2035 2873 2303 2943 episcOpus
2331 2869 2619 2925 Inucensis.
2651 2870 2785 2925 lliuc
2814 2870 2965 2926 vides
2996 2871 3297 2940 Philippum
3348 2870 3485 2925 Lab-

1905 2967 2085 3031 beum,
2131 2963 2285 3032 cujus
2311 2964 2468 3018 morti
2499 2976 2650 3017 sacra
2681 2962 2913 3017 eruditio
2965 2961 3209 3027 indoluit,
3236 2970 3290 3017 et
3314 2961 3484 3017 colle-

1905 3073 2025 3128 gam
2067 3058 2397 3111 Cossartium
2450 3056 2622 3109 virum
2678 3056 2963 3123 insignem,
3015 3056 3191 3110 minus
3237 3065 3381 3111 recte
3429 3055 3481 3109 in

1907 3147 2148 3217 margine
2207 3161 2303 3216 pro
2360 3146 2605 3201 lnucensi
2660 3145 2970 3204 Juncensem
3022 3148 3353 3217 reposuisse;
3398 3146 3486 3201 illa

217 3254 457 3302 tuentur.
490 3248 669 3303 lJnuca
702 3248 954 3302 Antonini
985 3246 1121 3317 apud
1151 3246 1541 3300 ecclesiasticos
1568 3245 1798 3314 scripto-
1825 3228 1872 3292 C
1904 3241 2046 3296 enim
2074 3238 2313 3293 Ecclesia
2343 3246 2459 3293 erat
2483 3238 2534 3292 in
2566 3238 2965 3304 Proconsulari,
2998 3238 3113 3293 haec
3145 3241 3197 3295 in
3228 3240 3482 3311 Byzacio,

216 3352 306 3393 res
332 3337 495 3393 Uluca
518 3338 841 3393 nominatur.
874 3336 930 3391 ln
957 3350 1075 3406 cap.
1106 3337 1205 3390 127
1226 3335 1531 3390 collationis
1556 3335 1801 3389 laudatur

217 3426 547 3482 Procericists
577 3428 863 3493 Uculensis,
897 3436 953 3482 et
976 3428 1028 3482 in
1059 3426 1314 3498 synodica
1345 3425 1485 3495 apud
1515 3425 1797 3479 concilium

217 3519 584 3575 Lateranense
630 3520 823 3589 saepius
875 3518 1026 3573 nobis
1077 3526 1451 3580 memoratum,
1502 3516 1801 3569 Cresconius

221 3611 493 3667 Uculensis
520 3612 658 3667 inter
688 3612 1095 3682 proconsulares
1139 3611 1413 3665 recitatur.
1442 3607 1518 3663 De
1549 3608 1800 3665 Sicilibba

216 3705 270 3759 in
320 3702 589 3772 superiori
617 3701 905 3772 epigraphe
934 3701 1133 3755 dictum
1161 3709 1262 3754 est.
1292 3698 1471 3753 Vallos
1499 3698 1659 3752 etiam
1707 3698 1802 3751 fuit

217 3798 349 3850 urbs
396 3794 741 3869 episcopalis,
797 3804 849 3848 et
880 3796 1019 3848 inter
1064 3793 1321 3862 praesules
1366 3790 1802 3860 Carthaginensis

216 3888 515 3957 provinciae
552 3890 603 3941 in
635 3886 846 3958 synodo
888 3885 1143 3940 Bonifacii
1192 3884 1489 3954 appellatur
1520 3883 1802 3938 Restitutus

217 3984 493 4051 episcopus
523 3982 681 4050 plebis
717 3979 1014 4034 Vallitance.
1066 3978 1283 4033 Cnrevae
1339 3978 1621 4046 episcopus
1676 3992 1804 4031 nus-

218 4090 378 4144 quam
405 4074 534 4129 mihi
564 4074 831 4141 apparuit.
865 4073 964 4127 Hic
992 4073 1059 4126 ab
1082 4070 1459 4127 ecclesiasticis
1483 4070 1803 4139 geographis

218 4165 417 4222 Carolo
444 4182 473 4221 a
506 4167 563 4222 S.
588 4167 774 4233 Paulo,
805 4176 856 4220 et
885 4167 1025 4220 Luca
1054 4164 1330 4221 Holsteuio
1353 4164 1481 4220 viris
1505 4162 1804 4219 eruditissi-

220 4264 352 4327 mis,
387 4262 741 4331 designantur
768 4261 999 4316 conﬁnia
1049 4261 1333 4330 provinciae
1382 4259 1800 4329 proconsularis.

221 4352 435 4407 Etenim
469 4352 677 4406 Mustim
701 4352 920 4407 Coreva:
950 4352 1229 4406 ﬁnitimam
1259 4352 1325 4405 ad
1355 4350 1658 4406 Numidiam
1682 4366 1804 4420 spe-

222 4454 371 4498 Clare
410 4457 476 4497 ex
520 4443 711 4497 Notitia
746 4442 939 4498 Africae
968 4443 1098 4497 citra
1126 4443 1345 4497 dubium
1394 4443 1799 4507 existimarunt;

224 4533 294 4588 ibi
335 4535 477 4589 enim
510 4536 646 4589 inter
672 4533 933 4588 Numidiae
978 4536 1261 4603 episcopos
1290 4546 1616 4589 memoratur
1641 4535 1799 4588 Anto-

1903 3342 1957 3390 et
1986 3334 2235 3387 laudatur
2261 3332 2486 3401 synodus
2514 3330 2691 3384 habita
2718 3346 2746 3384 a
2778 3331 3028 3387 Liberato
3056 3332 3283 3401 primate
3314 3334 3476 3404 Byza-

1904 3441 2039 3481 ceno
2079 3432 2183 3479 act.
2225 3423 2262 3479 2
2288 3423 2498 3479 concilii
2546 3423 2804 3477 Bonifacii
2843 3423 3302 3495 Carthaginensis,
3335 3427 3487 3494 cujus

1904 3521 2067 3575 etiam
2097 3532 2331 3573 canones
2360 3516 2703 3571 commendat
2747 3514 3055 3570 Ferrandus
3104 3515 3393 3571 Diaconus.
3431 3517 3486 3571 ln

1904 3611 2100 3666 Laribo
2124 3608 2411 3665 statuendo
2442 3608 2603 3662 iidem
2630 3607 2919 3678 geographi
2946 3608 3153 3677 decepti
3184 3617 3328 3663 sunt.
3354 3608 3485 3663 Nam

1903 3720 2026 3761 cum
2052 3706 2103 3758 in
2128 3703 2347 3759 Tabulis
2374 3702 2713 3759 Ptolomaicis
2734 3701 3151 3758 viderentLares
3176 3704 3297 3774 poni
3315 3719 3486 3774 prope

1904 3798 2103 3867 Vagam
2136 3796 2191 3849 in
2221 3794 2482 3859 Numidia,
2510 3794 2754 3849 eamdem
2788 3795 2973 3850 urbem
3031 3795 3152 3849 huic
3199 3797 3487 3865 provincia:

1904 3889 2225 3958 ascripsere.
2283 3888 2387 3944 Sed
2441 3887 2505 3941 ad
2548 3886 2795 3941 eumdem
2847 3887 3077 3955 lapidem
3127 3887 3485 3944 offenderunt.

1905 3983 2108 4052 Duplex
2139 3982 2280 4037 enim
2314 3980 2409 4034 fuit
2442 3980 2601 4049 hujus
2650 3980 2881 4034 nominis
2912 3980 3184 4050 oppidum.
3220 3980 3277 4035 In
3320 3983 3486 4037 colla-

1906 4074 2051 4129 tione
2080 4086 2194 4142 cap.
2229 4070 2333 4125 207
2357 4070 2611 4125 recitatur
2644 4071 2923 4141 Restitutus
2950 4071 3252 4137 Laritensis,
3287 4082 3339 4127 et
3365 4088 3483 4139 cap.

1908 4165 2008 4220 197
2062 4164 2363 4218 Honoratus
2416 4162 2719 4228 Laurensis,
2771 4164 2928 4218 ambo
2962 4164 3198 4234 episcopi
3226 4180 3291 4221 ex
3338 4174 3491 4235 parte

1907 4258 2122 4314 Donati.
2153 4256 2318 4311 Lares
2347 4272 2479 4314 vero
2499 4256 2659 4312 etiam
2690 4256 2754 4311 ad
2783 4260 3191 4327 proconsulares
3218 4268 3491 4328 spectasse

1906 4360 2052 4422 patet
2078 4366 2143 4405 ex
2186 4349 2391 4419 synodo
2425 4350 2702 4415 Bonifacii,
2736 4366 2892 4418 quam
2938 4366 3058 4405 cum
3085 4350 3225 4406 illius
3273 4353 3481 4422 provin«

1909 4444 2006 4499 cite
2042 4442 2286 4498 Palribus
2314 4442 2607 4497 subscribit
2643 4442 2846 4497 l'itulus
2893 4446 3155 4515 episcOpus
3198 4445 3359 4516 plebis
3386 4446 3489 4500 La-

1907 4536 2089 4590 rensis.
2139 4534 2403 4589 Caeterum
2470 4549 2535 4588 ex
2588 4533 2807 4589 Tabulis
2868 4538 3307 4607 Peutingerianis,
3362 4554 3493 4608 quas

228 4628 410 4679 nianus
442 4624 773 4680 Mnstitanus.
804 4625 910 4681 Sed
936 4601 1078 4681 ineo
1104 4601 1310 4695 decepti
1334 4635 1477 4691 sunt,
1503 4626 1643 4697 quod
1671 4627 1805 4682 duas
1831 4601 1887 4663 D
1911 4627 2043 4681 mihi
2076 4625 2434 4695 inspiciendas
2487 4624 2772 4690 tradidisti,
2833 4643 2920 4682 res
2971 4601 3226 4683 illustrari
3278 4601 3490 4698 potest;

229 4715 385 4783 hujus
412 4717 643 4770 nominis
668 4718 827 4770 urbes
855 4717 907 4770 in
941 4716 1115 4771 Africa
1138 4732 1245 4771 non
1271 4718 1642 4783 observarunt,
1673 4733 1806 4787 qua-

231 4824 343 4861 rum
377 4823 483 4861 uua
514 4807 566 4861 in
619 4808 887 4875 Numidia,
942 4810 1111 4863 altera
1158 4819 1273 4864 erat
1324 4811 1376 4864 in
1409 4810 1803 4867 Proconsulari.

231 4900 335 4954 lloc
370 4910 518 4970 patet
547 4916 611 4955 ex
642 4900 928 4956 collatione
955 4902 1386 4973 Carthaginensi,
1444 4902 1496 4956 in
1530 4917 1631 4971 qua
1665 4903 1807 4958 inter

234 4993 537 5048 Donatistas
566 5009 684 5062 cap.
732 4994 836 5049 206
885 4996 1188 5050 nominatur
1217 4995 1515 5051 Cresconius
1541 4997 1805 5067 episcopus

231 5084 569 5140 Mustitensis.
621 5088 687 5141 At
720 5088 968 5157 superius
1020 5104 1141 5158 cap.
1196 5089 1289 5144 121
1346 5092 1457 5144 tunc
1512 5090 1805 5159 leguntur:

237 5178 564 5231 Victorianus
606 5180 869 5249 episcopus
924 5180 1079 5244 plebis
1118 5179 1452 5235 Mustitensis.
1481 5179 1624 5233 Idem
1648 5182 1810 5235 dixit:

234 5268 426 5323 Pra'sto
460 5285 592 5323 sum.
648 5268 827 5322 Habeo
858 5268 1181 5324 Fcliciauum
1230 5270 1599 5339 Mustitensem,
1632 5281 1679 5325 et
1710 5271 1815 5324 Do-

227 5374 399 5415 uatum
462 5360 767 5415 Turrensem
819 5371 996 5416 contra
1044 5378 1143 5415 me.
1192 5362 1258 5415 Et
1301 5362 1478 5415 statim
1533 5376 1651 5431 cap.
1686 5360 1809 5430 122,

226 5453 432 5522 Αιίρίηε
488 5452 751 5522 episcOpus
803 5451 1052 5507 Ecclesia:
1089 5452 1355 5505 catholica:
1385 5453 1514 5506 dixit
1547 5469 1564 5505 :
1598 5452 1673 5507 De
1723 5469 1813 5507 no-

223 5546 360 5596 mine
397 5541 647 5597 Feliciani
673 5552 846 5598 utrum
889 5545 945 5598 in
971 5545 1325 5599 communione
1351 5546 1417 5598 sit
1438 5543 1712 5599 Primiani.
1742 5546 1817 5601 Ex

223 5633 310 5687 his
358 5635 563 5703 optime
592 5634 845 5703 intelligis
873 5634 1013 5705 apud
1044 5636 1257 5691 Mustim
1314 5635 1367 5690 in
1400 5635 1646 5691 Numidia
1676 5650 1817 5690 anno

224 5724 356 5791 Hi,
388 5739 510 5780 cum
536 5723 903 5781 celebraretur
928 5726 1159 5791 collatio,
1218 5726 1423 5781 sedisse
1471 5727 1817 5782 Cresconium

225 5818 584 5887 Donatistam,
616 5820 753 5889 apud
770 5818 978 5877 Mustim
997 5820 1047 5877 in
1072 5818 1440 5877 Proconsd'lari
1464 5821 1813 5890 Felicianum,

1910 4720 1983 4774 ita
2010 4718 2209 4774 ibidem
2242 4718 2493 4772 scribitur
2517 4736 2530 4772 :
2558 4718 2798 4774 Tlteveste
2820 4736 2903 4785 χι,
2934 4722 3014 4774 Ad
3041 4722 3353 4777 Mercurium
3385 4741 3493 4789 xrv,

1910 4815 2196 4869 Admedera
2222 4828 2328 4878 xvr,
2356 4812 2517 4866 Mutia
2543 4829 2655 4880 xvr,
2684 4814 2820 4867 Orba
2852 4830 2942 4882 vu,
2986 4816 3217 4869 Larabus
3241 4833 3333 4882 xu,
3360 4818 3495 4870 Dru-

1909 4908 2101 4962 siliana
2129 4922 2236 4977 vn,
2271 4907 2466 4961 Thacia
2513 4922 2579 4961 vn
2600 4952 2613 4974 ,
2646 4908 2817 4962 Mubsi
2847 4925 2949 4972 vn,
2982 4910 3141 4964 Aboia
3169 4927 3247 4975 vr,
3286 4891 3497 4982 Tignica

1917 5015 2012 5065 xu,
2041 4997 2267 5052 Tichilla
2289 5014 2375 5053 va
2395 5040 2407 5063 ,
2444 4998 2753 5052 Membrcssa
2783 5016 2897 5064 vut,
2930 5009 3034 5054 etc.
3063 5001 3219 5055 Aliud
3250 5016 3375 5055 vero
3398 5004 3497 5057 iter

1917 5107 1946 5145 a
2000 5092 2160 5146 Mutia
2210 5092 2522 5147 describens
2553 5094 2625 5147 ait
2656 5110 2668 5147 :
2706 5094 2980 5147 Altuburos
3033 5111 3142 5161 xvr,
3176 5095 3403 5149 Altescra
3442 5114 3495 5164 κ,

1918 5184 2153 5249 Assures,
2186 5191 2291 5238 etc.
2324 5183 2424 5238 Ubi
2455 5182 2626 5236 Mubsi
2656 5184 2941 5252 legendum
2970 5183 3152 5238 Musti.
3186 5185 3264 5239 Ex
3298 5186 3382 5240 his
3406 5203 3499 5257 pa-

1918 5282 2015 5342 tet,
2066 5288 2173 5329 non
2223 5274 2355 5329 satis
2390 5284 2785 5344 consequenter
2814 5276 2943 5344 poni
2990 5276 3369 5333 Ammederam
3406 5280 3499 5349 (ita

1921 5365 2164 5421 scribunt
2194 5365 2521 5435 Augustinus
2552 5364 2640 5419 lib.
2676 5380 2770 5419 vn.
2801 5365 2866 5421 de
2895 5365 3073 5436 Bapt.,
3099 5382 3217 5437 cap.
3245 5369 3312 5424 59
3339 5370 3500 5423 colla-

1923 5458 1998 5512 tio
2028 5474 2147 5528 cap.
2176 5459 2300 5519 207,
2330 5466 2383 5511 et
2408 5456 2732 5525 Antoninus)
2762 5458 2812 5511 in
2842 5457 3214 5515 Procousulari
3262 5475 3292 5514 a
3334 5461 3500 5515 sacris

1923 5549 2275 5619 geographis;
2311 5548 2472 5602 Lares
2520 5563 2666 5613 vero,
2715 5548 3094 5619 Drusilianam,
3123 5560 3175 5606 et
3201 5550 3413 5606 Mustim
3448 5552 3499 5604 in

1921 5641 2188 5709 Numidia,
2219 5656 2338 5695 cum
2368 5639 2487 5694 istae
2536 5641 2694 5696 urbes
2724 5650 2871 5699 recto
2924 5643 3116 5699 itinere
3160 5658 3189 5697 a
3236 5642 3500 5698 Theveste

1922 5732 2184 5790 Numidiae
2214 5748 2373 5803 supra
2406 5733 2777 5789 Ammederam
2809 5735 2917 5789 siut
2945 5735 3252 5805 Carthagini
3286 5736 3500 5803 propin-

1923 5824 2158 5892 quinres.
2188 5822 2472 5881 Sallustius
2502 5825 2680 5887 oppidi
2702 5823 2849 5879 Laris
2880 5826 3119 5881 meminit
3149 5825 3199 5879 in
3236 5823 3380 5877 Bello
3406 5823 3498 5875 ,Ιιμ
