3954 6364
502 385 596 439 5οἶ
1392 382 1951 441 ΞΗΡΡΙιΕΜΕΝΤυΜ
1998 380 2063 431 AI

2153 379 2348 433 ll'lil’tA
2393 383 2442 432 S.
2493 382 2882 440 AI'GUSTINL
3637 385 3714 442 ﬁlii

502 504 782 572 gurtltino,
822 505 1110 571 Procopius
1141 503 1230 558 lib.
1267 519 1298 555 ιι
1327 502 1394 557 de
1427 502 1576 556 Bello
1608 501 1891 554 Vandalicn
1917 499 2078 552 [.ari-
2107 495 2160 554 Δ
2187 499 2238 552 in
2273 498 2592 554 bibliotheca
2621 503 2946 556 εει·ρηίεςὶιηί
2973 503 3308 572 magniducis
3327 503 3712 564 disertebabent.

502 596 630 650 bum
660 597 808 664 dicit,
843 608 894 650 et
932 597 1108 649 Victor
1143 596 1369 650 Vitensis
1400 595 1490 649 lib.
1525 610 1581 649 ιι.
1623 595 1689 648 de
1721 594 1868 648 Pcrs.
1906 593 2073 646 Vand.
2182 593 2236 646 in
2268 595 2475 648 castello
2515 594 2780 650 Sinitensi.
2827 597 3154 666 AuguSIinus
3201 596 3255 650 in
3302 595 3521 664 epistola
3548 598 3637 653 128
3669 603 3714 655 ad

501 690 723 746 Laribus
753 692 958 757 scribit,
997 692 1080 744 tibi
1124 691 1281 744 etiam
1319 689 1605 744 Siccensem
1634 687 1981 758 et_Larensem
2009 685 2082 738 ci-
2185 686 2444 741 Donatum
2474 691 2849 757 proconsulem
2882 688 3096 750 Africae,
3127 688 3451 742 mentionem
3479 687 3592 743 facit
3613 691 3714 746 colo

501 785 681 837 vitate:
723 783 975 852 appellat.
1011 783 1083 835 Ex
1116 781 1303 836 eodem
1339 781 1749 850 Peutingeriauu
1782 780 2078 848 fragmento
2182 794 2374 834 norum
2395 821 2409 844 ,
2440 793 2573 847 quos
2598 779 2685 834 hic
2730 779 2959 834 habebat
2986 781 3036 833 in
3071 779 3317 833 Sinitensi
3343 779 3418 831 vel
3447 777 3717 849 Hipponenst

501 884 723 943 apparet
749 875 880 929 situs
906 874 1138 942 Tignicre
1162 874 1210 926 in
1241 873 1636 939 Proconsulari,
1664 873 1814 940 cujus
1837 869 2082 925 meminit
2183 886 2330 941 agro.
2362 870 2561 924 Ibidem
2591 870 2648 927 S.
2689 871 2876 925 doctor
2911 870 3098 925 Lucilli
3138 870 3477 925 decessorem
3519 870 3718 941 designat

501 965 715 1020 collatio
755 980 874 1033 cap.
909 965 1029 1029 155,
1086 963 1174 1016 ubi
1208 964 1511 1017 nominatur
1554 962 1790 1029 Auﬁdius
1818 961 2080 1030 episc0pus
2184 963 2429 1032 inquiens
2459 979 2472 1016 :
2505 963 2711 1034 Collega
2734 971 2855 1016 tunc
2894 979 3033 1016 meus
3059 963 3330 1032 episcopus
3359 961 3620 1016 Sinitensis
3646 963 3719 1016 Ec-

499 1057 658 1126 plebis
688 1057 1024 1127 Tignicensis,
1059 1073 1175 1124 quas
1218 1058 1436 1110 incertae
1482 1054 1764 1123 provincirn
1797 1049 2080 1121 deputatur
2182 1053 2346 1107 clesia:
2397 1053 2728 1107 Maximinus.
2763 1054 2817 1108 In
2847 1054 3004 1108 editis
3034 1053 3312 1107 codicibus
3345 1051 3624 1123 Synicensis
3659 1054 3720 1108 iti-

499 1163 528 1200 a
557 1149 748 1203 Carolo
778 1165 806 1204 a
838 1148 897 1205 S.
939 1149 1118 1210 Paulo,
1155 1157 1208 1202 et
1230 1147 1490 1202 omittitur
1533 1147 1600 1200 ab
1648 1144 1942 1199 l-lolstenio.
1976 1141 2079 1196 Sed
2182 1143 2303 1199 dem
2338 1145 2556 1212 legitur,
2588 1145 2679 1199 sed
2730 1161 2794 1200 ex
2840 1145 2998 1212 epist.
3033 1144 3156 1210 165,
3188 1152 3371 1200 textus
3403 1145 3723 1202 emendandus

501 1239 624 1308 quid
659 1239 864 1293 dicetur
905 1240 970 1293 de
1016 1241 1216 1292 Aboia?
1249 1239 1468 1292 Ponitur
1514 1238 1563 1291 in
1604 1232 2081 1303 subscriptinnibus
2183 1247 2264 1291 est
2292 1278 2307 1303 ,
2339 1238 2424 1291 ubi
2469 1239 2707 1292 scribens
2747 1237 2805 1293 S.
2845 1237 3003 1292 Pater
3028 1237 3096 1293 ad
3121 1238 3428 1293 Donatistas
3457 1239 3527 1292 ait
3556 1255 3568 1292 :
3602 1238 3724 1294 Mode

499 1332 688 1400 synodi
721 1348 747 1382 ν
788 1331 1097 1384 Valerianus
1127 1331 1391 1400 episcopus
1435 1328 1588 1381 Obba:
1632 1326 1906 1398 proviucia:
1947 1321 2080 1376 Pro-
2183 1346 2462 1399 prreconem
2493 1331 2730 1395 misistis,
2762 1332 2848 1400 qui
2872 1332 3114 1384 clamaret
3137 1330 3316 1395 Siniti,
3340 1331 3562 1400 quisquis
3592 1329 3726 1384 Mari.

499 1422 808 1478 consularis.
847 1424 968 1477 llaec
999 1438 1210 1492 quoque
1236 1421 1361 1474 urbs
1392 1420 1726 1475 desideratur
1747 1417 1883 1487 apud
1911 1415 2078 1470 CarO-
2183 1425 2318 1478 ntino
2341 1425 2804 1486 rommrmicaverit,
2837 1423 3138 1478 incendetur
3158 1426 3340 1476 domus
3371 1422 3499 1489 ejus.
3529 1420 3726 1474 Maximi-

480 1516 610 1569 .lum
645 1532 671 1567 a
703 1517 760 1570 δ.
793 1515 961 1569 Paulo
1005 1525 1059 1577 el
1095 1514 1445 1568 lIolstenium.
1481 1515 1559 1566 All
1613 1512 1697 1564 hic
1749 1509 1944 1570 Aobiaa,
1995 1507 2077 1562 vel
2184 1531 2284 1568 nus
2311 1532 2373 1569 ex
2401 1516 2674 1577 Donatista
2698 1515 2870 1570 factus
2897 1524 3011 1568 erat,
3035 1513 3355 1569 catholicus.

502 1605 656 1660 Obba:
703 1607 754 1660 in
786 1607 1003 1660 Tabulis
1060 1605 1339 1674 legendum
1386 1606 1773 1672 IIICOIIlpeI'llIIIl
1809 1601 1939 1655 mihi
1976 1609 2076 1655 est.
2255 1609 2482 1661 sinimus
2524 1605 3054 1670 TUCCEN3|5._Tucca
3101 1607 3305 1677 gemina
3348 1612 3421 1658 est
3465 1614 3518 1656 tn
3556 1604 3731 1673 Africa,-

498 1697 648 1752 Ultra
680 1699 843 1752 Lares
870 1699 934 1751 ad
972 1697 1035 1750 16
1067 1697 1229 1751 millia
1265 1712 1510 1765 passuum
1558 1697 1771 1766 ponitur
1809 1695 1874 1747 ab
1915 1695 2081 1748 Anto-
2183 1697 2348 1751 altera
2395 1698 2447 1750 in
2491 1697 2807 1750 Mauritania
2836 1697 3072 1765 Sitifensi
3108 1697 3175 1750 ad
3219 1695 3485 1764 Serpetem
3510 1695 3731 1762 ﬂuvium;

500 1791 628 1845 nino
659 1792 946 1852 Altieuros.
972 1807 1088 1854 seu,
1125 1800 1178 1843 ut
1202 1790 1381 1844 Surita
1415 1791 1564 1858 legit,
1603 1789 1860 1842 Altituros
1889 1806 1898 1838 :
1929 1795 2076 1840 utro-
2183 1792 2344 1843 altera
2377 1791 2426 1843 in
2461 1789 2708 1843 Numidia
2737 1806 2861 1857 pene
2900 1789 3100 1855 media,
3131 1798 3186 1842 ut
3223 1788 3408 1841 habent
3448 1785 3732 1866 Ptolemaica

497 1880 656 1951 bique
685 1891 968 1951 corrupte,
1001 1897 1120 1934 nam
1163 1880 1440 1934 Altiburos
1473 1879 1754 1948 legendum
1802 1887 1903 1932 est.
1958 1877 2079 1931 Ila-.c
2110 1874 2157 1934 Β
2185 1883 2414 1938 Ταὸιιιω.
2455 1883 2531 1938 De
2562 1883 2823 1937 Numidiae
2858 1884 3093 1954 episcopo
3120 1880 3342 1950 intelligi
3371 1881 3510 1934 debet
3539 1880 3731 1944 collatio,

497 1973 682 2028 civitas
709 1984 827 2028 erat
853 1974 905 2028 in
934 1972 1330 2038 Proconsulari,
1363 1981 1415 2026 et
1445 1972 1496 2026 in
1521 1971 1775 2042 synodica
1807 1985 1948 2038 smpe
1971 1969 2053 2022 Ian

2184 1987 2288 2031 etc.
2323 1975 2386 2029 In
2419 1975 2637 2030 concilio
2677 1984 2808 2028 certe
2838 1974 3266 2044 rebaptizantium
3295 1972 3556 2039 utriusque
3585 1969 3733 2023 Tucca:

497 2066 612 2120 data
660 2066 873 2134 ponitur
901 2063 1264 2119 Constantinus
1305 2067 1574 2134 episcOpus
1616 2063 1675 2117 S.
1728 2063 1790 2116 ις.
1826 2062 2082 2114 Altoburi-
2184 2067 2408 2136 epist‘opi
2422 2067 2720 2120 sententiam
2737 2067 3174 2132 dixeruntmlter,
3190 2060 3733 2136 quiconfessorSatur-

497 2172 649 2228 tante,
675 2160 799 2215 etin
829 2160 1022 2215 Notitia
1067 2161 1307 2228 ejusdem
1343 2159 1631 2228 provincia:
1660 2158 1956 2211 Vindemius
1988 2159 2080 2211 Al-
2185 2161 2364 2225 ninus,
2387 2159 2803 2230 quinquagesimo
2820 2160 3043 2213 secundo
3073 2159 3182 2214 loco
3203 2175 3222 2225 ;
3243 2159 3395 2220 alter,
3420 2159 3506 2228 qui
3533 2156 3734 2210 IIOnora-

497 2251 837 2322 t_oburitanus.
866 2249 1158 2305 Garnerius
1189 2249 1442 2304 mendose
1471 2249 1604 2303 dixit
1649 2249 1927 2312 Atticuros,
1959 2263 2078 2301 cum
2187 2253 2678 2324 tus,septuagesimo
2696 2253 2930 2318 septimo.
2951 2251 3148 2320 Longis
3164 2249 3734 2318 erroribusagilur,ma-

497 2341 754 2396 Altieuros
778 2342 987 2396 dicatur
1019 2342 1070 2395 in
1106 2342 1414 2407 Itinerario,
1457 2341 1610 2411 cujus
1649 2339 1809 2394 verba
1842 2340 2076 2395 adducit.
2184 2344 2248 2399 lis
2277 2344 2464 2398 avibus
2494 2343 2717 2397 arduum
2745 2358 2880 2414 opus
2906 2359 3210 2413 aggressus.
3239 2341 3512 2409 Imprimis
3541 2348 3734 2410 quatuor

498 2433 596 2491 Ubi
630 2450 909 2505 perperam
940 2436 1216 2491 Altiburos
1257 2453 1350 2489 seu
1385 2436 1672 2490 Altoburos
1700 2435 1960 2491 Numidia:
1991 2451 2078 2491 ac-
2184 2436 2374 2490 Tucca:
2405 2435 2457 2489 in
2500 2435 2679 2490 Africa
2720 2447 3088 2489 memorantur
3110 2475 3126 2499 ,
3155 2443 3210 2488 et
3235 2432 3471 2488 Sabinus
3502 2445 3598 2484 non
3624 2428 3734 2483 Tuc-

497 2538 700 2596 censet,
735 2537 919 2583 contra
951 2529 1160 2583 laudata
1193 2537 1433 2582 vetermn
1468 2528 1796 2598 synodorum
1830 2528 2078 2583 testimo-
2182 2530 2379 2594 censis,
2411 2527 2504 2581 sed
2529 2529 2665 2581 forte
2680 2525 2974 2582 'I‘uncensis
3000 2527 3286 2595 episcOpus
3313 2522 3431 2579 fuit.
3450 2513 3733 2578 Ptolemaius

497 2619 604 2674 nia.
637 2620 712 2675 De
739 2619 1058 2674 Ammedera
1113 2619 1243 2673 nihil
1271 2620 1404 2674 certi
1459 2620 1675 2675 invenio
1717 2635 1824 2689 quo
1858 2634 2079 2674 movear
2184 2625 2380 2693 prioris
2427 2622 2618 2677 ἰἰιεοω
2671 2624 2913 2677 meminit
2958 2623 3011 2676 in
3058 2620 3375 2676 Mauritania
3419 2614 3730 2679 Caesariensi;

496 2713 559 2766 ad
587 2712 831 2766 eamdem
850 2711 1225 2766 Proconsulari
1245 2712 1420 2780 potius
1442 2711 1880 2781 quamNumidia:
1907 2712 2077 2766 ascri-
2182 2719 2406 2774 alteram
2459 2723 2608 2788 ponit
2636 2722 2772 2774 inter
2818 2720 2978 2778 urbes
3023 2716 3287 2773 Numidia:
3335 2729 3519 2781 novae;
3556 2711 3733 2766 tertiam

496 2805 744 2860 bendam.
774 2804 903 2859 Cum
935 2805 986 2859 in
1010 2804 1208 2859 Notitia
1239 2804 1612 2874 opiscOporum
1644 2803 1906 2859 Numidia:
1935 2803 2078 2859 illius
2183 2811 2322 2866 inter
2348 2812 2639 2880 Bagradam
2666 2827 2878 2867 amnem
2908 2820 2963 2867 et
2983 2811 3308 2874 Tabracam;
3335 2817 3574 2879 quartam
3595 2804 3734 2858 Anto-

497 2897 644 2951 urbis
676 2898 960 2966 episcopus
988 2912 1092 2974 non
1119 2905 1396 2965 appareat,
1429 2897 1516 2967 qui
1542 2906 1719 2951 tamen
1755 2897 1857 2951 125
1880 2897 2076 2950 ibidem
2183 2904 2340 2958 uinus
2363 2904 2500 2959 locat
2531 2906 2580 2958 in
2608 2904 2862 2976 Byzacio.
2895 2905 2977 2960 vel
3005 2901 3414 2968 Proconsulari;
3445 2914 3563 2955 nam
3594 2897 3640 2952 in
3661 2895 3734 2950 Iti-

497 3000 863 3056 recensentur,
896 2989 1148 3044 existimo
1203 2989 1574 3044 Ammederam
1623 2990 1786 3044 fuisse
1833 2989 2076 3043 ultimam
2184 3011 2312 3051 nere
2337 2997 2404 3051 ab
2431 2997 2648 3052 Assur-is
2663 2998 2876 3052 Thenas
2904 2996 2977 3050 ait
3009 2995 3254 3050 :Amm's
3275 2994 3503 3048 Tuccam
3530 2989 3734 3045 Terebin-

497 3080 901 3148 proconsularis
923 3079 1174 3136 dioecesis
1196 3082 1492 3144 civitatem,
1515 3097 1636 3135 cum
1656 3082 1938 3137 Tltevcstis
1956 3083 2078 3138 inde
2183 3087 2379 3141 thinam
2408 3105 2462 3142 ιι.
2506 3105 2554 3142 ι).
2597 3105 2685 3152 xv,
2716 3087 2926 3154 Sit/ibus
2957 3104 3013 3142 ιι.
3041 3104 3090 3142 r.
3125 3097 3248 3149 λιν.
3278 3085 3410 3140 Erat
3435 3098 3559 3153 ergo
3585 3080 3734 3134 Tucca

498 3173 659 3226 millia
693 3171 944 3242 passuum
969 3172 1039 3226 25
1065 3161 1297 3234 distans,
1345 3174 1409 3225 ad
1455 3172 1754 3226 Numidiam
1789 3174 2073 3242 pertineat.
2114 3239 2149 3248 Δ
2181 3177 2563 3233 Terebinthina
2595 3177 2766 3233 inedia
2795 3179 2934 3233 inter
2962 3180 3215 3242 Assuros,
3241 3191 3362 3248 qua:
3383 3184 3465 3230 est
3491 3173 3610 3228 urbs
3629 3185 3734 3240 pro-

498 3239 878 3332 Nequetamen
909 3264 979 3317 ob
1009 3264 1251 3318 eamdem
1277 3265 1328 3317 in
1354 3263 1599 3319 Numidia
1633 3239 1884 3332 locatam,
1917 3265 2073 3320 ullam
2104 3239 2150 3306 δ
2183 3271 2503 3337 consu'aris,
2528 3278 2584 3326 et
2606 3271 2761 3326 Sufes
2786 3271 3110 3337 Byzacenas.
3136 3239 3567 3335 Utrideputanda
3589 3239 3736 3318 incer-

499 3355 760 3410 Garnerio
787 3355 933 3410 litem
963 3356 1215 3420 intendo;
1250 3358 1357 3409 imo
1387 3355 1561 3411 eidem
1590 3359 1788 3426 gratias
1816 3371 1914 3426 ago
1935 3357 2076 3426 quod
2185 3369 2315 3414 tum.
2370 3361 2464 3417 Ille
2499 3377 2632 3416 vero
2655 3362 2786 3415 duas
2819 3370 3021 3416 tantum
3066 3360 3273 3414 Tuccas
3324 3358 3511 3426 notit,
3540 3364 3735 3424 Quarum

499 3450 786 3518 provincia:
818 3449 869 3503 in
901 3464 1004 3518 qua
1044 3449 1144 3504 sita
1191 3449 1288 3503 fuit
1318 3451 1659 3518 Ammedera,
1695 3449 2078 3519 investiganda:
2185 3466 2342 3504 unam
2374 3453 2438 3506 ad
2485 3453 2760 3522 Serpetem
2795 3452 3008 3504 fluvium
3058 3451 3111 3505 in
3148 3448 3466 3514 Mauritania
3495 3440 3736 3506 SitifenSi.

499 3542 781 3598 occasione
802 3542 947 3606 data,
973 3542 1187 3596 Mustim
1215 3556 1276 3596 ac
1298 3542 1461 3597 Lares
1484 3543 1616 3597 duas
1643 3543 1882 3612 ejusdem
1917 3543 2081 3596 nomi-
2186 3545 2407 3599 alteram
2442 3546 2492 3598 in
2523 3545 2697 3598 media
2735 3543 2976 3598 Numidia
3008 3541 3172 3612 ponit.
3199 3541 3406 3594 Plinius
3426 3537 3609 3596 Tucca:
3635 3530 3739 3588 Siti-

389 3685 406 3704 .
501 3635 582 3689 nis
610 3634 772 3690 urbes
799 3633 962 3689 fuisse
996 3635 1236 3698 ostendi;
1275 3635 1415 3688 unde
1445 3644 1499 3689 et
1549 3635 1789 3689 exactior
1815 3633 2081 3688 Africanae
2188 3636 2348 3690 ft'ltsis
2395 3638 2551 3690 situm
2581 3647 2773 3692 exacte
2803 3636 2963 3690 tradit
2989 3636 3083 3690 lib.
3111 3650 3142 3687 ν
3168 3675 3182 3698 ,
3218 3647 3345 3701 cap.
3375 3633 3430 3686 2.
3477 3627 3739 3699 Oppidum.

501 3725 757 3782 Ecclesia
788 3727 984 3781 Notitia
1013 3727 1236 3789 relucet,
1269 3741 1331 3780 ac
1377 3725 1703 3796 synodorum
1737 3727 2082 3794 subscriptio-
2189 3729 2378 3796 inquit,
2421 3729 2588 3783 Tucca
2641 3731 2932 3800 impositum
2973 3729 3100 3782 ntari
3140 3738 3186 3782 et
3225 3725 3436 3796 ﬂumini
3481 3727 3738 3791 Ampsagw.

500 3832 600 3872 nes
630 3817 966 3888 neutiquam,
995 3817 1136 3888 quod
1167 3817 1231 3870 ad
1264 3818 1662 3886 provinciarum
1686 3818 1844 3871 urbes
1871 3817 2059 3870 attinet

2191 3823 2371 3893 Itaque
2401 3835 2514 3878 crat
2562 3826 2613 3877 in
2656 3823 2903 3878 confiniis
2947 3807 3241 3890 provinciae
3283 3813 3613 3874 Mauritaniae
3639 3810 3740 3866 Siti-

501 3913 640 3968 inter
689 3927 747 3968 se
793 3912 1104 3982 discrepare
1155 3911 1561 3980 intelliguntur;
1602 3911 1727 3964 inde
1775 3911 1934 3966 etiam
1982 3910 2086 3963 Ta-
2193 3917 2518 3984 rensis,qute
2544 3918 2808 3985 Ampsaga
2832 3915 3102 3968 fluminea
3128 3907 3375 3966 Numidia
3405 3903 3740 3977 separabatur.

502 4007 642 4062 bula:
686 4007 981 4064 dimceseos
1023 4008 1214 4062 Africa:
1270 4006 1428 4061 facile
1477 4007 1818 4075 corriguntur
1857 4019 1920 4060 ac
1959 4018 2086 4074 sup-
2189 4007 2490 4062 Concinnnt
2519 4007 2736 4062 Tabula:
2759 4006 3211 4075 Peutingerianae,
3238 4001 3332 4058 ubi
3356 4001 3468 4056 haec
3492 3999 3738 4068 leguntur:

500 4099 730 4167 plentur.
2194 4099 2359 4153 Tucca
2377 4100 2503 4169 ﬁnes
2518 4099 2844 4152 Mauritania:
2864 4108 2909 4150 et
2933 4097 3140 4168 African
3166 4094 3407 4149 Meminit
3435 4093 3532 4146 Dio
3556 4085 3742 4142 Cassius

572 4193 917 4260 Qusnnnus.
962 4192 1178 4247 Incerta:
1217 4195 1372 4248 sedis.
1419 4194 1637 4248 V'eritati
1672 4195 1911 4248 exactius
1949 4207 2086 4262 qua-
2138 4229 2142 4234 -
2191 4192 2286 4246 lib.
2317 4206 2475 4245 xum
2521 4191 2712 4244 Tucca'.
2759 4189 2990 4243 civitatis
3039 4188 3138 4240 sub
3169 4185 3236 4240 Τ.
3287 4183 3466 4240 Sestio
3520 4175 3742 4251 prefect!)

501 4283 723 4339 drarent
751 4294 958 4338 caetera:
983 4294 1142 4351 notae,
1175 4285 1217 4338 si
1249 4285 1463 4343 easdem
1499 4285 1644 4340 hisce
1673 4294 1875 4339 tantum
1904 4284 2087 4338 verbis
2194 4283 2476 4348 Numidiae,
2511 4298 2607 4351 pro
2634 4282 2866 4336 Antonio
2893 4280 3192 4336 triumviro.
3218 4278 3274 4331 In
3307 4275 3502 4331 Notitia
3533 4262 3742 4327 Sililemi

503 4383 794 4432 exarasset.
2193 4384 2523 4428 memoratur
2569 4373 2766 4428 Uzulus
2810 4371 3140 4426 Thuccensis.
3173 4369 3377 4422 Rursus
3407 4365 3633 4422 Tuccam
3659 4357 3741 4411 Sa-

575 4468 860 4522 LUCILLUS.
891 4465 1109 4520 Incerta:
1134 4477 1325 4535 pariter
1353 4467 1524 4531 sedis;
1558 4469 1656 4520 nisi
1698 4472 1829 4540 forte
1870 4468 1968 4538 legi
1997 4469 2087 4522 de-
2196 4466 2302 4520 bini
2327 4465 2563 4535 episcopi
2589 4463 2932 4533 perperamin
2964 4461 3262 4516 meditullio
3279 4457 3540 4513 Numidia:
3565 4446 3741 4507 ειπῑιιὶῑ·

504 4561 613 4614 beat
636 4559 897 4615 Lucianus
927 4558 1225 4624 Guirensis;
1255 4575 1371 4611 nam
1396 4557 1550 4630 hujus
1579 4561 1798 4614 nominis
1826 4559 2013 4628 aliquis
2034 4561 2087 4613 in
2117 4597 2160 4630 ξ
2195 4559 2324 4613 Nam
2351 4557 2640 4612 Petilianus
2660 4558 2939 4626 episcopus
2952 4552 3414 4620 Constantinensis
3432 4547 3685 4603 Donatista
3701 4540 3744 4592 in

505 4651 720 4704 concilio
755 4651 892 4720 quod
933 4651 1256 4703 collationem
1298 4623 1553 4718 prwcessit
1576 4623 1934 4719 subscripsisse
1965 4652 2088 4723 legi-
2116 4623 2172 4685 D
2196 4651 2481 4705 collatione
2531 4665 2650 4718 cap.
2696 4623 2772 4702 ‘65
2806 4623 2917 4702 haec
2947 4647 3080 4701 dixit
3108 4664 3121 4701 :
3165 4645 3306 4699 Nam
3345 4644 3499 4698 etiam
3533 4640 3586 4692 in
3627 4633 3746 4705 ple“

504 4754 607 4796 tur.
646 4741 765 4794 Fuit
788 4759 902 4795 vero
933 4744 982 4794 in
1013 4743 1273 4810 provincia
1307 4741 1568 4795 Numidia:
1608 4742 1869 4795 (iuit-ensis
1895 4744 2090 4808 cpisco-
2195 4742 2456 4810 prtesentis
2479 4740 2787 4794 sanctissimi
2816 4739 3015 4809 (mulus
3042 4737 3243 4791 mulum
3275 4734 3452 4799 fricat)
3484 4731 3676 4797 collega:
3699 4736 3747 4773 ac

504 4852 596 4905 pus
620 4850 640 4900 ;
666 4835 890 4887 meminit
915 4833 1048 4886 enim
1089 4831 1289 4885 Notitia
1322 4832 1580 4886 Martialis
1605 4832 1890 4886 Guirensis.
1933 4834 2089 4888 Plura
2199 4835 2376 4900 fratris
2404 4837 2498 4885 nte!
2529 4833 2778 4886 Adeodati
2804 4874 2819 4898 ,
2849 4833 2903 4886 id
2934 4842 3005 4886 est
3025 4874 3039 4899 ,
3069 4833 3119 4884 in
3141 4831 3341 4884 civitate
3364 4825 3670 4886 Milevitana,
3691 4819 3748 4867 ίια

505 4937 709 5000 peccat.
747 4927 1009 4997 Imprimis
1039 4926 1227 4980 Lucilli
1273 4941 1465 4980 nomen
1495 4927 1869 4980 diminutivum
1905 4927 2091 4996 implet
2198 4927 2466 4979 commissa
2482 4939 2560 4978 res
2589 4933 2683 4991 est,
2708 4936 2762 4976 ut
2791 4939 2945 4975 unum
2973 4923 3160 4975 ibidem
3184 4920 3367 4972 habeat
3396 4910 3745 4988 adversarium,

505 5030 767 5090 augetque
791 5062 806 5086 ,
841 5019 1128 5072 Lucianum
1179 5017 1489 5072 efformans.
1541 5019 1744 5072 Rursus
1783 5019 1960 5073 Cumae
1997 5035 2092 5072 seu
2198 5019 2413 5073 alterum
2441 5019 2494 5070 in
2527 5017 2777 5071 Tuncensi
2808 5018 3029 5083 civitate,
3061 5016 3146 5084 qui
3174 5015 3242 5066 ad
3269 5013 3428 5084 hujus
3449 5007 3626 5064 scilicet
3652 5001 3745 5073 ple-

507 5112 649 5168 Girtc
677 5113 728 5166 in
761 5111 1002 5166 Numidia
1026 5110 1161 5165 duos
1183 5110 1336 5164 simul
1367 5109 1714 5178 coepiscopos
1744 5111 1938 5175 donat;
1968 5126 2088 5164 tum
2201 5111 2308 5163 bem
2338 5112 2618 5181 antiquitus
2656 5112 2900 5179 pertinet,
2945 5119 2992 5163 et
3019 5117 3136 5160 ante
3173 5105 3430 5160 biennium
3455 5101 3746 5181 videtnressf

507 5205 752 5273 superius
801 5203 1026 5257 alterum
1077 5202 1370 5256 Lucianum
1412 5203 1594 5256 itidem
1643 5203 1923 5258 Girenscm
1972 5218 2096 5272 pro-
2202 5204 2526 5256 constitutus.
2578 5202 2672 5256 Hic
2720 5201 2832 5270 ipse
2871 5210 2983 5255 erat
3013 5199 3272 5261 Sabinus;
3301 5194 3498 5251 etenim
3524 5205 3634 5257 cap.
3665 5179 3745 5235 150

511 5296 865 5348 nuntiaverat.
895 5295 1134 5362 Denique
1163 5293 1353 5348 Lucilli
1385 5295 1569 5348 urbem
1605 5295 1834 5364 ignotam
1867 5296 2088 5363 putavit,
2201 5298 2330 5351 edit.
2359 5297 2554 5351 Labbei
2602 5296 2715 5350 lucc
2767 5295 3030 5349 habentur
3063 5311 3074 5345 ;
3108 5291 3331 5347 Sabinus
3357 5288 3615 5357 episcopus
3637 5277 3746 5330 Τυε·

513 5404 630 5441 cum
665 5386 860 5440 diserte
884 5387 1191 5456 designetur
1222 5388 1287 5441 ab
1320 5387 1614 5455 Augustino
1647 5388 1736 5440 lib.
1775 5402 1883 5440 χιιι
1911 5387 1974 5440 de
2004 5385 2094 5440 Ci-
2200 5390 2380 5442 censis.
2416 5387 2560 5440 Idem
2600 5389 2769 5442 dixit:
2805 5385 3001 5439 Prtesto
3029 5401 3160 5438 sum.
3201 5381 3488 5435 Adeodatus
3515 5375 3744 5445 episcaP‘“

515 5478 606 5531 vit.
644 5477 766 5541 Dei,
795 5491 914 5545 cap.
951 5478 1025 5531 8:
1067 5477 1153 5531 ubi
1186 5477 1410 5546 loquens
1441 5479 1507 5530 de
1541 5478 1809 5532 miraculis
1855 5487 1972 5545 post
2000 5478 2095 5530 de-
2203 5480 2331 5532 dixit
2359 5495 2378 5534 :
2407 5477 2471 5532 In
2511 5480 2712 5533 dioecesi
2754 5494 2862 5531 mea
2909 5487 2981 5531 est
3029 5477 3316 5529 ordinatus.
3355 5473 3532 5540 Itaque
3559 5466 3742 5520 Tuncn

516 5572 645 5625 latas
678 5570 731 5624 in
757 5569 988 5624 Africam
1015 5585 1158 5624 anno
1185 5571 1292 5624 416
1319 5569 1378 5626 S.
1404 5571 1662 5642 Stephani
1695 5572 1965 5638 reliquias,
1989 5573 2093 5624 ait:
2201 5588 2296 5627 seu
2323 5573 2520 5634 'I‘ucca,
2552 5572 2674 5625 nolo
2695 5571 2838 5626 enim
2863 5570 2930 5624 de
2961 5568 3177 5622 nomine
3202 5581 3322 5622 cum
3356 5559 3606 5619 Garnerio
3633 5566 3743 5642 coa-

518 5661 580 5718 In
606 5663 816 5717 castello
842 5662 1113 5728 Sinitensi,
1142 5664 1276 5732 quod
1289 5662 1339 5716 Η
1347 5665 1618 5732 ipponensi
1647 5666 1858 5718 colonia:
1879 5665 2098 5718 vicinum
2204 5665 2454 5719 tentionis
2471 5664 2648 5718 funem
2670 5663 2888 5726 ducere,
2919 5672 3033 5715 erat
3057 5661 3107 5715 in
3124 5657 3341 5714 dioecesi
3367 5653 3668 5708 Milevitana.
3690 5638 3745 5692 Al

511 5766 610 5822 est,
660 5755 886 5826 ejusdem
927 5755 1025 5808 loci
1072 5753 1302 5809 Lucillus
1333 5756 1634 5825 episcopus,
1667 5770 1770 5810 etc.
1803 5757 1856 5809 In
1887 5757 2097 5812 excusis
2203 5757 2591 5826 Milevis,quam
2622 5756 2831 5810 Mileum
2867 5754 3164 5808 Antoninus
3190 5758 3361 5814 vocat,
3385 5742 3602 5800 distabat
3625 5734 3743 5804 (lilia

513 5845 789 5905 codicibus
813 5848 1005 5917 legitur
1023 5847 1327 5917 Syrticensi;
1349 5847 1442 5903 sed
1472 5858 1702 5918 quatuor
1721 5848 1932 5902 codices
1962 5864 2091 5904 mss.
2202 5864 2389 5905 versus
2419 5852 2739 5919 Ampsagam
2768 5849 2902 5904 mill.
2935 5862 3076 5918 pass.
3107 5848 3200 5917 25,
3232 5853 3287 5900 et
3322 5831 3373 5898 in
3402 5835 3607 5896 Tabulis
3632 5828 3743 5883 Pell-
