3954 6364
219 294 339 353 309

936 296 1289 355 VARIORUM
1327 294 1928 367 EXERCITATIONES
1965 299 2033 355 IN
2069 301 2126 357 S.
2168 302 2535 359 A'UGUSTINI
2573 304 2818 360 OPERA.

3385 306 3488 363 510

224 410 546 480 tingerianis
586 407 839 467 scribitur
884 407 1060 469 Mileti.
1088 408 1312 477 colonia,
1351 418 1405 464 et
1434 409 1647 479 ponitur
1676 408 1809 463 infra
1835 410 1889 473 Δ
1911 414 2055 469 nodo
2081 415 2517 483 rebaptizantium
2550 418 2845 485 appellatur
2875 417 3015 487 apud
3052 418 3187 485 Aug.
3224 418 3316 472 lib.
3342 432 3399 473 γι
3419 418 3491 475 de

228 500 612 568 Rusiccadem,
638 499 914 570 quteCirta
934 499 1118 556 aberat
1135 515 1202 557 ex
1224 500 1396 556 Plinio
1415 500 1486 556 18
1507 499 1640 555 mill.
1665 513 1808 570 pass.

223 596 382 653 Cirta
409 611 516 652 non
538 606 656 653 erat
683 597 735 651 in
763 596 938 653 media
967 596 1244 663 Numidia;
1278 612 1399 651 nam
1426 595 1656 651 distabat
1684 595 1815 664 Hip-

216 702 374 757 pone
389 686 558 758 Regio
576 687 709 743 mill.
736 702 881 758 pass.
905 686 995 755 94,
1010 695 1063 742 et
1084 687 1331 743 Numidia
1352 687 1490 743 ultra
1516 687 1814 755 Hipponem

226 779 528 836 Tabracam
554 795 725 852 usque
752 780 999 836 ultimum
1041 782 1327 849 provinciae
1353 781 1579 836 limitem
1627 794 1814 835 versus

227 870 528 943 Orientem,
550 875 969 945 protendebatur
981 875 1117 930 mill.
1148 890 1290 945 pass.
1312 876 1401 931 64.
1430 875 1604 930 Milevi
1624 875 1817 931 Cuicu-

224 966 341 1023 lum
354 977 647 1025 extremam
661 968 924 1025 Numidiae
934 970 1121 1025 nubem
1135 985 1322 1026 versus
1338 971 1681 1025 Occidentem
1699 979 1816 1026 erat

225 1058 337 1113 iter
354 1060 491 1116 mill.
509 1073 654 1130 pass.
666 1060 758 1127 50,
776 1059 1069 1117 Tabracam
1086 1075 1217 1116 vero
1235 1060 1368 1115 mill.
1385 1075 1525 1129 pass.
1542 1062 1667 1129 185,
1683 1076 1814 1117 eun-

227 1149 378 1205 tibus
414 1150 482 1207 ad
508 1151 936 1221 proconsulares.
976 1152 1102 1206 Haec
1134 1166 1197 1207 ex
1242 1152 1522 1207 ltinerario
1556 1153 1814 1207 Antonini

228 1252 442 1311 patent.
463 1242 643 1314 Itaque
663 1243 864 1312 Tunca,
888 1257 1007 1314 quin
1030 1252 1149 1300 erat
1173 1244 1226 1298 in
1252 1244 1469 1300 dioecesi
1488 1244 1811 1313 Milevitana,

228 1349 343 1393 non
368 1347 486 1397 erat
513 1339 567 1393 in
596 1340 768 1395 media
795 1338 1061 1403 Numidia,
1083 1339 1178 1394 sed
1210 1354 1369 1408 supra
1398 1338 1597 1394 Cirtam
1627 1353 1816 1395 versus

228 1427 534 1484 Sitifenses.
574 1429 630 1485 ln
669 1430 885 1486 Tabulis
919 1430 1346 1501 Peutingerianis
1376 1446 1463 1486 res
1492 1430 1558 1485 ad
1602 1432 1813 1488 oculum

231 1530 399 1588 patet.
436 1521 571 1577 Hinc
597 1521 755 1577 etiam
784 1521 992 1577 deduco
1033 1522 1274 1577 neutrius
1301 1521 1523 1584 Tucca.
1580 1538 1713 1591 quas
1748 1539 1817 1579 ex

232 1612 447 1681 synodo
489 1612 548 1669 S.
603 1612 853 1682 Cypriani
903 1614 1127 1683 laudat,
1183 1614 1440 1669 Sabinum
1500 1615 1812 1686 episcopum

234 1704 436 1769 fuisse;
470 1720 594 1759 nam
621 1705 724 1761 illae
749 1706 909 1761 urbes
938 1720 1062 1761 suos
1094 1706 1364 1762 habebant
1386 1706 1669 1777 episcopos
1690 1717 1814 1763 ante

1918 506 2097 578 Bapt.,
2127 520 2247 577 cap.
2281 508 2347 562 12
2366 549 2381 574 ,
2418 509 2751 564 Nemesianus
2777 527 2807 562 a
2839 510 3101 575 Tubunis;
3121 510 3262 565 idem
3289 510 3495 580 pariter

1914 601 2075 669 epist.
2106 598 2173 655 70
2202 598 2443 654 Tubunas
2464 601 2735 668 nominat;
2761 602 2854 657 sed
2872 617 2971 657 nec
2996 600 3173 657 addita
3199 602 3379 657 cautio
3403 602 3494 660 vel

1915 706 2102 761 parum
2133 692 2400 746 hominem
2438 693 2604 761 juvat.
2639 695 2789 749 Unde
2820 694 2979 750 habet
3006 695 3241 765 quinque
3263 692 3494 751 Cresco-

1917 782 2036 836 nios
2058 822 2073 847 ,
2103 783 2190 852 qui
2220 798 2361 837 anno
2402 783 2503 839 411
2547 784 2821 839 collationi
2860 782 3153 841 interfuere
3175 826 3191 853 ,
3218 800 3359 840 anno
3384 768 3494 841 416

1916 875 2090 929 adhuc
2112 876 2429 945 superstites
2457 875 2620 932 luisse
2642 918 2655 944 ,
2688 892 2756 932 ne
2785 893 2889 933 uno
2914 879 3127 949 quidem
3166 880 3307 937 intra
3335 880 3494 952 quin-

1915 967 2204 1035 quennium
2252 967 2543 1023 defuncto?
2597 970 2743 1024 Itane
2794 971 3026 1041 quinque
3081 972 3491 1030 Cresconiorum

1916 1072 2173 1113 numerus
2214 1060 2371 1128 pleno
2423 1062 2787 1131 quinquennio
2834 1063 3019 1132 elapso
3063 1079 3170 1119 non
3217 1043 3555 1134 decrevit,'_

1916 1158 2133 1205 auctore
2163 1147 2424 1207 Garnerio
2453 1194 2466 1217 ,
2517 1153 2606 1222 qui
2640 1153 2707 1208 de
2736 1153 2997 1223 Delphino
3029 1156 3271 1213 scribens
3294 1197 3312 1225 ,
3342 1157 3495 1214 brevi

1916 1239 2115 1296 biennii
2140 1242 2314 1310 Spatio
2341 1242 2635 1299 octodecim
2666 1244 2718 1299 in
2746 1259 2850 1299 una
2879 1247 3151 1315 provincia
3190 1248 3493 1319 episcOpos,

1916 1342 1976 1387 ut
2000 1334 2310 1401 ostendam,
2346 1334 2488 1390 diem
2532 1336 2732 1392 obiisse
2762 1338 3031 1408 publicat?
3069 1337 3182 1395 Cur
3218 1355 3318 1396 nec
3353 1355 3495 1398 unus

1916 1426 2107 1481 saltem
2161 1426 2371 1481 illorum
2426 1427 2837 1485 Cresconiorum
2893 1430 3037 1486 domi
3085 1433 3363 1503 remansit,
3410 1433 3495 1488 vel
3586 1488 3597 1501 ,

1919 1515 2099 1569 nullus
2141 1516 2380 1585 ejusdem
2420 1518 2652 1574 nominis
2691 1521 2971 1589 episcopus
3015 1522 3155 1576 intra
3196 1522 3495 1591 quinquen-

1919 1608 2065 1661 nium
2097 1618 2441 1664 consecratus
2469 1608 2735 1664 Milevium
2763 1612 3049 1680 perrexit?
3078 1612 3169 1667 His
3191 1613 3331 1668 addo
3356 1613 3491 1669 alte-

1920 1712 2034 1751 ram
2078 1698 2244 1754 fuisse
2288 1699 2567 1756 Tubunam
2615 1702 2671 1755 in
2714 1702 3022 1757 Mauritania
3061 1705 3379 1760 Caesariensi
3425 1719 3493 1761 es

230 1809 435 1851 annum
464 1797 683 1865 epochm
712 1797 1027 1852 Christiana:
1050 1796 1180 1863 258,
1212 1812 1317 1867 quo
1343 1796 1644 1869 Cyprianus
1672 1813 1814 1854 mar-
1840 1784 1890 1845 Β
1918 1787 2112 1842 Notitia
2141 1798 2434 1844 memorata
2451 1799 2536 1857 ,et
2559 1790 2611 1844 in
2634 1791 2888 1847 alterutra
2917 1794 3048 1849 urbe
3072 1796 3213 1850 sedit
3233 1795 3494 1852 Nemetia~

234 1884 433 1955 tyrium
481 1886 671 1950 subiit;
718 1886 973 1956 Oppidum
1012 1900 1141 1944 vero
1180 1886 1362 1944 Sabini
1404 1898 1521 1944 ante
1562 1890 1817 1944 biennium

234 1992 397 2045 quam
449 1979 665 2035 collatio
698 1979 1019 2050 Carthagine
1071 1979 1377 2046 haberetur,
1426 1992 1627 2051 nempe
1679 1996 1818 2036 anno

164 2136 176 2144 .
234 2069 345 2127 409
367 2071 654 2141 episcopali
697 2073 922 2140 primum
961 2072 1219 2142 dignitate
1243 2083 1489 2128 ornatum
1531 2074 1665 2139 fuit,
1695 2089 1816 2129 cum

234 2163 522 2231 antiquitus
552 2163 686 2218 intra
727 2162 999 2219 dioecesim
1034 2164 1320 2219 Milevitani
1349 2166 1605 2222 antistitis
1635 2181 1821 2222 cense-

236 2263 410 2309 retur.
1796 2296 1799 2297 ,

311 2342 607 2415 Ρλυετικυε
634 2343 975 2400 Sttunttus.
1020 2343 1103 2399 Ita
1132 2345 1184 2400 in
1220 2345 1491 2400 collatione
1520 2347 1725 2416 legitur.
1762 2345 1821 2399 In

241 2434 445 2491 Notitia
472 2452 591 2492 vero
619 2436 886 2491 Numidia:
912 2439 970 2504 ﬁt
999 2438 1187 2491 mentio
1213 2437 1426 2492 Maximi
1454 2439 1720 2505 Sillitani,
1738 2441 1823 2509 qui

237 2527 394 2592 periit
422 2528 477 2582 in
505 2528 686 2584 itinere
712 2529 781 2583 ad
803 2529 1061 2583 exsiliunt.
1093 2528 1150 2582 ln
1178 2528 1365 2584 eadem
1388 2531 1608 2584 omnino
1632 2532 1821 2599 pagina

238 2621 382 2675 duos
404 2620 689 2677 Faustinos
709 2620 897 2677 Sillitae
920 2622 1203 2692 episcopos
1225 2637 1366 2677 anno
1388 2622 1491 2679 416
1509 2623 1823 2679 Milevitana:

236 2710 451 2782 synodo
493 2720 786 2781 praesentes
827 2712 973 2768 facit.
1025 2713 1191 2768 Error
1243 2713 1531 2781 immanis,
1576 2715 1665 2784 qui
1715 2730 1822 2769 non

238 2802 401 2858 modo
421 2803 714 2871 memoriae,
742 2819 927 2859 verum
949 2805 1109 2860 etiam
1136 2805 1412 2861 oculorum
1436 2806 1824 2875 propemodum

239 2892 508 2951 defectum
539 2894 738 2952 indicat
768 2913 782 2952 :
814 2897 861 2952 si
889 2905 1065 2952 tamen
1096 2897 1321 2967 vigilans
1350 2912 1412 2953 ea
1445 2899 1679 2967 scripsit.
1722 2900 1825 2955 Mi-

237 3001 366 3042 rare
413 2988 627 3043 interim
671 2996 826 3045 notas
858 2988 1047 3044 iisdem
1076 2990 1296 3044 omnino
1324 2989 1503 3046 verbis
1531 2991 1826 3046 concinna-

241 3085 363 3143 tas,
404 3079 616 3149 utrique
655 3078 911 3135 Faustino
956 3079 1208 3151 supponi.
1256 3080 1400 3137 Sane
1451 3097 1572 3151 quae
1607 3082 1676 3138 de
1723 3085 1824 3138 hoc

1921 1895 2043 1943 nus,
2067 1894 2225 1948 quem
2256 1894 2327 1935 ex
2355 1879 2605 1951 Cypriani
2636 1884 2841 1953 synodo
2864 1886 3215 1953 appellabam.

1992 1969 2215 2039 Vtcron,
2245 1972 2587 2039 GIGNANTIUS,
2611 1984 2666 2030 et
2700 1976 3062 2031 Possmonws.
3096 1977 3315 2032 Incerta:
3343 1979 3495 2033 sedis.

1920 2064 2058 2131 Quid
2083 2065 2158 2119 illi
2197 2066 2326 2119 mali
2361 2067 2537 2121 intulit
2571 2067 2744 2122 Victor
2770 2070 3033 2139 episcOpus
3058 2069 3350 2125 Cullitensis
3369 2111 3381 2135 ,
3406 2072 3495 2142 qui

1921 2170 2042 2225 cap.
2084 2157 2187 2213 125
2215 2156 2270 2211 in
2297 2159 2584 2214 collatione
2613 2162 2954 2216 nominatur?
2997 2162 3118 2217 Fuit
3146 2163 3289 2217 enim
3317 2163 3496 2229 Cullu,

1922 2262 2014 2303 seu
2050 2248 2244 2318 Colops
2270 2264 2512 2319 magnus,
2536 2251 2793 2307 Numidia:
2812 2253 3063 2322 oppidum
3096 2254 3289 2320 Plinio,
3324 2254 3498 2310 Ptole-

1922 2357 2078 2406 maeo,
2106 2341 2636 2413 Antonino,aliisque
2662 2345 2714 2399 in
2740 2344 2983 2399 Numidia
3006 2356 3378 2413 memoratum,
3405 2360 3498 2401 cu-

1917 2432 2005 2501 jus
2052 2433 2212 2487 situm
2244 2434 2295 2488 in
2325 2433 2590 2489 litterario
2630 2435 2773 2489 illius
2810 2438 3096 2505 provinciae
3127 2437 3315 2492 itinere
3348 2437 3499 2492 exhi-

1925 2523 2052 2577 bent
2074 2523 2291 2578 Tabulae
2317 2524 2763 2594 Peutingerianas.
2797 2526 3012 2582 Solinus
3052 2542 3170 2594 cap.
3200 2527 3270 2581 27
3294 2528 3361 2582 de
3390 2527 3493 2581 Nu-

1926 2612 2084 2666 midia
2117 2627 2280 2681 agens
2312 2630 2327 2667 :
2360 2613 2523 2669 Urbes
2544 2658 2560 2684 ,
2593 2614 2790 2685 inquit,
2824 2616 2875 2670 in
2905 2632 2964 2670 ea
2993 2617 3384 2685 quamplurima:
3409 2634 3498 2669 no-

1924 2702 2176 2770 bilesque;
2205 2704 2293 2757 sed
2319 2703 2460 2759 Cirta
2488 2706 2671 2758 eminet
2694 2722 2710 2771 ',
2738 2706 2857 2759 dein
2882 2705 3053 2772 Cullu,
3086 2722 3341 2777 purpureo
3383 2706 3498 2775 fuco

1928 2792 2096 2863 Tyriis
2120 2794 2385 2849 velleribus
2410 2806 2736 2866 comparatae.
2764 2797 2887 2851 Haec
2907 2798 3015 2852 ille.
3126 2856 3129 2859 _

1995 2886 2299 2950 Asromus,
2333 2886 2472 2942 forte
2499 2892 2841 2944 ANTONIANUS
2878 2887 3280 2943 LAIFORTINSIS
3306 2928 3322 2954 ,
3352 2888 3498 2955 cujus

1926 2979 2111 3032 mentio
2134 2986 2207 3033 est
2249 2980 2301 3033 in
2325 2980 2629 3045 collatione;
2676 2980 3081 3050 Lamfortensem
3128 2994 3280 3047 porro
3324 2978 3500 3031 Eccle-

1926 3074 2057 3126 siant
2081 3072 2383 3143 pertinuisse
2417 3072 2487 3126 ad
2513 3073 2835 3139 Numidiam,
2858 3075 3038 3143 probat
3081 3067 3280 3127 Notitia
3307 3072 3501 3138 episco-

240 3169 504 3227 Faustino
538 3181 853 3243 repetuntur
874 3213 893 3240 ,
930 3174 1033 3228 dici
1064 3183 1337 3243 nequeunt
1361 3190 1451 3230 nec
1478 3175 1589 3229 sine
1626 3192 1750 3230 cura
1778 3187 1815 3230 et

1927 3180 2109 3236 porum
2137 3164 2402 3218 Numidia:
2424 3204 2441 3232 ,
2468 3180 2584 3217 cum
2610 3174 2827 3219 recenset
2860 3166 2995 3218 inter
3028 3168 3342 3233 confessores
3368 3160 3502 3215 Feli-

238 3260 414 3317 labore
466 3271 724 3319 exarata:
778 3263 902 3334 quid
949 3266 1092 3319 enim
1138 3264 1345 3321 facilius
1394 3274 1477 3321 est
1524 3281 1681 3337 quam
1729 3281 1823 3322 ex-

234 3354 520 3410 scribere?
1582 3420 1585 3421 ν

310 3446 614 3503 Fwsrmus
658 3464 849 3503 ALTER.
887 3445 982 3504 Vel
1010 3447 1127 3515 hic,
1159 3448 1236 3502 vel
1260 3450 1355 3503 iste
1386 3447 1658 3503 Sillitanus
1678 3448 1821 3518 fuit;

236 3540 487 3593 alteruter
537 3540 784 3615 ignorata:
826 3540 980 3593 sedis.
1011 3538 1121 3594 Nec
1161 3540 1281 3607 iste,
1307 3554 1406 3595 nec
1430 3539 1520 3596 ille
1548 3540 1822 3596 Sillitanus

235 3630 354 3698 luit,
411 3630 514 3685 nisi
570 3631 715 3699 prior
755 3630 1074 3698 Faustinus,
1123 3646 1279 3702 quem
1320 3632 1371 3699 in
1411 3632 1647 3687 Sillitana
1694 3634 1822 3689 sede

236 3720 539 3788 locaverat,
573 3721 872 3791 d‘ejiciatur.
898 3722 1163 3777 Caeterum
1193 3724 1382 3778 tertius
1412 3723 1497 3778 hic
1534 3723 1821 3781 Faustinus

236 3817 465 3889 emergit
494 3817 548 3870 in
578 3817 874 3872 Milevitana
903 3816 1115 3891 synodo
1140 3817 1227 3871 uni
1254 3816 1514 3872 Garnerio
1542 3818 1819 3887 cognitus,

235 3908 449 3961 caeteris
474 3907 752 3979 hucusque
781 3906 1075 3977 ignoratus.
1109 3907 1176 3961 lli
1203 3906 1416 3978 quidem
1446 3915 1555 3963 tres
1585 3908 1821 3978 episcopi

233 3999 283 4051 in
313 3997 610 4069 epigraphe
630 4007 979 4069 numerantur
1000 4000 1083 4067 vel
1114 3999 1251 4069 apttd
1276 3998 1449 4068 ipsum
1478 3998 1818 4066 Garnerium,

231 4088 476 4154 Sumus,
496 4088 819 4159 FAUSTINUS,
843 4089 1193 4167 Casscoutus.
1211 4088 1282 4144 At
1300 4088 1390 4145 ille
1416 4089 1603 4144 eadem
1635 4098 1824 4151 aucto-

231 4180 392 4235 ritate
414 4195 520 4250 qua
550 4195 718 4237 novas
750 4182 908 4259 urbes
935 4180 1139 4251 condit,
1168 4196 1269 4252 qua
1302 4183 1455 4238 binos
1484 4184 1536 4237 in
1565 4198 1666 4237 una
1694 4184 1822 4239 sede

230 4273 529 4342 episc0pos
557 4272 731 4341 lbcat,
766 4290 868 4345 qua
896 4276 1169 4330 civitatum
1208 4285 1262 4331 et
1290 4277 1572 4346 praesulum
1605 4279 1820 4333 nomina

231 4364 545 4431 detruncat,
568 4377 748 4437 auget,
780 4379 1093 4438 commutat,
1124 4368 1333 4438 eadem,
1366 4369 1604 4440 inquam,
1632 4382 1820 4427 aucto-

234 4459 392 4513 ritate
416 4457 747 4530 FAUSTINUI,
779 4476 949 4531 nuper
970 4462 1114 4529 domi
1139 4477 1251 4517 sua:
1281 4473 1461 4517 natum
1484 4464 1813 4534 episc0pum,

236 4550 351 4602 sine
383 4548 630 4604 tractoria
670 4552 876 4622 synodo
918 4553 1138 4609 intrudi:
1164 4596 1182 4621 ,
1213 4570 1333 4610 cum
1369 4556 1490 4625 jure
1530 4557 1731 4611 ferendi
1764 4556 1818 4611 in

240 4639 522 4710 Pelagiana
546 4656 705 4698 causa
735 4643 992 4715 suffragii.
1023 4645 1285 4701 Contineo
1310 4647 1586 4715 impetum,
1608 4663 1675 4702 ne
1703 4650 1818 4717 epi-

240 4730 372 4784 stola
403 4731 456 4785 in
481 4741 714 4803 satyram
740 4736 963 4804 migret;
987 4750 1176 4791 vereor
1205 4747 1377 4791 tamen
1406 4752 1474 4792 ne
1505 4740 1616 4807 ipse
1648 4738 1816 4805 risum

240 4826 512 4879 continere
540 4827 735 4893 possis,
761 4827 889 4882 dum
934 4832 1048 4883 haec
1074 4846 1175 4883 non
1204 4831 1315 4883 sine
1349 4847 1470 4884 cura
1497 4846 1525 4883 a
1559 4829 1819 4886 Garnerio

244 4919 432 4989 scripta
458 4918 614 4974 audis
639 4962 653 4985 ,
685 4921 774 4990 qui
802 4935 869 4976 ne
911 4904 1049 4976 ullus
1080 4923 1132 4977 in
1179 4922 1521 4978 numerandis
1551 4923 1818 4992 episcopis

246 5022 389 5083 error
434 5008 700 5078 obreptet,
744 5011 1060 5081 epigraphes
1110 5012 1299 5066 iterum
1350 5012 1588 5083 legendae.
1630 5026 1813 5067 curam

246 5099 456 5155 dimisit.
758 5138 761 5141 λ
802 5164 803 5167 η
1732 5168 1735 5171 η

311 5190 634 5248 CRESCONIUS
666 5192 1015 5261 TUBINIENSIS.
1028 5260 1031 5263 ἢ
1045 5192 1173 5247 Cum
1197 5195 1417 5264 quinque
1429 5192 1815 5248 Cresconiorum

245 5284 441 5337 nomina
466 5284 568 5337 sint
594 5285 838 5354 inscripta
858 5286 1136 5354 synodicae,
1158 5286 1285 5339 scire
1312 5285 1517 5355 quidem
1548 5301 1814 5353 possumus

241 5391 345 5442 qui:
370 5377 433 5430 ab
463 5376 527 5430 iis
564 5375 828 5445 inde/inite
866 5374 1106 5429 Ecclesia:
1147 5376 1199 5428 in
1234 5374 1483 5451 Numidia
1521 5383 1671 5441 rectae
1698 5374 1815 5443 fue-

243 5471 369 5535 rint;
397 5469 611 5539 deﬁnire
634 5485 734 5523 non
765 5484 1032 5539 possumus
1057 5483 1170 5539 qua:
1201 5486 1231 5520 a
1260 5468 1497 5538 singulis.
1519 5466 1815 5521 Cresconius

243 5561 550 5617 Tubiniensis
587 5562 777 5632 aliquis
829 5561 1125 5632 appellatur
1171 5562 1221 5614 in
1268 5548 1561 5627 collatione,
1604 5560 1814 5630 ponitur

244 5673 345 5711 vero
368 5659 420 5710 in
443 5655 498 5721 Ν
504 5658 645 5710 otitia
675 5656 726 5710 Ν
732 5657 939 5711 ωηὶάὶω
966 5654 1251 5725 Reparatus
1275 5654 1641 5731 Tubuniensis.
1667 5652 1811 5708 Scri-

246 5750 466 5805 bsndum
490 5758 572 5806 est
592 5749 787 5823 ubique
813 5747 1181 5827 Tubunismis,
1217 5754 1270 5802 ut
1307 5747 1358 5823 iu
1390 5744 1605 5799 Notitia.
1633 5742 1690 5798 lu
1722 5758 1813 5817 sv-

1927 3274 2032 3311 cem
2059 3256 2482 3326 Lamfortensem.
2511 3255 2556 3310 0
2576 3271 2734 3324 quam
2755 3256 2981 3324 turpiter
3008 3254 3084 3308 illi
3112 3253 3271 3308 vertit
3300 3267 3365 3308 ex
3392 3254 3502 3306 An—

1928 3352 2073 3406 tonio
2096 3350 2311 3406 ﬁnxisse
2344 3349 2701 3405 Antonianum
2725 3350 2738 3404 ε
2784 3348 3053 3419 Nusquam
3082 3346 3347 3403 infelicius
3368 3344 3503 3400 allu-

1924 3443 2131 3498 cinatus
2157 3450 2272 3509 est;
2304 3441 2502 3497 etenim
2523 3440 2841 3496 catholicum
2869 3440 3178 3509 episcopum
3202 3439 3256 3492 in
3284 3436 3499 3492 haereti-

1924 3547 2044 3588 cum
2067 3532 2439 3589 commutavit.
2462 3532 2517 3586 In
2547 3531 2836 3588 collatione
2857 3544 2975 3599 cap.
3005 3529 3131 3596 M9,
3163 3538 3285 3599 post
3306 3527 3501 3593 Janua-

1924 3624 2059 3677 rium
2074 3631 2128 3679 et
2141 3623 2468 3679 Primianum
2480 3623 2872 3678 Donatistarum
2898 3621 3166 3691 primates,
3188 3620 3301 3677 fere
3319 3620 3500 3677 statim

1924 3716 2176 3769 recitatur
2209 3716 2521 3769 Antonianas
2556 3714 2821 3784 episcOpus
2851 3713 3237 3781 Lansortcnsis,
3264 3713 3352 3782 qui
3375 3725 3496 3783 cap.

1924 3804 2046 3869 165,
2080 3820 2199 3860 cum
2231 3805 2421 3859 iterum
2455 3807 2592 3859 inter
2636 3805 3029 3859 Donatistarum
3067 3803 3276 3857 turbam
3317 3802 3467 3857 noml

1926 3909 2163 3965 naretur,
2192 3898 2363 3953 dixit'.
2380 3897 2506 3953 Non
2525 3898 2634 3952 illic
2651 3897 2811 3951 habeo
2829 3896 3196 3951 adversarium.
3226 3894 3496 3949 Pessimua

1923 3992 2061 4046 enim
2094 3989 2368 4044 Donatista
2390 3997 2563 4045 totam,
2584 3987 2859 4043 dioecesim
2892 3987 2943 4040 in
2967 3994 3117 4057 parte
3140 3985 3331 4039 Donati
3351 3982 3497 4038 omni

1922 4083 2099 4138 studio
2136 4081 2369 4137 tenebat.
2409 4081 2476 4136 Et
2512 4080 2655 4137 hunc
2703 4081 3095 4136 Donatistarum
3145 4077 3496 4148 primipilum,

1926 4182 2173 4242 tanquam
2205 4172 2331 4227 Saul
2361 4172 2501 4228 inter
2529 4170 2852 4242 prophetas,
2877 4170 3017 4224 locat
3050 4166 3339 4223 Garnerius
3361 4168 3501 4222 inter

1922 4264 2213 4335 catholicos
2253 4263 2535 4333 episcopos
2579 4261 2769 4332 synodi
2810 4259 3163 4315 Milevitanae?
3197 4257 3361 4312 Estne
3401 4258 3499 4309 ista

1924 4358 2168 4411 immensa
2196 4356 2495 4410 eruditionis
2524 4356 2672 4425 copia
2696 4370 2798 4423 qua
2826 4354 2911 4407 via:
2942 4367 3044 4407 non
3075 4350 3305 4405 obruitur
3346 4346 3499 4403 Chri-

1923 4450 2119 4503 stianus
2148 4448 2362 4516 Lupus?
2385 4447 2583 4502 Omitto
2625 4445 2765 4516 quod
2795 4445 2950 4515 hujus
2990 4442 3222 4499 haeretici
3264 4439 3500 4496 Ecclesia

1921 4554 2026 4594 non
2058 4539 2405 4608 Lanfortensis
2451 4537 2673 4593 dicenda
2710 4545 2820 4602 est,
2862 4534 2957 4591 sed
3001 4532 3371 4587 Lansortensis.
3424 4530 3501 4584 lta

1923 4633 2114 4701 legitur
2140 4633 2191 4684 in
2216 4630 2522 4696 collatione,
2556 4628 2707 4697 cujus
2730 4626 3094 4683 testimonium
3123 4624 3365 4694 proxime
3387 4621 3501 4675 lau-

1923 4724 2137 4788 dabam,
2189 4724 2239 4777 in
2271 4721 2471 4775 Notitia
2510 4720 2809 4789 appellatur
2848 4716 3002 4771 Felix
3030 4713 3417 4777 Lansortensis;
3446 4711 3500 4765 in

1923 4813 2129 4885 synodo
2174 4811 2431 4867 Bonifacii
2476 4825 2565 4864 an.
2616 4807 2722 4864 5‘25
2767 4806 3062 4860 Florentius
3120 4802 3499 4856 Lansortcnsis.

1925 4908 2062 4961 Dum
2091 4906 2251 4961 audio
2272 4903 2591 4959 Garnerium
2619 4917 2684 4956 ex
2723 4900 2957 4955 Antonio
2987 4898 3367 4959 Antonianum,
3402 4894 3504 4947 hoc

1921 5008 2034 5066 est,
2062 5014 2127 5053 ex
2152 4997 2415 5052 catholico
2442 4994 2754 5049 haareticum
2788 4991 3070 5046 efformare
3094 5028 3110 5054 ,
3144 5002 3245 5042 non
3284 5000 3502 5057 possum

1920 5105 2024 5145 non
2055 5098 2298 5158 repetere
2326 5088 2559 5157 lepidum
2602 5082 2909 5152 Hieronymi
2945 5081 3143 5135 dictum
3174 5080 3226 5134 in
3258 5078 3503 5148 apologis

1922 5182 2087 5253 priori
2128 5190 2313 5237 contra
2344 5179 2594 5233 Ruﬁnum
2620 5219 2634 5244 ,
2668 5175 2758 5245 qui
2798 5171 3018 5228 Eusebii
3041 5171 3230 5259 [Ariani
3262 5186 3358 5241 pro
3386 5170 3505 5224 Ori-

1918 5292 2053 5347 gene
2082 5276 2275 5330 librum
2308 5274 2366 5328 S.
2396 5269 2661 5341 Pamphili
2688 5267 2939 5337 martyris
2967 5265 3504 5345 titulolprmnotatum

1920 5367 2290 5439 publicaverat
2322 5382 2334 5417 :
2378 5361 2507 5415 Cum
2548 5370 2742 5412 tantam
2767 5399 2781 5424 ,
2814 5356 3004 5427 inquit,
3038 5356 3222 5409 habeas
3250 5356 3505 5408 licentiam

1920 5440 2185 5513 nominum
2219 5453 2655 5508 immutandorttm
2674 5491 2687 5515 ,
2715 5459 2771 5502 ut
2804 5450 2868 5503 de
2894 5448 3115 5502 Eusebio
3144 5446 3500 5515 Pamphilum,

1921 5556 1983 5608 de
2030 5552 2262 5607 Itwrctico
2304 5558 2576 5619 martyrem
2603 5547 2777 5619 feceris
2802 5588 2817 5615 ,
2840 5545 3090 5601 cavendus
3121 5545 3291 5609 homo,
3313 5552 3359 5596 et
3379 5542 3505 5595 mihi

1922 5648 2141 5701 maxime
2189 5642 2524 5698 declinandns
2551 5680 2566 5704 ,
2599 5656 2661 5693 ne
2689 5655 2767 5693 ms
2802 5648 3000 5710 repente
3037 5637 3158 5689 dum
3206 5635 3392 5699 nescio,
3440 5630 3504 5684 de

1922 5741 2236 5807 Hieronymo
2260 5733 2678 5803 Sardanapalum
2709 5731 2956 5785 nomines.
2992 5727 3115 5784 Hac
3145 5725 3251 5782 ille.
3286 5723 3500 5779 Poterat
