3954 6364
512 293 617 351 Si!
1408 284 1961 344 SUPPLEMENTUM
1998 283 2091 340 AD
2128 281 2359 341 OPERA
2398 282 2457 340 S.
2498 284 2889 343 AUGUSTINI.
3647 292 3730 351 δη

517 405 848 472 Garnerius,
878 405 1181 461 Antoniano
1225 401 1498 460 Donatista
1541 404 1592 458 in
1640 403 1835 458 malam
1878 413 2093 457 crucem
2119 402 2172 459 A
2199 403 2431 474 probato,
2460 401 2535 457 Μ.
2562 384 2799 495 Crispum
2836 403 3095 459 tribunum
3134 418 3250 461 cum
3274 402 3504 475 cohorte,
3544 419 3587 463 et
3605 412 3731 483 sagit.

518 499 664 554 abire
687 498 1070 569 jusso,legere
1092 502 1255 565 caput
1277 495 1378 551 155
1405 493 1741 564 collationis,
1770 493 1860 549 ubi
1881 491 2097 563 ponitur
2199 498 2367 565 tariis,
2418 490 2781 568 tormentisqub'
2817 497 3161 569 compluribus
3200 499 3441 569 praesidio
3484 500 3731 565 Tbebensm

510 589 657 646 inter
697 588 992 645 catholicos
1031 587 1281 642 Antonius
1321 587 1591 660 episcopus
1632 586 1790 658 plebis
1823 586 2096 658 Mutugen-
2196 591 2369 645 mittit.
2403 590 2535 645 Tres
2564 589 2615 644 id
2661 589 2913 659 temporis
2955 588 3010 643 in
3051 588 3228 645 Africa
3256 603 3413 659 reges
3437 600 3583 646 erant
3626 595 3731 653 Juba

518 682 708 738 uensis.
743 679 1052 736 Holstenius
1080 678 1217 733 hanc
1246 678 1542 733 Ecclesiam
1572 678 1626 732 in
1646 676 1896 733 Numidia
1919 676 2090 747 ponit.
2196 681 2522 739 Massinissa:
2550 694 2815 751 pronepos
2842 679 3290 736 mediterraneam
3317 679 3571 738 Numidiae
3594 686 3734 757 regio.

509 772 843 844 Augustinus
876 771 1052 826 villam
1082 769 1453 842 Mutugennam
1492 771 1548 826 in
1589 769 1868 827 territorio
1897 768 2094 840 Hippo—
2196 789 2319 830 nem
2340 789 2371 830 a
2398 773 2541 830 Cirta
2571 787 2739 842 usque
2769 772 2983 829 Zamam
3017 770 3345 842 possidebat.
3373 774 3595 844 itemque
3619 777 3735 835 Mau-

439 898 449 928 s
516 866 669 927 nensi
694 871 942 922 recenset
965 865 1121 935 epist.
1152 864 1277 920 204.
2194 866 2444 923 ritaniam
2492 864 2801 921 Sitifensem
2853 877 3022 934 usque
3066 863 3135 920 ad
3181 861 3483 919 Mulucham
3528 865 3731 929 ﬂuvium.

584 961 931 1015 INNOCENTIUS
954 958 1367 1013 GERMANIENSIS.
1395 956 1482 1011 Ita
1510 957 1694 1029 legitur
1722 957 1776 1011 in
1798 956 2087 1012 collatione.
2194 958 2322 1015 lude
2348 958 2594 1015 Bocchus
2622 958 2991 1014 Mauritaniam
3008 956 3399 1016 Cesariensem
3425 962 3657 1031 regebat;
3684 967 3734 1023 de

512 1050 610 1107 Est
635 1061 803 1105 autem
831 1048 1189 1105 Germanensis
1218 1050 1392 1103 civitas
1422 1049 1477 1101 in
1508 1048 1758 1101 Numidia
1776 1092 1790 1116 ,
1814 1056 1869 1102 ut
1895 1056 2092 1103 constat
2194 1067 2300 1123 quo
2330 1052 2443 1109 hazc
2473 1052 2634 1109 habet
2660 1052 2759 1108 Dio
2786 1051 2883 1106 lib.
2903 1067 3028 1107 xm
3056 1070 3069 1105 :
3098 1050 3227 1107 Fuit
3257 1053 3301 1107 is
3329 1069 3423 1108 rex
3448 1053 3737 1114 Mauritania

515 1158 577 1198 ea:
604 1142 802 1197 Notitia
833 1159 852 1196 :
893 1149 1125 1195 censetur
1162 1141 1297 1194 enim
1326 1140 1458 1193 inter
1489 1141 1801 1211 confessores
1830 1136 2092 1193 Numidas
2195 1144 2539 1200 εωωτὶεηείε.
2562 1143 2935 1201 Postremusin
2960 1144 3275 1199 Mauritania
3294 1143 3570 1215 Tingitana
3591 1161 3735 1204 rerum

512 1234 775 1304 episwpos
814 1231 1204 1286 Crescentianus
1227 1230 1604 1286 Germanensis.
1632 1229 1688 1285 Si
1728 1230 1795 1286 ab
1822 1243 1964 1285 anno
1984 1229 2086 1285 411
2194 1236 2497 1308 potiebatur
2518 1235 2720 1307 Bogud,
2743 1251 2811 1293 ex
2840 1235 3031 1293 eodem
3058 1236 3153 1292 lib.
3198 1250 3384 1292 xum.
3416 1234 3618 1305 Jubam,
3642 1248 3737 1309 post

508 1328 581 1381 ad
620 1342 820 1383 annum
857 1325 961 1381 416
1003 1324 1343 1380 Innocentius
1372 1321 1776 1379 Germaniensis
1814 1329 2091 1392 superstes
2195 1329 2430 1385 occisum
2474 1343 2597 1385 cum
2637 1328 2808 1398 copiis
2840 1327 3132 1384 Curionem
3157 1342 3256 1399 pro
3278 1326 3495 1385 Caesare
3514 1328 3566 1384 in
3591 1328 3736 1387 Africa

505 1424 632 1491 .iuit,
664 1423 948 1491 nullusque
972 1421 1109 1476 alius
1147 1419 1367 1489 hujusce
1392 1417 1621 1473 nominis
1646 1416 1930 1486 episcopus
1952 1415 2091 1470 inter
2198 1421 2415 1490 ducem,
2467 1421 2755 1492 Pompeius
2797 1422 2955 1492 eique
2994 1420 3277 1478 adhaerens
3331 1428 3547 1477 senatus
3590 1436 3736 1493 regem

511 1517 623 1571 125
644 1515 905 1571 Numidia:
934 1512 1199 1568 antistites
1229 1512 1458 1577 exstitit,
1491 1525 1677 1566 verum
1703 1509 1852 1564 dicit.
2196 1513 2439 1580 dixerat;
2471 1528 2579 1585 quo
2619 1522 2861 1583 tempore
2891 1513 3138 1569 Bocchus
3178 1521 3233 1569 et
3269 1513 3453 1584 Bogud
3481 1513 3651 1569 eadem
3676 1516 3736 1570 di.

580 1606 874 1661 Pnasrows
900 1613 956 1660 et
982 1602 1363 1658 Cnsscuu'nus.
1392 1599 1608 1655 Incerta:
1631 1599 1786 1655 sedis.
1817 1597 2090 1669 Nusquam
2195 1606 2399 1677 gnitate
2427 1621 2457 1660 a
2486 1605 2698 1662 Caesare
2719 1605 2954 1677 insigniri
2972 1613 3125 1673 sum,
3155 1620 3276 1677 quas,
3296 1621 3363 1660 ex
3385 1604 3551 1661 Dione
3567 1605 3649 1661 lib,
3672 1622 3736 1663 ιιι

512 1700 751 1755 securius
780 1699 883 1755 sibi
912 1697 1141 1753 consulit
1169 1710 1327 1767 quam
1354 1709 1473 1750 cum
1511 1694 1582 1748 ita
1612 1692 1868 1764 loquitur.
2197 1697 2352 1753 initio
2394 1697 2511 1755 fere
2546 1698 2675 1754 belli
2700 1698 2873 1754 civilis
2910 1700 3204 1769 contigere.
3238 1697 3378 1753 Juba
3410 1706 3583 1754 tamen
3613 1708 3735 1756 antea

581 1791 745 1845 Fr:th
770 1790 1071 1844 TUBIENSIS.
1096 1787 1179 1841 Ita
1197 1788 1378 1859 legitur
1396 1787 1447 1840 in
1468 1785 1762 1839 collatione.
1784 1783 2088 1839 Tubiensem
2118 1772 2168 1835 Β
2194 1788 2315 1859 jure
2341 1790 2489 1859 regio
2536 1788 2799 1845 Getuliam
2837 1804 2902 1845 ac
2944 1790 3163 1860 Libyam
3204 1788 3454 1855 tenebat;
3489 1803 3603 1844 cum
3626 1793 3736 1846 enim

511 1898 624 1938 vero
677 1880 959 1936 Ecclesium
1001 1896 1101 1934 non
1157 1879 1338 1950 procul
1378 1896 1409 1933 a
1458 1877 1794 1948 Villaregensi
1838 1877 2088 1945 positam,
2196 1880 2360 1935 Curio
2387 1890 2533 1937 esset
2554 1881 2801 1938 tribunus
2829 1880 3032 1951 plebis,
3066 1888 3388 1945 tentaverat,
3420 1879 3586 1949 eiecto
3611 1879 3734 1950 Juba,

508 1986 659 2046 utque
685 1974 811 2029 adeo
848 1975 901 2027 in
931 1973 1179 2027 Numidia
1206 1972 1558 2027 collocandum
1582 2009 1597 2035 ,
1626 1969 1798 2039 colligi
1837 1977 1999 2039 potest
2028 1985 2091 2023 ex
2196 1987 2421 2043 regnum
2448 1973 2501 2028 in
2524 1971 2852 2042 provinciam
2882 1971 3180 2028 Romanam
3211 1970 3475 2041 redigere,
3503 1977 3629 2026 teste
3652 1972 3735 2026 Ca2-

510 2083 626 2122 ean.
681 2068 748 2123 48
797 2066 925 2121 Cod.
959 2067 1215 2136 Africana:
1248 2065 1509 2120 Ecclesia).
1553 2063 1747 2119 Vidisti
1793 2078 1857 2119 ex
1896 2062 2088 2118 eodem
2192 2079 2318 2120 sare
2363 2064 2458 2119 lib.
2510 2079 2550 2120 ιι
2598 2063 2667 2120 de
2716 2064 2869 2119 Bello
2920 2064 3083 2120 civili.
3128 2064 3292 2120 Curio
3327 2072 3505 2119 autem
3542 2075 3735 2134 gesserat

512 2176 717 2217 canone
758 2161 1061 2231 oppositum
1089 2159 1364 2216 evidenter
1392 2156 1603 2212 deduci.
1631 2156 1747 2210 Dixi
1776 2155 1939 2210 etiam
1962 2155 2092 2210 Hol-
2195 2159 2523 2213 tribunatum
2571 2173 2640 2214 ex
2697 2158 2865 2213 Dione
2910 2158 3006 2214 lib.
3056 2174 3165 2223 xu,
3216 2157 3472 2213 Marcello
3520 2166 3573 2214 et
3614 2158 3736 2213 Rullo

510 2253 740 2308 stenium
765 2269 884 2323 pag.
911 2252 979 2308 65
1001 2262 1055 2309 et
1075 2252 1143 2307 96
1172 2251 1491 2306 Tubiensem
1515 2246 1811 2304 Ecclesiam
1833 2262 1955 2302 cum
1983 2246 2089 2301 Tu-
2192 2263 2399 2314 conss.,
2434 2249 2650 2305 biennio
2676 2258 2962 2319 antequam
2983 2265 3015 2304 a
3046 2249 3179 2306 Juba
3199 2250 3549 2306 occideretur.
3573 2250 3735 2307 Plinius

509 2349 769 2403 buniense
818 2346 1148 2402 confundere
1182 2365 1194 2398 :
1236 2360 1355 2400 cum
1382 2352 1562 2398 tamen
1591 2342 1766 2398 eidem
1816 2339 2089 2395 collationi
2196 2345 2313 2400 haec
2339 2346 2524 2401 scribit
2551 2346 2641 2401 lib.
2676 2362 2708 2400 ν
2733 2389 2748 2413 ,
2781 2358 2897 2416 εει),
2925 2346 2961 2399 2
2981 2388 2996 2413 ,
3020 2346 3087 2402 de
3118 2345 3433 2402 Mauritania
3456 2387 3471 2412 ,
3501 2347 3736 2418 Tingim.

511 2436 853 2492 interfuerint
899 2454 965 2492 ex
1013 2451 1132 2506 cap.
1168 2436 1264 2492 121
1318 2434 1472 2490 Felix
1516 2433 1889 2500 Tubuniensis,
1929 2441 1986 2488 et
2021 2448 2089 2488 ex
2194 2450 2252 2495 et
2276 2440 2614 2495 Cmsariensi.
2651 2437 2886 2509 Namque
2914 2440 3003 2494 diu
3026 2457 3206 2513 regum
3241 2442 3454 2495 nomina
3484 2442 3735 2507 obtinuere,

511 2543 627 2598 sap.
658 2529 760 2585 155
787 2527 939 2583 Felix
966 2526 1254 2593 Tubiensis,
1288 2526 1445 2581 ambo
1474 2524 1724 2581 catholici
1754 2525 2014 2594 episcOpi.
2194 2540 2251 2585 ut
2302 2530 2606 2602 Bogudiana
2642 2530 2987 2603 appellaretur
3044 2535 3253 2599 extima,
3303 2534 3516 2601 itemque
3566 2533 3734 2601 Bocchi,

492 2655 499 2671 ι
578 2623 853 2679 ANTONIUS
902 2621 1278 2678 Fusssuzssrs.
1312 2619 1398 2673 Ita
1443 2619 1649 2689 quidem
1692 2619 1819 2671 milii
1866 2617 2088 2684 videtur,
2197 2638 2313 2689 quia
2334 2640 2473 2677 nunc
2495 2623 2849 2679 casas-iens“.
2880 2625 3037 2681 Abea
3065 2635 3242 2695 ρονιιη
3281 2643 3496 2699 magna;
3539 2644 3568 2679 a
3605 2630 3736 2697 spatio

509 2717 735 2788 quamvis
782 2716 926 2770 nulla
971 2714 1132 2784 ipsius
1176 2713 1361 2767 mentio
1403 2713 1455 2765 in
1494 2710 1767 2765 collatione
1805 2710 1917 2779 ﬁat,
1960 2713 2092 2780 forte
2196 2716 2510 2787 appellatus,
2560 2718 2747 2771 civium
2788 2717 3141 2772 Romanorum
3166 2719 3445 2791 oppidum;
3472 2720 3622 2773 αηιηξε
3643 2718 3735 2771 Ην.

517 2808 631 2877 quia
661 2806 885 2861 nondum
923 2805 1185 2859 ordinatus
1216 2804 1397 2872 fuerat.
1427 2801 1544 2869 Quo
1569 2816 1700 2872 ergo
1724 2801 1843 2871 iure
1873 2800 1959 2855 hic
1979 2800 2091 2854 An-
2198 2807 2349 2861 lucha
2396 2806 2587 2861 Bocchi
2644 2807 3143 2879 Maesesulorumque
3194 2811 3333 2878 ﬁnis,
3393 2810 3582 2865 Verum
3638 2811 3733 2865 olim

518 2900 691 2955 tonius
724 2907 839 2968 post
871 2913 1068 2953 annum
1114 2894 1215 2951 411
1270 2895 1549 2950 ordinatus
1574 2937 1589 2961 ,
1622 2893 1763 2949 sedit
1796 2894 1849 2946 in
1883 2891 2091 2963 synodo
2195 2907 2321 2969 post
2340 2899 2538 2955 bellum
2566 2899 2965 2970 Jugurihinum,
2995 2911 3054 2956 ιιι
3074 2903 3149 2958 εει
3169 2902 3363 2970 Rufus,
3391 2904 3444 2956 in
3470 2904 3629 2973 populi
3658 2903 3735 2956 Ro.-

518 2991 817 3045 slilevitana
857 3000 980 3044 alite
1009 2990 1271 3043 Donatum
1295 3028 1309 3052 ,
1341 2986 1689 3057 Lampadium
1714 3026 1730 3051 ,
1784 2994 1837 3040 et
1875 2982 2093 3052 Delphi-
2197 2991 2335 3043 mani
2378 2999 2678 3061 potestatem
2708 2989 2961 3047 Numidia
3008 2995 3161 3047 venit.
3189 2995 3322 3061 Quae
3362 2993 3567 3063 quidem
3590 2993 3648 3047 de
3672 3008 3735 3047 re-

518 3098 664 3148 num,
694 3096 826 3152 quos
848 3081 1023 3136 eidem
1061 3079 1334 3135 collationi
1371 3078 1606 3133 adfuisse
1645 3075 1939 3131 Garnerius
1966 3088 2091 3127 mox
2128 3146 2165 3154 _
2197 3080 2356 3149 gione
2384 3082 2651 3138 maritima
2673 3082 2968 3149 Numidiae;
2997 3090 3119 3154 qua:
3146 3084 3323 3140 fuerat
3351 3083 3480 3139 ditio
3508 3083 3736 3139 Adherba-

519 3146 737 3233 scribiti
763 3178 952 3233 Junior
978 3178 1309 3247 antiquiores
1330 3177 1612 3247 episcopos
1638 3189 1707 3231 ex
1727 3188 1849 3229 can.
1873 3171 2089 3229 53Cod.
2119 3146 2166 3210 (ἶ
2202 3146 2269 3225 iis
2312 3186 2342 3226 a
2368 3171 2627 3243 Jugurtha
2669 3175 2833 3231 occisi
2875 3146 3220 3245 intelligenda
3268 3184 3416 3241 sunt,
3439 3191 3501 3230 ex
3531 3174 3737 3230 Sallusno

520 3269 749 3324 Africani
771 3267 1073 3339 praecedere
1097 3282 1200 3324 non
1229 3276 1454 3338 poterat.
2201 3284 2322 3341 cap.
2341 3270 2413 3328 26
2443 3271 2512 3327 de
2535 3272 2686 3327 Bello
2709 3272 3032 3344 Jugurtbino
3054 3275 3308 3341 ;Zamam
3332 3276 3472 3331 enim
3499 3283 3551 3330 et
3575 3272 3736 3329 Cirtam

590 3364 813 3418 Vtcron.
862 3361 1058 3433 Ignota:
1084 3361 1296 3430 perinde
1323 3360 1455 3414 sedis
1480 3401 1496 3428 ,
1524 3368 1674 3429 atque
1695 3359 1824 3412 alter
1847 3374 1968 3411 more
2003 3373 2097 3429 ap-
2200 3363 2378 3434 regias
2408 3363 2463 3418 in
2494 3364 2904 3423 mediterraneis
2928 3366 3072 3422 illius
3102 3368 3395 3437 provinciae
3422 3366 3575 3422 urbes
3597 3364 3738 3420 Caesar

520 3454 761 3529 pellatus.
789 3454 911 3509 Haec
925 3453 993 3509 de
1021 3452 1473 3522 utroqueVictore
1487 3451 1751 3517 scribens,
1767 3465 1866 3506 nec
1894 3450 2095 3515 oleum,
2200 3454 2352 3511 Juba:
2366 3455 2614 3521 abstulit;
2640 3456 2781 3513 unde
2796 3472 2859 3513 ea
2885 3457 3149 3513 Numidiae
3178 3473 3304 3527 pars
3326 3458 3604 3528 provinciae
3624 3470 3739 3508 nova:

520 3562 622 3603 nec
647 3561 865 3615 operam
906 3544 1119 3616 perdit,
1146 3542 1592 3615 quemadmodum
1624 3542 1763 3597 malo
1786 3541 1960 3597 eidem
1985 3540 2081 3595 fatc

2200 3564 2400 3605 nomen
2445 3549 2634 3605 sortita
2683 3559 2802 3617 est,
2855 3551 3162 3608 auctoribus
3215 3553 3461 3623 Appiano
3502 3559 3553 3605 et
3589 3550 3736 3604 Dione.

520 3642 576 3695 in
600 3642 826 3697 aliorum
856 3640 1071 3695 sedibus
1099 3638 1443 3708 designandis
1469 3637 1709 3707 contigit.
2200 3639 2380 3706 Quare
2434 3640 2479 3694 si
2522 3638 2906 3696 Thabenenses
2953 3650 3107 3696 erant
3152 3642 3242 3696 sub
3303 3642 3492 3695 ditione
3529 3639 3659 3693 Juba
3700 3641 3739 3691 in

592 3734 913 3789 Houons'rus
939 3732 1322 3787 TABENNENSIS.
1378 3730 1482 3784 Cur
1528 3740 1700 3784 autem
1746 3727 2094 3796 Honoratum,
2201 3742 2426 3785 extrema
2465 3734 2576 3803 ejus
2624 3733 2829 3802 regione
2866 3734 3124 3787 maritima
3171 3734 3347 3795 locati,
3389 3748 3514 3790 sane
3547 3731 3737 3788 erantin

521 3827 609 3896 qui
637 3826 930 3881 Milevitana
957 3826 1132 3880 huicce
1175 3824 1390 3879 concilio
1418 3824 1679 3891 interfuit,
1719 3821 2099 3875 Tabennensem
2202 3836 2297 3877 ora
2328 3822 2595 3878 maritima
2618 3824 2949 3879 Mauritaniae
2980 3823 3248 3881 Sitifensis
3279 3840 3385 3881 non
3404 3824 3578 3896 procul
3601 3838 3625 3878 a
3654 3822 3737 3876 llu-

522 3922 690 3989 potius
718 3930 885 3985 putem
906 3935 1052 3988 quam
1082 3916 1469 3972 Mactariensem
1490 3933 1577 3971 seu
1606 3902 1985 3979 Halariensem,
2014 3915 2101 3985 qui
2204 3912 2359 3968 lucha
2384 3955 2399 3981 ,
2431 3929 2535 3984 qua
2570 3913 2941 3970 Mauritaniam
2987 3914 3379 3972 Caesariensem
3424 3914 3605 3971 Bocchi
3632 3910 3740 3980 regis

520 4021 808 4066 recenselur
836 4011 966 4064 inter
996 4012 1257 4080 episcOpos
1285 4010 1338 4063 in
1364 4007 1668 4071 collatione,
1694 4008 1807 4060 licet
1838 4008 1943 4077 ipse
1969 4020 2099 4075 quo-
2204 4006 2502 4074 spectabat.
2555 4007 2623 4061 Et
2666 4008 2883 4077 quidem
2937 4008 3169 4078 aliquam
3215 4009 3542 4065 Mauritaniae
3575 4014 3738 4078 partem

525 4118 620 4171 que
647 4102 713 4153 ad
738 4100 1039 4153 Numidiam
1067 4100 1316 4165 pertineat
1335 4139 1350 4162 ,
1384 4098 1593 4169 perinde
1618 4113 1676 4149 ac
1697 4094 2099 4161 Tltabennensis,
2206 4098 2357 4155 Juba!
2393 4098 2663 4155 subditam
2693 4098 2860 4157 fuisse
2885 4142 2901 4169 ,
2929 4100 3105 4171 palam
3148 4116 3213 4156 ex
3251 4101 3321 4157 Α.
3349 4102 3516 4159 Hirtio
3538 4097 3738 4167 intelligi-

529 4193 655 4263 facit
691 4190 1067 4245 Tltabennensis
1104 4190 1342 4244 sanctitas
1383 4188 1804 4259 familiaritasque
1833 4201 1949 4238 cum
1991 4186 2103 4237 Att-
2208 4201 2314 4256 tur,
2346 4190 2437 4261 qui
2466 4192 2649 4246 scribit
2676 4206 2857 4263 regem
2877 4232 2893 4258 ,
2925 4207 3047 4249 cum
3068 4193 3396 4249 destinasset
3427 4195 3475 4247 in
3504 4192 3737 4263 Byzacium

529 4284 764 4356 gustino,
788 4285 937 4353 cujus
964 4282 1185 4349 impulsu
1220 4281 1447 4349 synodus
1474 4286 1647 4332 coacta
1673 4286 1764 4341 est,
1790 4294 1820 4329 a
1848 4292 1946 4346 quo
1972 4273 2105 4329 velut
2209 4297 2333 4338 cum
2359 4282 2601 4338 exercitu
2633 4282 2699 4337 ad
2735 4282 3041 4352 Scipionem
3083 4299 3334 4354 pergere,
3365 4284 3610 4340 Suburam
3647 4293 3738 4333 cum

529 4397 607 4434 res
636 4394 726 4433 sua
755 4384 962 4446 propter
990 4372 1108 4441 ﬁdei
1135 4371 1362 4424 studium
1391 4378 1663 4440 procurata
1686 4408 1701 4433 ,
1728 4368 1903 4420 amicis
1925 4410 1939 4433 ,
1967 4381 2090 4419 reor.

2211 4376 2332 4431 aliis
2360 4374 2532 4444 cOpiis
2559 4375 2613 4429 in
2647 4374 3016 4429 Mauritaniam
3048 4375 3293 4442 misisse,
3318 4390 3387 4431 nc
3416 4388 3503 4430 rex
3532 4369 3684 4441 Bogud
3701 4377 3736 4422 et

529 4470 754 4526 nonsine
775 4466 1070 4520 invitatione
1093 4462 1464 4531 prcetermissis.
1494 4461 1559 4514 Et
1586 4468 1738 4513 antea
1764 4476 1775 4511 :
1800 4457 2107 4528 Suspicatur
2131 4526 2179 4537 _
2214 4466 2383 4523 Silius
2405 4466 2633 4522 Caesaris
2653 4466 2937 4535 praefectus
2952 4466 3019 4521 ab
3037 4466 3207 4523 altera
3225 4476 3376 4537 parte
3392 4466 3549 4536 ipsius
3561 4473 3737 4531 regnum

535 4563 756 4617 θ”ίθηυδ
807 4526 1132 4611 Τ¹¹⁰ί⁹⁸¹¹⁷²⁰ίη
1152 4552 1378 4608 eamdem
1416 4567 1523 4606 ⁸⁸³⁸
1550 4566 1662 4605 cum
1705 4526 1913 4603 Τὴαθθά
1932 4589 1945 4614 ν
1994 4565 2107 4620 qua?
2131 4526 2187 4588 Β
2214 4562 2546 4618 invaderent.
2571 4526 2705 4615 Hinc
2727 4559 2865 4630 apud
2890 4560 3110 4616 Florum
3133 4526 3241 4616 lib:
3260 4576 3337 4629 IV,
3366 4526 3483 4630 cap.
3512 4557 3562 4623 2,
3589 4526 3737 4623 legitur

532 4665 653 4712 nota
696 4655 792 4724 fuit
842 4650 1141 4703 Ρῑοίεηίωο·
1189 4644 1546 4711 Suspicionem
1584 4661 1684 4699 ηοη
1723 4644 1903 4714 Opinor
1925 4644 2101 4698 ιευεηι·
2216 4653 2549 4709 Mauritaniae
2573 4649 2836 4707 rexJuba.
2859 4650 3021 4707 Addit
3046 4636 3189 4707 id'em
3215 4651 3413 4706 Hirtius
3435 4647 3601 4705 ferein
3625 4642 3736 4697 calce

530 4753 665 4804 Cum
715 4744 986 4801 Thabena:
1037 4756 1136 4796 nec
1184 4738 1423 4805 Plinius,
1466 4752 1566 4794 nec
1613 4737 1953 4803 Ptolemaeus,
2008 4752 2091 4793 net

2215 4746 2395 4815 operis
2421 4762 2433 4797 :
2467 4743 2684 4798 Publius
2711 4743 2915 4797 interim
2945 4743 3131 4811 Sitius,
3164 4744 3311 4813 pulso
3333 4741 3542 4797 exercitu
3567 4737 3736 4793 Sabura

535 4842 726 4899 Strabo
769 4835 1138 4900 meminerint;
1180 4833 1289 4887 imo
1334 4847 1453 4887 cum
1503 4831 1740 4901 ejusdem
1785 4832 2096 4902 episcopalis

2217 4839 2441 4911 praefecti
2460 4836 2608 4892 Jubte
2626 4877 2641 4902 ,
2669 4836 2877 4908 ipsoque
2897 4836 3159 4906 interfecto
3179 4877 3194 4902 ,
3216 4852 3335 4889 cum
3363 4836 3453 4889 iter
3477 4846 3580 4886 cum
3600 4822 3735 4897 paucis

534 4937 688 4992 sedes
715 4933 911 4989 omissa
938 4928 1099 4985 fuerit
1124 4944 1153 4984 a
1184 4926 1377 4983 Carolo
1406 4942 1435 4981 a
1459 4927 1514 4983 S.
1545 4926 1709 4981 Paulo
1731 4938 1780 4981 et
1809 4927 2102 4994 Holstenio,
2216 4951 2305 5003 per
2338 4929 2709 4987 Mauritaniam
2732 4931 2803 4984 ad
2842 4929 3095 4985 Ctesarem
3141 4931 3355 5001 faceret,
3379 4930 3505 4999 forte
3525 4919 3677 4977 incidit
3696 4916 3733 4965 in

533 5030 661 5086 licet
698 5040 763 5080 ex
798 5025 855 5077 D.
907 5020 1149 5077 Possidio
1193 5034 1311 5089 cap.
1360 5019 1429 5073 30
1477 5018 1543 5073 de
1568 5018 1687 5073 Vita
1714 5018 1772 5073 S.
1827 5018 2105 5088 Augustini
2217 5025 2472 5079 Faustum
2491 5024 2892 5095 Afraniumque,
2924 5032 3030 5078 etc.
3071 5022 3200 5077 Erat
3228 5022 3281 5077 id
3322 5016 3562 5088 temporis
3595 5009 3732 5065 Caesar

486 5090 509 5163 δ
541 5123 838 5177 Honoratus
881 5116 1219 5171 Thabenensis
1246 5114 1514 5183 episcOpus
1556 5113 1874 5179 innotescat,
1909 5111 2110 5167 Garne-
2216 5116 2387 5173 Utica:
2436 5116 2489 5170 in
2530 5090 2925 5184 proconsulari.
2958 5113 3141 5183 Itaque
3176 5112 3268 5167 illa
3293 5105 3603 5167 Mauritaniae
3641 5108 3731 5167 pars

538 5216 649 5271 rius
680 5212 732 5266 in
761 5219 908 5263 tanto
934 5208 1247 5278 scriptorum
1279 5207 1495 5262 silentio
1518 5250 1533 5275 ,
1559 5206 1674 5261 sine
1717 5215 1870 5273 teste,
1904 5207 2112 5262 Tliabe-
2217 5224 2336 5279 quae
2366 5207 2496 5262 olim
2522 5206 2755 5277 Micipsae
2774 5213 2829 5260 et
2853 5204 3142 5275 Hiempsali
3171 5204 3311 5260 illius
3341 5203 3447 5259 filio
3476 5194 3731 5271 parebat.ei

537 5319 660 5361 nam
691 5298 952 5356 Numidia:
980 5298 1215 5354 ascribit.
1252 5297 1398 5352 Unus
1441 5298 1507 5352 Α.
1552 5297 1760 5352 Hirtius
1801 5296 2107 5353 Thabenam
2218 5310 2405 5372 postea
2434 5314 2499 5355 ex
2540 5297 2804 5353 divisione
2841 5296 2871 5352 it
2899 5297 3085 5368 legatis
3115 5298 3471 5352 Romanorum
3501 5291 3644 5349 facta,
3666 5281 3732 5335 Ju-

496 5371 507 5405 ⁷
539 5392 816 5461 oppidum,
862 5389 1082 5457 ejusque
1124 5390 1282 5443 situm
1313 5389 1526 5459 egregie
1575 5388 1735 5443 tradit
1776 5387 1829 5443 in
1863 5388 2003 5443 libro
2043 5389 2113 5445 de
2216 5371 2425 5463 gurthse
2452 5390 2646 5445 tradita
2676 5389 2803 5456 fuit,
2827 5389 2879 5444 in
2910 5387 3061 5444 Juba:
3092 5387 3405 5457 Hiempsalis
3426 5384 3512 5439 filii
3541 5379 3731 5448 potesta-

540 5484 692 5549 Hello
743 5481 1035 5537 Africano:
1093 5480 1479 5547 Thabenenses,
1529 5480 1819 5551 inquiens,
1873 5482 1959 5550 qui
2014 5479 2110 5536 sub
2222 5495 2329 5542 tem
2373 5491 2625 5550 venerat,
2676 5484 2729 5537 in
2772 5482 2925 5553 cujus
2967 5478 3235 5537 maritim‘a
3292 5489 3518 5536 extrema
3561 5465 3730 5537 regione

539 5579 737 5635 ditione
777 5584 824 5628 et
851 5579 1093 5646 potestate
1124 5570 1273 5626 Juba:
1298 5588 1402 5626 esse
1421 5583 1747 5630 consuescent
1771 5614 1786 5639 ,
1816 5574 1870 5627 in
1891 5580 2114 5626 extrema
2223 5576 2604 5632 Thabenenses
2648 5573 2714 5629 ab
2745 5573 2915 5628 Hirtio
2958 5582 3247 5643 ponuntur.
3288 5571 3409 5627 Haec
3447 5579 3525 5622 me
3553 5562 3729 5646 fortasse

541 5677 653 5746 ejus
680 5672 883 5743 regione
911 5669 1167 5722 maritima
1198 5667 1371 5734 locati,
1399 5669 1660 5739 interfecto
1684 5670 1821 5740 regio
1851 5668 2077 5739 praesidi!
2104 5730 2115 5739 1
2227 5669 2493 5727 curiosius
2536 5675 2877 5739 prosecutum
2924 5666 3100 5733 dices;
3152 5667 3247 5722 sed
3291 5664 3366 5721 rei
3406 5654 3664 5746 obscuritas
3692 5643 3727 5699 id

543 5745 735 5825 tento.
776 5761 842 5823 ait
888 5759 1141 5823 Ctesarem
1188 5760 1410 5817 mittunt.
1459 5758 1632 5819 Casar
1683 5776 1857 5820 eorum
1905 5760 2117 5820 consilto
2230 5760 2445 5833 exegit;
2478 5759 2674 5834 saepius
2713 5759 2858 5821 enim
2888 5758 3098 5821 illorum
3138 5759 3331 5821 Africae
3365 5764 3533 5833 regum
3567 5745 3674 5806 που
3707 5746 3726 5790 θ
