3954 6364
197 382 278 437 513
879 376 1227 433 VAR’ORUM
1271 376 1863 432 EXERGITATIONES
1907 377 1965 432 lN
2003 380 2058 434 S.
2104 381 2471 439 AUGUSTINI
2509 385 2757 441 OPERA.

3322 384 3434 450 514

195 496 414 551 Romanis
433 495 617 550 mutati
648 504 792 562 sunt,
821 505 878 550 ut
898 495 1096 565 optime
1125 511 1188 550 ex
1213 495 1474 551 Strabone
1509 495 1601 550 lib.
1629 511 1733 548 xvn
1766 495 1818 555 Ἀ
1845 495 1990 553 lianc
2020 498 2204 553 urbem
2238 500 2455 570 egregie
2499 501 2744 572 designat
2773 503 3053 560 Sallustius
3083 507 3135 560 in
3164 506 3308 563 Bello
3333 510 3434 570 ,ἰυ-

194 598 237 644 et
258 589 407 644 Dione
436 589 670 644 noveris.
694 589 846 656 Quod
871 589 914 642 si
938 588 1225 644 Garnerius
1257 589 1308 642 in
1335 598 1573 644 extremo
1601 603 1734 658 quo-

191 682 289 737 dam
316 694 372 735 ac
397 680 499 735 sibi
527 689 728 736 tantum
756 690 882 736 noto
911 679 1173 735 Numidiae
1218 681 1413 750 angulo
1462 681 1526 734 ad
1568 681 1736 736 Medi-

192 782 462 830 terraneum
492 774 799 832 Thabenam
829 775 992 831 fuisse
1019 775 1325 838 contendat,
1355 789 1516 829 unum
1544 775 1731 830 saltem

190 877 350 924 testem
395 870 663 938 appellare
691 869 878 936 debet,
909 879 965 925 ut
1004 877 1080 925 tot
1119 869 1566 935 testimoniorum,
1615 884 1734 939 quas

189 961 355 1016 adduxi
382 961 858 1019 fidemlabefactet.
886 964 964 1017 Ex
978 964 1059 1020 his
1090 963 1345 1033 intelligis
1373 964 1730 1033 suspicionem

188 1053 308 1106 illam
349 1055 413 1108 de
461 1054 713 1110 Thabena
758 1070 878 1111 cum
926 1055 1199 1112 Ptolemaei
1241 1056 1455 1111 Thahba
1503 1056 1729 1111 confun-

189 1143 357 1210 denda,
389 1160 544 1214 quam
578 1162 679 1199 non
703 1147 858 1202 levem
885 1147 1222 1217 opinabatur,
1250 1161 1368 1202 esse
1401 1162 1616 1216 prorsus
1643 1163 1734 1202 va-

187 1235 464 1301 nissimam;
509 1237 769 1306 siquidem
809 1237 1130 1292 Ptolemaeus
1169 1237 1444 1292 Thabbam
1486 1238 1633 1307 ponit
1678 1239 1730 1293 in

185 1326 378 1394 regione
417 1327 516 1380 sita
563 1327 699 1382 inter
745 1328 931 1382 fluvios
970 1329 1263 1398 Bragadam
1305 1339 1358 1385 et
1405 1330 1675 1386 Tritonem
1713 1349 1726 1384 :

181 1431 382 1486 quorum
410 1419 613 1486 primus
640 1433 806 1488 prope
848 1419 1051 1475 Uticam
1090 1420 1142 1474 in
1175 1422 1564 1488 proconsulari,
1595 1423 1731 1478 alter

179 1523 325 1576 prope
345 1508 603 1578 Tacapem
619 1510 680 1563 'in
695 1509 920 1581 Byzacio
944 1511 1076 1564 mari
1099 1511 1383 1578 miscetur;
1415 1521 1470 1566 et
1493 1520 1730 1581 tempore

175 1599 284 1653 belli
312 1600 477 1654 civilis
514 1601 715 1656 nullum
739 1602 990 1671 Oppidum
1032 1601 1358 1657 maritimum
1390 1603 1530 1658 ineo
1554 1612 1730 1659 tractu

173 1709 200 1748 a
225 1693 348 1749 Juba
374 1696 673 1763 tenebatur,
707 1697 800 1751 sed
826 1696 909 1752 vel
939 1695 1258 1751 Caesarianis
1279 1739 1294 1765 ,
1326 1697 1410 1751 vel
1439 1696 1726 1766 Scipionis,

172 1795 218 1839 et
241 1787 449 1841 Catonis
481 1787 741 1854 prmsidiis
769 1803 958 1842 omnes
980 1788 1085 1842 illae
1113 1788 1272 1843 urbes
1306 1788 1525 1844 insessa:
1554 1798 1727 1855 erant,

1837 589 2087 659 gurthino
2115 604 2234 661 cap.
2258 591 2350 658 62,
2369 593 2457 648 ubi
2482 595 2642 650 tradit
2667 595 2879 652 Metello
2907 598 3129 653 Romani
3157 602 3430 663 exercitus

1837 680 2159 750 imperatore
2185 691 2370 739 contra
2404 684 2722 756 Jugurtham
2752 688 3012 744 Numidia:
3041 706 3219 761 regem
3249 695 3302 748 in
3324 694 3427 752 hac

1840 777 1953 847 ipsa
1987 778 2258 846 provincia
2306 778 2508 835 bellum
2540 788 2779 851 gerente,
2808 797 2905 853 pro
2931 787 3298 854 componenda
3328 801 3429 857 pa-

1837 883 1922 933 ce,
1960 870 2210 925 eutndem
2274 871 2592 942 Jugurtham
2648 873 2901 928 Tisidium
2953 876 3201 931 accitum.
3246 878 3428 948 Itaque

1835 959 2159 1030 Lampadius
2175 962 2519 1018 Tisiditensis
2546 965 2629 1019 vel
2652 963 2980 1022 Tisiditanus
3025 967 3280 1023 dicendus
3318 978 3421 1035 est,

1835 1068 1940 1107 non
1987 1053 2349 1110 Tididitanus.
2394 1055 2671 1125 Lampadii
2727 1057 2911 1112 urbem
2942 1056 3202 1113 Tisidium
3237 1060 3422 1115 omisit

1833 1143 2056 1199 Carolus
2100 1160 2130 1198 a
2188 1145 2247 1201 S.
2301 1147 2486 1211 Paulo,
2537 1147 2848 1202 Holstenius
2886 1148 3104 1204 incertae
3133 1154 3420 1220 provinciae

1835 1237 2118 1305 ascripsit;
2148 1252 2306 1306 quam
2340 1247 2517 1294 tamen
2570 1239 2734 1294 fuisse
2762 1239 2816 1293 in
2843 1239 3088 1295 Numidia
3123 1252 3331 1299 constat
3356 1259 3421 1300 ex

1837 1326 2112 1392 Sallustio,
2137 1337 2190 1383 et
2210 1344 2275 1384 ex
2299 1329 2397 1384 hac
2424 1331 2713 1401 epigraphe
2733 1332 2786 1387 in
2813 1347 2914 1401 qua
2941 1333 3257 1402 Lampadius
3277 1336 3423 1405 ejus-

1834 1418 1954 1474 dem
1987 1420 2166 1490 oppidi
2195 1421 2475 1491 episcopus
2508 1422 2645 1477 inter
2667 1422 2920 1478 Numidas
2947 1425 3225 1480 recitatur.

1911 1513 2229 1568 Duremus.
2259 1513 2458 1569 Incerti
2479 1517 2694 1569 nominis
2719 1515 3004 1570 Ecclesium
3025 1517 3188 1582 rexit;
3211 1518 3423 1572 vicinam

1835 1613 1998 1658 tamen
2023 1605 2390 1671 Constantinus,
2416 1615 2469 1658 ut
2494 1606 2758 1675 colligitur
2779 1623 2843 1662 ea:
2869 1624 2985 1676 cap.
3018 1607 3087 1662 65
3116 1608 3420 1678 collationis,

1834 1697 1921 1750 ubi
1947 1696 2230 1750 Petilianus
2263 1697 2532 1751 Donatista
2558 1699 2891 1753 interlocutus
2935 1717 2947 1751 :
2982 1699 3040 1753 in
3076 1700 3229 1769 plebe
3273 1715 3414 1765 mea,

1833 1788 2015 1858 inquit,
2065 1788 2116 1842 id
2163 1796 2244 1842 est
2289 1789 2502 1842 civitate
2540 1787 3000 1854 Constantinensi,
3053 1788 3415 1843 adversarium

170 1887 219 1930 ut
245 1891 307 1931 ex
348 1880 745 1933 commentariis
777 1879 930 1934 iiirtii
955 1921 970 1945 ,
1003 1879 1264 1950 Appiani,
1289 1888 1344 1936 et
1369 1881 1551 1936 Dionis
1580 1897 1732 1952 aper-
1763 1874 1808 1935 Β
1837 1879 2009 1934 habeo
2038 1880 2420 1944 Fortunatum;
2451 1880 2502 1933 in
2555 1880 2733 1935 medio
2765 1889 2942 1936 autem
2994 1880 3239 1936 dioecesis
3289 1895 3422 1936 mea:

168 1971 359 2026 tissime
384 1981 610 2026 constat.

229 2060 474 2117 Daunus
515 2064 837 2129 BURITANUS,
870 2080 963 2120 seu
1007 2068 1314 2123 Buncsasrs.
1359 2067 1444 2123 Ita
1489 2071 1541 2122 in
1566 2071 1728 2124 colla-

162 2155 309 2208 tione.
363 2154 463 2208 Ubi
496 2171 608 2209 vero
639 2158 805 2225 posita
848 2158 1001 2226 fuerit
1043 2158 1209 2212 Burca
1239 2161 1330 2214 illa
1360 2161 1557 2224 civitas,
1587 2164 1731 2231 cujus

161 2247 435 2302 Ecclesium
460 2249 691 2303 Donatus
718 2251 867 2319 rexit,
896 2252 1144 2306 incertum
1167 2263 1260 2307 est.
1287 2253 1351 2306 In
1391 2253 1590 2308 Notitia
1619 2255 1730 2324 epi-

161 2356 417 2410 swporum
438 2340 696 2395 Numidia:
715 2341 775 2409 [it
802 2345 987 2396 mentio
1005 2343 1197 2398 Leontii
1228 2343 1518 2399 Burcensis.
1544 2346 1732 2400 Omnia

167 2445 370 2500 prorsus
399 2432 632 2490 invertit.
658 2433 985 2488 Scribiturin
1009 2450 1129 2504 cap.
1156 2437 1257 2490 155
1289 2437 1587 2492 collationis
1628 2438 1731 2491 Do.

170 2532 304 2575 natus
341 2524 608 2594 episcopus
640 2524 798 2594 plebis
842 2524 1209 2580 Buritanensis.
1248 2526 1314 2580 At
1345 2529 1733 2583 excellentissi-

172 2629 274 2669 mus
301 2616 744 2671 immutandorum
775 2618 1049 2671 nominum
1085 2619 1274 2674 artifex
1305 2636 1368 2674 ex
1394 2620 1731 2676 Buritanensi

175 2706 475 2763 Dureensem
502 2708 701 2774 reddit,
731 2710 862 2763 utin
889 2709 1131 2764 Numidia
1156 2721 1460 2776 censeatur,
1486 2727 1604 2766 cum
1634 2713 1735 2766 Bu-

174 2802 329 2854 ritana
359 2800 597 2855 Ecclesia
627 2801 846 2855 incerta:
875 2802 1167 2870 provinciae
1214 2804 1304 2856 sit.
1351 2803 1552 2858 Rursus
1581 2819 1737 2871 supe-

172 2891 270 2946 rius
291 2892 341 2946 in
363 2893 504 2945 notis
536 2892 603 2946 ad
636 2893 956 2961 Servuntdei,
990 2893 1201 2947 dixerat
1232 2895 1372 2948 hunc
1402 2895 1604 2949 sedisse
1634 2896 1734 2949 Bu—

167 2999 234 3040 ra:
264 2995 494 3055 tempore
516 2987 834 3054 collationis,
865 3001 966 3056 qua
991 2987 1044 3041 in
1070 2988 1199 3043 urbe
1221 2998 1405 3057 postea
1439 3004 1578 3042 anno
1609 2989 1732 3053 484,

166 3077 292 3130 utin
311 3076 503 3131 Notitia
533 3078 779 3142 habetur,
805 3079 1225 3148 fuitepiscopus,
1258 3089 1308 3132 ut
1333 3080 1424 3134 ille
1452 3080 1543 3143 ait,
1573 3079 1738 3132 Leon-

163 3169 258 3222 tius
286 3169 547 3224 Burensis.
581 3171 648 3224 At
678 3169 819 3225 hunc
850 3172 1020 3240 ipsum
1063 3171 1341 3225 Leontium
1389 3171 1546 3224 modo
1600 3171 1738 3224 affir-

161 3272 270 3315 mat
301 3260 462 3316 fuisse
512 3275 880 3317 successorem
929 3270 1049 3331 post
1086 3263 1264 3331 plures
1305 3262 1507 3316 medios
1550 3262 1738 3316 Donati
1767 3243 1814 3308 ο

158 3352 417 3417 Buritani,
449 3367 547 3409 seu
572 3354 880 3420 Burcensis,
913 3355 1004 3423 qui
1035 3354 1208 3408 eidem
1249 3354 1515 3408 collationi
1549 3354 1734 3408 adluit.

153 3445 407 3517 Suspicor
434 3449 744 3503 Buritanam
778 3449 1073 3504 Ecclesiam
1097 3455 1370 3517 spectasse
1409 3449 1475 3502 ad
1509 3450 1740 3504 Procon-

151 3539 424 3595 sularem:
456 3555 580 3594 nam
602 3549 705 3595 act.
739 3540 772 3591 2
817 3541 1027 3595 concilii
1069 3540 1128 3594 S.
1164 3541 1375 3595 Martini
1427 3541 1565 3595 inter
1597 3542 1740 3597 illius

151 3632 441 3699 provinciae
462 3633 746 3702 episcopos
765 3634 1052 3689 subscribit
1084 3635 1394 3704 synodicam
1426 3635 1740 3689 Cresciturus

153 3721 461 3789 Busitanus,
485 3724 572 3793 qui
601 3723 738 3779 forte
759 3725 1040 3779 Buritanus
1065 3725 1318 3779 dicendus
1345 3735 1425 3780 est
1454 3743 1468 3790 ;
1494 3728 1544 3780 ni
1567 3728 1742 3794 potius

149 3829 180 3868 e
220 3823 410 3869 contra
467 3815 704 3869 Donatus
745 3816 1029 3871 Busitanus
1073 3817 1424 3885 appellandus
1478 3818 1736 3872 videatur.

148 3907 291 3962 Rem
319 3910 369 3962 in
394 3908 572 3964 medio
597 3909 862 3978 relinquo.

225 4000 462 4067 Peracs,
497 4000 806 4065 Ριυεεωιυε,
846 4007 901 4055 et
935 4000 1282 4056 Cassconws.
1331 3999 1547 4056 Incerta:
1587 4003 1739 4056 sedis.

150 4091 250 4146 ilic
280 4101 467 4148 sextus
496 4090 816 4148 Cresconius
843 4093 996 4146 tarde
1020 4094 1169 4147 venit
1195 4092 1260 4146 ad
1287 4091 1627 4160 Garnerium,
1652 4095 1743 4163 qui

149 4197 277 4238 cum
310 4187 544 4254 quinque
575 4186 693 4248 aliis
720 4196 877 4241 antea
907 4187 1192 4241 nominatis
1213 4188 1266 4241 in
1299 4187 1589 4258 epigraphe
1610 4190 1742 4243 Cre-

153 4277 361 4332 sconiis
381 4278 540 4333 sedes
562 4279 614 4332 in
645 4277 890 4332 Numidia
939 4279 1282 4344 destinasset,
1326 4281 1532 4335 duabus
1583 4283 1740 4336 etiam

155 4366 386 4422 urbibus
406 4367 697 4422 Titulitana
721 4383 787 4422 ex
815 4369 1200 4436 proconsulari,
1224 4369 1474 4424 Tubiensi
1505 4387 1568 4425 ex
1601 4371 1744 4426 Mau-

156 4459 354 4514 ritania
384 4460 625 4517 Sitifensi
655 4461 708 4514 in
741 4459 1085 4514 Numidarum
1115 4475 1332 4514 censum
1359 4463 1647 4526 translatis,
1678 4478 1744 4518 ne

157 4550 277 4617 quis
309 4552 719 4608 Cresconiorum
752 4561 900 4607 extra
932 4552 1231 4606 Numidiam
1268 4555 1433 4607 sacris
1467 4565 1740 4622 praeesset,

159 4642 366 4698 nullam
395 4651 579 4713 postea
612 4645 664 4698 in
688 4645 787 4699 hac
814 4645 1111 4715 provincia,
1162 4646 1268 4700 imo
1300 4660 1396 4699 nec
1427 4646 1480 4699 iu
1508 4645 1744 4701 finitimis

161 4732 350 4788 urbem
374 4734 559 4788 habuit
588 4735 870 4804 reliquam,
900 4735 963 4789 ad
992 4751 1149 4805 quam
1171 4743 1377 4790 sextum
1399 4733 1743 4791 Cresconium

164 4825 471 4895 episcopum
504 4827 758 4881 mitteret.
790 4826 958 4881 Doleo
990 4826 1144 4880 istius
1183 4826 1436 4880 antistitis
1461 4828 1624 4892 vices,
1659 4826 1747 4897 qui

168 4918 334 4972 sacris
367 4917 614 4973 omnibus
650 4919 923 4972 civitatum
954 4919 1145 4973 Africae
1177 4917 1512 4987 praefecturis
1547 4933 1576 4972 a
1614 4918 1745 4972 Gar-

169 5010 315 5063 nerio
337 5010 454 5064 aliis
483 5008 785 5066 Cresconiis
810 5024 906 5078 pro
934 5009 1086 5064 libito
1129 5009 1458 5075 distributis,
1510 5018 1747 5064 remanet

173 5099 370 5157 incerta
395 5103 530 5157 sedis
557 5104 859 5172 episcopus.

241 5196 539 5252 LAIPADIUS
565 5198 946 5254 TISEDITENSIS.
996 5196 1080 5250 Ita
1109 5198 1311 5266 quidem
1355 5199 1408 5250 in
1438 5199 1750 5264 collatione;

177 5297 224 5340 at
252 5287 571 5344 Tididitanus
612 5291 779 5359 potius
808 5290 908 5343 dici
946 5291 1109 5344 debet.
1146 5289 1284 5343 Nam
1321 5291 1522 5345 Notitia
1558 5292 1751 5345 Nunti-

182 5385 355 5438 darum
398 5386 751 5456 episcoporum
782 5385 1008 5438 meminit
1039 5384 1260 5437 Abundii
1284 5384 1590 5439 Tididitani.
1642 5384 1752 5440 imo

183 5474 383 5532 Notitiae
409 5487 585 5533 textus
609 5493 672 5533 ex
697 5477 986 5533 collatione
1016 5478 1240 5532 fortasse
1253 5477 1606 5546 corrigendus
1628 5487 1709 5533 est
1732 5496 1747 5543 ;

189 5565 262 5622 hic
289 5571 424 5624 enim
451 5570 612 5624 etiam
643 5571 780 5624 inter
802 5569 1106 5624 Donatistas
1143 5577 1469 5624 memoratur
1492 5584 1609 5638 cap.
1646 5571 1749 5626 198

186 5656 403 5714 hortatus
429 5662 693 5730 cpiscOpus
730 5661 1090 5728 Tisedttensis;
1112 5661 1264 5731 cujus
1293 5663 1507 5732 quidem
1554 5677 1747 5719 nomen

186 5751 332 5820 capiti
361 5755 464 5809 135
494 5753 837 5813 inserendum
865 5762 970 5818 est,
1003 5754 1092 5810 ubi
1128 5754 1402 5826 Lampadii
1450 5755 1746 5811 Tisediten-

188 5843 250 5896 sis
279 5845 607 5907 adversarius
628 5862 737 5909 non
768 5847 980 5927 legitur,
1009 5849 1200 5909 lacuna
1228 5848 1421 5908 ibidem
1458 5837 1742 5910 existente.

1832 1988 1971 2027 nunc
2020 1973 2316 2027 institutum
2364 1973 2564 2037 habeo,
2610 1975 2716 2027 imo
2769 1974 2868 2041 ipsi
2927 1973 3148 2037 habent,
3201 1974 3417 2027 nomine

1831 2062 2171 2132 Delphinum.
2249 2063 2483 2116 Meminit
2530 2063 2739 2132 hujusce
2799 2062 3042 2132 Delphini
3101 2063 3422 2132 Augustinus

1830 2155 1979 2220 epist.
2016 2155 2139 2218 158,
2183 2162 2288 2208 etc.
2334 2154 2429 2208 Hic
2451 2155 2826 2222 episcoporum
2877 2154 3194 2223 epigraphes
3224 2169 3420 2223 agmen

1832 2247 2030 2301 claudit
2055 2265 2068 2311 ;
2101 2248 2154 2301 in
2184 2261 2290 2316 quo
2319 2247 2536 2316 quidem
2569 2249 2764 2303 vellem
2790 2263 2912 2303 cum
2943 2247 3203 2303 Garnerio
3231 2263 3421 2303 conve-

1785 2385 1794 2400 ,
1833 2340 1973 2405 nire,
2001 2347 2058 2393 ut
2107 2349 2387 2409 postquam
2437 2339 2490 2393 in
2514 2340 2767 2394 litterario
2800 2340 3045 2409 palaestra
3070 2339 3270 2394 diutius
3298 2354 3420 2394 cum

1833 2432 2022 2486 eodem
2058 2433 2286 2487 luctatus
2313 2447 2453 2499 sum,
2486 2432 2659 2486 amico
2687 2447 2812 2502 erga
2845 2431 3090 2486 eumdem
3135 2432 3315 2485 animo
3350 2446 3420 2486 ex

1835 2525 2130 2580 certamine
2158 2525 2511 2586 discederem,
2559 2531 2614 2579 et
2641 2525 2728 2578 ubi
2767 2524 3002 2593 delphini
3054 2523 3422 2578 imminentem

1834 2620 2123 2690 procellam
2154 2619 2330 2673 nautis
2359 2619 2613 2685 indicant,
2648 2621 2717 2673 ita
2742 2620 2827 2674 hic
2857 2619 3152 2688 Delphinus
3178 2633 3208 2673 e
3239 2627 3423 2676 contra

1836 2722 2158 2768 commotam
2191 2713 2466 2782 hucusque
2495 2712 2906 2782 geographicam
2941 2718 3338 2781 tempestatem,
3373 2711 3425 2767 in

1836 2823 1939 2876 qua
1970 2806 2259 2862 Garnerius
2283 2804 2562 2875 naufragio
2609 2806 2888 2876 proximus
2933 2804 3050 2870 fuit,
3090 2805 3231 2857 illata
3285 2812 3426 2856 tran~

1837 2899 2101 2969 quillitate
2151 2899 2384 2953 sedaret.
2443 2901 2511 2952 At
2539 2900 2659 2953 novi
2691 2899 2884 2953 iterum
2927 2896 3298 2950 difficultatum
3325 2893 3424 2947 llu-

1838 3001 1956 3046 ctus
1981 2993 2280 3061 insurgunt.
2315 2991 2420 3045 Res
2439 2990 2617 3056 altius,
2642 2989 2769 3044 licet
2793 2987 2996 3058 paucis,
3015 2985 3303 3054 repetenda
3326 2993 3426 3038 est.

1841 3087 1996 3138 Anno
2027 3085 2126 3137 411
2167 3085 2458 3138 Petilianus
2505 3084 2557 3136 in
2607 3083 2891 3136 collatione
2947 3081 3018 3134 ita
3071 3077 3430 3134 Marcellinum

1839 3178 2073 3247 judicem
2095 3177 2359 3231 allocutus
2404 3175 2603 3229 dicitur
2631 3189 2748 3242 cap.
2787 3173 2912 3238 165,
2944 3187 3064 3227 cum
3098 3170 3277 3239 plures
3320 3169 3432 3238 epi-

1846 3271 1994 3338 scopi
2018 3269 2264 3323 catholici
2308 3267 2670 3338 gloriarentur
2701 3281 2760 3322 se
2805 3267 2916 3320 suis
2966 3266 3018 3319 in
3051 3265 3277 3320 urbibus
3324 3279 3430 3319 non

1844 3362 2042 3415 habere
2075 3361 2384 3428 episcopum
2417 3358 2748 3412 Donatistam
2777 3377 2788 3409 ε
2824 3356 3047 3410 Lucrum
3073 3356 3209 3408 enim
3236 3354 3434 3408 videtur

1844 3456 1923 3508 his
1952 3455 2148 3518 cedere,
2193 3453 2278 3520 qui
2330 3451 2513 3504 multos
2542 3466 2595 3503 se
2626 3450 2865 3504 adversus
2896 3457 3096 3501 nostros
3121 3445 3304 3499 habere
3350 3462 3435 3512 per

1843 3547 1976 3599 hanc
2006 3545 2322 3616 provinciam
2349 3543 2699 3606 ostenderunt,
2732 3543 2775 3595 si
2807 3542 2858 3594 in
2889 3540 3149 3611 provincia
3187 3537 3436 3592 Numidia

1840 3655 1944 3692 non
1977 3638 2322 3702 ostendamus,
2353 3651 2437 3690 eos
2477 3637 2677 3706 penitus
2738 3649 2837 3686 non
2892 3632 3101 3695 habere,
3140 3640 3228 3683 aut
3260 3630 3438 3682 habere

1843 3740 1997 3793 certe,
2030 3728 2118 3784 sed
2136 3729 2267 3780 raris
2294 3728 2439 3781 locis.
2471 3726 2602 3792 Quae
2634 3725 2758 3780 licet
2784 3726 2850 3778 ab
2882 3723 3133 3777 haeretica
3161 3722 3284 3776 olim
3315 3735 3436 3774 cau-

1842 3825 2033 3889 sidico,
2093 3824 2396 3891 emphatice
2441 3823 2585 3876 dicta
2639 3828 2781 3885 sunt,
2816 3818 2941 3872 illud
2996 3826 3169 3870 tamen
3227 3821 3437 3869 constat

1844 3917 2094 3972 haeresim
2118 3915 2542 3978 Donatistarum,
2576 3927 2715 3982 quae,
2744 3920 2798 3965 ut
2828 3912 2903 3965 ait
2936 3909 3263 3976 Augustinus
3278 3908 3434 3976 epist.

1845 4009 1948 4064 154
1977 4007 2040 4061 ad
2096 4007 2492 4060 Pammachium
2578 4006 2631 4057 in
2691 4004 2858 4058 media
2906 4003 3164 4055 consulari
3194 4000 3437 4054 Numidia

1845 4108 2018 4156 ortum
2066 4098 2348 4164 habuerat,
2402 4097 2557 4151 istius
2598 4095 2887 4166 provincia:
2936 4095 3096 4148 urbes
3142 4094 3212 4146 ita
3260 4106 3438 4160 perva-

1845 4194 2002 4257 sisse,
2044 4201 2101 4245 ut
2149 4191 2329 4260 plures
2383 4191 2695 4259 episcopum
2748 4187 3087 4243 solummodo
3113 4187 3439 4241 Donatistam

1844 4287 1960 4340 sine
1987 4283 2179 4338 remulo
2208 4283 2473 4338 catholico
2501 4282 2744 4337 antistite
2773 4281 2827 4336 id
2874 4281 3130 4350 temporis
3160 4279 3438 4335 haberent.

1847 4377 1941 4431 Hoc
1987 4375 2287 4445 praesertim
2321 4374 2576 4429 Ecclesiae
2605 4389 2634 4428 a
2663 4375 2796 4429 solis
2837 4373 3128 4428 Donatistis
3173 4373 3442 4442 episcopis

1846 4477 2126 4539 occupata:
2154 4470 2209 4523 in
2235 4468 2522 4523 collatione
2564 4469 2880 4528 recitantur,
2917 4466 3277 4521 Lansortensis
3321 4481 3439 4536 cap.

1851 4564 1974 4628 145,
2010 4563 2300 4615 Idassensts
2333 4576 2451 4630 cap.
2489 4560 2614 4623 189.,
2650 4559 2912 4629 Legensis,
2940 4559 3305 4630 Lamiggensis,
3335 4559 3442 4611 Ro-

1853 4654 2084 4708 tariensis
2114 4667 2232 4722 cap.
2269 4653 2393 4714 187,
2426 4650 2702 4703 Tibilitana
2729 4665 2848 4718 cap.
2886 4650 3009 4712 197,
3051 4649 3444 4702 Rusticiancnsis

1850 4761 1969 4815 cap.
2004 4745 2127 4809 198,
2158 4744 2546 4798 Lambiriténsis
2574 4759 2695 4812 cap.
2725 4743 2853 4809 206,
2879 4752 2931 4797 et
2956 4743 3076 4796 alire
3097 4741 3360 4810 plurimm,
3391 4751 3445 4795 ut

1851 4851 1917 4892 ex
1965 4835 2377 4890 interlocutione
2436 4834 2708 4903 frequenti
2753 4833 2953 4886 Aurelii
3003 4830 3445 4886 Macomadiensis

1850 4926 2199 4981 Numidarum
2229 4927 2464 4996 episcopi
2515 4942 2618 4980 non
2648 4926 2875 4980 obscure
2923 4924 3206 4993 colligitur.
3241 4923 3446 4977 Rursus

1856 5030 2097 5089 tempore
2123 5019 2430 5075 collationis
2459 5018 2723 5074 vacabant
2763 5017 3147 5071 catholicorum
3178 5013 3446 5071 cathedras

1863 5129 1956 5183 per
1979 5128 2070 5168 sex
2101 5112 2366 5167 Africanae
2388 5113 2688 5168 dioeceseos
2709 5109 3012 5180 provincias
3037 5111 3302 5181 sexaginta
3321 5125 3435 5179 qua-

1862 5215 1996 5270 tuor,
2023 5219 2140 5274 cap.
2171 5205 2316 5270 ‘215;
2348 5219 2574 5274 quarum
2605 5212 2662 5258 ut
2691 5201 2965 5256 minimum
2997 5201 3186 5258 decem
3215 5199 3366 5256 fuere
3393 5201 3446 5256 in

1859 5297 2129 5360 Numidia,
2156 5312 2274 5350 cum
2319 5297 2371 5350 in
2421 5296 2749 5364 Tripolitana
2800 5294 3065 5360 provincia
3097 5293 3331 5362 quinque
3358 5306 3448 5345 so-

1859 5389 1966 5443 lum
1999 5388 2239 5458 episcopi
2265 5393 2695 5444 numerarentur.
2724 5384 2947 5440 Peracta
2979 5383 3293 5448 collatione,
3326 5383 3448 5437 victi

1857 5480 2095 5550 episcopi
2122 5479 2416 5534 Donatistae
2475 5487 2634 5546 atque
2665 5476 2887 5531 urbibus
2919 5476 3055 5546 pulsi
3099 5476 3166 5531 ab
3215 5476 3449 5530 Honorio

1854 5571 2205 5642 imperatore,
2256 5571 2426 5623 solum
2475 5579 2688 5624 vertere
2730 5569 2902 5623 coacti
2954 5577 3096 5633 sunt,
3133 5576 3189 5621 ut
3219 5576 3360 5636 patet
3385 5579 3448 5618 ex

1854 5662 1974 5718 cod.
2011 5661 2218 5717 Theod.
2253 5662 2361 5733 lege
2382 5661 2448 5715 54
2474 5668 2519 5714 et
2550 5661 2617 5715 55
2640 5702 2651 5724 ,
2673 5662 2735 5714 de
2756 5660 3027 5726 ha‘reticis,
3061 5661 3168 5715 dat.
3199 5659 3449 5713 Constan-

1854 5758 1923 5810 tio
1955 5765 2000 5810 et
2028 5755 2298 5808 Constante
2349 5772 2501 5819 coss.,
2555 5769 2695 5809 anno
2727 5755 2852 5809 114.
2904 5755 3053 5809 'l‘unc
3100 5770 3128 5808 a
3175 5751 3449 5807 catholicis

1853 5849 2118 5926 episcopis
2148 5851 2201 5910 in
2228 5849 2478 5910 omnibus
2506 5849 2704 5911 Africa:
2736 5849 2981 5920 urbibus,
3012 5848 3103 5906 ubi
3141 5847 3290 5921 prius
3335 5843 3447 5905 lla:-
