3954 6364
843 313 895 320 -—~

522 383 628 445 515

1416 371 1981 427 SUPPLEMENTIM
2024 370 2113 422 AD
2153 369 2388 425 OPERA
2428 372 2483 425 S.
2531 371 2924 429 AUGUSTINI.
3655 388 3732 441 316

523 503 677 560 retici
703 513 854 555 sacra
892 495 1280 557 ministrabant,
1334 491 1616 544 orthodoxi
1664 489 1931 544 antistites
1978 500 2105 541 con-
2136 488 2190 549 Α
2213 484 2417 542 Catone
2447 496 2711 555 ostensas,
2751 491 3268 545 senatusconsultum
3295 491 3361 545 de
3390 496 3565 548 amula
3589 512 3638 551 ac
3662 500 3735 555 La.

524 594 720 652 secrati
758 601 902 657 sunt,
930 598 984 645 et
1016 588 1245 643 viduatis
1267 584 1538 639 eathedris
1575 583 1697 638 novi
1727 581 1981 651 prasules
2023 592 2110 633 as-

524 689 740 759 signati.
782 688 963 755 Itaque
1012 684 1065 738 in
1104 680 1350 737 Numidia
1398 674 1587 749 viginti
1628 678 1818 731 saltem
1872 672 2109 744 epiBCOpi

524 781 685 851 paulo
711 789 832 847 post
870 790 1067 830 annum
1096 775 1197 829 411
1233 769 1540 841 i‘naugurati
1564 772 1709 834 sunt,
1748 779 1882 836 quos
1924 777 2112 819 omnes

526 871 819 941 Delphinus
837 870 944 937 jam
975 867 1044 921 ab
1076 880 1220 921 anno
1242 862 1343 921 411
1390 870 1514 917 ante
1539 859 1878 917 collationem
1908 856 2113 926 episco-

526 976 626 1032 pus
649 958 1007 1031 pracedebat.
1038 957 1222 1027 Itaque
1263 955 1308 1011 si
1348 954 1444 1010 'hie
1488 953 1579 1008 ille
1624 952 1765 1006 idem
1793 957 1875 1005 est
1897 948 1987 1018 qui
2016 961 2116 1017 po-

527 1060 759 1106 stremus
816 1050 869 1104 in
918 1048 1075 1103 titulo
1114 1046 1388 1119 synodica
1452 1044 1775 1099 Milevitana
1827 1035 2112 1104 recitatur,

527 1141 932 1198 nullusillorum
956 1140 1145 1210 viginti
1185 1138 1485 1193 antistitum
1520 1145 1640 1204 post
1663 1148 1864 1189 annum
1896 1130 1997 1185 411
2026 1145 2117 1185 or-

529 1233 832 1289 dinatorum
863 1231 929 1286 ad
980 1231 1242 1302 synodum
1287 1229 1410 1283 anni
1451 1226 1557 1281 M6
1584 1238 1645 1280 se
1684 1223 1929 1279 contulit.
1985 1222 2117 1288 Qua

528 1326 746 1397 quidem
793 1339 929 1380 unus
952 1324 1244 1381 Garnerius
1294 1323 1390 1376 sibi
1434 1318 1783 1390 persuaserit.
1849 1316 2115 1371 Praterea

530 1419 671 1475 idem
697 1418 987 1473 Petilianus
1011 1418 1062 1470 in
1092 1414 1380 1471 collatione
1411 1429 1529 1483 cap.
1557 1412 1628 1467 65
1672 1410 1741 1465 de
1765 1409 1965 1465 Sabino
2012 1407 2120 1476 epi-

531 1524 696 1579 scopo
710 1509 973 1564 Turicensi
1004 1508 1172 1562 dixit:
1198 1506 1328 1560 Ante
1351 1504 1610 1559 biennium
1638 1502 1838 1556 videtur
1862 1514 1966 1553 esse
1992 1514 2117 1552 con-

532 1608 759 1657 stitutus.
788 1602 963 1669 Quare
1010 1614 1150 1653 anno
1183 1598 1288 1653 409
1318 1598 1547 1652 Sabinus
1580 1595 1783 1663 primus
1808 1591 1947 1661 apud
1975 1590 2122 1643 Tun-

533 1709 649 1749 cam
669 1694 948 1763 episcOpus
970 1692 1125 1746 sedit.
1152 1690 1349 1744 Ibidem
1375 1698 1550 1743 autem
1575 1684 1869 1741 Petilianus
1898 1690 2123 1737 testatur

535 1785 857 1853 Delphinum
909 1798 1044 1835 nunc
1098 1781 1388 1835 institutum
1439 1780 1747 1847 episcopum
1790 1778 1845 1830 in
1899 1773 2121 1829 dioecesi

536 1875 971 1931 Constantinens‘i
1007 1893 1020 1928 :
1071 1888 1265 1943 nempe
1301 1872 1425 1937 411,
1474 1880 1531 1926 ut
1569 1871 1812 1939 proxime
1850 1868 2121 1923 notabam.
2152 1860 2206 1924 Β

536 1967 669 2021 Cum
705 1982 836 2021 vero
858 1967 912 2019 in
929 1964 1218 2034 epigraphe
1252 1964 1393 2017 inter
1414 1962 1671 2017 Sabinum
1704 1967 1759 2015 et
1801 1957 2121 2027 Delphinum

538 2058 838 2113 octodecim
870 2056 1102 2125 episcopi
1137 2055 1499 2115 nominentur,
1524 2053 1566 2105 si
1594 2052 1681 2106 hic
1709 2050 2003 2119 Delphinus
2032 2049 2127 2105 ille

539 2157 623 2203 est
647 2148 799 2215 cujus
828 2146 1030 2201 mentio
1058 2146 1118 2199 lit
1148 2145 1202 2198 in
1242 2158 1361 2212 cap.
1392 2143 1461 2198 65
1508 2142 1831 2207 collationis,
1858 2140 2125 2195 affirmare

540 2237 703 2292 debet
746 2236 1032 2292 Garnerius
1086 2235 1226 2289 intra
1267 2234 1543 2288 biennium
1575 2231 1873 2287 octodecim
1925 2232 1979 2285 in
2017 2245 2124 2285 una

538 2331 813 2401 provincia
838 2329 1098 2383 Numidia
1136 2329 1420 2397 episcopos
1466 2327 1608 2382 diem
1651 2326 1876 2390 obiisse,
1907 2339 1969 2379 ac
1998 2325 2126 2379 toti-

539 2422 661 2477 dem
692 2421 1036 2490 subrogatos,
1066 2420 1156 2489 qui
1181 2419 1343 2473 medii
1368 2419 1617 2487 leguntur
1638 2416 1774 2470 inter
1794 2415 2047 2470 Sabinum
2074 2424 2129 2469 et

541 2513 881 2583 Delphinum.
914 2512 1045 2579 Qua
1074 2513 1192 2566 sine
1220 2509 1435 2573 tabulis,
1461 2510 1578 2563 sine
1602 2516 1736 2562 teste
1758 2522 1863 2561 non
1888 2506 2123 2561 credam.

542 2604 739 2661 Verum
769 2605 862 2674 qui
910 2612 991 2660 tot
1037 2617 1201 2658 novas
1244 2602 1297 2656 in
1327 2600 1561 2655 Africam
1614 2598 1776 2653 urbes
1806 2596 2123 2661 transvexit,

541 2707 746 2766 pestem
777 2696 1003 2766 aliquam
1034 2693 1298 2749 Numidia
1321 2693 1460 2746 forte
1489 2688 1820 2759 importabit,
1859 2702 1961 2758 qua
1990 2688 2126 2741 intra

542 2787 813 2844 biennium
842 2794 1042 2842 tantum
1071 2786 1447 2855 episcoporum
1471 2789 1701 2850 stragem
1725 2779 1832 2835 late
1852 2786 2127 2849 propaget.

543 2878 651 2935 Nec
671 2879 833 2934 credo
860 2877 1117 2933 Numidas
1146 2876 1213 2933 de
1243 2883 1321 2931 tot
1348 2873 1576 2931 sublatis
1625 2883 1732 2927 tam
1778 2871 1928 2927 brevi
1956 2870 2133 2939 spatio

544 2975 810 3045 episcOpis
837 2974 905 3029 de
947 2972 1212 3028 Garnerio
1257 2977 1669 3041 conquesturos,
1701 2982 1824 3023 cum
1875 2965 2049 3033 Mopta
2078 2973 2135 3018 et

546 3068 709 3122 altera
737 3064 1067 3121 Macomodia
1090 3063 1142 3117 in
1174 3077 1237 3119 ea
1261 3060 1537 3132 provincia
1578 3067 1853 3114 momento
1878 3053 2129 3116 conditis,

549 3175 610 3216 se
637 3161 691 3216 in
713 3160 856 3215 illius
876 3158 1151 3215 diacesim
1179 3154 1449 3211 translatis
1470 3152 1691 3208 urbibus
1712 3149 1896 3215 Tituli,
1920 3146 2129 3214 Tubia,

2217 584 2332 638 tino
2354 582 2559 638 nomini
2606 599 2820 655 semper
2865 584 3077 651 infesta,
3113 586 3242 640 urbe
3276 588 3569 656 evertenda,
3596 591 3737 650 invitis

2217 676 2331 732 fere
2347 678 2659 733 extorsisse.
2689 678 2822 732 Hinc
2849 679 2963 747 ipse
2986 678 3183 748 pariter
3203 676 3445 735 recentes
3458 685 3739 753 geographia

2218 769 2451 835 fruetus,
2483 780 2641 838 quos,
2673 777 2725 823 te
2748 769 2990 838 iubente,
3015 771 3067 824 in
3100 772 3270 825 Africa
3299 785 3569 841 parumper
3591 788 3740 830 censo.

2217 863 2303 917 rio
2329 861 2469 933 ston
2499 870 2742 917 versatus
2773 862 3044 931 decerpsi,
3076 866 3181 918 tuis
3206 864 3376 918 oculis
3413 864 3637 934 subjieio,
3664 884 3743 938 quo

2219 962 2299 1009 tot
2326 953 2486 1010 urbes
2514 968 2687 1023 nuper
2716 968 2745 1010 a
2776 953 3037 1009 Garnerio
3067 969 3161 1025 per
3210 954 3436 1010 Africam
3476 964 3741 1027 exstructas,

2221 1064 2329 1104 non
2361 1048 2535 1104 dicam
2566 1048 2683 1103 solo
2727 1048 3013 1118 aquandas
3045 1048 3324 1112 decernas,
3356 1049 3448 1102 sed
3477 1050 3605 1118 quod
3624 1056 3747 1107 aeria

2222 1156 2444 1212 prorsus
2473 1153 2617 1208 sunt,
2652 1141 2810 1195 unico
2856 1142 2965 1196 oris
3010 1141 3136 1195 ﬂatu
3180 1140 3471 1209 dispergas.
3501 1139 3587 1196 Ille
3611 1150 3747 1197 tamen

2224 1240 2471 1297 testatur,
2504 1247 2604 1285 non
2631 1232 2741 1285 sine
2764 1247 2889 1284 cura
2912 1240 2959 1284 et
2987 1229 3162 1284 labore
3195 1245 3252 1283 se
3291 1244 3586 1299 aggressum
3630 1246 3747 1299 opus,

2223 1325 2359 1392 quod
2399 1325 2641 1377 hactenus
2679 1324 2886 1376 tentavit
2924 1337 3089 1375 nemo.
3136 1320 3195 1375 In
3224 1336 3343 1391 qua
3379 1322 3605 1378 Garnerii
3645 1323 3751 1378 dicta

2224 1414 2390 1469 libeat
2414 1414 2514 1468 hoc
2542 1414 2659 1468 rudi
2691 1414 2929 1468 carmine
2958 1413 3165 1468 ludere.

2350 1528 2657 1578 manca-sonis
2679 1542 2817 1589 opus,
2844 1529 2987 1577 tantis
3005 1528 3131 1589 quod
3154 1527 3401 1575 mercibus
3425 1537 3618 1587 auctum,

2415 1592 2629 1639 Plurima
2656 1588 2862 1639 Garneri
2884 1601 3005 1639 cura
3028 1588 3258 1651 arborque
3280 1589 3386 1637 fuit.

2353 1652 2574 1702 Exstruit
2600 1654 2676 1701 hic
2700 1655 2851 1700 urbes
2879 1667 2889 1699 :
2915 1652 3032 1699 alias
3057 1665 3085 1699 e
3108 1653 3228 1699 sede
3250 1651 3485 1710 revulsas,

2417 1715 2513 1763 Per
2533 1712 2694 1773 Libym
2720 1714 2916 1762 celeres
2938 1726 3141 1759 currere
3164 1725 3317 1773 regna
3342 1712 3497 1771 jubet.

2353 1774 2442 1823 Jus
2465 1776 2613 1823 habet
2637 1780 2682 1823 in
2708 1776 2898 1832 Manes;
2925 1774 3115 1835 quando
3138 1774 3195 1821 ad
3222 1772 3449 1834 suffragia
3468 1773 3603 1821 mittit

2419 1838 2550 1896 Quos
2572 1837 2616 1883 ol
2640 1852 2683 1887 m
2706 1852 2732 1884 e
2754 1838 2872 1884 vivis
2898 1834 3093 1883 abstulit
3114 1843 3216 1882 atra
3237 1836 3361 1883 dies.

2356 1893 2589 1957 Orpheus
2614 1900 2675 1946 hu
2697 1912 2723 1947 c
2746 1899 2875 1947 cedit
2899 1912 2909 1945 :
2933 1900 3086 1944 minor
3112 1904 3186 1943 est
3205 1896 3475 1957 Amphiona
3495 1893 3643 1944 laude.

2419 1917 2422 1924 '
2465 1914 2589 1946 IIBUS
2614 1914 2675 1946 nu
2697 1914 2723 1947 Ο
2746 1914 2875 1947 υρυίι
2899 1914 2909 1945 ἶ
2933 1914 3086 1944 lllIIIUl'
3112 1914 3186 1943 εδι
3205 1914 3475 1957 Λιιψιιιοιιει

2419 1914 2554 2019 8an
2575 1961 2728 2008 semel
2757 1961 2830 2007 his
2854 1966 3032 2021 actum,
3061 1958 3239 2018 sapius
3255 1958 3342 2006 ille
3364 1957 3489 2005 facit.

2302 2068 2399 2123 Hic
2426 2078 2603 2121 tamen
2636 2077 2685 2121 te
2709 2068 2965 2120 monitum
3016 2067 3198 2133 velim,
3254 2081 3323 2121 ne
3355 2063 3572 2120 feliciori
3608 2063 3707 2118 aliis
3727 2081 3761 2116 Ill

2230 2158 2443 2226 scriptis
2478 2155 2724 2210 Garnerii
2759 2155 3047 2210 eruditioni
3076 2155 3348 2224 quidpiam
3391 2170 3485 2223 per
3513 2170 3590 2208 me
3629 2154 3764 2207 detra-

2230 2258 2376 2301 ctum
2405 2256 2595 2316 putes;
2631 2248 2781 2301 illum
2811 2247 2952 2301 enim
2979 2248 3109 2300 tanti
3135 2247 3293 2315 facio,
3340 2254 3397 2300 ut
3418 2244 3461 2299 si
3483 2245 3695 2315 ejusdem
3717 2246 3765 2299 de

2232 2340 2394 2395 rebus
2441 2339 2739 2409 Pelagianis
2790 2339 3172 2394 commentaria
3220 2338 3500 2393 historiam
3551 2353 3685 2407 quam
3718 2339 3766 2392 de

2232 2432 2419 2487 eadem
2448 2431 2637 2486 haresi
2658 2431 2759 2485 hoc
2783 2446 2923 2485 anno
2945 2430 3214 2485 Patavinis
3241 2432 3383 2502 typis
3403 2444 3643 2486 excusant
3669 2430 3767 2484 emi-

2232 2524 2302 2589 si,
2334 2524 2737 2591 pravenissent,
2773 2537 2888 2577 mea
2930 2523 3106 2576 statim
3145 2523 3346 2592 scripta
3399 2522 3558 2594 (quod
3601 2524 3766 2577 sincere

2234 2614 2443 2667 afﬁrmo
2473 2628 2535 2668 ac
2564 2623 2746 2668 sancte
2772 2614 2917 2683 juro)
2957 2614 3009 2667 in
3040 2614 3291 2683 angulum
3318 2614 3535 2669 omnino
3562 2612 3765 2682 proiecis-

2234 2720 2380 2770 sem;
2407 2706 2602 2760 etenim
2636 2706 2862 2773 plurima
2893 2720 3013 2774 qua
3038 2721 3124 2760 me
3163 2705 3412 2771 primitus
3455 2721 3515 2760 ea
3540 2704 3601 2760 de
3626 2720 3675 2758 re
3702 2720 3767 2768 pu-

2234 2797 2556 2851 blicaturum
2596 2796 2914 2860 arbitrabar,
2974 2806 3077 2850 tam
3120 2796 3351 2851 feliciter
3405 2805 3661 2852 assecutus
3691 2804 3765 2857 est,

2234 2895 2294 2941 ut
2320 2886 2481 2941 dubio
2506 2888 2688 2956 procul
2722 2888 2882 2957 plagii
2934 2902 3059 2941 reus
3091 2887 3299 2942 delatus
3344 2888 3579 2953 fuissem,
3615 2887 3653 2942 si
3681 2895 3769 2953 post

2238 2979 2506 3049 vulgatum
2537 2979 2783 3033 Garnerii
2835 2979 3088 3033 volumen
3147 2979 3338 3035 eadem
3396 2987 3625 3048 repetere
3650 2992 3770 3031 ausus

2235 3084 2432 3127 essem.
2468 3071 2661 3125 Fateor
2690 3086 2775 3126 me
2799 3072 2850 3124 in
2873 3070 3187 3140 quibusdam
3216 3072 3284 3126 ab
3307 3086 3373 3126 eo
3403 3070 3688 3134 dissentire,
3717 3080 3768 3132 et,

2238 3173 2297 3219 ut
2321 3172 2513 3219 catera
2542 3164 2752 3225 sileam,
2789 3178 2997 3232 nequeo
3027 3164 3329 3232 approbare
3374 3162 3600 3231 ejusdem
3624 3175 3770 3215 emen-

551 3251 749 3317 b‘irba,
782 3250 1141 3320 Dionysiana,
1187 3246 1373 3312 Zella,
1423 3245 1700 3314 Ruspina,
1745 3251 1802 3298 et
1841 3240 1981 3308 aliis,
2013 3254 2130 3309 qua

2241 3254 2511 3308 dationem
2566 3267 2668 3321 qua
2722 3227 3019 3306 litterarum
3062 3227 3366 3306 antistitum
3403 3227 3772 3322 Pelagianorum

553 3340 812 3405 ﬁnitimis,
842 3340 928 3394 vel
959 3340 1180 3393 incerta
1211 3336 1502 3406 provincia
1548 3333 1974 3396 ascribebantur.
2026 3340 2134 3385 tam

555 3439 698 3485 arcte
724 3429 976 3486 Numidas
1004 3430 1103 3484 sibi
1132 3428 1458 3495 devinxerit,
1487 3436 1548 3482 ut
1576 3427 1629 3481 in
1660 3426 1794 3481 lucri
1817 3426 1935 3481 loco
1963 3424 2136 3494 depu-

558 3534 670 3577 tare
697 3524 926 3591 poSsint,
972 3520 1272 3575 octodecim
1303 3521 1587 3587 episcopos
1609 3517 1791 3573 statim
1818 3516 1887 3571 ab
1911 3516 2011 3570 hoc
2040 3529 2137 3570 suo

560 3613 865 3667 Polioctiste
901 3611 1161 3675 sublatos,
1190 3625 1311 3665 cum
1338 3610 1472 3703 facta
1500 3624 1596 3681 per
1622 3608 1871 3667 eumdem
1917 3616 1995 3662 tot
2045 3620 2141 3676 op-

561 3705 803 3775 pidorum
842 3704 1170 3769 accessione,
1218 3700 1506 3773 provincia
1557 3701 1690 3756 ﬁnes
1728 3701 1884 3769 longe
1930 3700 2141 3768 lateque

558 3796 898 3866 protulerint.

633 3888 828 3953 Ilabes,
887 3887 967 3940 vir
1014 3886 1231 3953 eximie,
1282 3899 1457 3942 meum
1498 3884 1566 3939 de
1605 3883 1849 3939 Garnerii
1908 3882 2048 3936 notis
2074 3882 2143 3937 ad

2244 3353 2443 3398 textum
2475 3341 2714 3412 corrigit.
2748 3342 2878 3395 Nam
2909 3343 3124 3397 dissert.
3164 3343 3197 3397 6
3225 3357 3291 3397 ex
3340 3342 3548 3396 sche’dis
3574 3357 3599 3393 a
3626 3353 3775 3408 magno

2242 3426 2531 3491 Sirmondo
2562 3432 2787 3489 Verona
2822 3432 3169 3487 Venetiarum
3196 3432 3337 3487 urbe
3365 3431 3499 3486 intra
3551 3429 3774 3486 diacesim

2244 3525 2562 3597 patriarchae
2593 3523 2948 3593 Aquileiensis
2972 3524 3228 3588 inventis,
3270 3523 3481 3593 sibique
3523 3520 3776 3577 communi-

2242 3617 2399 3681 catis,
2434 3616 2620 3671 recitat
2647 3615 2883 3670 libellum
2908 3613 3029 3669 ﬁdei
3060 3613 3490 3684 Pelagianorum,
3517 3626 3661 3683 quem
3680 3610 3778 3665 scri-

2245 3710 2323 3766 bit
2352 3725 2381 3764 a
2410 3709 2621 3765 Juliano
2652 3708 2935 3763 Eclanensi
2958 3707 3026 3763 ad
3067 3709 3251 3762 sedem
3309 3707 3644 3778 apostolicam
3679 3706 3777 3758 mis.

2246 3818 2385 3872 sum,
2435 3805 2488 3857 in
2518 3816 2623 3871 quo
2648 3811 2773 3856 cum
2811 3814 2979 3870 prope
3009 3800 3169 3854 linem
3206 3797 3325 3854 hac
3369 3800 3604 3870 legantur
3630 3812 3643 3849 :
3670 3792 3779 3848 Illud

2247 3896 2422 3961 etiam,
2450 3902 2620 3947 sancte
2644 3908 2705 3945 ac
2732 3890 3028 3945 venerabilis
3071 3892 3233 3961 frater
3275 3899 3329 3943 et
3354 3898 3498 3961 pater
3527 3885 3778 3958 Augustine,

561 3987 838 4047 utramque
878 3978 1203 4047 epigraphen
1235 3976 1581 4046 epistolarum
1610 3975 1821 4031 concilii
1866 3973 2145 4044 Cartltagi-
2246 3988 2529 4042 ηεεεεεατίο
2563 3984 2968 4054 respondendum
3004 3983 3332 4051 putavimus,-
3361 3990 3417 4036 et
3436 3989 3629 4036 certum
3649 3976 3720 4041 sit,
3740 3981 3780 4027 ιιι

561 4075 765 4139 nensis,
798 4074 1032 4142 itemque
1071 4074 1358 4129 Milevitani
1388 4072 1678 4141 judicium;
1709 4074 1763 4128 in
1793 4088 1897 4142 qua
1926 4073 2143 4141 quidem

560 4179 784 4218 censura
816 4166 940 4230 levi,
966 4174 1022 4219 ut
1050 4165 1222 4227 aiunt,
1278 4165 1498 4219 brachio
1528 4165 1744 4220 easdem
1795 4164 2139 4233 repasdnavi.

562 4254 807 4307 Profecto
831 4254 955 4307 dum
985 4255 1131 4322 leges
1160 4254 1301 4308 hunc
1323 4256 1637 4323 scriptorem
1668 4263 1745 4309 tot
1772 4255 1964 4310 Africa
1986 4255 2146 4310 urbes

2247 4079 2449 4146 optime
2473 4075 2683 4144 probat,
2710 4074 2824 4127 hac
2852 4072 2973 4127 illos
3006 4086 3114 4126 non
3155 4070 3448 4141 scripsisse
3474 4069 3540 4124 ad
3563 4068 3620 4125 S.
3640 4070 3779 4133 Augu-

2247 4171 2444 4225 stinum
2467 4169 2888 4238 Hipponensem,
2920 4166 3126 4235 putavit
3170 4180 3414 4221 errorem
3451 4167 3503 4220 in
3535 4157 3781 4218 vetustissi-

2249 4278 2394 4319 mum
2424 4261 2663 4317 codicem
2695 4259 2998 4330 irrepsisse,
3025 4272 3086 4313 ac
3125 4273 3224 4328 pro
3256 4259 3541 4331 Augustino
3559 4255 3783 4311 Zosimttm

456 4368 465 4373 -
561 4342 887 4406 confudisse,
931 4344 1125 4397 multas
1174 4344 1753 4413 ignorasse,quasdam
1806 4361 1975 4412 nuper
2002 4347 2147 4401 exci-
2249 4368 2439 4424 papam
2490 4349 2888 4421 reponendum;
2948 4350 3147 4405 etenim
3198 4349 3517 4419 Pelagianos
3550 4348 3784 4416 episcopos

565 4443 728 4500 tasse,
760 4434 1015 4501 plurimas
1056 4435 1110 4487 in
1148 4435 1338 4489 aliena
1387 4437 1685 4491 diaceseos
1725 4437 1841 4505 jura
1896 4438 2147 4492 transcri-

564 4526 757 4595 psisse,
797 4526 1166 4594 episcoporum
1211 4542 1504 4596 eorumque
1550 4528 1759 4582 urbium
1795 4528 2004 4583 nomina
2047 4544 2145 4597 pro

2250 4444 2546 4500 rescribere
2591 4443 2787 4497 ibidem
2832 4441 2899 4495 ad
2934 4452 3090 4496 suum
3121 4442 3430 4510 primatem,
3470 4455 3499 4493 a
3528 4453 3627 4509 quo
3652 4437 3781 4490 hare

2249 4538 2348 4592 sim
2376 4536 2520 4591 illam
2544 4536 2799 4590 damnare
2824 4547 2921 4602 per
2937 4534 3142 4589 litteras
3161 4532 3511 4604 jubebantur,
3541 4530 3666 4586 idem
3684 4526 3785 4582 Gar-

564 4617 710 4671 libito
739 4617 996 4683 variasse,
1025 4617 1179 4672 binos
1200 4618 1427 4673 subinde
1444 4620 1736 4673 catholicos
1758 4621 2023 4676 antistites
2052 4596 2144 4677 uni
2170 4596 2225 4657 Β
2252 4629 2434 4685 uerius
2455 4628 2755 4683 luculenter
2782 4596 3136 4682 demonstrat.
3161 4596 3391 4682 Labitur
3418 4596 3591 4680 tamen
3610 4622 3681 4678 vir
3693 4632 3785 4674 eru-

562 4708 843 4777 eidemque
871 4709 1071 4777 oppido
1109 4710 1424 4776 prafecisse,
1458 4712 1738 4767 defunctos
1780 4712 1978 4768 dudum
2010 4730 2146 4783 pra-

563 4803 707 4855 sulcs
739 4814 1030 4870 prasentes
1060 4806 1279 4874 synodis
1326 4806 1561 4869 ﬁnxisse,
1594 4816 1646 4861 et
1688 4808 1992 4862 Donatistas
2051 4822 2146 4877 pro

561 4893 877 4947 orthodoxis
923 4893 1170 4949 Patribus
1210 4897 1537 4962 obtrusisse;
1568 4898 1714 4963 dum,
1756 4900 1994 4967 inquam.
2032 4899 2145 4955 lucc

567 4993 806 5050 portenta
834 4985 997 5055 leges,
1055 4986 1176 5057 jure
1203 4990 1404 5057 optimo
1443 4990 1811 5058 pronuntiabis
1843 4991 1892 5043 in
1936 4990 2142 5045 Garne-

564 5075 722 5149 rium,
772 5090 891 5130 cum
943 5092 1078 5145 opus
1127 5078 1267 5147 quod
1321 5096 1354 5132 a
1405 5082 1601 5134 nemine
1625 5079 1868 5134 hactenus
1899 5090 2145 5135 tentatum

563 5166 770 5232 scribit,
806 5168 988 5233 illotis,
1043 5180 1100 5224 ut
1147 5171 1316 5237 aiunt,
1379 5172 1600 5240 pedibus
1650 5188 2034 5243 aggressurus,
2087 5174 2141 5229 in

564 5255 793 5309 Africam
813 5260 1215 5330 transmitteret,
1242 5262 1369 5317 illud
1398 5265 1615 5333 Augusti
1644 5264 2035 5334 apophthegma
2058 5279 2141 5319 re-

564 5348 677 5417 geri
703 5350 958 5416 potuisse,
989 5354 1100 5420 qui,
1147 5364 1281 5408 teste
1314 5356 1579 5412 Macrobio
1628 5357 1719 5410 lib.
1771 5373 1803 5410 II
1837 5357 2135 5424 Saturnal.,

564 5451 685 5507 cap.
717 5436 772 5504 4,
813 5438 1207 5497 Nomenclatori
1238 5460 1337 5498 suo
1363 5447 1494 5499 satis
1522 5447 1784 5501 oblivioso
1814 5447 1948 5501 dixit
1986 5464 2000 5501 :
2032 5447 2137 5499 Ac-

562 5532 674 5601 cipe
693 5532 1155 5601 commendatitias,
1180 5538 1302 5605 quia
1344 5539 1448 5593 illic
1471 5543 1723 5595 neminem
1750 5544 1902 5595 nosti.
1938 5542 2140 5597 Plinius

564 5620 655 5677 ille
678 5631 861 5677 uoster
884 5623 1210 5681 Veronensis
1237 5627 1329 5681 lib.
1365 5645 1450 5693 xv,
1474 5644 1594 5698 cap.
1626 5631 1713 5695 18,
1741 5631 1932 5685 scribit
1955 5644 2143 5687 recen-

566 5724 648 5771 tes
677 5716 806 5771 licus
828 5731 858 5771 e
886 5714 1383 5789 Carthaginensium
1418 5723 1587 5778 hortis
1615 5724 1775 5779 tridui
1807 5731 2010 5779 tantum
2046 5738 2143 5779 na:

565 5812 831 5885 vigatione
863 5811 1080 5867 Romam
1112 5813 1339 5883 delatas,
1373 5830 1433 5874 ac
1463 5816 1707 5875 l'atribus
1746 5818 2065 5889 conscriptis
2107 5832 2139 5878 ι

2250 4721 2422 4785 ditus;
2469 4735 2593 4773 nam
2649 4719 2699 4773 id
2762 4719 3020 4787 temporis
3060 4718 3291 4774 celebris
3339 4728 3458 4775 erat
3511 4711 3785 4783 Augustinus

2252 4810 2611 4881 Aquileiensis
2656 4810 2858 4878 primas
2907 4808 3292 4875 Venetiarum,
3351 4808 3601 4875 Histria,
3646 4796 3782 4857 Norici

2251 4902 2527 4971 utriusque
2555 4912 2609 4957 et
2640 4901 2865 4956 Rhatia
2895 4902 2935 4956 I.
2984 4902 3124 4959 Audi
3174 4901 3462 4957 Henricum
3513 4896 3781 4955 Palladium,

2258 5007 2365 5062 quo
2395 5008 2553 5047 nemo
2574 4992 2884 5061 diligentius
2930 5003 3021 5048 aut
3068 4994 3368 5063 elegantius
3416 4985 3785 5061 Aquileiensium

2251 5099 2338 5139 res
2392 5084 2445 5137 in
2477 5085 2683 5139 litteras
2711 5085 2891 5138 misit:
2924 5083 3049 5138 Post
3074 5083 3447 5151 Chromatium,
3472 5081 3649 5151 inquit,
3676 5072 3785 5143 eligi-

2251 5184 2333 5227 tur
2361 5175 2656 5244 patriarcha
2681 5176 3019 5245 Augustinus,
3048 5190 3148 5244 quo
3174 5183 3403 5245 tempore
3437 5173 3563 5227 alter
3587 5156 3785 5236 Augusti-

2248 5283 2344 5319 nus
2371 5264 2722 5335 Hipponensis
2749 5266 3013 5336 episwpus
3042 5267 3340 5336 eloquentia
3360 5274 3408 5319 et
3460 5262 3685 5318 doctrinis
3711 5254 3787 5322 ﬂ"-

2247 5357 2470 5412 minibus
2499 5357 2853 5413 hareticorum
2891 5360 3148 5413 vesaniam
3174 5360 3229 5414 in
3250 5358 3431 5427 Africa
3472 5353 3709 5411 obruebat.
3744 5344 3784 5397 Ιυ

2245 5449 2364 5503 aula
2389 5450 2726 5518 patriarchali
2755 5450 2896 5519 apud
2910 5449 3123 5505 Utinum
3146 5452 3383 5505 omnium
3410 5440 3783 5517 Aquileiensium

2246 5544 2531 5611 primatum
2558 5542 2728 5611 elogia
2772 5541 3166 5610 grandioribus,
3196 5550 3249 5596 et
3278 5540 3553 5609 plusquam
3596 5525 3782 5588 unciali-

2247 5636 2345 5690 bus
2401 5634 2801 5690 cliaracteribus
2874 5635 3175 5705 antiquitus
3235 5633 3502 5702 descripta
3554 5630 3780 5696 leguntur.

2248 5725 2416 5781 Porro
2446 5726 2638 5780 ibidem
2680 5736 2801 5794 post
2824 5724 3197 5782 Chromatium
3243 5720 3538 5792 Augustino
3577 5716 3667 5772 hoc
3691 5705 3782 5779 ορί-

2248 5832 2333 5891 gra
2342 5829 2481 5873 tanta
2513 5816 2822 5874 inscribitur
2836 5832 2849 5846 '
