3954 6364
111 356 224 413 517

276 534 777 587 CONSTERNATOS
800 534 1297 593 AOULEIENSIUM
1324 535 1563 585 ANIMOS

242 598 524 648 JEJUNIIS
582 598 659 648 ET
721 597 1327 649 SUPPLICA’I‘lONIBUS
1376 597 1593 649 SACRIS

212 660 309 709 AD
344 660 617 710 DIVINAM
652 659 825 711 OPEM
872 659 1337 710 IMPLORANDAM
1373 658 1623 710 EREXIT.

186 768 392 823 Scribit
418 769 615 825 ibidem
644 768 909 824 Palladius
939 770 1292 841 Augustinum
1322 770 1716 839 Aquileiensem

113 861 319 915 sedem
355 861 635 931 indeptum
664 862 829 917 fuisse
859 876 1000 916 anno
1025 863 1149 930 414,
1184 876 1409 931 eamque
1446 876 1567 916 cum
1608 860 1716 915 vita

110 955 410 1022 reliquisse
434 969 577 1010 anno
606 952 729 1019 423,
764 953 887 1008 dato
906 953 1079 1009 eidem
1105 952 1354 1022 Adelpho
1380 966 1711 1007 successore.

110 1044 381 1098 Errorem
412 1043 619 1114 Ughulli
663 1044 714 1097 ill
745 1054 969 1113 utroque
998 1042 1223 1112 primate
1265 1042 1403 1096 haud
1453 1056 1549 1096 suo
1597 1040 1714 1095 loco

112 1138 435 1203 Statuendo,
460 1138 565 1192 scis
604 1152 691 1193 me
720 1138 1004 1192 adnotasse
1047 1137 1141 1192 lib.
1173 1152 1206 1190 ll
1247 1137 1380 1191 illst.
1416 1136 1549 1197 Pel..
1590 1151 1711 1204 cap.

114 1229 206 1283 {2.
248 1227 390 1284 Cum
420 1230 668 1284 Zosimus
698 1245 841 1284 anno
882 1229 988 1283 418
1032 1229 1346 1298 Pelagianos
1386 1227 1711 1294 damnasset,

116 1324 434 1393 encyclicas
462 1323 529 1377 ad
559 1322 956 1392 Aquileiensem
1007 1331 1059 1377 et
1110 1321 1559 1376 Mediolaneusem
1606 1322 1713 1391 pri-

118 1424 294 1471 mates
322 1417 491 1485 misit,
541 1426 598 1471 ut
634 1417 847 1472 easdem
873 1416 981 1469 suis
1022 1415 1073 1469 in
1116 1416 1434 1471 dimcesibus
1478 1415 1713 1484 publica-
1758 1425 1767 1432 ‘

121 1518 283 1575 rent;
339 1510 789 1579 quemadmodum
842 1510 998 1578 paulo
1047 1518 1203 1564 antea
1235 1509 1713 1563 damuatisltoma:

129 1604 195 1658 ab
249 1605 535 1657 Anastasio
582 1617 719 1673 papa
765 1601 1102 1671 Origeuistis,
1158 1602 1501 1656 Chromatius
1548 1601 1713 1670 Aqui-

132 1694 345 1750 leiensis
377 1695 659 1763 Augustini
683 1695 953 1757 decessor,
983 1705 1037 1748 et
1058 1692 1319 1749 Venerius
1346 1692 1708 1747 Mediolanen-

142 1787 209 1840 sis
232 1788 461 1856 acceptis
483 1787 550 1841 ab
578 1785 868 1856 apostolica
900 1785 1029 1840 sede
1058 1785 1271 1851 litteris,
1305 1785 1487 1839 itidem
1521 1786 1571 1838 in
1598 1785 1708 1838 suis

828 358 1183 415 VARIORUM
1226 357 1713 416 EXERCITATIOP

1818 392 1821 410 .
1856 361 1925 423 tu
1966 363 2022 418 s.
2065 367 2431 429 AUGUSTINI
2470 350 2717 435 oratis.

110 472 533 528 AUGUSTINUS
579 473 743 523 URBE
784 468 959 523 ROMA
996 476 1036 521 A
1071 473 1304 521 GO'l‘HlS
1339 471 1717 523 DEVASTATA
1745 481 1799 533 Α
1826 477 1907 532 dis

3293 393 3394 447 3l8

1910 483 2133 539 crimine
2159 489 2373 557 evades,
2404 509 2491 562 qui
2524 509 2769 565 magnum
2796 496 3169 569 philosophum
3200 500 3393 559 Socra-

1822 583 1927 631 tem
1959 577 2220 647 imitatus,
2244 582 2375 637 nihil
2400 599 2503 638 non
2535 586 2705 642 dicam
2732 590 2781 643 in
2812 590 3037 658 litteras,
3082 594 3265 662 mittis,
3301 580 3395 653 sed
3428 580 3431 583 ’

1819 669 1961 739 quod
1993 671 2045 725 in
2074 680 2126 727 te
2152 673 2337 728 mirari
2362 684 2469 730 tam
2499 691 2642 748 saepe
2667 681 2853 737 solitus
2890 698 3028 755 sum,
3059 687 3398 744 tenacissima

1819 768 2079 822 memoria
2126 768 2327 836 fultus,
2379 774 2789 830 succenturiatis
2818 778 3117 849 quibusque
3157 780 3395 849 ejusdem

1818 860 2081 930 praesidiis
2110 862 2365 931 dimissis,
2400 879 2466 919 ne
2506 866 2728 921 verbum
2752 870 2964 937 quidem
2998 874 3211 928 unicum
3257 872 3419 947 stylo'

1817 953 2044 1023 alligas;
2074 955 2168 1043 sed
2191 956 2459 1012 volumina
2493 958 2779 1027 devorans,
2807 964 2902 1018 tibi
2933 964 3199 1037 Musisque
3226 969 3395 1025 instar

1817 1044 2073 1115 Aspendii
2098 1048 2269 1113 canis,
2293 1048 2489 1118 publici
2511 1049 2696 1119 judicii
2719 1053 2889 1108 aleam
2922 1055 3138 1126 refugis,
3170 1067 3225 1114 et
3248 1059 3394 1114 nullo

1818 1136 2087 1193 scribendi
2116 1141 2371 1196 cacoethe
2400 1142 2652 1199 titillaris.
2684 1145 2817 1200 llinc
2840 1156 2889 1203 te
2918 1148 3279 1207 felicissimum
3302 1169 3397 1224 pu-

1817 1237 1892 1293 to,
1926 1230 2017 1297 qui
2059 1232 2239 1299 procul
2267 1233 2334 1286 ab
2374 1234 2672 1290 invidorum
2716 1239 2989 1309 censuris,
3021 1242 3229 1297 eximiis
3271 1260 3397 1317 erga

1816 1320 2081 1377 litteratos
2102 1322 2295 1397 ofﬁciis
2318 1338 2514 1380 nomen
2539 1335 2684 1380 tanto
2705 1329 2934 1384 nobilius
2954 1334 3252 1400 posteritati
3278 1352 3397 1403 pro-

1818 1415 2042 1483 pagasti,
2075 1424 2274 1483 quanto
2303 1415 2513 1485 dignius
2544 1426 2625 1472 est
2651 1417 2805 1473 factis
2833 1423 3009 1489 potius
3039 1438 3195 1493 quam
3238 1426 3397 1482 dictis

1817 1524 2013 1565 nomen
2046 1511 2097 1564 in
2124 1526 2295 1567 aevum
2325 1514 2633 1571 extendere.
2684 1517 2839 1572 Plura
2867 1519 3025 1588 justas
3068 1522 3221 1576 molis
3244 1521 3398 1576 volu-

1816 1602 1960 1656 mina
1985 1600 2254 1659 Gallorum
2302 1620 2365 1661 ac
2403 1606 2722 1662 Batavorum
2770 1611 2908 1681 typis
2949 1627 3178 1680 excusa,
3210 1629 3272 1668 ac
3303 1614 3397 1668 tibi

1818 1694 2059 1749 certatim
2095 1694 2314 1749 honoris
2338 1698 2505 1766 gratia
2535 1710 2857 1769 nuncupata,
2888 1712 2961 1756 tot
2984 1703 3153 1773 elogia
3181 1705 3249 1760 ab
3276 1720 3397 1760 eru-

1764 1842 1781 1861 g
1817 1784 1942 1839 ditis
1964 1785 2261 1855 quibusque
2284 1787 2430 1841 Italis
2464 1790 2574 1843 suis
2604 1790 2654 1843 in
2679 1791 2829 1845 libris
2846 1792 2944 1846 tibi
2982 1784 3397 1861 passiminscri—

150 1854 455 1933 dioecesibus
504 1854 1015 1946 per'suﬁ‘raganeos
1066 1877 1347 1945 episcopos
1386 1875 1712 1945 Origenistas
1744 1854 1791 1919 Β
1819 1887 1904 1946 pta
1935 1886 2079 1943 sunt,
2112 1854 2373 1933 utnullus
2404 1891 2738 1950 posterorum
2772 1884 2962 1952 quibus
2982 1854 3140 1941 bona:
3166 1898 3310 1945 artes
3342 1890 3394 1945 in

156 1970 544 2042 proscribendos
600 1978 941 2035 curaverant,
1000 1979 1133 2024 teste
1178 1968 1502 2039 Hieronymo
1546 1966 1635 2021 lib.
1676 1984 1713 2021 ll

163 2063 390 2133 apologitn
410 2069 597 2116 contra
642 2060 911 2114 Rufinum.
966 2059 1100 2114 Hinc
1148 2059 1475 2128 Augustinus
1517 2058 1714 2124 primas

166 2153 490 2225 Aquileiensis
521 2153 828 2222 apostolicae
853 2153 998 2208 sedis
1026 2162 1212 2208 contra
1263 2153 1573 2221 Pelagianos
1625 2151 1715 2204 dc-

168 2256 340 2303 cretum
370 2260 485 2300 cum
519 2245 712 2300 litteris
741 2245 805 2299 ad
837 2260 1053 2299 suarum
1086 2244 1478 2313 provinciarum
1506 2243 1712 2310 episco.

168 2354 246 2410 pos
273 2339 403 2393 misit
428 2356 441 2404 ;
466 2353 693 2407 quorum
734 2337 995 2406 nonnulli,
1025 2352 1146 2391 cum
1186 2336 1486 2403 Pelagianis
1515 2334 1714 2390 errori-

169 2432 247 2485 bus
275 2440 594 2496 tenerentur,
628 2441 980 2485 menloratunl
1008 2430 1129 2484 fidei
1170 2429 1410 2483 libellum
1441 2428 1505 2480 ad
1536 2429 1716 2493 Augu-

169 2523 335 2576 stinum
359 2521 639 2591 primatem
668 2521 949 2575 dederunt.
969 2521 1137 2587 Quam
1167 2534 1297 2574 vero
1324 2518 1482 2572 altius
1504 2517 1555 2571 in
1582 2516 1714 2571 diae-

169 2613 255 2667 oesi
293 2614 519 2681 primatis
561 2613 914 2682 Aquileiensis
960 2613 1098 2682 apud
1142 2612 1533 2667 ecclesiasticos
1580 2624 1715 2678 prae-

168 2706 345 2770 scrtim,
362 2705 639 2774 Pelagiana
662 2705 883 2759 haeresis
914 2705 1119 2759 radices
1161 2705 1384 2769 ﬁxisset,
1417 2712 1627 2758 constat
1647 2717 1711 2756 ex

169 2797 332 2851 litteris
356 2797 595 2866 Septimii
628 2797 874 2850 Altillatis
907 2796 971 2849 ad
1001 2796 1057 2851 S.
1092 2797 1321 2849 Leonem
1372 2795 1636 2864 Magnum,
1661 2801 1715 2846 et

170 2890 303 2959 hujus
328 2890 595 2960 rescriptis
625 2889 690 2943 ad
722 2890 1002 2958 primatem
1044 2887 1440 2957 Aquileiensem
1466 2902 1480 2949 ;
1512 2886 1579 2939 de
1600 2884 1715 2952 qui-

170 2981 251 3036 bus
278 2982 431 3037 fusius
457 2982 542 3051 egi
573 2982 623 3035 in
654 2981 841 3035 eodem
886 2980 1021 3035 libro
1048 2978 1115 3033 de
1140 2978 1337 3033 llaeresi
1371 2976 1675 3045 Pelagiana.

229 3076 297 3129 Ad
317 3075 626 3132 Garnerium
659 3074 836 3129 redeo.
874 3074 967 3129 llic
997 3074 1048 3127 ill
1077 3074 1189 3127 suis
1215 3072 1355 3127 notis
1385 3069 1715 3141 publicandis

170 3167 433 3221 nonnullam
449 3168 511 3221 ab
534 3168 741 3221 eruditis
764 3166 1031 3220 lectoribus
1040 3166 1257 3237 gratiam
1280 3164 1398 3217 iniri
1422 3177 1575 3231 posse
1596 3174 1717 3229 spe-

170 3265 329 3327 rabat;
364 3279 544 3318 verum
569 3272 674 3317 tam
696 3262 977 3317 infeliciter
998 3277 1059 3317 ea
1093 3263 1142 3315 in
1168 3276 1225 3316 re
1259 3261 1494 3315 calculos
1517 3260 1712 3330 posuit,

169 3366 215 3409 ut
243 3356 286 3409 ill
313 3357 435 3411 lucri
468 3357 586 3409 loco
616 3355 788 3409 eidem
818 3355 1184 3422 reponendum
1219 3353 1483 3416 videatur,
1514 3353 1558 3406 si
1607 3359 1715 3404 tam

168 3449 321 3503 detlsm
337 3463 574 3504 errorum
590 3447 842 3517 farragini
862 3447 1069 3500 veniam
1089 3461 1116 3497 a
1142 3446 1426 3500 lectoribus
1447 3445 1711 3513 impetret.

168 3538 281 3594 Hinc
306 3539 513 3594 fatearis
545 3553 763 3593 necesse
790 3547 895 3605 est,
922 3537 1063 3591 viros
1106 3537 1344 3591 eruditos
1370 3534 1714 3604 quandoque,

168 3642 213 3683 ut
241 3641 320 3686 tuo
347 3632 505 3687 verbo
539 3641 675 3698 utar,
711 3630 1180 3700 paratragtediare,
1220 3644 1281 3683 ac
1324 3628 1439 3683 suis
1479 3629 1716 3696 ipsorum

164 3724 354 3795 scriptis
383 3726 602 3780 nimium
637 3724 953 3787 lenocinari;
984 3723 1170 3778 eadem
1202 3721 1533 3777 cetlﬁdeuter
1566 3736 1716 3789 teque

162 3831 215 3869 ac
240 3818 478 3872 audacter
505 3817 557 3871 in
581 3818 765 3871 oculos
793 3829 1088 3884 manusque
1114 3814 1387 3868 hominum
1422 3813 1713 3875 mittentes,

160 3923 265 3975 qua:
294 3918 464 3965 tamen
497 3925 527 3963 θ
570 3924 627 3963 re
658 3910 891 3978 ipsorum
919 3916 1063 3961 esset
1107 3906 1306 3959 scrinio
1334 3904 1585 3959 claudere
1610 3944 1625 3967 ,
1656 3917 1717 3957 ac

159 3998 323 4053 blattis
353 3998 684 4055 corrodenda
716 3999 1038 4067 relinquere.
1076 3997 1138 4051 Et
1168 3996 1404 4065 quidem,
1438 4005 1494 4048 ut
1522 3995 1589 4049 de
1633 4010 1717 4049 me

160 4091 345 4161 loquar,
376 4108 483 4148 non
507 4093 650 4163 quod
678 4094 729 4147 iu
754 4093 1086 4147 eruditorum
1118 4105 1396 4144 numerum
1422 4089 1603 4143 venire
1626 4103 1718 4141 au-

158 4185 243 4237 sint
264 4226 279 4250 ,
308 4185 399 4239 sed
431 4185 553 4256 quia
585 4185 917 4239 indoctorum
944 4223 958 4248 ,
990 4192 1047 4236 ut
1092 4183 1164 4236 ait
1207 4192 1360 4251 poeta
1388 4222 1403 4247 ,
1449 4179 1715 4234 volumina

160 4276 335 4343 passim
354 4276 696 4331 scribentium
713 4286 898 4329 turmae
913 4288 1229 4338 accenseor;
1246 4272 1618 4328 existimabam
1633 4286 1718 4326 me

160 4368 348 4423 ceteris
362 4368 671 4438 diligentius
694 4368 745 4422 in
765 4367 1046 4436 Pelagiana
1062 4366 1293 4422 Historia
1316 4364 1715 4434 chronologiam

162 4466 422 4526 tractasse;
445 4460 538 4515 sed
558 4467 812 4529 quantum
833 4472 951 4513 mea
972 4474 1055 4512 me
1072 4458 1251 4527 opinio
1273 4456 1518 4512 fefellerit
1538 4456 1715 4509 statim

1817 1983 1999 2024 amore
2026 1979 2212 2035 erunt,
2247 1971 2494 2039 ignorare
2524 1989 2751 2041 unquam
2780 1977 2964 2042 possit,
2996 1978 3193 2034 vixisse
3226 1970 3395 2035 Anto-

1815 2062 1961 2115 nium
2009 2062 2423 2131 Magliabecum,
2454 2064 2520 2119 de
2564 2066 2817 2121 litteraria
2853 2052 3118 2138 republica
3148 2072 3213 2125 ad
3256 2073 3396 2128 invi—

1816 2155 1956 2208 diam
1990 2170 2156 2225 usque
2199 2156 2587 2211 benemeritum
2624 2178 2635 2211 :
2668 2154 2725 2212 Ut
2768 2160 2856 2214 illa
2890 2156 3092 2217 tantum
3125 2175 3395 2232 postrema

1817 2255 1907 2299 tuo
1947 2248 2146 2301 nomini
2175 2248 2287 2303 dies
2336 2258 2479 2305 stare
2524 2266 2682 2319 posse
2712 2253 2986 2322 videatur,
3018 2272 3139 2327 qua:
3165 2261 3397 2328 pessimo

1816 2341 2120 2395 mortalium
2143 2341 2250 2396 fato
2277 2342 2531 2399 librorum
2562 2360 2622 2399 ac
2650 2346 2942 2403 litterarum
2968 2352 3207 2406 omnium
3234 2355 3395 2415 altam

1816 2431 2138 2488 oblivionem
2173 2434 2405 2491 inducat.
2435 2438 2545 2505 Ego
2574 2452 2705 2493 sane
2735 2440 2935 2495 nullum
2960 2443 3095 2512 grati
3128 2445 3290 2499 animi
3319 2448 3399 2500 of-

1816 2525 1995 2580 ﬁcium
2020 2526 2238 2581 missum
2263 2529 2472 2597 faciam,
2496 2545 2601 2599 quo
2626 2531 2715 2586 tibi
2740 2536 3234 2606 quantulascuuque
3256 2540 3399 2595 vices

1817 2620 2128 2688 rependam.
2184 2620 2397 2676 Etenim
2448 2637 2550 2676 non
2601 2625 2763 2679 modo
2790 2626 2938 2693 prior
2962 2627 3288 2685 doctissimis
3337 2645 3400 2686 ac

1819 2710 2221 2767 humanissimis
2253 2711 2442 2767 litteris
2472 2730 2559 2769 me
2586 2718 2906 2783 convenisti,
2934 2700 3117 2775 verum
3147 2721 3305 2775 etiam
3337 2722 3396 2775 il-

1815 2801 2122 2857 lustrissimi
2152 2804 2412 2857 senatoris
2436 2815 2489 2859 et
2517 2807 2709 2875 equitis
2734 2808 3272 2880 FerrantisCapponii
3302 2827 3399 2880 ge-

1818 2894 1962 2949 neris
1993 2894 2288 2961 nobilitate,
2314 2910 2493 2952 rerum
2513 2900 2842 2967 agendarum
2872 2901 3079 2969 peritia,
3108 2904 3242 2973 juris
3270 2905 3397 2959 utri-

1818 3001 1986 3055 usque
2014 2987 2259 3054 scientia,
2281 2998 2335 3044 et
2374 3004 2562 3059 magna
2587 2991 2749 3045 etiam
2778 2992 2917 3060 apud
2947 2995 3236 3063 principem
3280 3010 3395 3066 gra-

1822 3075 1888 3129 tia
1919 3078 2212 3146 conSpicui,
2246 3094 2465 3147 operam
2517 3082 2738 3149 rogasti,
2773 3090 2830 3137 ut
2860 3083 2909 3136 in
2945 3084 3205 3137 lilruriam
3233 3100 3400 3141 sacrm

1768 3168 2141 3244 ieruditionis
2186 3170 2456 3238 professor
2484 3186 2721 3225 vocarer.
2775 3173 2975 3227 Annuit
3000 3175 3234 3229 omnium
3281 3192 3402 3246 grav

1825 3258 2017 3313 tiarum
2049 3260 2149 3327 vir,
2178 3276 2282 3329 quo
2310 3260 2375 3314 ad
2401 3261 2656 3317 beneﬁcia
2690 3263 2909 3331 pronior
2938 3280 3006 3318 ne
3034 3276 3156 3320 voto
3186 3267 3398 3335 quidem

1823 3351 1945 3421 ﬁngi
1978 3361 2180 3420 potest;
2212 3353 2415 3409 sciebat
2446 3355 2587 3407 enim
2613 3355 2956 3410 serenissima
2981 3356 3240 3411 cardinali
3268 3356 3399 3411 Leo-

1826 3446 1985 3513 poldo
2011 3445 2141 3515 (quo
2167 3448 2217 3502 in
2248 3447 2463 3501 nomine
2492 3464 2739 3515 magnum
2760 3448 3007 3503 Mediceis
3022 3449 3208 3519 gloria}
3234 3452 3379 3505 incre

1821 3546 2081 3603 mentum,
2104 3548 2155 3594 et
2181 3540 2475 3593 litterarum
2500 3555 2649 3609 aeque
2677 3555 2740 3595 ac
2766 3540 3114 3596 litteratorum
3143 3541 3402 3597 cultorem

1820 3640 1871 3683 et
1897 3631 2236 3684 Maecenatem
2268 3628 2736 3699 incomparabilem
2767 3630 2912 3684 orbis
2934 3633 3238 3704 veneratur)
3270 3632 3402 3689 nihil

1820 3735 1941 3775 esse
1969 3721 2262 3789 antiquius,
2286 3736 2442 3789 quam
2471 3732 2525 3775 ut
2556 3722 2773 3776 historia
2800 3737 2974 3790 sacra,
2998 3739 3117 3797 quae
3149 3724 3286 3794 apud
3310 3740 3401 3779 no-

1822 3822 2018 3866 strates
2032 3812 2276 3866 exsilium
2294 3813 2399 3880 pati
2422 3813 2722 3877 videbatur,
2743 3814 2964 3882 patriam
2985 3816 3035 3869 in
3054 3814 3263 3869 Etruria
3282 3830 3401 3872 cum

1822 3905 2026 3959 honore
2047 3905 2330 3974 reciperet.
2364 3904 2496 3959 Hinc
2519 3906 2829 3974 amplissimi
2853 3908 3115 3960 senatoris
3142 3922 3305 3975 opera
3329 3907 3402 3961 fa-

1818 4005 1962 4049 ctum
1986 4004 2088 4061 est,
2110 4003 2166 4048 ut
2185 3995 2563 4049 serenissimus
2586 4010 2806 4064 magnus
2822 3997 3049 4053 Etruriae
3063 3996 3168 4050 dux
3182 3994 3402 4053 Cosmus

1820 4088 2253 4144 Ecelcsiasticam
2272 4087 2583 4150 Historiam,
2597 4103 2715 4156 quae
2728 4088 2951 4158 publicis
2965 4088 3263 4156 sapientum
3276 4104 3402 4143 con-

1820 4180 2065 4234 ventibus
2087 4180 2327 4243 exclusa,
2359 4192 2478 4232 cum
2507 4178 2813 4232 umbraticis
2836 4178 3150 4248 quibusdam
3178 4178 3403 4233 homini-

1818 4271 1916 4324 bus
1934 4272 1984 4325 in
2000 4270 2147 4324 Italia
2161 4271 2259 4324 sub
2273 4285 2505 4340 paupere
2524 4278 2664 4324 tecto
2680 4269 3065 4341 hospitabatur,
3086 4270 3228 4338 regia
3245 4284 3403 4326 manu

1821 4364 2165 4431 prebensam,
2200 4364 2253 4417 in
2284 4364 2532 4417 Pisanum
2561 4363 2885 4427 Atllenellm,
2914 4362 3017 4417 hoc
3043 4372 3147 4427 est,
3174 4363 3223 4416 ill
3254 4377 3403 4416 suam

1820 4456 2060 4508 omnium
2096 4456 2442 4509 scientiarum
2470 4453 2670 4524 regiam
2703 4453 3084 4520 introduxerit,
3117 4443 3403 4519 insignemé

163 4551 373 4607 intellexi
401 4572 413 4607 :
444 4552 712 4624 siquidem.
737 4553 820 4607 vel
852 4554 901 4607 in
932 4554 1048 4620 ipso
1076 4551 1258 4607 limine
1286 4554 1336 4604 in
1370 4550 1714 4617 prochronis-
1742 4571 1797 4649 ὓ
1822 4563 1927 4616 que
1958 4547 2133 4602 eidem
2162 4545 2472 4600 cathedram
2515 4545 2927 4614 inauguraverit.
2955 4544 3087 4598 Cum
3121 4543 3403 4612 sapientis-

164 4660 285 4699 luum
314 4647 527 4716 impegi.
557 4646 687 4701 Nam
712 4647 764 4700 in
790 4646 949 4714 priori
984 4646 1173 4714 pagina
1198 4645 1386 4714 scripsi
1407 4658 1526 4698 cum
1561 4644 1717 4696 Baro-

166 4740 239 4793 uio
264 4741 316 4799 S.
340 4741 698 4795 Athanasium
719 4754 860 4794 anno
886 4738 991 4795 372
1012 4739 1151 4793 diem
1178 4739 1404 4801 obiisse;
1432 4738 1556 4801 imo,
1573 4736 1711 4805 quod

167 4845 265 4885 cum
295 4835 493 4901 pudore
523 4834 641 4887 dico
666 4874 678 4896 ,
714 4831 935 4887 laudans
979 4831 1205 4887 Proterii
1248 4828 1590 4884 Alexandrini
1619 4843 1714 4898 pa-

168 4923 376 4977 schalem
407 4926 473 4978 ad
502 4925 731 4978 Leonem
766 4924 1009 4993 Magnum
1042 4922 1345 4990 epistolam,
1371 4936 1491 4974 cum
1519 4920 1712 4975 ibidem

169 5028 219 5066 ex
245 5018 431 5086 epocha
462 5016 797 5083 Diocletiani,
822 5020 873 5071 et
898 5017 1210 5070 charactere
1240 5017 1470 5084 paschali
1496 5014 1715 5068 eviden-

171 5115 235 5159 ter
256 5108 562 5175 deducatur,
598 5124 737 5163 anno
770 5109 1067 5177 insequenti
1098 5108 1338 5177 ejusdem
1359 5107 1561 5162 obitum
1604 5115 1714 5160 sta-

173 5200 390 5254 tuendum
440 5201 622 5254 fuisse.
660 5200 844 5253 Plures
874 5199 1007 5254 meis
1049 5199 1100 5253 in
1132 5200 1281 5253 libris
1326 5212 1538 5253 errores
1569 5200 1715 5251 inve-

176 5288 291 5345 nient
315 5291 462 5361 rigidi
492 5304 765 5355 censores,
794 5306 1019 5359 quorum
1049 5306 1234 5359 agmen
1259 5304 1344 5343 me
1364 5298 1575 5343 manet:
1600 5289 1716 5357 qui-

177 5375 267 5447 bus,
293 5382 375 5436 ubi
401 5398 485 5438 me
508 5382 845 5436 alltlcinatunl
868 5382 1217 5444 ostenderint,
1242 5381 1437 5449 gratias
1462 5379 1714 5449 plurimas

178 5472 388 5540 referam,
412 5476 609 5543 quippe
624 5474 713 5543 qui
737 5490 842 5529 non
864 5489 1004 5541 mea,
1025 5473 1118 5528 sed
1144 5474 1379 5541 ipsorum
1402 5487 1529 5527 cura
1553 5487 1615 5526 ac
1641 5472 1718 5525 la-

177 5561 293 5629 bore,
325 5580 425 5620 non
465 5568 638 5620 dicam
666 5567 895 5633 doctior,
933 5566 1027 5621 sed
1075 5564 1249 5619 minus
1281 5564 1525 5618 indoctus
1556 5563 1713 5629 tiam;

179 5655 273 5711 illud
300 5661 436 5714 enim
467 5660 692 5715 subinde
723 5661 942 5715 Seneca:
971 5660 1170 5713 dictum
1202 5667 1387 5728 repeto
1410 5672 1474 5713 ex
1505 5672 1623 5727 cap.
1652 5657 1716 5712 18

176 5749 224 5804 de
248 5750 350 5807 Vita
380 5755 562 5818 beata,
593 5753 720 5809 Cum
754 5754 885 5807 vitiis
935 5754 1214 5807 convicium
1256 5753 1411 5822 facio,
1461 5751 1718 5821 imprimis

178 5845 270 5915 utris
292 5847 439 5911 facio.
468 5846 548 5905 Tu
576 5847 810 5917 quidem,
836 5846 917 5901 vir
940 5847 1257 5923 clarissime,
1286 5860 1503 5902 securus
1527 5846 1591 5899 ab
1616 5846 1715 5901 hoc

1823 4640 1990 4694 simus
2020 4638 2268 4708 idemque
2314 4637 2759 4706 prudentissimus
2800 4639 3046 4707 princeps
3077 4637 3277 4705 optime
3326 4635 3391 4709 in»

1822 4733 2083 4801 telligeret
2115 4745 2273 4784 unam
2307 4729 2583 4783 historiam
2615 4744 2928 4799 magnorum
2977 4742 3160 4796 regum
3190 4712 3402 4780 nomina

1819 4825 1885 4879 ad
1938 4835 2184 4894 posteros
2226 4837 2345 4876 cum
2400 4822 2554 4876 laude
2584 4823 2945 4895 transmittere
2969 4861 2982 4885 ,
3016 4802 3259 4874 eamdem
3293 4828 3397 4871 tam

1822 4918 1985 4973 nobili
2008 4917 2211 4987 judicio
2244 4931 2308 4970 ac
2337 4930 2600 4984 generosa
2633 4902 2991 4969 munificentia
3015 4900 3276 4993 demereri
3310 4900 3401 4965 vo-

1822 5010 1955 5065 luit:
1985 5018 2040 5063 ut
2061 5007 2272 5076 quando
2300 5007 2446 5061 illum
2473 5019 2720 5074 suprema
2745 5014 2799 5069 et
2840 5003 2974 5057 seris
3000 5012 3200 5057 tantum
3232 5017 3401 5071 nepo-

1821 5104 1962 5157 tibus
2000 5109 2125 5156 nota
2174 5100 2289 5154 dies
2312 5101 2451 5154 cmlo
2498 5098 2740 5161 inseret,
2793 5095 3027 5150 historiae
3072 5111 3299 5171 munere
3349 5100 3401 5179 in

1820 5196 2060 5251 Etruscae
2088 5195 2262 5264 gentis
2288 5191 2589 5259 desideriis,
2624 5190 2676 5243 in
2704 5190 2938 5244 omnium
2969 5188 3283 5267 populorum
3311 5192 3402 5259 qui

1821 5291 2025 5344 litteras
2055 5295 2204 5341 extra
2260 5284 2560 5338 barbariem
2609 5281 2808 5349 norint,
2858 5280 3051 5335 animis
3080 5272 3403 5353 perenniter

1818 5388 1985 5439 vivat.
2028 5383 2092 5436 Et
2119 5382 2242 5435 licet
2272 5380 2419 5434 illum
2453 5377 2642 5446 ingens
2672 5391 2799 5445 erga
2829 5390 3051 5457 superos
3077 5376 3285 5445 religio,
3319 5390 3403 5443 ra-

1812 5493 1915 5543 rus
1942 5478 1994 5529 in
2028 5474 2269 5529 subditos
2299 5484 2470 5536 amor,
2500 5469 2730 5523 eximius
2772 5468 3067 5549 litterarum
3096 5469 3293 5535 cultus,
3340 5482 3403 5535 ac

1822 5569 2047 5625 sollicita
2102 5566 2332 5634 felixque
2380 5561 2600 5633 gerendi
2635 5560 2843 5630 imperii
2882 5575 3008 5616 cura
3052 5560 3160 5629 jam
3193 5556 3401 5633 pridem

1820 5662 1934 5715 orbi
1961 5660 2210 5713 universo
2261 5653 2604 5724 spectabilem
2635 5642 2887 5715 fecerint,
2908 5667 2969 5706 ac
2989 5651 3190 5722 grande
3230 5649 3292 5703 iis
3312 5648 3402 5717 qui

1822 5760 2033 5818 sceptra
2086 5748 2436 5803 moderantur
2460 5747 2762 5817 exemplum
2807 5744 3108 5815 posuerint;
3142 5748 3292 5825 grato
3322 5750 3403 5813 ta-

1825 5862 1944 5919 men
1970 5844 2210 5899 llistoriae
2238 5840 2495 5923 obsequio
2524 5840 2660 5898 ultra
2693 5853 2862 5895 mvum
2887 5852 2981 5919 per
3005 5850 3096 5903 ora
3125 5833 3402 5901 hominum
