3954 6364
588 349 694 407 319
1484 331 2036 391 SUPPLEMENTUM
2075 332 2165 387 AD

2205 329 2434 387 OPERA
2472 330 2529 385 S.
2571 330 2965 389 AUGUSTINI.
3717 344 3784 397 52η

590 468 789 524 feretur
820 504 833 530 ,
883 460 1179 528 iisdemque
1229 455 1420 525 quibus
1451 453 1707 527 virtutum
1754 465 1816 504 ac
1865 451 2160 504 litterarum
2189 448 2244 511 Α
2268 448 2352 503 nia
2384 447 2605 503 meritus
2634 457 2793 511 esset,
2832 449 2876 502 si
2917 448 3077 503 modo
3104 447 3397 520 Evangelia
3426 460 3639 518 pareret,
3668 456 3785 509 missu

590 561 800 626 notitia,
833 557 1015 627 spatiis
1062 549 1455 623 pervagabitur.
1497 546 1760 601 Caeterum
1811 560 1930 600 cum
1978 543 2166 613 singuli

592 653 734 709 felici
767 645 1154 705 Ecclesiasticzn
1200 639 1445 695 Historiae
1495 637 1595 692 sub
1651 635 1879 690 Maximo
1930 633 2188 703 principe.

591 742 726 799 sorti
752 736 1170 809 adgratulentur,
1206 732 1321 801 ipse
1370 730 1473 784 hoc
1498 727 1654 782 unice
1683 726 1841 781 doleo
1866 765 1881 791 ,
1911 723 2053 795 quod
2086 737 2170 778 me

592 835 736 890 nulla
785 844 950 886 sacrae
980 824 1300 883 eruditionis
1346 820 1678 890 supellectile
1716 827 1986 884 ornatum,
2029 817 2172 886 ejus-

591 925 711 980 dem
745 920 995 977 Historize
1022 918 1252 987 primum
1283 913 1338 969 in
1368 912 1560 968 Pisana
1595 910 1881 966 Academia
1908 910 2171 977 interpre-

593 1026 699 1071 tem
747 1011 1084 1082 designavit;
1115 1022 1306 1062 vereor
1335 1005 1476 1061 enim
1523 1017 1592 1058 ne
1640 1016 1762 1056 cum
1810 999 2058 1055 sublimis
2102 999 2173 1054 sit

591 1105 827 1161 historiae
852 1102 1127 1171 majestas,
1160 1096 1468 1167 interpretis
1493 1094 1624 1149 vitio
1651 1092 1826 1147 minor
1845 1105 1966 1146 esse
1992 1090 2174 1145 videa-

592 1206 698 1251 tur.
728 1194 876 1251 Unus
923 1201 1124 1255 tamen,
1158 1189 1242 1243 vir
1270 1186 1622 1255 nndequaque
1651 1181 2015 1238 eruditissime
2035 1219 2050 1244 ,
2084 1179 2171 1234 in-

590 1298 801 1360 gentem
832 1284 996 1339 animi
1026 1280 1329 1337 molestiam
1361 1275 1589 1342 minuis,
1618 1274 1744 1328 dum
1791 1288 1822 1327 e
1864 1271 2173 1342 locupletis-

591 1383 726 1437 sima
774 1377 1120 1441 bibliotheca,
1152 1386 1268 1443 quae
1315 1369 1459 1425 domi
1504 1376 1608 1422 tuae
1639 1365 1854 1430 atrium,
1904 1362 2168 1429 cubicula,

590 1470 816 1540 angulos
837 1479 1077 1538 quosque
1099 1468 1341 1531 occupat,
1366 1459 1531 1514 libros
1557 1454 1784 1511 subinde
1809 1454 1876 1509 ad
1900 1468 1986 1509 me
2006 1462 2173 1508 trans-

593 1562 783 1626 mittis,
815 1568 872 1614 ut
916 1565 1077 1612 tantae
1104 1553 1421 1609 eruditionis
1468 1548 1729 1619 suppetiis
1760 1549 2023 1613 firmatus,
2052 1546 2170 1600 ani-

594 1668 739 1709 mum
769 1665 875 1704 non
902 1645 1283 1717 despondeam.
1311 1642 1386 1697 Te
1414 1641 1626 1696 interim
1654 1653 1863 1710 precor,
1892 1646 1951 1693 ut
1973 1652 2059 1693 me
2088 1652 2173 1692 se-

593 1743 877 1801 renissima
905 1740 1124 1795 domino
1143 1737 1234 1808 qui
1261 1747 1312 1792 te
1336 1750 1489 1805 aeque
1518 1748 1581 1789 ac
1605 1734 1811 1788 litteras
1835 1739 2001 1798 amat,
2025 1746 2173 1787 com-

593 1837 901 1894 mendatum
935 1833 1118 1902 facias,
1149 1840 1207 1885 ut
1238 1829 1369 1883 tanti
1392 1827 1647 1898 principis
1668 1826 1961 1896 patrocinio
1989 1824 2173 1891 fultus,

590 1932 735 1990 felici
766 1931 1043 2000 faustoque
1068 1926 1308 1996 auspicio
1338 1923 1714 1979 demandatum
1765 1934 1957 1976 munus
1982 1934 2170 1991 aggre-

592 2028 730 2085 diar.
760 2027 891 2082 Vale
918 2040 982 2081 ac
1006 2038 1117 2090 me,
1144 2030 1203 2076 ut
1229 2020 1392 2085 soles,
1422 2032 1560 2072 ama.

592 2152 1235 2214 ANIMADVERSIONES
1290 2150 1357 2205 ΙΝ
1423 2146 1709 2203 EAMDEM
1762 2145 2167 2202 EPISTOLAM.

663 2292 895 2365 Epistula
932 2289 1055 2346 ΠΒ.
1089 2286 1467 2357 lnscriptiones
1518 2283 1676 2353 hujus
1706 2282 1947 2352 epistolae
1995 2290 2049 2337 et
2089 2296 2174 2336 se-

592 2385 805 2456 quentis
827 2382 1042 2451 copiose
1070 2378 1325 2447 explicuit
1352 2374 1683 2431 eminentiss.
1717 2371 2021 2436 cardinalis,
2052 2386 2173 2426 con-

592 2485 673 2532 tra
705 2474 859 2531 Joan.
884 2471 1224 2528 Garnerium.
1256 2467 1361 2523 Sed
1391 2480 1510 2520 cum
1544 2465 1607 2519 ad
1638 2464 1781 2534 ipsas
1808 2463 2061 2531 epistolas
2087 2463 2171 2517 ni-

592 2568 665 2625 hil
687 2566 903 2632 dixerit,
932 2562 1184 2619 nonnulla
1214 2561 1278 2615 ad
1304 2575 1396 2615 eas
1422 2558 1759 2614 monebitnns
1783 2556 1849 2611 ad
1872 2556 2170 2611 doctrinam

592 2677 752 2734 quam
783 2659 1209 2729 complectuntur
1238 2654 1579 2725 pertinentia.
1620 2651 1872 2719 Quamvis
1898 2649 2037 2705 enim
2057 2691 2071 2718 ,
2106 2665 2172 2704 ne

591 2754 706 2824 quis
736 2750 1092 2807 calumnietur
1118 2746 1401 2802 candorem
1433 2753 1696 2807 nostrum,
1726 2742 1889 2797 multa
1921 2742 2028 2796 sint
2054 2757 2172 2811 quae

591 2842 953 2914 improbamus
994 2842 1044 2895 in
1076 2839 1314 2894 doctrina
1346 2835 1547 2907 Pelagii
1575 2837 1797 2904 ejusque
1840 2834 2169 2905 sequacium,

592 2933 885 2991 adversarii
923 2942 1101 2989 tamen
1136 2930 1251 3000 ejus
1278 2944 1384 2983 non
1422 2928 1492 2982 ita
1538 2942 1658 2982 sese
1680 2933 1959 2995 gesserunt
1980 2940 2042 2979 ac
2087 2940 2175 2979 ra-

591 3027 829 3084 tiocinati
876 3034 1038 3091 sunt,
1080 3032 1139 3078 ut
1180 3022 1382 3092 possint
1410 3021 1570 3076 etiam
1603 3035 1633 3073 a
1675 3018 1829 3073 nobis
1857 3033 1954 3086 per
1993 3017 2171 3070 omnia

592 3120 821 3191 probari.
868 3118 1159 3173 Damnatus
1180 3114 1394 3185 quidem
1426 3112 1518 3166 ille
1548 3122 1630 3165 est
1659 3120 1713 3165 et
1740 3109 1998 3164 conviciis
2045 3123 2171 3163 exa-

593 3214 782 3282 gitatus
804 3210 871 3279 ab
892 3209 1161 3273 omnibus,
1184 3207 1345 3261 etiam
1368 3204 1558 3273 quibus
1578 3203 1693 3271 ejus
1713 3202 1958 3270 dogmata
1991 3200 2169 3269 ignota

593 3311 765 3369 erant,
795 3318 860 3357 ex
890 3315 996 3372 quo
1038 3307 1122 3355 est
1148 3298 1215 3353 ab
1242 3295 1504 3354 Africanis
1540 3295 1809 3365 episcopis
1856 3294 2169 3360 infamatus;

592 3396 685 3450 sed
719 3394 862 3448 nulla
890 3392 1168 3447 hominum
1201 3389 1473 3444 damnatio
1501 3387 1713 3443 efficere
1742 3396 1914 3456 potest
1946 3394 2004 3441 ut
2032 3387 2173 3457 quod

595 3501 773 3541 verum
808 3484 905 3539 fuit
933 3483 1127 3537 falsum
1153 3481 1264 3547 fiat,
1292 3489 1345 3534 et
1370 3480 1485 3534 vice
1510 3493 1663 3534 versa
1707 3478 1866 3533 nulla:
1898 3478 2172 3533 hominum

594 3576 775 3632 Iaudes
804 3590 869 3630 ex
900 3589 1084 3629 errore
1109 3573 1387 3628 veritatem
1415 3570 1638 3625 faciunt.
1668 3569 1939 3624 Praeterea
1989 3579 2173 3624 notum

594 3675 674 3723 est
693 3665 745 3719 in
760 3665 967 3733 magnis
982 3663 1206 3719 caatibus
1227 3677 1315 3717 res
1336 3660 1541 3730 magnis
1562 3659 1838 3715 affectibus
1865 3660 2171 3729 dijudicari;

594 3774 695 3815 nec
728 3760 780 3813 in
823 3773 882 3813 re
907 3768 991 3813 sat
1016 3756 1220 3812 difficili
1247 3754 1399 3811 facile
1424 3753 1518 3808 fuit
1539 3769 1720 3809 verum
1751 3770 1778 3807 a
1822 3754 1954 3808 falso
1993 3768 2170 3809 secer-

595 3868 721 3908 nere
748 3852 997 3907 omnibus
1027 3850 1134 3905 illis
1164 3849 1428 3904 Africanis
1455 3848 1721 3917 episcopis
1740 3888 1754 3913 ,
1778 3862 2007 3915 quorum
2041 3862 2171 3901 non-

593 3946 720 4000 nulli
761 3961 829 4001 ne
873 3944 1110 4001 scribere
1139 3942 1348 4012 quidem
1380 3940 1613 4010 potuisse
1641 3940 1891 3993 dicuntur
1935 3940 1960 3991 1
1992 3939 2169 3994 collat.

594 4039 846 4109 Carthag.
875 4053 926 4094 c.
963 4038 1093 4104 155,
1118 4045 1173 4092 et
1207 4033 1520 4097 doctissimi,
1555 4039 1749 4100 prteter
1778 4031 1986 4086 dicendi
2012 4030 2175 4085 facul-

596 4140 779 4198 tatem,
805 4144 902 4199 pro
942 4128 1157 4183 modulo
1186 4127 1327 4180 illius
1363 4125 1483 4189 aevi,
1515 4123 1640 4191 quid
1671 4122 1925 4177 eximium
1970 4120 2174 4177 habue-

597 4223 703 4277 rint
725 4235 830 4275 non
860 4219 1037 4273 video.
1066 4217 1183 4272 Non
1212 4216 1443 4270 dicerem
1474 4212 1611 4277 haec,
1644 4212 1744 4266 nisi
1771 4210 2008 4265 viderem
2038 4212 2173 4264 mul-

596 4315 822 4369 titudine
843 4322 897 4369 et
922 4313 1261 4376 auctoritate,
1290 4307 1458 4362 multo
1488 4305 1654 4375 magis
1681 4317 1839 4374 quam
1881 4304 2173 4359 rationibus

596 4407 835 4477 pugnari.

668 4496 796 4551 lbid.
834 4495 943 4566 §2.
994 4492 1061 4547 Id
1109 4503 1266 4562 agunt
1318 4493 1401 4545 isti
1444 4488 1761 4562 (Caelestius
1802 4497 1856 4543 et
1896 4488 2173 4558 Pelagius)

595 4587 969 4643 damnabilibus
997 4583 1427 4653 disputationibus
1456 4583 1583 4648 suis,
1616 4589 1670 4633 ut
1702 4596 1804 4633 non
1833 4579 2172 4649 defendendo,

593 4682 682 4737 sed
714 4680 880 4751 potius
908 4680 960 4732 in
990 4678 1275 4748 superbiam
1304 4674 1607 4746 sacrilegam
1638 4671 1926 4725 extollendo
1956 4671 2172 4725 liberant

594 4775 884 4838 arbitrium,
914 4772 1115 4824 nullum
1155 4769 1443 4838 relinquant
1474 4769 1641 4822 locum
1684 4766 1862 4836 gratia:
1904 4764 2017 4828 Dei,
2072 4781 2173 4833 qua

596 4867 873 4924 Christiani
900 4880 1095 4919 sumus.
1123 4863 1144 4935 ]
1191 4863 1305 4917 Non
1345 4862 1495 4931 capio
1525 4862 1614 4932 qui
1644 4861 1696 4915 in
1748 4859 2050 4928 superbiam
2080 4874 2175 4913 ex-

595 4958 1079 5015 tollerentliberum
1094 4956 1394 5019 arbitrium,
1407 4954 1683 5024 etquidem
1709 4953 1963 5007 adversus
1980 4953 2171 5019 Deum,

595 5052 683 5118 qui
712 5049 1013 5103 fatebantur
1039 5062 1159 5103 eum
1191 5054 1488 5101 creatorem
1532 5058 1650 5099 esse
1683 5045 1926 5096 humanae
1973 5051 2175 5097 naturae

596 5143 941 5213 omniumque
969 5140 1086 5210 ejus
1119 5140 1446 5204 facultatum,
1480 5136 1611 5191 adeo
1642 5145 1699 5189 ut
1726 5137 1774 5189 ei
1804 5135 2036 5189 debeant
2081 5134 2177 5187 ho-

596 5238 768 5293 mines
794 5237 1047 5308 quidquid
1076 5237 1271 5292 habent
1298 5234 1421 5291 honi
1448 5276 1464 5301 ,
1508 5242 1563 5290 et
1587 5233 1654 5288 ab
1681 5248 1746 5289 eo
1792 5234 1942 5304 quasi
1971 5233 2036 5288 ab
2062 5247 2178 5287 om-

596 5330 745 5384 nium
770 5343 949 5384 rerum
975 5330 1192 5384 domino
1232 5329 1529 5399 pendeant;
1561 5327 1830 5381 hominem
1876 5342 2026 5394 vero,
2053 5342 2173 5380 cum

596 5430 787 5476 natura
815 5434 912 5476 sua
956 5420 1175 5475 minime
1205 5428 1450 5490 peccator
1487 5428 1649 5482 esset,
1677 5433 1772 5472 sua
1818 5418 1975 5471 unius
2022 5418 2177 5487 culpa

596 5511 652 5566 in
679 5520 953 5580 peccatum
978 5525 1097 5565 esse
1123 5510 1394 5579 delapsum
1423 5520 1478 5565 et
1516 5509 1723 5574 delabi,
1766 5523 1870 5564 non
1899 5523 2028 5565 vero
2060 5509 2176 5577 Dei,

596 5602 748 5672 quasi
777 5600 851 5655 illi
884 5609 1133 5670 negasset
1158 5616 1277 5669 quae
1304 5600 1609 5657 necessaria
1638 5610 1791 5655 erant
1818 5600 1883 5654 ad
1905 5598 2174 5654 vitandum

595 5698 905 5762 peccatum;
938 5703 1037 5744 nec
1063 5703 1130 5745 eo
1158 5691 1332 5745 secius
1362 5692 1526 5744 Deum
1554 5691 1787 5745 voluisse
1814 5690 1861 5744 ei
1904 5690 2177 5759 ignoscere

595 5792 817 5859 peccata
843 5792 899 5845 et
925 5794 1179 5843 aeternam
1206 5784 1368 5857 vitam
1396 5784 1597 5859 largiri,
1627 5800 1747 5840 cum
1775 5784 2040 5841 contraria
2062 5799 2176 5839 om-

2273 540 2344 609 ei,
2361 555 2426 595 ex
2452 554 2594 593 mera
2608 540 2798 609 gratia,
2827 541 3137 595 servatorel
3146 555 3238 595 esu
3250 540 3464 595 Christo
3478 581 3491 604 ,
3511 542 3592 611 qui
3618 546 3784 612 gratiam

2273 630 2418 685 illam
2463 630 2555 685 Dei
2584 629 2633 685 ei
2661 630 3022 697 annuntiaret,
3074 640 3127 687 et
3167 633 3233 685 ad
3274 631 3508 686 officium
3552 634 3788 690 misericor-

2272 723 2409 778 diter
2455 731 2760 787 revocaret;
2814 737 2947 777 neve
2988 722 3151 778 homo
3196 738 3383 793 parum
3431 724 3671 781 credibile
3705 742 3788 786 esse

2272 822 2553 880 censeret,
2581 813 2721 884 quod
2753 814 2842 868 ille
2894 814 3214 881 nuntiabat,
3263 813 3536 869 addidisse
3577 815 3790 873 Christum

2272 906 2552 970 miracula,
2576 904 2769 973 quibus
2800 905 2957 960 fidem
2988 905 3091 961 sibi
3120 906 3203 961 vel
3224 905 3363 976 apud
3392 905 3671 976 pertinaces
3694 908 3791 965 face-

2272 1006 2387 1063 ret;
2420 998 2688 1053 intcrnum
2724 999 2883 1053 etiam
2929 999 3187 1053 auxilium
3236 998 3575 1068 suppeditare
3601 1016 3690 1069 quo
3709 1007 3792 1057 aui-

2273 1105 2391 1146 mos
2415 1090 2691 1146 hominum
2734 1091 2986 1157 illustrat,
3010 1094 3258 1163 quamvis
3290 1107 3400 1148 non
3434 1096 3710 1151 necessario
3731 1099 3794 1152 ad-

2272 1182 2431 1237 ducat
2455 1184 2520 1237 ad
2548 1183 2913 1250 credendum;
2945 1184 3071 1254 quin
3102 1193 3155 1240 et
3184 1200 3277 1254 per
3322 1185 3635 1253 baptismum
3671 1187 3794 1243 homi-

2273 1290 2369 1330 nes
2396 1276 2723 1345 regenerari,
2749 1286 2799 1330 et
2832 1276 2971 1330 filios
3010 1276 3101 1331 Dei
3128 1277 3261 1332 fieri.
3295 1276 3449 1343 Quod
3482 1293 3508 1329 a
3544 1278 3725 1349 Pelagio
3742 1284 3795 1335 di.

2272 1376 2415 1423 ctum
2458 1368 2639 1422 multis
2687 1368 2921 1421 ostendit
2972 1368 3193 1438 Dionys.
3234 1368 3487 1423 Petavius
3530 1369 3579 1423 in
3623 1370 3794 1428 Historia

2276 1458 2589 1526 Dogmatum
2639 1458 3069 1528 Pelagianorum,
3108 1474 3228 1528 quae
3268 1466 3355 1513 est
3387 1468 3515 1512 tom.
3557 1457 3617 1513 Ill
3658 1462 3793 1531 Dogm.

2272 1552 2388 1623 ejus
2410 1553 2824 1622 theologicorum
2864 1552 2949 1605 ed.
2994 1553 3527 1623 Amstelodamensis.
3553 1553 3653 1608 Hoc
3680 1572 3793 1611 unum

2274 1646 2485 1700 dicebat
2510 1646 2752 1715 Pelagius
2773 1646 3004 1714 pendere
3033 1646 3098 1700 ab
3120 1645 3337 1701 homine
3362 1645 3507 1715 quod
3529 1655 3679 1713 posset
3695 1661 3796 1704 recte

2275 1741 2349 1793 uti
2372 1747 2465 1792 aut
2486 1737 2634 1793 abuti
2660 1747 2734 1792 tot
2755 1738 2951 1794 divinis
2972 1738 3279 1803 beneficiis;
3308 1754 3413 1807 qua
3446 1739 3497 1792 in
3520 1753 3595 1801 re,
3616 1742 3795 1808 quamvis

2204 1828 2254 1889 Β
2279 1848 2620 1902 surrmopere
2645 1833 2977 1902 vituperandi
3026 1834 3135 1887 sint
3169 1834 3261 1902 qui
3293 1831 3568 1888 beneficiis
3607 1833 3688 1887 Dei
3711 1835 3797 1888 abu-

2206 1928 2245 2006 _'
2279 1934 2480 1991 tuntur,
2510 1940 2613 1979 non
2661 1933 2783 1979 sunt
2808 1924 3093 1979 admodum
3124 1924 3398 1989 laudandi,
3452 1924 3496 1977 si
3536 1923 3675 1991 rigidi
3710 1940 3795 1978 cen-

2275 2030 2427 2072 sores
2455 2026 2657 2071 naturte
2688 2026 2885 2070 nostrae
2908 2030 3027 2070 esse
3054 2015 3304 2081 velimus,
3334 2015 3424 2084 qui
3456 2014 3517 2069 iis
3542 2022 3673 2069 recte
3689 2023 3796 2068 utun-

2276 2118 2394 2175 tur;
2429 2124 2549 2164 nam
2581 2109 2723 2179 quod
2767 2109 2975 2179 possint
3023 2109 3123 2165 hoc
3151 2116 3437 2179 praestare,
3469 2112 3626 2162 totum
3664 2125 3796 2163 mune-

2274 2203 2349 2257 ris
2372 2212 2455 2257 est
2496 2202 2682 2268 divini,
2721 2217 2818 2256 nec
2858 2203 3049 2257 mirum
3089 2210 3173 2255 est
3203 2216 3299 2256 eos
3330 2200 3514 2255 felices
3549 2214 3656 2255 esse
3687 2202 3797 2255 malle

2276 2293 2327 2348 in
2356 2302 2637 2357 aeternum,
2670 2308 2829 2362 quam
2861 2294 3107 2348 miseros.
3142 2293 3430 2347 Furiosum
3457 2292 3657 2363 quidem
3678 2303 3740 2347 est
3763 2303 3797 2347 et

2275 2384 2514 2453 impium,
2547 2386 2655 2441 Deo
2677 2385 2839 2439 vitam
2863 2394 2916 2440 et
2946 2395 3170 2440 mortem
3194 2384 3478 2451 offerente,
3505 2385 3682 2454 eligere
3700 2399 3798 2437 mor-

2277 2488 2381 2533 tem
2407 2495 2418 2531 :
2448 2489 2501 2532 at
2534 2479 2774 2548 profecto
2798 2496 2902 2533 non
2927 2490 3011 2534 est
3041 2480 3252 2534 eximite
3273 2479 3551 2547 cujusdam
3571 2478 3796 2547 prudentia

2276 2580 2329 2626 et
2348 2570 2556 2624 virtutis
2589 2570 2752 2625 malle
2777 2570 2958 2625 vitam.
2988 2571 3117 2637 Quis
3143 2571 3426 2640 superbiat
3448 2570 3515 2624 ob
3543 2568 3794 2638 sapientiam

2275 2674 2329 2720 et
2378 2678 2625 2731 acumen,
2674 2663 2814 2732 quod
2862 2663 3109 2718 maluerit
3136 2663 3321 2717 vivere
3351 2676 3507 2731 quam
3556 2660 3701 2713 mori?
3732 2659 3794 2712 Est

2276 2756 2456 2827 igitur;
2489 2772 2553 2811 ex
2583 2756 2847 2810 sententia
2869 2754 3088 2824 Pelagii,
3116 2770 3212 2810 cur
3235 2756 3347 2810 Deo
3369 2754 3561 2824 gratias
3579 2760 3715 2822 agant
3732 2753 3795 2802 lio-

2276 2849 2473 2913 tnines,
2519 2848 2614 2902 sed
2650 2862 2752 2901 non
2780 2864 2873 2901 cur
2908 2847 3008 2901 sibi
3041 2847 3288 2917 placeant
3317 2859 3380 2899 ac
3409 2842 3662 2914 plaudant.
3704 2840 3795 2893 Afri-

2274 2956 2423 2996 canm
2468 2950 2559 2994 aut
2598 2941 2809 2995 Punica:
2849 2940 3129 2995 rhetorica:
3184 2937 3524 3010 exaggeratio
3566 2935 3680 3000 fuit,
3713 2948 3796 2987 cum

2274 3034 2499 3088 liberant
2516 3034 2805 3091 arbitrium
2850 3034 2903 3087 in
2935 3034 3236 3103 sacrilegam
3277 3021 3566 3102 superbiam
3601 3026 3796 3083 extollere

2278 3125 2451 3180 dictus
2480 3136 2579 3181 εει.
2615 3126 2783 3193 Quam
2817 3125 2969 3179 facile
3003 3125 3100 3179 fuit
3132 3124 3354 3194 Pelagio
3380 3137 3610 3195 premere
3636 3133 3796 3175 contra-

2200 3204 2247 3269 C
2278 3220 2384 3274 rias
2413 3229 2591 3287 partes
2635 3218 2909 3272 invidiosis
2936 3218 3308 3284 consectariis,
3348 3219 3510 3273 Deum
3545 3216 3707 3286 jubere
3728 3214 3797 3267 im-

2279 3310 2551 3380 possibilia
2573 3352 2588 3376 ,
2620 3310 2835 3364 :eternis
2864 3311 3038 3379 pinnis
3066 3311 3281 3366 afficere
3315 3310 3553 3364 homines
3584 3305 3703 3377 quod
3725 3304 3796 3357 im-

2277 3401 2554 3471 possibilia
2590 3417 2695 3455 non
2727 3400 3097 3470 praestitissent
3120 3446 3132 3468 ,
3183 3402 3413 3471 aliisque
3437 3400 3489 3455 id
3516 3412 3689 3467 genus,
3716 3394 3798 3463 qui-

2276 3492 2376 3547 bus
2418 3501 2706 3547 excusatur
2735 3493 2888 3559 plane
2942 3492 3121 3559 homo,
3157 3508 3217 3547 ac
3262 3502 3375 3548 tota
3415 3491 3562 3560 culpa
3605 3490 3651 3543 in
3678 3487 3797 3541 Deum

2275 3583 2593 3651 conjicitur?
2620 3583 2943 3637 Hnmilitatis
2970 3582 3291 3638 Christiana:
3325 3598 3443 3639 esse
3488 3580 3743 3652 putabant,
3766 3576 3795 3627 si

2278 3674 2418 3729 Deus
2465 3675 2698 3728 omnium
2752 3675 3013 3729 bonorum
3060 3683 3245 3729 auctor
3307 3676 3485 3739 fieret;
3536 3681 3584 3726 et
3634 3667 3795 3740 quidem

2277 3768 2506 3833 merito;
2540 3778 2591 3821 at
2613 3783 2717 3822 non
2749 3768 2817 3823 ita
2846 3769 2895 3822 id
2948 3769 3168 3839 intelligi
3198 3769 3459 3839 oportuit,
3490 3775 3543 3821 ut
3571 3766 3701 3819 fieret
3731 3775 3795 3816 ea-

2279 3860 2402 3915 dem
2421 3876 2583 3930 opera
2600 3861 2809 3930 iniquus
2831 3861 3015 3929 judex,
3041 3862 3181 3931 quod
3200 3863 3311 3917 Deo
3334 3872 3414 3918 est
3437 3854 3795 3917 contumeliosis-

2276 3952 2495 4007 simum.
2527 3953 2603 4006 Ac
2630 3966 2756 4007 sane
2786 3952 2931 4008 hisce
2979 3963 3219 4023 permota
3249 3954 3444 4009 saecula
3486 3949 3725 4022 sequentia
3759 3946 3793 3998 in

2276 4042 2476 4111 Pelagii
2495 4043 3017 4112 opinionemdilapsa
3038 4053 3185 4113 sunt,
3210 4061 3369 4114 quam
3393 4046 3543 4099 etiam
3563 4036 3793 4108 Augustino

2278 4132 2601 4199 tribuerunt,
2631 4134 2715 4188 cui
2764 4135 2874 4203 ipsa
2920 4134 3121 4204 Pelagii
3172 4136 3426 4206 opuscula
3470 4132 3791 4200 ascripserunt;

2275 4222 2399 4291 quia
2420 4238 2523 4276 non
2550 4232 2792 4292 poterant
2813 4226 2911 4280 sibi
2935 4228 3258 4296 persuadere
3276 4236 3477 4282 tantum
3500 4226 3651 4279 virum
3667 4232 3789 4289 αυεηδ

2279 4322 2388 4368 tum
2433 4330 2553 4370 eum
2586 4315 2746 4371 fuisse
2775 4332 2840 4371 ex
2884 4317 3021 4372 fama
3065 4319 3342 4389 putabant,
3374 4315 3617 4387 ejusmodi
3645 4322 3789 4367 conse-

2276 4405 2441 4459 ctaria
2482 4404 2723 4473 potuisse
2773 4422 3124 4475 concoquere.
3158 4408 3407 4464 Profecto
3433 4409 3477 4463 si
3506 4401 3706 4461 Africani
3732 4396 3789 4452 illi

2277 4493 2462 4549 Patres
2509 4494 2559 4549 id
2602 4495 2826 4551 fuissent
2858 4497 2999 4566 quod
3044 4498 3214 4555 videri
3266 4500 3546 4565 volebant,
3591 4490 3789 4565 gravibus

2201 4582 2253 4643 D
2279 4585 2382 4640 illis
2405 4587 2798 4657 Augustiniana:
2819 4590 3099 4644 sententiae
3123 4592 3472 4647 incommodis
3493 4588 3639 4660 probe
3658 4578 3789 4653 pensiv

2279 4679 2421 4745 tatis,
2448 4680 2545 4733 sibi
2576 4694 2677 4734 non
2712 4681 2916 4750 liquere
2934 4683 3109 4752 patius
3122 4683 3405 4752 dixissent,
3428 4696 3575 4754 quam
3598 4684 3665 4733 tot
3679 4674 3789 4728 dam-

2278 4771 2581 4825 nationibus
2602 4813 2616 4835 ,
2648 4786 2875 4841 quarum
2927 4773 3045 4828 aliae
3082 4791 3244 4845 super
3268 4776 3387 4831 aliis
3432 4775 3785 4844 quaquaversum

2278 4863 2645 4928 mittebantur,
2677 4865 2974 4919 doctrinam
3006 4882 3111 4921 non
3145 4868 3463 4923 intellectam
3484 4859 3783 4918 damnassent.

2348 4955 2578 5025 Pergunt
2609 4955 2755 5010 hisce
2785 4956 2961 5011 verbis
2998 4977 3009 5010 :
3044 4958 3161 5023 Qua
3200 4970 3246 5013 et
3275 4960 3440 5028 ipsum
3466 4960 3633 5008 nostra:
3655 4944 3786 5000 solum

2278 5046 2397 5098 tatis
2426 5044 2690 5098 arbitrium
2712 5062 2822 5099 vere
2844 5048 2901 5114 fit
2932 5049 3167 5119 liberum,
3198 5051 3319 5104 dum
3350 5067 3382 5103 a
3411 5043 3667 5103 carnalium
3696 5048 3785 5088 ωτι·

2278 5139 2709 5204 cupiscentiarum
2723 5140 3069 5196 dominatione
3090 5142 3353 5209 liberatur,
3381 5142 3567 5195 dicente
3586 5127 3788 5186 Domino:

2281 5228 2335 5283 Si
2366 5243 2461 5282 vos
2490 5227 2656 5283 Filius
2679 5230 3010 5297 liberaverit,
3037 5243 3163 5288 tunc
3192 5248 3317 5288 vere
3342 5230 3487 5287 liberi
3510 5224 3666 5284 eritis;
3688 5210 3786 5286 quod

2278 5320 2526 5373 auxilium
2557 5321 2682 5389 ﬁdes
2710 5323 2951 5392 impetrat
2980 5340 3093 5395 quae
3136 5335 3209 5379 est
3238 5326 3291 5379 in
3340 5324 3531 5379 Christo
3556 5316 3662 5370 Iesu
3701 5305 3784 5358 υθ-

2279 5415 2415 5466 mino
2462 5425 2655 5471 nostro.
2689 5414 2801 5469 Non
2851 5416 3162 5471 dubitabant
3191 5415 3453 5486 Pelagiani
3497 5408 3608 5479 QUl-l
3652 5396 3781 5453 divina

2279 5505 2445 5574 gratia
2490 5503 2736 5560 homines
2775 5521 2802 5559 a
2849 5508 3084 5578 peccatis
3115 5508 3482 5570 liberarentur,
3526 5501 3565 5554 si
3595 5489 3722 5583 modo
3740 5494 3783 5583 cf

2279 5607 2424 5654 recte
2448 5607 2741 5654 uterentur.
2761 5599 2863 5655 Sed
2890 5602 3148 5670 putabant
3164 5601 3406 5655 homines
3421 5611 3479 5652 ea
3500 5601 3635 5664 posse
3654 5581 3777 5635 abuti,

2280 5704 2342 5743 ac
2386 5700 2641 5759 prreterea
2672 5692 2940 5746 neminem
2970 5706 3090 5747 esse
3128 5707 3299 5761 usque
3322 5691 3452 5746 adeo
3490 5676 3779 5743 mammam“

2280 5795 2519 5860 peccato,
2544 5796 2599 5839 ut
2624 5787 2788 5859 gratia
2823 5786 2908 5842 illa
2936 5786 3157 5843 excitari
3183 5792 3425 5863 nequeat,
3451 5778 3509 5835 ad
3535 5766 3776 5832 servitutem
