3954 6364
154 379 258 442 521

865 378 1219 439 VARIORUM
1258 374 1857 437 EXERCITATIONES
1896 378 1963 436 IN
2001 380 2058 437 s.
2094 354 2468 441 ‘AUGUSTINI
2505 380 2754 441 orsus.

3320 376 3426 439 522

156 492 306 549 illam
354 491 673 561 fugiendam.
718 488 823 546 Sed
864 492 987 560 quid
1020 492 1119 548 sibi
1167 493 1349 548 volunt
1394 493 1517 547 boni
1550 492 1735 547 Patres
1762 493 1809 551 Α
1840 492 1982 547 nime
2011 491 2298 564 ingenuum
2321 495 2832 565 accommodumque
2851 492 2917 549 ad
2936 493 3262 564 probandum
3280 496 3421 565 quod

154 583 393 640 Africani
419 586 629 654 quando
645 583 867 651 addunt,
890 586 1024 652 quod
1044 586 1292 639 auxilium
1314 585 1439 654 fides
1465 585 1741 654 impetrat?

153 678 213 734 ld
243 678 386 734 enim
418 679 672 733 auxilium
703 679 843 748 quod
874 677 1005 734 ﬁdes
1032 677 1299 748 impetrat,
1335 692 1440 732 non
1465 687 1546 732 est
1571 666 1739 746 gratia

154 788 253 841 qua
280 773 436 840 ﬁmus
466 772 777 840 Christiani,
810 788 926 843 qua:
955 772 1223 827 antecedit
1270 771 1457 842 fidem,
1492 787 1596 827 non
1620 786 1738 827 eam

154 865 427 933 sequitur;
478 879 597 919 nam
626 864 838 934 quando
880 864 1204 920 credidimus
1241 874 1295 919 et
1338 865 1438 920 ﬁda
1466 864 1663 932 aliquid
1708 880 1738 918 a

154 958 266 1010 Deo
291 957 664 1026 impetramus,
693 957 802 1026 jam
825 970 1009 1012 sumus
1030 956 1338 1011 Christiani.
1364 956 1627 1011 Redolent
1649 955 1739 1009 illa

150 1048 315 1104 verba
348 1049 923 1119 semipelagianismum
944 1089 959 1115 ,
989 1057 1081 1103 aut
1118 1048 1293 1103 simile
1318 1046 1607 1118 quidpiam.
1635 1047 1738 1101 Ita—

150 1155 256 1210 que
284 1149 379 1195 aut
408 1142 533 1196 boni
563 1141 637 1197 illi
666 1141 764 1196 viri
810 1139 1042 1195 nondum
1081 1140 1212 1194 satis
1250 1138 1614 1208 intelligebant
1640 1136 1733 1192 do-

148 1232 384 1287 ctrinam
416 1232 717 1303 Augustini,
745 1243 834 1287 aut
858 1242 941 1289 est
968 1232 1070 1289 hoc
1108 1232 1562 1298 additamentum;
1590 1245 1732 1297 cum,

150 1336 207 1379 ut
243 1326 509 1383 adnotant
554 1327 882 1383 Benedictini
907 1366 922 1395 ,
955 1327 1010 1382 in
1041 1326 1249 1382 duobus
1278 1340 1409 1381 mss.
1453 1325 1610 1381 codd.
1644 1326 1736 1381 de-

145 1417 277 1472 sint.

219 1508 322 1562 Isti
343 1520 509 1565 autem
532 1520 781 1578 asserunt,
796 1511 927 1565 sicut
955 1528 987 1565 a
1012 1510 1254 1580 fratribus
1274 1510 1360 1580 qui
1382 1525 1554 1563 eorum
1579 1507 1734 1563 libros

146 1598 381 1670 legerunt
425 1604 745 1673 cognovimus
768 1644 783 1669 ,
815 1604 869 1656 in
895 1619 953 1656 eo
982 1602 1077 1655 Dei
1104 1603 1321 1675 gratiam
1348 1602 1694 1671 deputandam
1714 1644 1731 1670 ,

147 1697 287 1761 quod
337 1695 488 1750 talem
527 1695 745 1749 hominis
788 1697 1079 1761 constituit,
1124 1696 1403 1765 creavitque
1456 1706 1731 1763 naturam,

154 1801 264 1853 qua:
286 1801 378 1855 per
397 1788 657 1857 propriam
678 1786 984 1842 voluntatem
1011 1788 1171 1858 legem
1197 1787 1290 1841 Dei
1316 1788 1475 1857 possit
1498 1788 1729 1856 implere,

1843 585 2048 654 volunt,
2081 588 2220 657 apud
2248 586 2493 643 homines
2514 587 2751 643 veritatis
2780 585 2946 641 solius
2977 594 3239 641 amantes.

1912 679 2069 747 lbid.,
2105 679 2133 752 §
2165 683 2215 752 5.
2250 679 2407 735 Illam
2436 697 2551 736 vero
2594 678 2817 751 gratiam
2836 696 2966 751 qua,
2992 691 3047 734 ut
3083 681 3275 733 dictum
3302 690 3416 747 est,

1848 750 2125 825 Christiani
2144 750 2321 827 iunius
2340 812 2356 839 ,
2392 774 2539 843 cujus
2567 750 2839 841 Apostolus
2881 773 3181 843 prtedicator
3200 782 3293 840 est,
3332 773 3417 825 di-

1846 879 1963 918 cens
1985 880 2005 919 :
2031 864 2381 920 Condelector
2400 865 2542 921 enim
2571 864 2672 935 legi
2702 866 2791 921 Dei
2819 906 2835 932 ,
2879 865 3169 921 secundum
3201 865 3418 920 interio-

1840 968 1955 1011 rem
1986 955 2286 1024 hominem;
2312 957 2469 1013 video
2490 965 2663 1013 autem
2693 958 2849 1012 aliam
2879 957 3046 1028 legem
3077 959 3131 1012 in
3161 957 3417 1012 membris

1840 1049 1975 1104 meis
2006 1059 2386 1120 repugnantem
2432 1049 2534 1120 legi
2566 1052 2757 1105 mentis
2788 1064 2943 1119 mete,
2975 1058 3028 1105 et
3055 1051 3414 1119 captivantem

1839 1155 1927 1196 me
1952 1143 2049 1195 sub
2078 1140 2193 1211 lege
2220 1141 2451 1212 peccati,
2477 1157 2596 1211 quae
2616 1151 2697 1197 est
2718 1141 2771 1195 in
2800 1141 3053 1196 membris
3078 1143 3231 1197 meis.
3255 1142 3416 1197 Miser

1837 1249 1937 1305 ego
1958 1232 2140 1302 homo,
2163 1235 2281 1305 quis
2304 1250 2391 1290 me
2414 1234 2658 1290 liberabit
2681 1234 2748 1289 de
2767 1248 2991 1304 corpore
3017 1236 3202 1289 mortis
3224 1234 3411 1304 hujus?

1838 1324 2020 1384 Gratia
2047 1328 2164 1395 Dei,
2200 1344 2295 1398 per
2320 1328 2503 1385 Jesum
2526 1328 2795 1384 Christum
2822 1328 3101 1383 Dominum
3134 1336 3409 1392 nostrum;

1840 1420 2021 1475 nolunt
2048 1420 2251 1475 omnino
2276 1437 2569 1494 agnoscere,
2592 1422 2680 1475 sed
2705 1437 2795 1475 nec
2822 1431 2995 1489 aperte
3018 1421 3221 1491 quidem
3248 1437 3414 1491 appu-

1838 1529 1993 1583 gnare
2019 1512 2227 1568 audent.
2264 1512 2457 1568 Verum
2496 1513 2549 1567 in
2576 1512 2721 1567 Pauli
2752 1511 2948 1578 verbis,
2980 1511 3105 1582 quid
3152 1510 3415 1567 aliudest

1839 1607 2005 1677 gratia
2032 1604 2144 1670 Dei,
2179 1620 2339 1676 quam
2369 1604 2466 1660 Dei
2492 1606 2861 1671 misericordia,
2892 1614 2983 1658 aut
3014 1604 3111 1658 Dei
3140 1604 3417 1671 bene/icio?

1842 1695 2010 1752 Nemo
2063 1698 2390 1753 contrarium
2438 1714 2671 1768 unquam
2706 1712 2769 1751 ex
2805 1697 2855 1751 vi
2906 1697 3086 1751 nativa
3116 1697 3263 1752 vocis
3294 1710 3416 1750 usu-

1837 1805 1942 1860 que
1973 1791 2236 1859 probabit.
2285 1790 2399 1845 Non
2435 1790 2659 1861 negabat
2685 1800 2858 1844 autem
2898 1789 3140 1858 Pelagius
3170 1788 3414 1843 homines

153 1880 251 1931 sive
281 1880 584 1934 naturaliter
604 1880 658 1933 in
681 1881 830 1933 corde
849 1879 1207 1947 conscriptam,
1232 1880 1332 1932 sive
1356 1881 1409 1932 in
1433 1879 1612 1932 litteris
1639 1879 1730 1931 da-
1762 1868 1812 1931 Β
1841 1881 1932 1937 Dei
1964 1882 2225 1939 beneﬁcio
2244 1891 2461 1951 peccato
2477 1881 2649 1950 eripi;
2674 1880 2769 1936 sed
2798 1880 3022 1949 negabat
3049 1879 3161 1933 ﬁeri
3192 1880 3241 1933 id
3269 1878 3415 1932 aftla-

161 1980 278 2026 tam.
309 1970 558 2025 Eamdem
586 1987 778 2041 quoque
804 1972 961 2043 legem
988 1971 1055 2025 ad
1082 1972 1304 2041 gratiam
1332 1970 1427 2024 Dei
1457 1971 1727 2038 pertinere,

164 2063 287 2131 quod
311 2062 455 2116 illam
480 2061 618 2116 Deus
638 2063 691 2115 in
710 2064 1023 2135 adjutorium
1047 2063 1331 2117 hominibus
1350 2063 1511 2116 dedit.
1539 2062 1595 2119 Si
1616 2078 1731 2117 creo

170 2154 331 2209 (limus
357 2154 563 2209 auctori
583 2153 976 2220 Praedestinati,
1007 2154 1056 2207 in
1081 2154 1249 2223 prima
1280 2155 1485 2223 synodo
1508 2153 1731 2209 Cartha-

174 2245 378 2314 giniensi
406 2283 420 2307 ,
454 2244 819 2315 quinquennio
866 2257 990 2299 ante
1021 2245 1201 2300 habita
1225 2286 1241 2312 ,
1274 2248 1562 2301 obtulerunt
1605 2245 1728 2303 Cm-

178 2337 315 2391 lestio
337 2336 488 2390 libros
515 2353 659 2403 suos,
686 2337 741 2391 in
762 2336 957 2407 quibus
985 2337 1268 2406 Pelagiana
1295 2340 1543 2407 dogmata
1571 2341 1731 2408 expli-

180 2427 333 2482 cabat.
361 2427 509 2493 Quod
534 2428 579 2481 si
599 2442 785 2483 verum
810 2437 972 2491 esset,
993 2445 1095 2482 non
1114 2429 1296 2483 mirari
1325 2445 1453 2485 sane
1481 2445 1588 2485 non
1608 2445 1731 2500 pos-

180 2533 336 2574 semus
352 2519 667 2591 Carthagine
686 2536 792 2575 non
822 2531 1122 2576 asservatos
1146 2522 1488 2578 fuisselibros
1506 2524 1648 2587 illos,
1674 2531 1733 2577 ut

184 2626 319 2681 quam
354 2613 467 2681 jure
515 2613 795 2667 damnatus
825 2613 913 2667 ille
954 2622 1095 2668 esset
1122 2614 1375 2683 liqueret;
1406 2627 1568 2685 utque
1596 2630 1729 2671 con-

184 2710 251 2755 tra
273 2717 406 2768 eum,
448 2702 539 2757 ubi
570 2717 697 2757 usus
746 2704 1038 2772 postularet
1070 2716 1461 2773 promerentur.
1486 2706 1598 2762 Sed
1640 2722 1730 2775 pa-

178 2808 280 2848 rum
310 2794 406 2849 hoc
432 2794 687 2850 credibile
708 2806 808 2862 est,
834 2811 954 2851 cum
971 2797 1278 2852 Coelestium
1308 2797 1392 2851 hic
1408 2798 1731 2852 PatresCar-

176 2884 515 2955 tbaglaienses
543 2886 813 2953 damnent,
849 2889 995 2943 libris
1042 2888 1155 2959 ejus
1189 2890 1406 2945 minime
1451 2889 1725 2959 inspectis.

178 2975 354 3029 Verum
382 2986 433 3031 et
460 2977 562 3033 hoc
582 2980 775 3034 mirum
797 2988 897 3045 est,
930 2995 1119 3049 graves
1145 2980 1423 3050 episcopos
1453 2990 1557 3036 tam
1582 2996 1733 3037 acer-

174 3067 259 3125 bas
296 3072 582 3127 sententias
619 3074 668 3127 in
711 3074 984 3128 absentem
1032 3073 1259 3141 dixisse,
1300 3076 1521 3130 minime
1577 3075 1729 3130 lectis

174 3160 278 3229 ejus
314 3159 456 3218 libris
482 3172 537 3219 et
561 3165 799 3219 recitatis
825 3164 1082 3220 duntaxat
1112 3177 1483 3222 accusatorum
1511 3168 1725 3224 litteris.

1839 1982 1892 2028 tu
1925 1973 2153 2043 quodam
2187 1974 2418 2041 interno,
2451 1972 2535 2027 cui
2566 1970 2818 2026 reluctari
2848 1985 2951 2024 non
2984 1970 3187 2033 liceret,
3217 1977 3271 2025 et
3297 1970 3415 2024 sine

1840 2079 1946 2135 quo
1975 2075 2165 2119 caetera
2190 2066 2367 2118 omnia
2391 2064 2483 2119 Dei
2504 2063 2758 2118 beneﬁcia
2789 2062 2990 2117 inutilia
3018 2069 3217 2118 essent.
3246 2062 3415 2131 Opor-

1849 2157 1991 2212 tebat
2036 2156 2316 2212 Africanos
2344 2156 2598 2226 praesules
2640 2155 2918 2225 perspicue
2954 2168 3103 2209 suam
3134 2162 3188 2210 et
3217 2153 3415 2223 Pelagii

1850 2250 2166 2304 sententiam
2194 2253 2498 2317 exprimere
2522 2288 2536 2313 ,
2585 2256 2640 2301 ut
2678 2246 2803 2316 quid
2845 2245 3177 2301 sentiendum
3223 2243 3417 2313 quidve

1841 2339 2222 2404 damnandum,
2254 2353 2324 2393 ex
2353 2352 2536 2393 eorum
2566 2337 2826 2392 sententia
2857 2337 3142 2392 manifesto
3164 2336 3413 2405 liqueret.

1838 2434 1942 2489 Sed
1972 2434 2129 2504 longe
2155 2434 2438 2487 maximam
2467 2442 2670 2502 partem
2693 2429 3112 2485 Christianorum
3140 2429 3192 2483 in
3215 2443 3273 2484 se
3288 2442 3416 2483 con-

1837 2526 2113 2589 citassent,
2146 2520 2189 2580 si
2218 2534 2402 2594 aperte
2430 2523 2687 2578 dixissent
2710 2522 2850 2592 quod
2880 2521 3210 2585 sentiebant;
3244 2535 3416 2590 neque

1837 2618 1978 2673 enim
2005 2625 2129 2671 ante
2154 2617 2265 2670 haec
2289 2625 2552 2686 tempora,
2578 2625 2630 2669 et
2648 2624 2770 2669 ante
2787 2613 3124 2669 deﬁnitiones
3141 2612 3414 2669 Africano-

1837 2723 1953 2761 rum
1986 2708 2358 2773 conciliorum,
2384 2708 2535 2762 aliter
2563 2706 2629 2761 de
2650 2707 2820 2777 gratia
2850 2705 3096 2761 homines
3136 2714 3413 2761 senserant

1836 2814 1994 2867 quam
2026 2798 2292 2868 Pelagius.

1907 2890 2138 2959 Pergunt
2168 2889 2622 2957 Carthaginiensis
2662 2886 2872 2943 concilii
2903 2885 3088 2941 Patres
3119 2904 3133 2939 :
3164 2886 3270 2941 Sed
3288 2885 3411 2956 quid

1835 2981 1978 3035 aliud
2003 2992 2184 3053 agunt,
2217 2998 2331 3033 cum
2359 2980 2647 3033 hominibus
2670 2978 2996 3044 animalibus,
3021 2994 3119 3031 non
3141 2978 3411 3048 percipien-

1838 3074 1969 3127 tibus
1999 3088 2110 3136 qua:
2131 3083 2246 3127 sunt
2275 3071 2503 3139 Spiritus
2529 3070 2645 3136 Dei,
2669 3058 2972 3142 persuadere
2998 3086 3102 3123 non
3123 3079 3319 3123 cessant
3346 3070 3411 3123 ad

1838 3166 2148 3235 operandam
2177 3165 2643 3235 perﬁciendamque
2663 3166 2940 3232 justitiam,
2975 3180 3033 3217 ac
3056 3161 3152 3216 Dei
3173 3163 3413 3216 mandata

174 3253 291 3321 Qua
316 3258 449 3311 ratio
469 3257 745 3327 judicandi
770 3246 804 3313 ia
835 3262 1046 3315 nemine
1078 3260 1236 3330 paulo
1260 3260 1497 3330 aequiore
1518 3260 1731 3317 defendi
1761 3245 1809 3311 α
1841 3256 2141 3326 complenda
2167 3300 2181 3323 ,
2212 3258 2372 3309 solam
2410 3254 2505 3308 sibi
2532 3254 2803 3307 humanam
2837 3254 3058 3321 sufﬁcere
3093 3268 3241 3323 posse
3264 3240 3413 3305 natu-

174 3356 363 3415 potest;
404 3350 699 3418 praesertim
728 3364 848 3405 cum
874 3352 1119 3407 difﬁciles
1147 3354 1471 3423 quaestiones
1510 3368 1731 3424 ageren-

173 3443 266 3503 tur,
298 3437 352 3492 iu
378 3440 567 3507 quibus
594 3439 906 3496 facillimum
936 3451 1052 3497 erat
1099 3443 1416 3498 sententiam
1446 3457 1551 3497 non
1575 3444 1729 3499 audi-

171 3536 330 3583 torum
360 3530 496 3586 male
522 3532 837 3602 intelligere.
870 3532 1052 3603 Itaque
1078 3540 1133 3589 et
1180 3533 1382 3605 aequius
1413 3544 1465 3589 et
1498 3535 1731 3604 prudent-

171 3618 263 3672 tius
284 3635 339 3674 se
358 3622 607 3690 gessisset
628 3623 889 3693 synodus,
917 3625 963 3679 si
990 3624 1247 3694 judicium
1270 3636 1389 3695 post
1419 3625 1556 3681 laeta
1576 3626 1730 3682 Pela-

168 3711 307 3779 giana
339 3716 529 3785 scripta
560 3715 873 3771 distulisset.
903 3716 983 3772 Ad
1012 3718 1065 3772 id
1091 3733 1219 3773 vero
1247 3719 1387 3789 quod
1419 3719 1503 3773 hic
1530 3735 1592 3775 ex
1626 3718 1729 3774 illis

166 3799 313 3858 habet
338 3806 471 3873 quod
519 3808 725 3875 attinet,
758 3810 1083 3865 creationem
1116 3826 1178 3864 ac
1206 3811 1377 3881 legem
1410 3812 1603 3883 gratias
1633 3810 1727 3865 Dei

164 3907 293 3961 esse,
321 3912 421 3952 non
443 3908 620 3969 potest
642 3900 739 3956 hoc
762 3900 966 3971 negari,
999 3917 1118 3956 cum
1152 3903 1260 3957 sint
1287 3902 1402 3957 haec
1434 3903 1590 3972 longe
1620 3918 1729 3957 ma-

162 3988 292 4043 xima
317 3990 410 4046 Dei
457 3992 736 4049 beneﬁcia.
789 3994 902 4050 Nisi
932 3999 1072 4051 enim
1112 4011 1210 4051 nos
1240 3999 1445 4052 ratione
1471 3998 1725 4067 praeditos

160 4079 293 4139 Deus
322 4095 575 4153 creasset,
609 4104 714 4144 non
745 4104 1024 4159 possemus
1041 4092 1090 4145 ei
1114 4106 1323 4160 parere,
1355 4107 1528 4162 neque
1557 4091 1725 4146 beati-

162 4176 332 4233 tudine
359 4179 491 4246 frui;
524 4180 627 4236 nisi
673 4182 831 4237 etiam
880 4183 1050 4253 legem
1094 4180 1451 4253 evangelicam
1480 4183 1720 4253 promul-

160 4279 339 4335 μεθίει,
372 4270 606 4326 ofﬁcium
635 4284 873 4328 nostrum
905 4274 1057 4330 nobis
1079 4290 1267 4345 parum
1299 4282 1481 4330 notum
1510 4276 1716 4343 fuisset,

161 4362 481 4433 maximaque
524 4364 778 4420 credendi
817 4366 1163 4422 incitamenta
1188 4382 1250 4422 ac
1278 4368 1716 4438 praestantissima

162 4454 361 4518 praemia
388 4470 493 4510 non
517 4456 850 4512 haberemus.
876 4457 1120 4514 Profecto
1146 4474 1251 4514 non
1273 4461 1425 4530 capio
1453 4476 1548 4515 cur
1568 4475 1719 4530 spre-

162 4542 242 4598 tim
267 4545 332 4601 de
357 4548 504 4603 hisce
532 4549 689 4604 tantis
710 4548 806 4605 Dei
834 4550 1018 4619 gratiis
1046 4550 1329 4619 loquantur
1354 4550 1589 4606 Africani
1610 4551 1713 4605 Pa-

1836 3350 1983 3402 ram?
2012 3350 2115 3404 Sed
2146 3348 2393 3403 mandata
2426 3346 2524 3403 Dei
2568 3361 2673 3400 non
2700 3354 2825 3400 sunt
2853 3344 3137 3414 ejusmodi,
3183 3352 3243 3399 ut
3269 3345 3411 3400 omni

1839 3440 1888 3493 vi
1941 3439 2189 3495 destituta
2237 3439 2343 3492 sint
2392 3439 2456 3492 ad
2512 3436 2803 3491 movendos
2857 3436 3130 3489 hominum
3180 3436 3410 3492 animos.

1841 3530 2040 3587 Eorum
2071 3532 2339 3587 maximus
2368 3545 2659 3586 consensus
2696 3544 2815 3585 cum
2847 3539 2991 3584 recta
3036 3528 3243 3583 ratione
3281 3543 3409 3583 con-

1834 3624 2214 3694 stitutioneque
2248 3623 2361 3693 ipsa
2408 3623 2651 3678 humanae
2682 3631 2902 3687 naturae,
2949 3620 3225 3691 magniﬁca
3274 3636 3410 3689 prat-
3447 3659 3453 3665 .

1837 3718 1941 3773 mia
1965 3719 2029 3772 iis
2058 3718 2327 3787 adjuncta,
2362 3716 2614 3773 miracula
2642 3715 2832 3786 quibus
2859 3716 2937 3771 eis
2981 3714 3113 3769 ﬁdes
3140 3715 3275 3771 facta
3299 3726 3401 3779 est,

1831 3811 2075 3879 exempla
2106 3818 2409 3866 sanctorum
2440 3810 2695 3875 virorum,
2736 3822 2797 3863 ac
2850 3808 3144 3877 praesertim
3185 3807 3404 3871 Christi,

1829 3905 1919 3976 qui
1951 3920 2011 3959 ea
2035 3904 2414 3967 observarunt;
2449 3902 2664 3971 hujusce
2694 3903 2817 3955 vita:
2848 3900 3076 3955 miserias
3099 3914 3161 3954 ac
3189 3899 3406 3954 calami-

1832 4005 1986 4064 tates,
2022 4011 2142 4066 qua:
2173 3995 2369 4050 frustra
2418 3992 2823 4058 beatitudinem,
2873 4006 3031 4060 quam
3073 4005 3242 4061 usque
3269 3988 3403 4045 adeo

1828 4100 2094 4158 Optamus,
2140 4087 2191 4141 in
2233 4103 2294 4142 ea
2340 4088 2505 4157 quaeri
2538 4086 2843 4149 ostendunt,
2893 4084 3100 4160 aliaque
3141 4083 3194 4139 id
3238 4098 3405 4154 genus

1825 4181 2072 4236 maximae
2097 4188 2222 4235 sunt
2241 4179 2491 4235 efﬁcaciae
2504 4178 2569 4233 ad
2587 4177 2933 4241 revocandos,
2951 4176 3201 4244 paulatim
3234 4184 3402 4243 certe,

1828 4276 2068 4331 homines
2110 4274 2174 4329 ad
2215 4274 2409 4329 bonam
2448 4273 2670 4341 frugem.
2708 4271 2813 4326 Sed
2856 4270 3006 4323 homo
3047 4269 3281 4323 animalis
3323 4268 3404 4322 in-

1824 4368 1998 4439 quies,
2031 4376 2087 4421 ut
2116 4366 2273 4421 docet
2302 4362 2499 4417 Paulus
2526 4361 2544 4414 l
2575 4361 2698 4416 Cor.
2732 4376 2790 4425 n,
2832 4360 2918 4423 li,
2942 4359 3008 4413 ad
3040 4374 3194 4428 quem
3224 4358 3399 4412 locum

1821 4461 2112 4530 respiciunt
2137 4458 2248 4514 Afri
2279 4456 2555 4527 praesules,
2582 4470 2682 4509 non
2710 4454 2925 4523 percipit
2955 4467 3065 4521 qua:
3090 4460 3205 4505 sunt
3229 4449 3402 4517 Spiri-

1823 4563 1903 4607 tus
1924 4552 2040 4606 Dei.
2071 4552 2180 4605 lmo
2202 4566 2301 4606 non
2329 4549 2572 4615 admittit,
2606 4550 2664 4602 οὐ
2694 4547 2921 4618 δέχεται,
2946 4544 3048 4599 hoc
3077 4552 3179 4611 est,
3204 4544 3269 4597 iis
3296 4556 3399 4596 non

163 4642 279 4703 tres,
305 4639 400 4693 nisi
415 4638 858 4695 accedataftlatus
880 4642 1059 4696 nescio
1076 4643 1214 4710 quis,
1238 4642 1321 4695 cui
1338 4642 1589 4697 resistere
1611 4656 1718 4697 non
1741 4620 1802 4686 D
1825 4644 2132 4709 assentitur,
2174 4642 2450 4709 nimirum,
2495 4641 2620 4695 dum
2666 4646 2748 4693 est
2785 4636 3024 4691 animalis
3057 4634 3402 4704 sequiturque

165 4725 293 4796 licet,
336 4731 485 4800 isque
516 4731 754 4800 pauculis
784 4732 1174 4786 concedendus.
1208 4732 1485 4788 Prioribus
1512 4733 1718 4787 beneﬁ-

166 4821 249 4877 ciis
270 4822 481 4879 refertae
506 4832 633 4879 sunt
661 4824 848 4880 litterae
870 4839 1058 4891 sacrae,
1081 4824 1322 4897 adeoque
1348 4825 1627 4895 perspicue
1649 4825 1717 4881 de

168 4912 220 4968 iis
261 4915 560 4988 loquuntur,
596 4926 651 4971 ut
690 4918 805 4973 sine
854 4918 1060 4972 insania
1088 4918 1157 4974 ab
1185 4917 1249 4973 iis
1290 4918 1382 4988 qui
1426 4918 1718 4988 Scriptum.

170 5006 370 5064 credunt
396 5009 582 5079 negari
628 5018 894 5079 nequeant
926 5025 941 5065 :
973 5011 1325 5080 posteriorem
1359 5024 1488 5065 vero
1518 5010 1717 5065 frustra

173 5098 370 5164 probare
422 5100 667 5155 nituntur
712 5099 899 5156 Patres
951 5100 1185 5155 Africani
1215 5141 1231 5166 ,
1284 5114 1384 5156 nec
1427 5100 1715 5171 quidquam

174 5190 442 5259 proferunt,
494 5200 689 5262 praeter
716 5191 829 5259 loca
857 5199 948 5246 aut
972 5191 1129 5261 plane
1157 5189 1331 5247 aliena
1376 5192 1444 5246 ab
1466 5205 1530 5247 eo
1577 5190 1720 5261 quod

177 5292 407 5351 spectant,
440 5292 533 5340 aut
562 5300 827 5341 summum
857 5286 1124 5356 ambigua.
1173 5285 1287 5341 Hoc
1314 5301 1528 5356 quoque
1555 5286 1719 5342 meri-

179 5380 221 5428 ιο
242 5375 499 5434 desideres
544 5379 596 5433 in
627 5380 724 5434 hac
749 5394 932 5435 eorum
958 5382 1202 5451 epistola,
1232 5382 1373 5451 quod
1402 5382 1621 5453 gratiam
1649 5380 1717 5434 il-

181 5463 262 5520 lam
285 5483 427 5525 suam
456 5484 716 5540 nusquam
758 5471 1035 5539 deﬁniant,
1085 5488 1261 5543 neque
1286 5472 1431 5529 vocis
1460 5471 1721 5540 ambigui-

183 5566 311 5616 tatem
338 5564 650 5630 discutiant;
678 5565 827 5634 quasi
852 5566 944 5621 illo
971 5581 1077 5621 uno
1103 5580 1264 5622 sensu
1285 5581 1444 5637 quem
1467 5564 1721 5620 volebant

184 5649 411 5723 legeretur
436 5656 490 5711 in
516 5655 808 5726 Scriptura,
832 5660 1065 5728 satisque
1085 5668 1226 5714 esset
1251 5659 1491 5729 proferre
1520 5658 1637 5714 loca
1662 5657 1717 5712 in

186 5744 339 5810 quibus
363 5756 619 5817 exstaret,
650 5756 707 5803 ut
734 5749 1048 5818 probaretur
1075 5751 1215 5821 quod
1254 5751 1570 5806 sentiebant.
1606 5752 1717 5820 Ap-

191 5851 272 5900 tum
295 5843 391 5903 hoc
427 5854 530 5916 est,
563 5845 754 5914 fateor,
787 5847 852 5903 ad
883 5846 1196 5905 movendam
1228 5848 1501 5920 invidiam,
1532 5861 1587 5908 at
1613 5850 1716 5907 mi-

1824 4739 2079 4808 impetum
2104 4736 2403 4802 brutorum,
2424 4731 2703 4804 prmsentia
2725 4738 2929 4784 tantum
2952 4736 3005 4782 et
3027 4726 3240 4782 sensilia
3263 4740 3402 4794 qua:-

1823 4832 2075 4888 rentium.
2123 4829 2192 4884 At
2216 4827 2346 4883 nihil
2378 4827 2553 4882 obstat
2581 4823 2864 4894 quominus
2892 4820 3156 4874 intellecta
3184 4826 3237 4873 et
3274 4833 3403 4888 pen-

1830 4923 1989 4978 sitata
2021 4919 2299 4991 Evangelii
2323 4917 2648 4987 prmstanlia,
2680 4911 2923 4968 animalis
2954 4910 3114 4965 homo
3139 4907 3402 4979 ejusmodi

1831 5029 1951 5072 esse
1982 5012 2192 5068 tandem
2222 5010 2449 5066 desinat.
2499 5010 2767 5064 Praeterea
2803 5004 2944 5059 enim
2986 4999 3323 5071 qmesiverim
3369 5016 3399 5054 a

1826 5106 2072 5162 Patribus
2092 5104 2255 5171 Afris,
2276 5119 2343 5157 an
2366 5118 2473 5157 non
2498 5101 2641 5156 Deus
2658 5096 2845 5167 jubeat
2875 5095 3118 5151 homines
3146 5094 3402 5149 animales

1824 5202 2071 5258 desinere
2098 5198 2419 5254 animalibus
2462 5192 2842 5263 cupiditatibus
2883 5187 3134 5257 obsequi;
3180 5201 3247 5240 an
3296 5202 3401 5240 nun

1823 5292 2070 5348 mandata
2126 5290 2452 5359 negligentes
2500 5284 2717 5355 plectat,
2772 5294 2834 5335 ac
2886 5278 3113 5349 proinde
3156 5278 3400 5333 excusari

1825 5400 1931 5440 non
1962 5397 2119 5454 posse
2148 5379 2403 5436 censeat?
2426 5377 2536 5432 Hoc
2566 5375 2609 5429 si
2643 5373 2713 5428 ita
2744 5378 2849 5439 est,
2878 5368 3018 5441 quod
3057 5383 3212 5424 nemo
3242 5366 3401 5422 Chri-

1826 5478 2028 5532 stianus
2060 5482 2235 5544 neget,
2284 5475 2496 5540 Oportet
2524 5475 2580 5520 ut
2608 5464 2859 5531 habeant,
2887 5470 2977 5517 aut
3000 5462 3203 5531 possint
3238 5458 3272 5511 ii
3303 5456 3400 5511 ho-

1827 5570 2000 5624 mines
2013 5563 2265 5634 consequi
2291 5571 2623 5632 quaecunque
2648 5564 2773 5611 sunt
2794 5552 3099 5611 necessaria
3126 5550 3191 5605 ad
3217 5564 3401 5620 paren-

1825 5662 1983 5726 dum;
2016 5648 2245 5726 alioquin
2274 5654 2512 5722 iniquum
2536 5656 2681 5706 esset
2700 5648 2777 5704 eis
2800 5647 2865 5747 id.
2883 5647 3149 5747 imperare
3169 5640 3235 5747 ad

1825 5749 2183 5825 praestandum
2236 5743 2558 5801 necessariis
2598 5750 2790 5815 essent
2835 5736 3074 5795 destituti
3119 5730 3396 5790 subsidiis.

1824 5847 1981 5905 Plura
2004 5856 2108 5900 non
2132 5837 2323 5896 addam
2348 5854 2363 5892 :
2386 5843 2583 5894 norunt
2602 5833 2746 5893 enim
2760 5830 3061 5903 quicunque
3086 5825 3246 5884 hasce
3267 5836 3399 5879 con-
