  <div class='ocr_page' id='page_1' title='image "/cluster/home/n/w/nwhite01/storage/ocr_20150623/47/hvd.32044015471527/167.png"; bbox 0 0 3954 6364; ppageno 0'>
   <div class='ocr_carea' id='block_1_1' title="bbox 542 304 731 380">
    <p class='ocr_par' dir='ltr' id='par_1_1' title="bbox 542 304 731 380">
     <span class='ocr_line' id='line_1_1' title="bbox 542 304 731 380; baseline 0.048 -19"><span class='ocrx_word' id='word_1_1' title='bbox 542 371 550 380; x_wconf 53' lang='grc'><em>,</em></span> <span class='ocrx_word' id='word_1_2' title='bbox 626 304 731 369; x_wconf 71' lang='lat'><strong>525</strong></span> 
     </span>
    </p>
   </div>
   <div class='ocr_carea' id='block_1_2' title="bbox 628 425 2197 503">
    <p class='ocr_par' dir='ltr' id='par_1_2' title="bbox 628 425 2197 503">
     <span class='ocr_line' id='line_1_2' title="bbox 628 425 2197 503; baseline 0.013 -24"><span class='ocrx_word' id='word_1_3' title='bbox 628 425 915 480; x_wconf 88' lang='lat' dir='ltr'><strong>troversias</strong></span> <span class='ocrx_word' id='word_1_4' title='bbox 942 427 1249 503; x_wconf 85' lang='lat' dir='ltr'><strong>attigerunt,</strong></span> <span class='ocrx_word' id='word_1_5' title='bbox 1280 445 1398 501; x_wconf 69' lang='lat' dir='ltr'><strong>quae</strong></span> <span class='ocrx_word' id='word_1_6' title='bbox 1430 432 1565 489; x_wconf 87' lang='lat' dir='ltr'><strong>hanc</strong></span> <span class='ocrx_word' id='word_1_7' title='bbox 1602 437 1651 491; x_wconf 92' lang='lat' dir='ltr'><strong>in</strong></span> <span class='ocrx_word' id='word_1_8' title='bbox 1696 455 1807 494; x_wconf 90' lang='lat' dir='ltr'><strong>rem</strong></span> <span class='ocrx_word' id='word_1_9' title='bbox 1838 444 2042 498; x_wconf 76' lang='lat' dir='ltr'><strong>soleant</strong></span> <span class='ocrx_word' id='word_1_10' title='bbox 2070 445 2197 499; x_wconf 93' lang='lat' dir='ltr'><strong>dici.</strong></span> 
     </span>
    </p>
   </div>
   <div class='ocr_carea' id='block_1_3' title="bbox 627 515 2202 595">
    <p class='ocr_par' dir='ltr' id='par_1_3' title="bbox 627 515 2202 595">
     <span class='ocr_line' id='line_1_3' title="bbox 627 515 2202 595; baseline 0.014 -26"><span class='ocrx_word' id='word_1_11' title='bbox 627 515 731 570; x_wconf 88' lang='lat' dir='ltr'><strong>Sed</strong></span> <span class='ocrx_word' id='word_1_12' title='bbox 762 516 1041 573; x_wconf 86' lang='lat' dir='ltr'><strong>audiamus</strong></span> <span class='ocrx_word' id='word_1_13' title='bbox 1070 518 1227 576; x_wconf 85' lang='lat' dir='ltr'><strong>Afros</strong></span> <span class='ocrx_word' id='word_1_14' title='bbox 1250 522 1531 595; x_wconf 83' lang='lat' dir='ltr'><strong>episcopos</strong></span> <span class='ocrx_word' id='word_1_15' title='bbox 1553 531 1896 587; x_wconf 75' lang='lat' dir='ltr'><strong>ostendentes</strong></span> <span class='ocrx_word' id='word_1_16' title='bbox 1924 543 2086 589; x_wconf 86' lang='lat' dir='ltr'><strong>satam</strong></span> <span class='ocrx_word' id='word_1_17' title='bbox 2108 554 2202 591; x_wconf 85' lang='lat' dir='ltr'><strong>na-</strong></span> 
     </span>
    </p>
   </div>
   <div class='ocr_carea' id='block_1_4' title="bbox 627 607 2199 701">
    <p class='ocr_par' dir='ltr' id='par_1_4' title="bbox 627 607 2199 701">
     <span class='ocr_line' id='line_1_4' title="bbox 627 607 2199 701; baseline 0.019 -46"><span class='ocrx_word' id='word_1_18' title='bbox 627 615 796 658; x_wconf 85' lang='lat' dir='ltr'><strong>turam</strong></span> <span class='ocrx_word' id='word_1_19' title='bbox 826 607 1099 662; x_wconf 79' lang='lat' dir='ltr'><strong>humanam</strong></span> <span class='ocrx_word' id='word_1_20' title='bbox 1133 626 1235 665; x_wconf 94' lang='lat' dir='ltr'><strong>non</strong></span> <span class='ocrx_word' id='word_1_21' title='bbox 1268 613 1514 672; x_wconf 88' lang='lat' dir='ltr'><strong>sufficere</strong></span> <span class='ocrx_word' id='word_1_22' title='bbox 1545 620 1609 672; x_wconf 90' lang='lat' dir='ltr'><strong>ad</strong></span> <span class='ocrx_word' id='word_1_23' title='bbox 1638 623 1931 689; x_wconf 88' lang='lat' dir='ltr'><strong>parendum</strong></span> <span class='ocrx_word' id='word_1_24' title='bbox 1965 627 2199 701; x_wconf 84' lang='lat' dir='ltr'><strong>Evange-</strong></span> 
     </span>
    </p>
   </div>
   <div class='ocr_carea' id='block_1_5' title="bbox 627 695 2205 799">
    <p class='ocr_par' dir='ltr' id='par_1_5' title="bbox 627 695 2205 799">
     <span class='ocr_line' id='line_1_5' title="bbox 627 695 2205 799; baseline 0.018 -50"><span class='ocrx_word' id='word_1_25' title='bbox 627 695 697 751; x_wconf 92' lang='lat' dir='ltr'><strong>lio</strong></span> <span class='ocrx_word' id='word_1_26' title='bbox 724 699 1141 757; x_wconf 75' lang='lat' dir='ltr'><strong>circumstantiis</strong></span> <span class='ocrx_word' id='word_1_27' title='bbox 1167 718 1297 773; x_wconf 85' lang='lat' dir='ltr'><strong>quas</strong></span> <span class='ocrx_word' id='word_1_28' title='bbox 1322 716 1477 785; x_wconf 78' lang='lat' dir='ltr'><strong>antea</strong></span> <span class='ocrx_word' id='word_1_29' title='bbox 1510 716 1919 772; x_wconf 83' lang='lat' dir='ltr'><strong>memoravimus</strong></span> <span class='ocrx_word' id='word_1_30' title='bbox 1948 720 2123 799; x_wconf 86' lang='lat' dir='ltr'><strong>cincto</strong></span> <span class='ocrx_word' id='word_1_31' title='bbox 2151 732 2205 778; x_wconf 90' lang='lat' dir='ltr'><strong>et</strong></span> 
     </span>
    </p>
   </div>
   <div class='ocr_carea' id='block_1_6' title="bbox 626 788 865 843">
    <p class='ocr_par' dir='ltr' id='par_1_6' title="bbox 626 788 865 843">
     <span class='ocr_line' id='line_1_6' title="bbox 626 788 865 843; baseline 0.008 -2"><span class='ocrx_word' id='word_1_32' title='bbox 626 788 865 843; x_wconf 75' lang='lat' dir='ltr'><strong>suffulto.</strong></span> 
     </span>
    </p>
   </div>
   <div class='ocr_carea' id='block_1_7' title="bbox 696 881 2203 975">
    <p class='ocr_par' dir='ltr' id='par_1_7' title="bbox 696 881 2203 975">
     <span class='ocr_line' id='line_1_7' title="bbox 696 881 2203 975; baseline 0.019 -41"><span class='ocrx_word' id='word_1_33' title='bbox 696 881 816 936; x_wconf 89' lang='lat' dir='ltr'><strong>Non</strong></span> <span class='ocrx_word' id='word_1_34' title='bbox 836 886 1151 942; x_wconf 74' lang='lat' dir='ltr'><strong>attendentes</strong></span> <span class='ocrx_word' id='word_1_35' title='bbox 1171 891 1309 960; x_wconf 84' lang='lat' dir='ltr'><strong>quod</strong></span> <span class='ocrx_word' id='word_1_36' title='bbox 1335 894 1579 966; x_wconf 87' lang='lat' dir='ltr'><strong>scriptum</strong></span> <span class='ocrx_word' id='word_1_37' title='bbox 1602 908 1671 952; x_wconf 83' lang='lat' dir='ltr'><strong>est</strong></span> <span class='ocrx_word' id='word_1_38' title='bbox 1692 914 1710 951; x_wconf 90' lang='grc'><strong>.·</strong></span> <span class='ocrx_word' id='word_1_39' title='bbox 1731 900 1959 970; x_wconf 82' lang='lat' dir='ltr'><strong>Spiritus</strong></span> <span class='ocrx_word' id='word_1_40' title='bbox 1989 906 2203 975; x_wconf 79' lang='lat' dir='ltr'><strong>adjuvat</strong></span> 
     </span>
    </p>
   </div>
   <div class='ocr_carea' id='block_1_8' title="bbox 624 972 2197 1060">
    <p class='ocr_par' dir='ltr' id='par_1_8' title="bbox 624 972 2197 1060">
     <span class='ocr_line' id='line_1_8' title="bbox 624 972 2197 1060; baseline 0.02 -36"><span class='ocrx_word' id='word_1_41' title='bbox 624 972 985 1059; x_wconf 68' lang='lat' dir='ltr'><strong>Infirmitatem</strong></span> <span class='ocrx_word' id='word_1_42' title='bbox 1016 988 1252 1035; x_wconf 90' lang='lat' dir='ltr'><strong>nostram</strong></span> <span class='ocrx_word' id='word_1_43' title='bbox 1285 984 1458 1053; x_wconf 80' lang='lat' dir='ltr'><strong>(Rom.</strong></span> <span class='ocrx_word' id='word_1_44' title='bbox 1495 1002 1613 1053; x_wconf 86' lang='lat' dir='ltr'><strong>vm,</strong></span> <span class='ocrx_word' id='word_1_45' title='bbox 1647 991 1739 1060; x_wconf 71' lang='grc'><strong>26)</strong></span> <span class='ocrx_word' id='word_1_46' title='bbox 1766 1009 1779 1057; x_wconf 90' lang='grc'><strong>;</strong></span> <span class='ocrx_word' id='word_1_47' title='bbox 1814 1004 1860 1047; x_wconf 88' lang='lat' dir='ltr'><strong>et</strong></span> <span class='ocrx_word' id='word_1_48' title='bbox 1892 1013 1910 1049; x_wconf 89' lang='lat'><strong><em>:</em></strong></span> <span class='ocrx_word' id='word_1_49' title='bbox 1938 997 2055 1056; x_wconf 83' lang='lat' dir='ltr'><strong>Non</strong></span> <span class='ocrx_word' id='word_1_50' title='bbox 2102 1016 2197 1055; x_wconf 88' lang='lat' dir='ltr'><strong>vo-</strong></span> 
     </span>
    </p>
   </div>
   <div class='ocr_carea' id='block_1_9' title="bbox 622 1048 2190 1161">
    <p class='ocr_par' dir='ltr' id='par_1_9' title="bbox 622 1048 2190 1161">
     <span class='ocr_line' id='line_1_9' title="bbox 622 1048 2190 1161; baseline 0.021 -47"><span class='ocrx_word' id='word_1_51' title='bbox 622 1061 777 1117; x_wconf 83' lang='lat' dir='ltr'><strong>lentis</strong></span> <span class='ocrx_word' id='word_1_52' title='bbox 806 1048 980 1134; x_wconf 76' lang='lat' dir='ltr'><strong>neque</strong></span> <span class='ocrx_word' id='word_1_53' title='bbox 1010 1073 1297 1141; x_wconf 86' lang='lat' dir='ltr'><strong>currentis,</strong></span> <span class='ocrx_word' id='word_1_54' title='bbox 1328 1076 1419 1129; x_wconf 84' lang='lat' dir='ltr'><strong>sed</strong></span> <span class='ocrx_word' id='word_1_55' title='bbox 1448 1080 1747 1138; x_wconf 86' lang='lat' dir='ltr'><strong>miserentis</strong></span> <span class='ocrx_word' id='word_1_56' title='bbox 1776 1096 1855 1139; x_wconf 83' lang='lat' dir='ltr'><strong>est</strong></span> <span class='ocrx_word' id='word_1_57' title='bbox 1887 1088 1979 1143; x_wconf 88' lang='lat' dir='ltr'><strong>Dei</strong></span> <span class='ocrx_word' id='word_1_58' title='bbox 2009 1090 2190 1161; x_wconf 82' lang='lat' dir='ltr'><strong>(Rom.</strong></span> 
     </span>
    </p>
   </div>
   <div class='ocr_carea' id='block_1_10' title="bbox 620 1156 2199 1245">
    <p class='ocr_par' dir='ltr' id='par_1_10' title="bbox 620 1156 2199 1245">
     <span class='ocr_line' id='line_1_10' title="bbox 620 1156 2199 1245; baseline 0.02 -38"><span class='ocrx_word' id='word_1_59' title='bbox 620 1166 694 1219; x_wconf 87' lang='lat' dir='ltr'><strong>tx,</strong></span> <span class='ocrx_word' id='word_1_60' title='bbox 729 1156 851 1225; x_wconf 73' lang='lat' dir='ltr'><strong>i6);</strong></span> <span class='ocrx_word' id='word_1_61' title='bbox 877 1170 923 1211; x_wconf 88' lang='lat' dir='ltr'><strong>et</strong></span> <span class='ocrx_word' id='word_1_62' title='bbox 948 1162 1086 1229; x_wconf 87' lang='lat' dir='ltr'><strong>quod</strong></span> <span class='ocrx_word' id='word_1_63' title='bbox 1118 1178 1279 1217; x_wconf 93' lang='lat' dir='ltr'><strong>unum</strong></span> <span class='ocrx_word' id='word_1_64' title='bbox 1308 1182 1493 1223; x_wconf 82' lang='lat' dir='ltr'><strong>omnes</strong></span> <span class='ocrx_word' id='word_1_65' title='bbox 1524 1185 1707 1228; x_wconf 91' lang='lat' dir='ltr'><strong>sumus</strong></span> <span class='ocrx_word' id='word_1_66' title='bbox 1736 1176 1784 1230; x_wconf 91' lang='lat' dir='ltr'><strong>in</strong></span> <span class='ocrx_word' id='word_1_67' title='bbox 1817 1178 2047 1245; x_wconf 80' lang='lat' dir='ltr'><strong>CliriSto,</strong></span> <span class='ocrx_word' id='word_1_68' title='bbox 2090 1184 2199 1237; x_wconf 89' lang='lat' dir='ltr'><strong>sin-</strong></span> 
     </span>
    </p>
   </div>
   <div class='ocr_carea' id='block_1_11' title="bbox 619 1243 2198 1347">
    <p class='ocr_par' dir='ltr' id='par_1_11' title="bbox 619 1243 2198 1347">
     <span class='ocr_line' id='line_1_11' title="bbox 619 1243 2198 1347; baseline 0.024 -51"><span class='ocrx_word' id='word_1_69' title='bbox 619 1243 728 1312; x_wconf 88' lang='lat' dir='ltr'><strong>guli</strong></span> <span class='ocrx_word' id='word_1_70' title='bbox 754 1256 929 1302; x_wconf 92' lang='lat' dir='ltr'><strong>autem</strong></span> <span class='ocrx_word' id='word_1_71' title='bbox 959 1251 1097 1306; x_wconf 84' lang='lat' dir='ltr'><strong>alter</strong></span> <span class='ocrx_word' id='word_1_72' title='bbox 1123 1254 1338 1310; x_wconf 86' lang='lat' dir='ltr'><strong>alterius</strong></span> <span class='ocrx_word' id='word_1_73' title='bbox 1370 1261 1625 1326; x_wconf 89' lang='lat' dir='ltr'><strong>membra,</strong></span> <span class='ocrx_word' id='word_1_74' title='bbox 1662 1266 1916 1324; x_wconf 79' lang='lat' dir='ltr'><strong>habentes</strong></span> <span class='ocrx_word' id='word_1_75' title='bbox 1948 1273 2085 1347; x_wconf 82' lang='lat' dir='ltr'><strong>dona</strong></span> <span class='ocrx_word' id='word_1_76' title='bbox 2116 1277 2198 1345; x_wconf 62' lang='lat' dir='ltr'><strong>di:-</strong></span> 
     </span>
    </p>
   </div>
   <div class='ocr_carea' id='block_1_12' title="bbox 626 1342 2190 1435">
    <p class='ocr_par' dir='ltr' id='par_1_12' title="bbox 626 1342 2190 1435">
     <span class='ocr_line' id='line_1_12' title="bbox 626 1342 2190 1435; baseline 0.022 -47"><span class='ocrx_word' id='word_1_77' title='bbox 626 1349 805 1405; x_wconf 84' lang='lat' dir='ltr'><strong>versa,</strong></span> <span class='ocrx_word' id='word_1_78' title='bbox 841 1342 1129 1397; x_wconf 89' lang='lat' dir='ltr'><strong>secundum</strong></span> <span class='ocrx_word' id='word_1_79' title='bbox 1176 1348 1396 1415; x_wconf 79' lang='lat' dir='ltr'><strong>gratiam</strong></span> <span class='ocrx_word' id='word_1_80' title='bbox 1424 1368 1541 1421; x_wconf 75' lang='lat' dir='ltr'><strong>quae</strong></span> <span class='ocrx_word' id='word_1_81' title='bbox 1573 1356 1689 1408; x_wconf 87' lang='lat' dir='ltr'><strong>data</strong></span> <span class='ocrx_word' id='word_1_82' title='bbox 1723 1369 1803 1412; x_wconf 89' lang='lat' dir='ltr'><strong>est</strong></span> <span class='ocrx_word' id='word_1_83' title='bbox 1831 1342 1985 1417; x_wconf 88' lang='lat' dir='ltr'><strong>nubis</strong></span> <span class='ocrx_word' id='word_1_84' title='bbox 2016 1364 2190 1435; x_wconf 59' lang='lat' dir='ltr'><strong>(Rom,</strong></span> 
     </span>
    </p>
   </div>
   <div class='ocr_carea' id='block_1_13' title="bbox 617 1430 2191 1526">
    <p class='ocr_par' dir='ltr' id='par_1_13' title="bbox 617 1430 2191 1526">
     <span class='ocr_line' id='line_1_13' title="bbox 617 1430 2191 1526; baseline 0.021 -45"><span class='ocrx_word' id='word_1_85' title='bbox 617 1443 713 1494; x_wconf 89' lang='lat' dir='ltr'><strong>xtt,</strong></span> <span class='ocrx_word' id='word_1_86' title='bbox 743 1430 818 1501; x_wconf 83' lang='lat'><strong>5);</strong></span> <span class='ocrx_word' id='word_1_87' title='bbox 852 1444 943 1488; x_wconf 88' lang='lat' dir='ltr'><strong>et:</strong></span> <span class='ocrx_word' id='word_1_88' title='bbox 976 1435 1154 1491; x_wconf 85' lang='lat' dir='ltr'><strong>Gratia</strong></span> <span class='ocrx_word' id='word_1_89' title='bbox 1197 1440 1289 1495; x_wconf 91' lang='lat' dir='ltr'><strong>Dei</strong></span> <span class='ocrx_word' id='word_1_90' title='bbox 1321 1458 1437 1497; x_wconf 91' lang='lat' dir='ltr'><strong>sum</strong></span> <span class='ocrx_word' id='word_1_91' title='bbox 1487 1446 1539 1499; x_wconf 87' lang='lat' dir='ltr'><strong>id</strong></span> <span class='ocrx_word' id='word_1_92' title='bbox 1583 1452 1721 1515; x_wconf 82' lang='lat' dir='ltr'><strong>quod</strong></span> <span class='ocrx_word' id='word_1_93' title='bbox 1768 1466 1908 1521; x_wconf 89' lang='lat' dir='ltr'><strong>sum,</strong></span> <span class='ocrx_word' id='word_1_94' title='bbox 1944 1466 1992 1511; x_wconf 71' lang='lat' dir='ltr'><strong>et</strong></span> <span class='ocrx_word' id='word_1_95' title='bbox 2022 1461 2191 1526; x_wconf 86' lang='lat' dir='ltr'><strong>gratia</strong></span> 
     </span>
    </p>
   </div>
   <div class='ocr_carea' id='block_1_14' title="bbox 615 1516 2191 1607">
    <p class='ocr_par' dir='ltr' id='par_1_14' title="bbox 615 1516 2191 1607">
     <span class='ocr_line' id='line_1_14' title="bbox 615 1516 2191 1607; baseline 0.023 -37"><span class='ocrx_word' id='word_1_96' title='bbox 615 1516 729 1586; x_wconf 88' lang='lat' dir='ltr'><strong>ejus</strong></span> <span class='ocrx_word' id='word_1_97' title='bbox 752 1520 804 1573; x_wconf 90' lang='lat' dir='ltr'><strong>in</strong></span> <span class='ocrx_word' id='word_1_98' title='bbox 832 1537 917 1579; x_wconf 92' lang='lat' dir='ltr'><strong>me</strong></span> <span class='ocrx_word' id='word_1_99' title='bbox 948 1540 1111 1582; x_wconf 89' lang='lat' dir='ltr'><strong>vacua</strong></span> <span class='ocrx_word' id='word_1_100' title='bbox 1142 1545 1247 1584; x_wconf 93' lang='lat' dir='ltr'><strong>non</strong></span> <span class='ocrx_word' id='word_1_101' title='bbox 1282 1532 1401 1599; x_wconf 90' lang='lat' dir='ltr'><strong>fuit,</strong></span> <span class='ocrx_word' id='word_1_102' title='bbox 1433 1536 1527 1591; x_wconf 91' lang='lat' dir='ltr'><strong>sed</strong></span> <span class='ocrx_word' id='word_1_103' title='bbox 1554 1532 1913 1599; x_wconf 84' lang='lat' dir='ltr'><strong>abundantius</strong></span> <span class='ocrx_word' id='word_1_104' title='bbox 1944 1552 2191 1607; x_wconf 89' lang='lat' dir='ltr'><strong>omnibus</strong></span> 
     </span>
    </p>
   </div>
   <div class='ocr_carea' id='block_1_15' title="bbox 622 1606 2191 1703">
    <p class='ocr_par' dir='ltr' id='par_1_15' title="bbox 622 1606 2191 1703">
     <span class='ocr_line' id='line_1_15' title="bbox 622 1606 2191 1703; baseline 0.026 -44"><span class='ocrx_word' id='word_1_105' title='bbox 622 1606 730 1663; x_wconf 89' lang='lat' dir='ltr'><strong>illis</strong></span> <span class='ocrx_word' id='word_1_106' title='bbox 762 1609 1033 1682; x_wconf 86' lang='lat' dir='ltr'><strong>laboravi;</strong></span> <span class='ocrx_word' id='word_1_107' title='bbox 1093 1633 1197 1674; x_wconf 90' lang='lat' dir='ltr'><strong>non</strong></span> <span class='ocrx_word' id='word_1_108' title='bbox 1251 1637 1349 1691; x_wconf 88' lang='lat' dir='ltr'><strong>ego</strong></span> <span class='ocrx_word' id='word_1_109' title='bbox 1379 1635 1579 1694; x_wconf 84' lang='lat' dir='ltr'><strong>autem,</strong></span> <span class='ocrx_word' id='word_1_110' title='bbox 1623 1633 1714 1685; x_wconf 86' lang='lat' dir='ltr'><strong>sed</strong></span> <span class='ocrx_word' id='word_1_111' title='bbox 1742 1640 1907 1703; x_wconf 89' lang='lat' dir='ltr'><strong>gratia</strong></span> <span class='ocrx_word' id='word_1_112' title='bbox 1955 1640 2044 1695; x_wconf 92' lang='lat' dir='ltr'><strong>Dei</strong></span> <span class='ocrx_word' id='word_1_113' title='bbox 2077 1660 2191 1700; x_wconf 87' lang='lat' dir='ltr'><strong>me-</strong></span> 
     </span>
    </p>
   </div>
   <div class='ocr_carea' id='block_1_16' title="bbox 612 1694 2187 1793">
    <p class='ocr_par' dir='ltr' id='par_1_16' title="bbox 612 1694 2187 1793">
     <span class='ocr_line' id='line_1_16' title="bbox 612 1694 2187 1793; baseline 0.025 -43"><span class='ocrx_word' id='word_1_114' title='bbox 612 1710 733 1753; x_wconf 92' lang='lat' dir='ltr'><strong>cum</strong></span> <span class='ocrx_word' id='word_1_115' title='bbox 762 1694 942 1772; x_wconf 88' lang='lat' dir='ltr'><strong>(lCor.</strong></span> <span class='ocrx_word' id='word_1_116' title='bbox 974 1721 1061 1789; x_wconf 87' lang='lat' dir='ltr'><strong>xv,</strong></span> <span class='ocrx_word' id='word_1_117' title='bbox 1096 1709 1215 1779; x_wconf 70' lang='lat'><strong>10);</strong></span> <span class='ocrx_word' id='word_1_118' title='bbox 1249 1724 1328 1767; x_wconf 89' lang='lat' dir='ltr'><strong>et:</strong></span> <span class='ocrx_word' id='word_1_119' title='bbox 1356 1715 1565 1773; x_wconf 87' lang='lat' dir='ltr'><strong>Gratias</strong></span> <span class='ocrx_word' id='word_1_120' title='bbox 1596 1694 1833 1793; x_wconf 75' lang='lat' dir='ltr'><strong>Deo,qui</strong></span> <span class='ocrx_word' id='word_1_121' title='bbox 1860 1694 2187 1790; x_wconf 78' lang='lat' dir='ltr'><strong>deditnobis</strong></span> 
     </span>
    </p>
   </div>
   <div class='ocr_carea' id='block_1_17' title="bbox 621 1786 2186 1882">
    <p class='ocr_par' dir='ltr' id='par_1_17' title="bbox 621 1786 2186 1882">
     <span class='ocr_line' id='line_1_17' title="bbox 621 1786 2186 1882; baseline 0.026 -41"><span class='ocrx_word' id='word_1_122' title='bbox 621 1789 922 1853; x_wconf 88' lang='lat' dir='ltr'><strong>victoriam.</strong></span> <span class='ocrx_word' id='word_1_123' title='bbox 952 1786 1051 1867; x_wconf 88' lang='lat' dir='ltr'><strong>per</strong></span> <span class='ocrx_word' id='word_1_124' title='bbox 1098 1799 1377 1859; x_wconf 93' lang='lat' dir='ltr'><strong>Dominum</strong></span> <span class='ocrx_word' id='word_1_125' title='bbox 1415 1819 1655 1866; x_wconf 88' lang='lat' dir='ltr'><strong>nostrum</strong></span> <span class='ocrx_word' id='word_1_126' title='bbox 1703 1814 1883 1871; x_wconf 86' lang='lat' dir='ltr'><strong>Jesum</strong></span> <span class='ocrx_word' id='word_1_127' title='bbox 1917 1820 2186 1882; x_wconf 86' lang='lat' dir='ltr'><strong>Christum</strong></span> 
     </span>
    </p>
   </div>
   <div class='ocr_carea' id='block_1_18' title="bbox 617 1880 2188 1983">
    <p class='ocr_par' dir='ltr' id='par_1_18' title="bbox 617 1880 2188 1983">
     <span class='ocr_line' id='line_1_18' title="bbox 617 1880 2188 1983; baseline 0.025 -49"><span class='ocrx_word' id='word_1_128' title='bbox 617 1880 781 1951; x_wconf 85' lang='lat' dir='ltr'><strong>(Ibid.</strong></span> <span class='ocrx_word' id='word_1_129' title='bbox 813 1886 936 1957; x_wconf 81' lang='lat'><strong>57);</strong></span> <span class='ocrx_word' id='word_1_130' title='bbox 990 1899 1069 1945; x_wconf 89' lang='lat' dir='ltr'><strong>et:</strong></span> <span class='ocrx_word' id='word_1_131' title='bbox 1099 1893 1211 1949; x_wconf 86' lang='lat' dir='ltr'><strong>Non</strong></span> <span class='ocrx_word' id='word_1_132' title='bbox 1244 1900 1367 1966; x_wconf 86' lang='lat' dir='ltr'><strong>quia</strong></span> <span class='ocrx_word' id='word_1_133' title='bbox 1410 1901 1585 1958; x_wconf 89' lang='lat' dir='ltr'><strong>idonei</strong></span> <span class='ocrx_word' id='word_1_134' title='bbox 1619 1922 1804 1963; x_wconf 90' lang='lat' dir='ltr'><strong>sumus</strong></span> <span class='ocrx_word' id='word_1_135' title='bbox 1831 1914 2066 1983; x_wconf 86' lang='lat' dir='ltr'><strong>cogitare</strong></span> <span class='ocrx_word' id='word_1_136' title='bbox 2092 1880 2188 1973; x_wconf 12' lang='lat' dir='ltr'><strong>ali-ﬁ</strong></span> 
     </span>
    </p>
   </div>
   <div class='ocr_carea' id='block_1_19' title="bbox 617 1974 2186 2065">
    <p class='ocr_par' dir='ltr' id='par_1_19' title="bbox 617 1974 2186 2065">
     <span class='ocr_line' id='line_1_19' title="bbox 617 1974 2186 2065; baseline 0.025 -39"><span class='ocrx_word' id='word_1_137' title='bbox 617 1974 764 2043; x_wconf 89' lang='lat' dir='ltr'><strong>quid,</strong></span> <span class='ocrx_word' id='word_1_138' title='bbox 796 1980 946 2046; x_wconf 91' lang='lat' dir='ltr'><strong>quasi</strong></span> <span class='ocrx_word' id='word_1_139' title='bbox 983 1998 1050 2037; x_wconf 85' lang='lat' dir='ltr'><strong>ex</strong></span> <span class='ocrx_word' id='word_1_140' title='bbox 1081 1985 1501 2063; x_wconf 80' lang='lat' dir='ltr'><strong>nobismetipsis,</strong></span> <span class='ocrx_word' id='word_1_141' title='bbox 1535 1998 1625 2050; x_wconf 90' lang='lat' dir='ltr'><strong>sed</strong></span> <span class='ocrx_word' id='word_1_142' title='bbox 1659 2000 1973 2059; x_wconf 89' lang='lat' dir='ltr'><strong>sufficientia</strong></span> <span class='ocrx_word' id='word_1_143' title='bbox 2005 2018 2186 2065; x_wconf 89' lang='lat' dir='ltr'><strong>nostra</strong></span> 
     </span>
    </p>
   </div>
   <div class='ocr_carea' id='block_1_20' title="bbox 608 2065 2177 2155">
    <p class='ocr_par' dir='ltr' id='par_1_20' title="bbox 608 2065 2177 2155">
     <span class='ocr_line' id='line_1_20' title="bbox 608 2065 2177 2155; baseline 0.025 -39"><span class='ocrx_word' id='word_1_144' title='bbox 608 2078 672 2117; x_wconf 86' lang='lat' dir='ltr'><strong>ex</strong></span> <span class='ocrx_word' id='word_1_145' title='bbox 715 2065 824 2122; x_wconf 85' lang='lat' dir='ltr'><strong>Deo</strong></span> <span class='ocrx_word' id='word_1_146' title='bbox 854 2079 935 2125; x_wconf 90' lang='lat' dir='ltr'><strong>est</strong></span> <span class='ocrx_word' id='word_1_147' title='bbox 967 2072 1035 2142; x_wconf 92' lang='lat' dir='ltr'><strong>(ll</strong></span> <span class='ocrx_word' id='word_1_148' title='bbox 1060 2074 1177 2133; x_wconf 85' lang='lat' dir='ltr'><strong>Cor.</strong></span> <span class='ocrx_word' id='word_1_149' title='bbox 1214 2094 1291 2143; x_wconf 85' lang='lat' dir='ltr'><strong>Ill,</strong></span> <span class='ocrx_word' id='word_1_150' title='bbox 1326 2082 1412 2151; x_wconf 86' lang='lat'><strong>5);</strong></span> <span class='ocrx_word' id='word_1_151' title='bbox 1446 2094 1535 2139; x_wconf 88' lang='lat' dir='ltr'><strong>et:</strong></span> <span class='ocrx_word' id='word_1_152' title='bbox 1566 2087 1833 2147; x_wconf 84' lang='lat' dir='ltr'><strong>Habemus</strong></span> <span class='ocrx_word' id='word_1_153' title='bbox 1868 2096 2177 2155; x_wconf 88' lang='lat' dir='ltr'><strong>thesaurum</strong></span> 
     </span>
    </p>
   </div>
   <div class='ocr_carea' id='block_1_21' title="bbox 612 2155 2184 2249">
    <p class='ocr_par' dir='ltr' id='par_1_21' title="bbox 612 2155 2184 2249">
     <span class='ocr_line' id='line_1_21' title="bbox 612 2155 2184 2249; baseline 0.025 -40"><span class='ocrx_word' id='word_1_154' title='bbox 612 2155 773 2212; x_wconf 83' lang='lat' dir='ltr'><strong>istum</strong></span> <span class='ocrx_word' id='word_1_155' title='bbox 822 2163 872 2215; x_wconf 92' lang='lat' dir='ltr'><strong>in</strong></span> <span class='ocrx_word' id='word_1_156' title='bbox 914 2165 1055 2221; x_wconf 85' lang='lat' dir='ltr'><strong>vasis</strong></span> <span class='ocrx_word' id='word_1_157' title='bbox 1094 2157 1366 2240; x_wconf 81' lang='lat' dir='ltr'><strong>fictilibus,</strong></span> <span class='ocrx_word' id='word_1_158' title='bbox 1421 2186 1477 2231; x_wconf 92' lang='lat' dir='ltr'><strong>ut</strong></span> <span class='ocrx_word' id='word_1_159' title='bbox 1521 2181 1807 2239; x_wconf 86' lang='lat' dir='ltr'><strong>eminentia</strong></span> <span class='ocrx_word' id='word_1_160' title='bbox 1863 2190 2073 2248; x_wconf 92' lang='lat' dir='ltr'><strong>virtutis</strong></span> <span class='ocrx_word' id='word_1_161' title='bbox 2114 2195 2184 2249; x_wconf 88' lang='lat' dir='ltr'><strong>sit</strong></span> 
     </span>
    </p>
   </div>
   <div class='ocr_carea' id='block_1_22' title="bbox 562 2246 2181 2340">
    <p class='ocr_par' dir='ltr' id='par_1_22' title="bbox 562 2246 2181 2340">
     <span class='ocr_line' id='line_1_22' title="bbox 562 2246 2181 2340; baseline 0.025 -42"><span class='ocrx_word' id='word_1_162' title='bbox 562 2249 567 2255; x_wconf 87' lang='grc'><em>’</em></span> <span class='ocrx_word' id='word_1_163' title='bbox 603 2246 698 2302; x_wconf 91' lang='lat' dir='ltr'><strong>Dei</strong></span> <span class='ocrx_word' id='word_1_164' title='bbox 730 2259 785 2304; x_wconf 87' lang='lat' dir='ltr'><strong>et</strong></span> <span class='ocrx_word' id='word_1_165' title='bbox 815 2267 916 2307; x_wconf 90' lang='lat' dir='ltr'><strong>non</strong></span> <span class='ocrx_word' id='word_1_166' title='bbox 948 2270 1013 2310; x_wconf 84' lang='lat' dir='ltr'><strong>ex</strong></span> <span class='ocrx_word' id='word_1_167' title='bbox 1041 2260 1194 2314; x_wconf 91' lang='lat' dir='ltr'><strong>nobis</strong></span> <span class='ocrx_word' id='word_1_168' title='bbox 1230 2264 1291 2333; x_wconf 93' lang='lat' dir='ltr'><strong>(ll</strong></span> <span class='ocrx_word' id='word_1_169' title='bbox 1320 2264 1436 2319; x_wconf 87' lang='lat' dir='ltr'><strong>Cor.</strong></span> <span class='ocrx_word' id='word_1_170' title='bbox 1468 2283 1541 2334; x_wconf 89' lang='lat' dir='ltr'><strong>tv,</strong></span> <span class='ocrx_word' id='word_1_171' title='bbox 1572 2271 1663 2340; x_wconf 81' lang='lat'><strong>7);</strong></span> <span class='ocrx_word' id='word_1_172' title='bbox 1697 2282 1742 2326; x_wconf 87' lang='lat' dir='ltr'><strong>et</strong></span> <span class='ocrx_word' id='word_1_173' title='bbox 1784 2277 2181 2339; x_wconf 82' lang='lat' dir='ltr'><strong>innumerabilia</strong></span> 
     </span>
    </p>
   </div>
   <div class='ocr_carea' id='block_1_23' title="bbox 601 2339 2177 2447">
    <p class='ocr_par' dir='ltr' id='par_1_23' title="bbox 601 2339 2177 2447">
     <span class='ocr_line' id='line_1_23' title="bbox 601 2339 2177 2447; baseline 0.025 -55"><span class='ocrx_word' id='word_1_174' title='bbox 601 2339 747 2408; x_wconf 86' lang='lat' dir='ltr'><strong>talia,</strong></span> <span class='ocrx_word' id='word_1_175' title='bbox 770 2360 883 2413; x_wconf 75' lang='lat' dir='ltr'><strong>quw</strong></span> <span class='ocrx_word' id='word_1_176' title='bbox 907 2348 970 2402; x_wconf 90' lang='lat' dir='ltr'><strong>de</strong></span> <span class='ocrx_word' id='word_1_177' title='bbox 1006 2350 1289 2423; x_wconf 85' lang='lat' dir='ltr'><strong>Scripturis</strong></span> <span class='ocrx_word' id='word_1_178' title='bbox 1318 2360 1547 2416; x_wconf 81' lang='lat' dir='ltr'><strong>omnibus</strong></span> <span class='ocrx_word' id='word_1_179' title='bbox 1585 2339 1631 2417; x_wconf 87' lang='lat' dir='ltr'><strong>si</strong></span> <span class='ocrx_word' id='word_1_180' title='bbox 1683 2368 1921 2440; x_wconf 83' lang='lat' dir='ltr'><strong>colligere</strong></span> <span class='ocrx_word' id='word_1_181' title='bbox 1948 2376 2177 2447; x_wconf 78' lang='lat' dir='ltr'><strong>velimus,</strong></span> 
     </span>
    </p>
   </div>
   <div class='ocr_carea' id='block_1_24' title="bbox 600 2442 2177 2536">
    <p class='ocr_par' dir='ltr' id='par_1_24' title="bbox 600 2442 2177 2536">
     <span class='ocr_line' id='line_1_24' title="bbox 600 2442 2177 2536; baseline 0.026 -53"><span class='ocrx_word' id='word_1_182' title='bbox 600 2442 795 2504; x_wconf 85' lang='lat' dir='ltr'><strong>tempus</strong></span> <span class='ocrx_word' id='word_1_183' title='bbox 825 2454 924 2492; x_wconf 88' lang='lat' dir='ltr'><strong>non</strong></span> <span class='ocrx_word' id='word_1_184' title='bbox 965 2443 1199 2511; x_wconf 72' lang='lat' dir='ltr'><strong>sufﬁciat.</strong></span> <span class='ocrx_word' id='word_1_185' title='bbox 1236 2448 1643 2510; x_wconf 76' lang='lat' dir='ltr'><strong>Recordaudum</strong></span> <span class='ocrx_word' id='word_1_186' title='bbox 1681 2458 1795 2515; x_wconf 72' lang='lat' dir='ltr'><strong>haec</strong></span> <span class='ocrx_word' id='word_1_187' title='bbox 1838 2466 2015 2520; x_wconf 92' lang='lat' dir='ltr'><strong>omnia</strong></span> <span class='ocrx_word' id='word_1_188' title='bbox 2049 2484 2177 2536; x_wconf 87' lang='lat' dir='ltr'><strong>pro-</strong></span> 
     </span>
    </p>
   </div>
   <div class='ocr_carea' id='block_1_25' title="bbox 601 2523 2174 2628">
    <p class='ocr_par' dir='ltr' id='par_1_25' title="bbox 601 2523 2174 2628">
     <span class='ocr_line' id='line_1_25' title="bbox 601 2523 2174 2628; baseline 0.023 -49"><span class='ocrx_word' id='word_1_189' title='bbox 601 2523 725 2581; x_wconf 80' lang='lat' dir='ltr'><strong>ferri</strong></span> <span class='ocrx_word' id='word_1_190' title='bbox 756 2540 809 2583; x_wconf 91' lang='lat' dir='ltr'><strong>ut</strong></span> <span class='ocrx_word' id='word_1_191' title='bbox 833 2534 1087 2600; x_wconf 92' lang='lat' dir='ltr'><strong>probetur</strong></span> <span class='ocrx_word' id='word_1_192' title='bbox 1110 2540 1280 2609; x_wconf 87' lang='lat' dir='ltr'><strong>gratia</strong></span> <span class='ocrx_word' id='word_1_193' title='bbox 1310 2558 1469 2612; x_wconf 90' lang='lat' dir='ltr'><strong>quam</strong></span> <span class='ocrx_word' id='word_1_194' title='bbox 1501 2545 1902 2624; x_wconf 87' lang='lat' dir='ltr'><strong>descripsimus,</strong></span> <span class='ocrx_word' id='word_1_195' title='bbox 1946 2556 2047 2613; x_wconf 92' lang='lat' dir='ltr'><strong>hoc</strong></span> <span class='ocrx_word' id='word_1_196' title='bbox 2072 2569 2174 2628; x_wconf 90' lang='lat' dir='ltr'><strong>est,</strong></span> 
     </span>
    </p>
   </div>
   <div class='ocr_carea' id='block_1_26' title="bbox 596 2617 2175 2709">
    <p class='ocr_par' dir='ltr' id='par_1_26' title="bbox 596 2617 2175 2709">
     <span class='ocr_line' id='line_1_26' title="bbox 596 2617 2175 2709; baseline 0.023 -37"><span class='ocrx_word' id='word_1_197' title='bbox 596 2617 838 2677; x_wconf 91' lang='lat' dir='ltr'><strong>internus</strong></span> <span class='ocrx_word' id='word_1_198' title='bbox 864 2626 1070 2682; x_wconf 86' lang='lat' dir='ltr'><strong>afflatus</strong></span> <span class='ocrx_word' id='word_1_199' title='bbox 1101 2631 1251 2701; x_wconf 87' lang='lat' dir='ltr'><strong>isque</strong></span> <span class='ocrx_word' id='word_1_200' title='bbox 1275 2640 1626 2709; x_wconf 90' lang='lat' dir='ltr'><strong>necessarius,</strong></span> <span class='ocrx_word' id='word_1_201' title='bbox 1658 2652 1717 2697; x_wconf 92' lang='lat' dir='ltr'><strong>ut</strong></span> <span class='ocrx_word' id='word_1_202' title='bbox 1738 2644 1951 2703; x_wconf 90' lang='lat' dir='ltr'><strong>Christo</strong></span> <span class='ocrx_word' id='word_1_203' title='bbox 1982 2653 2175 2707; x_wconf 86' lang='lat' dir='ltr'><strong>creda-</strong></span> 
     </span>
    </p>
   </div>
   <div class='ocr_carea' id='block_1_27' title="bbox 594 2716 2174 2799">
    <p class='ocr_par' dir='ltr' id='par_1_27' title="bbox 594 2716 2174 2799">
     <span class='ocr_line' id='line_1_27' title="bbox 594 2716 2174 2799; baseline 0.023 -38"><span class='ocrx_word' id='word_1_204' title='bbox 594 2723 746 2775; x_wconf 89' lang='lat' dir='ltr'><strong>mus;</strong></span> <span class='ocrx_word' id='word_1_205' title='bbox 780 2729 878 2768; x_wconf 92' lang='lat' dir='ltr'><strong>nec</strong></span> <span class='ocrx_word' id='word_1_206' title='bbox 905 2716 1121 2774; x_wconf 92' lang='lat' dir='ltr'><strong>dubium</strong></span> <span class='ocrx_word' id='word_1_207' title='bbox 1160 2733 1244 2777; x_wconf 90' lang='lat' dir='ltr'><strong>est</strong></span> <span class='ocrx_word' id='word_1_208' title='bbox 1291 2728 1418 2795; x_wconf 93' lang='lat' dir='ltr'><strong>quin</strong></span> <span class='ocrx_word' id='word_1_209' title='bbox 1453 2731 1723 2797; x_wconf 90' lang='lat' dir='ltr'><strong>potissima</strong></span> <span class='ocrx_word' id='word_1_210' title='bbox 1752 2734 1866 2792; x_wconf 92' lang='lat' dir='ltr'><strong>loca</strong></span> <span class='ocrx_word' id='word_1_211' title='bbox 1914 2738 2028 2795; x_wconf 66' lang='lat' dir='ltr'><strong>haec</strong></span> <span class='ocrx_word' id='word_1_212' title='bbox 2054 2757 2174 2799; x_wconf 87' lang='lat' dir='ltr'><strong>esse</strong></span> 
     </span>
    </p>
   </div>
   <div class='ocr_carea' id='block_1_28' title="bbox 591 2803 2169 2900">
    <p class='ocr_par' dir='ltr' id='par_1_28' title="bbox 591 2803 2169 2900">
     <span class='ocr_line' id='line_1_28' title="bbox 591 2803 2169 2900; baseline 0.024 -49"><span class='ocrx_word' id='word_1_213' title='bbox 591 2803 829 2867; x_wconf 90' lang='lat' dir='ltr'><strong>putarint</strong></span> <span class='ocrx_word' id='word_1_214' title='bbox 865 2809 1057 2875; x_wconf 88' lang='lat' dir='ltr'><strong>synodi</strong></span> <span class='ocrx_word' id='word_1_215' title='bbox 1087 2810 1273 2869; x_wconf 86' lang='lat' dir='ltr'><strong>Patres</strong></span> <span class='ocrx_word' id='word_1_216' title='bbox 1312 2818 1506 2885; x_wconf 88' lang='lat' dir='ltr'><strong>quibus</strong></span> <span class='ocrx_word' id='word_1_217' title='bbox 1530 2822 1948 2894; x_wconf 91' lang='lat' dir='ltr'><strong>Pelagianismus</strong></span> <span class='ocrx_word' id='word_1_218' title='bbox 1980 2834 2169 2900; x_wconf 84' lang='lat' dir='ltr'><strong>profli-</strong></span> 
     </span>
    </p>
   </div>
   <div class='ocr_carea' id='block_1_29' title="bbox 587 2891 2169 2994">
    <p class='ocr_par' dir='ltr' id='par_1_29' title="bbox 587 2891 2169 2994">
     <span class='ocr_line' id='line_1_29' title="bbox 587 2891 2169 2994; baseline 0.026 -53"><span class='ocrx_word' id='word_1_219' title='bbox 587 2891 700 2958; x_wconf 87' lang='lat' dir='ltr'><strong>gari</strong></span> <span class='ocrx_word' id='word_1_220' title='bbox 732 2903 960 2962; x_wconf 86' lang='lat' dir='ltr'><strong>poterat.</strong></span> <span class='ocrx_word' id='word_1_221' title='bbox 999 2899 1160 2970; x_wconf 86' lang='lat' dir='ltr'><strong>Atqui</strong></span> <span class='ocrx_word' id='word_1_222' title='bbox 1192 2920 1258 2959; x_wconf 92' lang='lat' dir='ltr'><strong>ne</strong></span> <span class='ocrx_word' id='word_1_223' title='bbox 1301 2922 1439 2964; x_wconf 92' lang='lat' dir='ltr'><strong>unus</strong></span> <span class='ocrx_word' id='word_1_224' title='bbox 1468 2891 1681 2980; x_wconf 83' lang='lat' dir='ltr'><strong>quidem</strong></span> <span class='ocrx_word' id='word_1_225' title='bbox 1711 2919 1900 2985; x_wconf 85' lang='lat' dir='ltr'><strong>probat</strong></span> <span class='ocrx_word' id='word_1_226' title='bbox 1925 2891 1994 2975; x_wconf 45' lang='lat' dir='ltr'><strong>id.</strong></span> <span class='ocrx_word' id='word_1_227' title='bbox 2026 2927 2169 2994; x_wconf 91' lang='lat' dir='ltr'><strong>quod</strong></span> 
     </span>
    </p>
   </div>
   <div class='ocr_carea' id='block_1_30' title="bbox 587 2983 2169 3075">
    <p class='ocr_par' dir='ltr' id='par_1_30' title="bbox 587 2983 2169 3075">
     <span class='ocr_line' id='line_1_30' title="bbox 587 2983 2169 3075; baseline 0.025 -41"><span class='ocrx_word' id='word_1_228' title='bbox 587 2983 794 3051; x_wconf 89' lang='lat' dir='ltr'><strong>volunt;</strong></span> <span class='ocrx_word' id='word_1_229' title='bbox 819 3004 937 3057; x_wconf 69' lang='lat' dir='ltr'><strong>qua:</strong></span> <span class='ocrx_word' id='word_1_230' title='bbox 966 2993 1101 3048; x_wconf 86' lang='lat' dir='ltr'><strong>ratio</strong></span> <span class='ocrx_word' id='word_1_231' title='bbox 1119 2997 1315 3053; x_wconf 90' lang='lat' dir='ltr'><strong>citandi</strong></span> <span class='ocrx_word' id='word_1_232' title='bbox 1341 3002 1667 3073; x_wconf 88' lang='lat' dir='ltr'><strong>Scripturam</strong></span> <span class='ocrx_word' id='word_1_233' title='bbox 1695 2983 1791 3065; x_wconf 80' lang='lat' dir='ltr'><strong>fuit</strong></span> <span class='ocrx_word' id='word_1_234' title='bbox 1824 3013 2037 3070; x_wconf 90' lang='lat' dir='ltr'><strong>illorum</strong></span> <span class='ocrx_word' id='word_1_235' title='bbox 2066 3033 2169 3075; x_wconf 71' lang='lat' dir='ltr'><strong>sae-</strong></span> 
     </span>
    </p>
   </div>
   <div class='ocr_carea' id='block_1_31' title="bbox 585 3075 2161 3178">
    <p class='ocr_par' dir='ltr' id='par_1_31' title="bbox 585 3075 2161 3178">
     <span class='ocr_line' id='line_1_31' title="bbox 585 3075 2161 3178; baseline 0.024 -51"><span class='ocrx_word' id='word_1_236' title='bbox 585 3075 844 3145; x_wconf 89' lang='lat' dir='ltr'><strong>culorum,</strong></span> <span class='ocrx_word' id='word_1_237' title='bbox 863 3083 1054 3159; x_wconf 88' lang='lat' dir='ltr'><strong>quibus</strong></span> <span class='ocrx_word' id='word_1_238' title='bbox 1081 3080 1197 3143; x_wconf 82' lang='lat' dir='ltr'><strong>soni</strong></span> <span class='ocrx_word' id='word_1_239' title='bbox 1224 3092 1555 3163; x_wconf 88' lang='lat' dir='ltr'><strong>singulorum</strong></span> <span class='ocrx_word' id='word_1_240' title='bbox 1576 3102 1984 3174; x_wconf 87' lang='lat' dir='ltr'><strong>vocabulorum,</strong></span> <span class='ocrx_word' id='word_1_241' title='bbox 2006 3124 2161 3178; x_wconf 84' lang='lat' dir='ltr'><strong>quam</strong></span> 
     </span>
    </p>
   </div>
   <div class='ocr_carea' id='block_1_32' title="bbox 584 3156 2159 3261">
    <p class='ocr_par' dir='ltr' id='par_1_32' title="bbox 584 3156 2159 3261">
     <span class='ocr_line' id='line_1_32' title="bbox 1309 3156 2159 3178; baseline 0.027 -15"><span class='ocrx_word' id='word_1_242' title='bbox 1309 3156 1335 3163; x_wconf 76' lang='lat'><strong>-</strong></span> <span class='ocrx_word' id='word_1_243' title='bbox 1818 3156 1853 3157; x_wconf 46' lang='grc' dir='ltr'><strong><em>π</em></strong></span> <span class='ocrx_word' id='word_1_244' title='bbox 1879 3156 1984 3174; x_wconf 39' lang='grc' dir='ltr'><strong>*ν’-ι</strong></span> <span class='ocrx_word' id='word_1_245' title='bbox 2010 3156 2159 3178; x_wconf 82' lang='grc' dir='ltr'><strong>“ι“·“·’“</strong></span> 
     </span>
     <span class='ocr_line' id='line_1_33' title="bbox 584 3156 2159 3261; baseline 0.025 -44"><span class='ocrx_word' id='word_1_246' title='bbox 584 3170 861 3224; x_wconf 69' lang='lat' dir='ltr'><strong>sententia:</strong></span> <span class='ocrx_word' id='word_1_247' title='bbox 887 3156 1147 3243; x_wconf 80' lang='lat' dir='ltr'><strong>lucorum,</strong></span> <span class='ocrx_word' id='word_1_248' title='bbox 1178 3195 1276 3248; x_wconf 93' lang='lat' dir='ltr'><strong>pro</strong></span> <span class='ocrx_word' id='word_1_249' title='bbox 1303 3186 1560 3241; x_wconf 89' lang='lat' dir='ltr'><strong>orationis</strong></span> <span class='ocrx_word' id='word_1_250' title='bbox 1592 3191 1751 3246; x_wconf 90' lang='lat' dir='ltr'><strong>totius</strong></span> <span class='ocrx_word' id='word_1_251' title='bbox 1782 3196 1943 3261; x_wconf 91' lang='lat' dir='ltr'><strong>serie,</strong></span> <span class='ocrx_word' id='word_1_252' title='bbox 1994 3203 2159 3257; x_wconf 92' lang='lat' dir='ltr'><strong>multo</strong></span> 
     </span>
    </p>
   </div>
   <div class='ocr_carea' id='block_1_33' title="bbox 583 3257 2157 3347">
    <p class='ocr_par' dir='ltr' id='par_1_33' title="bbox 583 3257 2157 3347">
     <span class='ocr_line' id='line_1_34' title="bbox 583 3257 2157 3347; baseline 0.026 -40"><span class='ocrx_word' id='word_1_253' title='bbox 583 3257 755 3325; x_wconf 89' lang='lat' dir='ltr'><strong>major</strong></span> <span class='ocrx_word' id='word_1_254' title='bbox 780 3262 915 3317; x_wconf 89' lang='lat' dir='ltr'><strong>ratio</strong></span> <span class='ocrx_word' id='word_1_255' title='bbox 944 3264 1255 3325; x_wconf 88' lang='lat' dir='ltr'><strong>habebatur.</strong></span> <span class='ocrx_word' id='word_1_256' title='bbox 1290 3274 1482 3331; x_wconf 89' lang='lat' dir='ltr'><strong>Statim</strong></span> <span class='ocrx_word' id='word_1_257' title='bbox 1516 3279 1655 3334; x_wconf 89' lang='lat' dir='ltr'><strong>enim</strong></span> <span class='ocrx_word' id='word_1_258' title='bbox 1681 3297 1743 3337; x_wconf 90' lang='lat' dir='ltr'><strong>ac</strong></span> <span class='ocrx_word' id='word_1_259' title='bbox 1770 3298 1934 3341; x_wconf 92' lang='lat' dir='ltr'><strong>sonus</strong></span> <span class='ocrx_word' id='word_1_260' title='bbox 1965 3292 2157 3347; x_wconf 87' lang='lat' dir='ltr'><strong>verbo-</strong></span> 
     </span>
    </p>
   </div>
   <div class='ocr_carea' id='block_1_34' title="bbox 580 3358 2154 3452">
    <p class='ocr_par' dir='ltr' id='par_1_34' title="bbox 580 3358 2154 3452">
     <span class='ocr_line' id='line_1_35' title="bbox 580 3358 2154 3452; baseline 0.027 -54"><span class='ocrx_word' id='word_1_261' title='bbox 580 3358 695 3406; x_wconf 90' lang='lat' dir='ltr'><strong>rum</strong></span> <span class='ocrx_word' id='word_1_262' title='bbox 745 3365 849 3405; x_wconf 90' lang='lat' dir='ltr'><strong>non</strong></span> <span class='ocrx_word' id='word_1_263' title='bbox 904 3370 1123 3422; x_wconf 88' lang='lat' dir='ltr'><strong>prorsus</strong></span> <span class='ocrx_word' id='word_1_264' title='bbox 1173 3361 1429 3421; x_wconf 90' lang='lat' dir='ltr'><strong>abludere</strong></span> <span class='ocrx_word' id='word_1_265' title='bbox 1468 3370 1746 3428; x_wconf 91' lang='lat' dir='ltr'><strong>videbatur</strong></span> <span class='ocrx_word' id='word_1_266' title='bbox 1790 3376 1857 3432; x_wconf 90' lang='lat' dir='ltr'><strong>ab</strong></span> <span class='ocrx_word' id='word_1_267' title='bbox 1899 3394 1965 3433; x_wconf 92' lang='lat' dir='ltr'><strong>eo</strong></span> <span class='ocrx_word' id='word_1_268' title='bbox 2013 3384 2154 3452; x_wconf 92' lang='lat' dir='ltr'><strong>quod</strong></span> 
     </span>
    </p>
   </div>
   <div class='ocr_carea' id='block_1_35' title="bbox 578 3437 2149 3542">
    <p class='ocr_par' dir='ltr' id='par_1_35' title="bbox 578 3437 2149 3542">
     <span class='ocr_line' id='line_1_36' title="bbox 578 3437 2149 3542; baseline 0.027 -55"><span class='ocrx_word' id='word_1_269' title='bbox 578 3437 853 3506; x_wconf 79' lang='lat' dir='ltr'><strong>agebatur,</strong></span> <span class='ocrx_word' id='word_1_270' title='bbox 887 3459 972 3499; x_wconf 90' lang='lat' dir='ltr'><strong>res</strong></span> <span class='ocrx_word' id='word_1_271' title='bbox 998 3448 1241 3505; x_wconf 84' lang='lat' dir='ltr'><strong>confecta</strong></span> <span class='ocrx_word' id='word_1_272' title='bbox 1276 3456 1578 3528; x_wconf 89' lang='lat' dir='ltr'><strong>putabatur,</strong></span> <span class='ocrx_word' id='word_1_273' title='bbox 1607 3471 1663 3516; x_wconf 90' lang='lat' dir='ltr'><strong>et</strong></span> <span class='ocrx_word' id='word_1_274' title='bbox 1694 3467 1973 3532; x_wconf 89' lang='lat' dir='ltr'><strong>probatum</strong></span> <span class='ocrx_word' id='word_1_275' title='bbox 2008 3437 2149 3542; x_wconf 70' lang='lat' dir='ltr'><strong>quod</strong></span> 
     </span>
    </p>
   </div>
   <div class='ocr_carea' id='block_1_36' title="bbox 576 3530 2149 3623">
    <p class='ocr_par' dir='ltr' id='par_1_36' title="bbox 576 3530 2149 3623">
     <span class='ocr_line' id='line_1_37' title="bbox 576 3530 2149 3623; baseline 0.026 -44"><span class='ocrx_word' id='word_1_276' title='bbox 576 3537 691 3582; x_wconf 90' lang='lat' dir='ltr'><strong>erat</strong></span> <span class='ocrx_word' id='word_1_277' title='bbox 736 3530 787 3584; x_wconf 93' lang='lat' dir='ltr'><strong>in</strong></span> <span class='ocrx_word' id='word_1_278' title='bbox 817 3541 1203 3594; x_wconf 88' lang='lat' dir='ltr'><strong>controversia.</strong></span> <span class='ocrx_word' id='word_1_279' title='bbox 1238 3544 1472 3612; x_wconf 82' lang='lat' dir='ltr'><strong>Scilicet,</strong></span> <span class='ocrx_word' id='word_1_280' title='bbox 1506 3549 1871 3623; x_wconf 88' lang='lat' dir='ltr'><strong>declamitare,</strong></span> <span class='ocrx_word' id='word_1_281' title='bbox 1906 3570 1973 3615; x_wconf 70' lang='lat' dir='ltr'><strong>&#39;et</strong></span> <span class='ocrx_word' id='word_1_282' title='bbox 2012 3565 2149 3619; x_wconf 86' lang='lat' dir='ltr'><strong>effu-</strong></span> 
     </span>
    </p>
   </div>
   <div class='ocr_carea' id='block_1_37' title="bbox 574 3618 2148 3712">
    <p class='ocr_par' dir='ltr' id='par_1_37' title="bbox 574 3618 2148 3712">
     <span class='ocr_line' id='line_1_38' title="bbox 574 3618 2148 3712; baseline 0.027 -43"><span class='ocrx_word' id='word_1_283' title='bbox 574 3618 675 3673; x_wconf 90' lang='lat' dir='ltr'><strong>tire</strong></span> <span class='ocrx_word' id='word_1_284' title='bbox 704 3620 956 3693; x_wconf 91' lang='lat' dir='ltr'><strong>quidquid</strong></span> <span class='ocrx_word' id='word_1_285' title='bbox 986 3627 1036 3681; x_wconf 92' lang='lat' dir='ltr'><strong>in</strong></span> <span class='ocrx_word' id='word_1_286' title='bbox 1066 3644 1127 3684; x_wconf 91' lang='lat' dir='ltr'><strong>os</strong></span> <span class='ocrx_word' id='word_1_287' title='bbox 1156 3634 1401 3690; x_wconf 88' lang='lat' dir='ltr'><strong>veniebat</strong></span> <span class='ocrx_word' id='word_1_288' title='bbox 1426 3639 1563 3708; x_wconf 89' lang='lat' dir='ltr'><strong>apud</strong></span> <span class='ocrx_word' id='word_1_289' title='bbox 1596 3644 1809 3712; x_wconf 90' lang='lat' dir='ltr'><strong>plebem</strong></span> <span class='ocrx_word' id='word_1_290' title='bbox 1833 3618 2148 3711; x_wconf 80' lang='lat' dir='ltr'><strong>excommu-</strong></span> 
     </span>
    </p>
   </div>
   <div class='ocr_carea' id='block_1_38' title="bbox 569 3710 2147 3809">
    <p class='ocr_par' dir='ltr' id='par_1_38' title="bbox 569 3710 2147 3809">
     <span class='ocr_line' id='line_1_39' title="bbox 569 3710 2147 3809; baseline 0.025 -45"><span class='ocrx_word' id='word_1_291' title='bbox 569 3710 874 3783; x_wconf 86' lang='lat' dir='ltr'><strong>nicandam,</strong></span> <span class='ocrx_word' id='word_1_292' title='bbox 908 3720 948 3773; x_wconf 92' lang='lat' dir='ltr'><strong>si</strong></span> <span class='ocrx_word' id='word_1_293' title='bbox 984 3720 1121 3777; x_wconf 90' lang='lat' dir='ltr'><strong>forte</strong></span> <span class='ocrx_word' id='word_1_294' title='bbox 1155 3741 1183 3778; x_wconf 85' lang='lat' dir='ltr'><strong>a</strong></span> <span class='ocrx_word' id='word_1_295' title='bbox 1227 3726 1559 3789; x_wconf 89' lang='lat' dir='ltr'><strong>declamante</strong></span> <span class='ocrx_word' id='word_1_296' title='bbox 1601 3736 1931 3809; x_wconf 89' lang='lat' dir='ltr'><strong>dissentiret,</strong></span> <span class='ocrx_word' id='word_1_297' title='bbox 1979 3750 2147 3805; x_wconf 92' lang='lat' dir='ltr'><strong>multo</strong></span> 
     </span>
    </p>
   </div>
   <div class='ocr_carea' id='block_1_39' title="bbox 568 3801 2143 3905">
    <p class='ocr_par' dir='ltr' id='par_1_39' title="bbox 568 3801 2143 3905">
     <span class='ocr_line' id='line_1_40' title="bbox 568 3801 2143 3905; baseline 0.025 -50"><span class='ocrx_word' id='word_1_298' title='bbox 568 3801 775 3861; x_wconf 87' lang='lat' dir='ltr'><strong>facilius</strong></span> <span class='ocrx_word' id='word_1_299' title='bbox 803 3807 920 3875; x_wconf 91' lang='lat' dir='ltr'><strong>fuit,</strong></span> <span class='ocrx_word' id='word_1_300' title='bbox 953 3826 1107 3881; x_wconf 91' lang='lat' dir='ltr'><strong>quam</strong></span> <span class='ocrx_word' id='word_1_301' title='bbox 1137 3817 1335 3873; x_wconf 71' lang='lat' dir='ltr'><strong>critica:</strong></span> <span class='ocrx_word' id='word_1_302' title='bbox 1357 3823 1551 3878; x_wconf 90' lang='lat' dir='ltr'><strong>seriam</strong></span> <span class='ocrx_word' id='word_1_303' title='bbox 1584 3842 1801 3897; x_wconf 90' lang='lat' dir='ltr'><strong>operam</strong></span> <span class='ocrx_word' id='word_1_304' title='bbox 1833 3833 1980 3891; x_wconf 91' lang='lat' dir='ltr'><strong>dare.</strong></span> <span class='ocrx_word' id='word_1_305' title='bbox 2018 3837 2143 3905; x_wconf 86' lang='lat' dir='ltr'><strong>Spi-</strong></span> 
     </span>
    </p>
   </div>
   <div class='ocr_carea' id='block_1_40' title="bbox 567 3894 2140 4002">
    <p class='ocr_par' dir='ltr' id='par_1_40' title="bbox 567 3894 2140 4002">
     <span class='ocr_line' id='line_1_41' title="bbox 567 3894 2140 4002; baseline 0.027 -55"><span class='ocrx_word' id='word_1_306' title='bbox 567 3894 691 3949; x_wconf 84' lang='lat' dir='ltr'><strong>ritus</strong></span> <span class='ocrx_word' id='word_1_307' title='bbox 719 3900 805 3968; x_wconf 89' lang='lat' dir='ltr'><strong>qui</strong></span> <span class='ocrx_word' id='word_1_308' title='bbox 837 3904 1049 3971; x_wconf 84' lang='lat' dir='ltr'><strong>adjuvat</strong></span> <span class='ocrx_word' id='word_1_309' title='bbox 1071 3909 1415 3977; x_wconf 78' lang='lat' dir='ltr'><strong>inﬁrmitatem</strong></span> <span class='ocrx_word' id='word_1_310' title='bbox 1442 3929 1685 3987; x_wconf 85' lang='lat' dir='ltr'><strong>nostram,</strong></span> <span class='ocrx_word' id='word_1_311' title='bbox 1711 3923 1776 3979; x_wconf 90' lang='lat' dir='ltr'><strong>de</strong></span> <span class='ocrx_word' id='word_1_312' title='bbox 1798 3942 1900 3995; x_wconf 90' lang='lat' dir='ltr'><strong>quo</strong></span> <span class='ocrx_word' id='word_1_313' title='bbox 1922 3928 2140 4002; x_wconf 88' lang='lat' dir='ltr'><strong>Paulus,</strong></span> 
     </span>
    </p>
   </div>
   <div class='ocr_carea' id='block_1_41' title="bbox 566 3993 2141 4082">
    <p class='ocr_par' dir='ltr' id='par_1_41' title="bbox 566 3993 2141 4082">
     <span class='ocr_line' id='line_1_42' title="bbox 566 3993 2141 4082; baseline 0.026 -40"><span class='ocrx_word' id='word_1_314' title='bbox 566 3998 647 4043; x_wconf 87' lang='lat' dir='ltr'><strong>est</strong></span> <span class='ocrx_word' id='word_1_315' title='bbox 677 3993 763 4061; x_wconf 88' lang='lat' dir='ltr'><strong>qui</strong></span> <span class='ocrx_word' id='word_1_316' title='bbox 793 4006 874 4049; x_wconf 91' lang='lat' dir='ltr'><strong>est</strong></span> <span class='ocrx_word' id='word_1_317' title='bbox 902 3998 952 4051; x_wconf 94' lang='lat' dir='ltr'><strong>in</strong></span> <span class='ocrx_word' id='word_1_318' title='bbox 981 4000 1088 4067; x_wconf 88' lang='lat' dir='ltr'><strong>jam</strong></span> <span class='ocrx_word' id='word_1_319' title='bbox 1122 4005 1478 4074; x_wconf 86' lang='lat' dir='ltr'><strong>credentibus,</strong></span> <span class='ocrx_word' id='word_1_320' title='bbox 1513 4026 1712 4079; x_wconf 83' lang='lat' dir='ltr'><strong>eosque</strong></span> <span class='ocrx_word' id='word_1_321' title='bbox 1737 4018 1787 4071; x_wconf 90' lang='lat' dir='ltr'><strong>itt</strong></span> <span class='ocrx_word' id='word_1_322' title='bbox 1810 4018 2141 4082; x_wconf 77' lang='lat' dir='ltr'><strong>orationibUS</strong></span> 
     </span>
    </p>
   </div>
   <div class='ocr_carea' id='block_1_42' title="bbox 561 4082 2140 4173">
    <p class='ocr_par' dir='ltr' id='par_1_42' title="bbox 561 4082 2140 4173">
     <span class='ocr_line' id='line_1_43' title="bbox 561 4082 2140 4173; baseline 0.025 -40"><span class='ocrx_word' id='word_1_323' title='bbox 561 4090 710 4136; x_wconf 86' lang='lat' dir='ltr'><strong>recte</strong></span> <span class='ocrx_word' id='word_1_324' title='bbox 739 4082 1024 4143; x_wconf 87' lang='lat' dir='ltr'><strong>fundendis</strong></span> <span class='ocrx_word' id='word_1_325' title='bbox 1052 4096 1187 4160; x_wconf 88' lang='lat' dir='ltr'><strong>apud</strong></span> <span class='ocrx_word' id='word_1_326' title='bbox 1220 4096 1383 4151; x_wconf 87' lang='lat' dir='ltr'><strong>Deum</strong></span> <span class='ocrx_word' id='word_1_327' title='bbox 1409 4102 1643 4169; x_wconf 87' lang='lat' dir='ltr'><strong>adjuvat.</strong></span> <span class='ocrx_word' id='word_1_328' title='bbox 1681 4106 1802 4163; x_wconf 91' lang='lat' dir='ltr'><strong>Non</strong></span> <span class='ocrx_word' id='word_1_329' title='bbox 1826 4126 1896 4165; x_wconf 82' lang='lat' dir='ltr'><strong>est</strong></span> <span class='ocrx_word' id='word_1_330' title='bbox 1927 4117 2140 4173; x_wconf 84' lang='lat' dir='ltr'><strong>volentis</strong></span> 
     </span>
    </p>
   </div>
   <div class='ocr_carea' id='block_1_43' title="bbox 561 4180 2138 4265">
    <p class='ocr_par' dir='ltr' id='par_1_43' title="bbox 561 4180 2138 4265">
     <span class='ocr_line' id='line_1_44' title="bbox 561 4180 2138 4265; baseline 0.027 -44"><span class='ocrx_word' id='word_1_331' title='bbox 561 4186 718 4239; x_wconf 84' lang='lat' dir='ltr'><strong>neque</strong></span> <span class='ocrx_word' id='word_1_332' title='bbox 746 4180 1016 4245; x_wconf 82' lang='lat' dir='ltr'><strong>currentis,</strong></span> <span class='ocrx_word' id='word_1_333' title='bbox 1046 4184 1133 4235; x_wconf 85' lang='lat' dir='ltr'><strong>sed</strong></span> <span class='ocrx_word' id='word_1_334' title='bbox 1156 4183 1251 4239; x_wconf 90' lang='lat' dir='ltr'><strong>Dei</strong></span> <span class='ocrx_word' id='word_1_335' title='bbox 1280 4191 1579 4258; x_wconf 88' lang='lat' dir='ltr'><strong>miserentis,</strong></span> <span class='ocrx_word' id='word_1_336' title='bbox 1615 4199 1754 4264; x_wconf 91' lang='lat' dir='ltr'><strong>quod</strong></span> <span class='ocrx_word' id='word_1_337' title='bbox 1785 4204 2000 4259; x_wconf 82' lang='lat' dir='ltr'><strong>verbum</strong></span> <span class='ocrx_word' id='word_1_338' title='bbox 2046 4209 2138 4265; x_wconf 89' lang='lat' dir='ltr'><strong>Dei</strong></span> 
     </span>
    </p>
   </div>
   <div class='ocr_carea' id='block_1_44' title="bbox 561 4262 2134 4363">
    <p class='ocr_par' dir='ltr' id='par_1_44' title="bbox 561 4262 2134 4363">
     <span class='ocr_line' id='line_1_45' title="bbox 561 4262 2134 4363; baseline 0.027 -51"><span class='ocrx_word' id='word_1_339' title='bbox 561 4262 787 4318; x_wconf 90' lang='lat' dir='ltr'><strong>mittitur</strong></span> <span class='ocrx_word' id='word_1_340' title='bbox 842 4269 908 4321; x_wconf 92' lang='lat' dir='ltr'><strong>ad</strong></span> <span class='ocrx_word' id='word_1_341' title='bbox 970 4275 1217 4341; x_wconf 92' lang='lat' dir='ltr'><strong>populum</strong></span> <span class='ocrx_word' id='word_1_342' title='bbox 1288 4284 1585 4351; x_wconf 84' lang='lat' dir='ltr'><strong>quempiam</strong></span> <span class='ocrx_word' id='word_1_343' title='bbox 1634 4262 1725 4344; x_wconf 17' lang='lat' dir='ltr'><strong>had</strong></span> <span class='ocrx_word' id='word_1_344' title='bbox 1776 4298 2134 4363; x_wconf 86' lang='lat' dir='ltr'><strong>cognitionem</strong></span> 
     </span>
    </p>
   </div>
   <div class='ocr_carea' id='block_1_45' title="bbox 557 4350 2135 4460">
    <p class='ocr_par' dir='ltr' id='par_1_45' title="bbox 557 4350 2135 4460">
     <span class='ocr_line' id='line_1_46' title="bbox 557 4350 2135 4460; baseline 0.027 -55"><span class='ocrx_word' id='word_1_345' title='bbox 557 4350 671 4419; x_wconf 86' lang='lat' dir='ltr'><strong>ejus</strong></span> <span class='ocrx_word' id='word_1_346' title='bbox 700 4358 1029 4425; x_wconf 87' lang='lat' dir='ltr'><strong>vocandum;</strong></span> <span class='ocrx_word' id='word_1_347' title='bbox 1058 4365 1150 4417; x_wconf 87' lang='lat' dir='ltr'><strong>sed</strong></span> <span class='ocrx_word' id='word_1_348' title='bbox 1168 4368 1288 4435; x_wconf 90' lang='lat' dir='ltr'><strong>quid</strong></span> <span class='ocrx_word' id='word_1_349' title='bbox 1312 4369 1409 4425; x_wconf 92' lang='lat' dir='ltr'><strong>hoc</strong></span> <span class='ocrx_word' id='word_1_350' title='bbox 1442 4350 1564 4430; x_wconf 88' lang='lat' dir='ltr'><strong>facit</strong></span> <span class='ocrx_word' id='word_1_351' title='bbox 1594 4379 1659 4433; x_wconf 85' lang='lat' dir='ltr'><strong>ad</strong></span> <span class='ocrx_word' id='word_1_352' title='bbox 1689 4384 1869 4439; x_wconf 85' lang='lat' dir='ltr'><strong>afflatu</strong></span> <span class='ocrx_word' id='word_1_353' title='bbox 1897 4407 1922 4438; x_wconf 87' lang='lat' dir='ltr'><strong>n</strong></span> <span class='ocrx_word' id='word_1_354' title='bbox 1956 4392 2135 4460; x_wconf 89' lang='lat' dir='ltr'><strong>singu-</strong></span> 
     </span>
    </p>
   </div>
   <div class='ocr_carea' id='block_1_46' title="bbox 555 4440 2129 4539">
    <p class='ocr_par' dir='ltr' id='par_1_46' title="bbox 555 4440 2129 4539">
     <span class='ocr_line' id='line_1_47' title="bbox 1957 4440 2107 4460; baseline 0.027 -17"><span class='ocrx_word' id='word_1_355' title='bbox 1957 4440 2107 4460; x_wconf 37' lang='grc' dir='ltr'><strong>τηοη</strong></span> 
     </span>
     <span class='ocr_line' id='line_1_48' title="bbox 555 4440 2129 4539; baseline 0.029 -45"><span class='ocrx_word' id='word_1_356' title='bbox 555 4440 763 4498; x_wconf 79' lang='lat' dir='ltr'><strong>lorum?</strong></span> <span class='ocrx_word' id='word_1_357' title='bbox 802 4445 984 4503; x_wconf 85' lang='lat' dir='ltr'><strong>Gratia</strong></span> <span class='ocrx_word' id='word_1_358' title='bbox 1021 4457 1311 4513; x_wconf 88' lang='lat' dir='ltr'><strong>secundum</strong></span> <span class='ocrx_word' id='word_1_359' title='bbox 1363 4479 1519 4531; x_wconf 87' lang='lat' dir='ltr'><strong>quam</strong></span> <span class='ocrx_word' id='word_1_360' title='bbox 1561 4484 1681 4524; x_wconf 92' lang='lat' dir='ltr'><strong>sunt</strong></span> <span class='ocrx_word' id='word_1_361' title='bbox 1731 4475 1943 4532; x_wconf 88' lang='lat' dir='ltr'><strong>diversa</strong></span> <span class='ocrx_word' id='word_1_362' title='bbox 1993 4484 2129 4539; x_wconf 89' lang='lat' dir='ltr'><strong>dona</strong></span> 
     </span>
    </p>
   </div>
   <div class='ocr_carea' id='block_1_47' title="bbox 553 4545 2129 4633">
    <p class='ocr_par' dir='ltr' id='par_1_47' title="bbox 553 4545 2129 4633">
     <span class='ocr_line' id='line_1_49' title="bbox 553 4545 2129 4633; baseline 0.029 -46"><span class='ocrx_word' id='word_1_363' title='bbox 553 4550 661 4589; x_wconf 91' lang='lat' dir='ltr'><strong>non</strong></span> <span class='ocrx_word' id='word_1_364' title='bbox 686 4548 766 4592; x_wconf 91' lang='lat' dir='ltr'><strong>est</strong></span> <span class='ocrx_word' id='word_1_365' title='bbox 791 4545 958 4609; x_wconf 81' lang='lat' dir='ltr'><strong>gratia</strong></span> <span class='ocrx_word' id='word_1_366' title='bbox 986 4559 1085 4614; x_wconf 89' lang='lat' dir='ltr'><strong>qua</strong></span> <span class='ocrx_word' id='word_1_367' title='bbox 1135 4550 1327 4620; x_wconf 86' lang='lat' dir='ltr'><strong>singuli</strong></span> <span class='ocrx_word' id='word_1_368' title='bbox 1373 4555 1552 4614; x_wconf 86' lang='lat' dir='ltr'><strong>fideles</strong></span> <span class='ocrx_word' id='word_1_369' title='bbox 1583 4562 1646 4617; x_wconf 86' lang='lat' dir='ltr'><strong>ad</strong></span> <span class='ocrx_word' id='word_1_370' title='bbox 1690 4566 1851 4623; x_wconf 92' lang='lat' dir='ltr'><strong>Deum</strong></span> <span class='ocrx_word' id='word_1_371' title='bbox 1885 4579 2129 4633; x_wconf 88' lang='lat' dir='ltr'><strong>conversi</strong></span> 
     </span>
    </p>
   </div>
   <div class='ocr_carea' id='block_1_48' title="bbox 552 4630 2132 4726">
    <p class='ocr_par' dir='ltr' id='par_1_48' title="bbox 552 4630 2132 4726">
     <span class='ocr_line' id='line_1_50' title="bbox 552 4630 2132 4726; baseline 0.03 -48"><span class='ocrx_word' id='word_1_372' title='bbox 552 4636 699 4694; x_wconf 87' lang='lat' dir='ltr'><strong>sunt,</strong></span> <span class='ocrx_word' id='word_1_373' title='bbox 728 4630 821 4684; x_wconf 90' lang='lat' dir='ltr'><strong>sed</strong></span> <span class='ocrx_word' id='word_1_374' title='bbox 852 4632 1203 4694; x_wconf 88' lang='lat' dir='ltr'><strong>beneficentia</strong></span> <span class='ocrx_word' id='word_1_375' title='bbox 1242 4646 1383 4700; x_wconf 86' lang='lat' dir='ltr'><strong>varia</strong></span> <span class='ocrx_word' id='word_1_376' title='bbox 1416 4648 1529 4717; x_wconf 92' lang='lat' dir='ltr'><strong>Dei,</strong></span> <span class='ocrx_word' id='word_1_377' title='bbox 1564 4669 1663 4721; x_wconf 87' lang='lat' dir='ltr'><strong>qua</strong></span> <span class='ocrx_word' id='word_1_378' title='bbox 1688 4658 1805 4712; x_wconf 88' lang='lat' dir='ltr'><strong>aliis</strong></span> <span class='ocrx_word' id='word_1_379' title='bbox 1829 4662 1959 4719; x_wconf 90' lang='lat' dir='ltr'><strong>alias</strong></span> <span class='ocrx_word' id='word_1_380' title='bbox 1981 4666 2132 4726; x_wconf 91' lang='lat' dir='ltr'><strong>dotes</strong></span> 
     </span>
    </p>
   </div>
   <div class='ocr_carea' id='block_1_49' title="bbox 549 4729 2118 4815">
    <p class='ocr_par' dir='ltr' id='par_1_49' title="bbox 549 4729 2118 4815">
     <span class='ocr_line' id='line_1_51' title="bbox 549 4729 2118 4815; baseline 0.029 -46"><span class='ocrx_word' id='word_1_381' title='bbox 549 4729 919 4789; x_wconf 89' lang='lat' dir='ltr'><strong>concesserat;</strong></span> <span class='ocrx_word' id='word_1_382' title='bbox 950 4741 1041 4781; x_wconf 91' lang='lat' dir='ltr'><strong>seu</strong></span> <span class='ocrx_word' id='word_1_383' title='bbox 1073 4730 1226 4785; x_wconf 91' lang='lat' dir='ltr'><strong>solita</strong></span> <span class='ocrx_word' id='word_1_384' title='bbox 1269 4749 1359 4788; x_wconf 91' lang='lat' dir='ltr'><strong>sua</strong></span> <span class='ocrx_word' id='word_1_385' title='bbox 1387 4743 1736 4815; x_wconf 82' lang='lat' dir='ltr'><strong>providentia,</strong></span> <span class='ocrx_word' id='word_1_386' title='bbox 1771 4752 1863 4806; x_wconf 90' lang='lat' dir='ltr'><strong>sed</strong></span> <span class='ocrx_word' id='word_1_387' title='bbox 1887 4766 2118 4814; x_wconf 84' lang='lat' dir='ltr'><strong>extraor-</strong></span> 
     </span>
    </p>
   </div>
   <div class='ocr_carea' id='block_1_50' title="bbox 548 4806 2122 4918">
    <p class='ocr_par' dir='ltr' id='par_1_50' title="bbox 548 4806 2122 4918">
     <span class='ocr_line' id='line_1_52' title="bbox 548 4806 2122 4918; baseline 0.03 -60"><span class='ocrx_word' id='word_1_388' title='bbox 548 4806 752 4863; x_wconf 87' lang='lat' dir='ltr'><strong>dinaria</strong></span> <span class='ocrx_word' id='word_1_389' title='bbox 781 4813 1133 4881; x_wconf 86' lang='lat' dir='ltr'><strong>spiritualium</strong></span> <span class='ocrx_word' id='word_1_390' title='bbox 1174 4822 1437 4882; x_wconf 92' lang='lat' dir='ltr'><strong>donorum</strong></span> <span class='ocrx_word' id='word_1_391' title='bbox 1477 4833 1759 4893; x_wconf 73' lang='lat' dir='ltr'><strong>effusione.</strong></span> <span class='ocrx_word' id='word_1_392' title='bbox 1792 4840 1973 4900; x_wconf 84' lang='lat' dir='ltr'><strong>Gratia</strong></span> <span class='ocrx_word' id='word_1_393' title='bbox 2004 4848 2122 4918; x_wconf 86' lang='lat' dir='ltr'><strong>Dei,</strong></span> 
     </span>
    </p>
   </div>
   <div class='ocr_carea' id='block_1_51' title="bbox 544 4900 2122 5005">
    <p class='ocr_par' dir='ltr' id='par_1_51' title="bbox 544 4900 2122 5005">
     <span class='ocr_line' id='line_1_53' title="bbox 544 4900 2122 5005; baseline 0.031 -58"><span class='ocrx_word' id='word_1_394' title='bbox 544 4912 644 4967; x_wconf 90' lang='lat' dir='ltr'><strong>qua</strong></span> <span class='ocrx_word' id='word_1_395' title='bbox 680 4900 870 4955; x_wconf 87' lang='lat' dir='ltr'><strong>Paulus</strong></span> <span class='ocrx_word' id='word_1_396' title='bbox 892 4916 999 4959; x_wconf 88' lang='lat' dir='ltr'><strong>erat</strong></span> <span class='ocrx_word' id='word_1_397' title='bbox 1028 4910 1081 4959; x_wconf 82' lang='lat' dir='ltr'><strong>id</strong></span> <span class='ocrx_word' id='word_1_398' title='bbox 1102 4914 1237 4977; x_wconf 87' lang='lat' dir='ltr'><strong>quod</strong></span> <span class='ocrx_word' id='word_1_399' title='bbox 1269 4927 1395 4982; x_wconf 86' lang='lat' dir='ltr'><strong>erat,</strong></span> <span class='ocrx_word' id='word_1_400' title='bbox 1434 4920 1535 4976; x_wconf 92' lang='lat' dir='ltr'><strong>hoc</strong></span> <span class='ocrx_word' id='word_1_401' title='bbox 1564 4937 1667 4993; x_wconf 88' lang='lat' dir='ltr'><strong>est,</strong></span> <span class='ocrx_word' id='word_1_402' title='bbox 1699 4936 2001 5005; x_wconf 87' lang='lat' dir='ltr'><strong>apostolus,</strong></span> <span class='ocrx_word' id='word_1_403' title='bbox 2038 4900 2122 4995; x_wconf 59' lang='lat' dir='ltr'><strong>es;</strong></span> 
     </span>
    </p>
   </div>
   <div class='ocr_carea' id='block_1_52' title="bbox 543 4988 2119 5087">
    <p class='ocr_par' dir='ltr' id='par_1_52' title="bbox 543 4988 2119 5087">
     <span class='ocr_line' id='line_1_54' title="bbox 543 4988 2119 5087; baseline 0.029 -45"><span class='ocrx_word' id='word_1_404' title='bbox 543 4988 640 5046; x_wconf 89' lang='lat' dir='ltr'><strong>Dei</strong></span> <span class='ocrx_word' id='word_1_405' title='bbox 672 4994 1039 5053; x_wconf 85' lang='lat' dir='ltr'><strong>misericordia</strong></span> <span class='ocrx_word' id='word_1_406' title='bbox 1068 5012 1120 5056; x_wconf 91' lang='lat' dir='ltr'><strong>et</strong></span> <span class='ocrx_word' id='word_1_407' title='bbox 1141 5008 1524 5079; x_wconf 87' lang='lat' dir='ltr'><strong>munificentia,</strong></span> <span class='ocrx_word' id='word_1_408' title='bbox 1548 5031 1651 5085; x_wconf 88' lang='lat' dir='ltr'><strong>qua</strong></span> <span class='ocrx_word' id='word_1_409' title='bbox 1682 5035 1803 5076; x_wconf 87' lang='lat' dir='ltr'><strong>eum</strong></span> <span class='ocrx_word' id='word_1_410' title='bbox 1830 5027 1878 5079; x_wconf 92' lang='lat' dir='ltr'><strong>ei</strong></span> <span class='ocrx_word' id='word_1_411' title='bbox 1913 5034 2119 5087; x_wconf 92' lang='lat' dir='ltr'><strong>muneri</strong></span> 
     </span>
    </p>
   </div>
   <div class='ocr_carea' id='block_1_53' title="bbox 542 5083 2120 5191">
    <p class='ocr_par' dir='ltr' id='par_1_53' title="bbox 542 5083 2120 5191">
     <span class='ocr_line' id='line_1_55' title="bbox 542 5083 2120 5191; baseline 0.03 -58"><span class='ocrx_word' id='word_1_412' title='bbox 542 5083 857 5141; x_wconf 86' lang='lat' dir='ltr'><strong>sustinendo</strong></span> <span class='ocrx_word' id='word_1_413' title='bbox 903 5096 1219 5151; x_wconf 89' lang='lat' dir='ltr'><strong>necessariis</strong></span> <span class='ocrx_word' id='word_1_414' title='bbox 1253 5098 1408 5155; x_wconf 90' lang='lat' dir='ltr'><strong>donis</strong></span> <span class='ocrx_word' id='word_1_415' title='bbox 1454 5103 1806 5180; x_wconf 79' lang='lat' dir='ltr'><strong>instruxerat;</strong></span> <span class='ocrx_word' id='word_1_416' title='bbox 1842 5134 1939 5174; x_wconf 90' lang='lat' dir='ltr'><strong>nec</strong></span> <span class='ocrx_word' id='word_1_417' title='bbox 1974 5124 2120 5191; x_wconf 85' lang='lat' dir='ltr'><strong>quis-</strong></span> 
     </span>
    </p>
   </div>
   <div class='ocr_carea' id='block_1_54' title="bbox 540 5185 2117 5271">
    <p class='ocr_par' dir='ltr' id='par_1_54' title="bbox 540 5185 2117 5271">
     <span class='ocr_line' id='line_1_56' title="bbox 540 5185 2117 5271; baseline 0.031 -48"><span class='ocrx_word' id='word_1_418' title='bbox 540 5185 700 5241; x_wconf 89' lang='lat' dir='ltr'><strong>quam</strong></span> <span class='ocrx_word' id='word_1_419' title='bbox 746 5192 973 5247; x_wconf 89' lang='lat' dir='ltr'><strong>unquam</strong></span> <span class='ocrx_word' id='word_1_420' title='bbox 1018 5189 1227 5255; x_wconf 86' lang='lat' dir='ltr'><strong>negavit</strong></span> <span class='ocrx_word' id='word_1_421' title='bbox 1277 5207 1306 5245; x_wconf 92' lang='lat' dir='ltr'><strong>a</strong></span> <span class='ocrx_word' id='word_1_422' title='bbox 1338 5193 1449 5249; x_wconf 86' lang='lat' dir='ltr'><strong>Deo</strong></span> <span class='ocrx_word' id='word_1_423' title='bbox 1495 5213 1590 5266; x_wconf 91' lang='lat' dir='ltr'><strong>per</strong></span> <span class='ocrx_word' id='word_1_424' title='bbox 1624 5202 1804 5261; x_wconf 83' lang='lat' dir='ltr'><strong>Jesum</strong></span> <span class='ocrx_word' id='word_1_425' title='bbox 1848 5185 2117 5271; x_wconf 77' lang='lat' dir='ltr'><strong>Christum</strong></span> 
     </span>
    </p>
   </div>
   <div class='ocr_carea' id='block_1_55' title="bbox 539 5262 2116 5362">
    <p class='ocr_par' dir='ltr' id='par_1_55' title="bbox 539 5262 2116 5362">
     <span class='ocr_line' id='line_1_57' title="bbox 539 5262 2116 5362; baseline 0.031 -49"><span class='ocrx_word' id='word_1_426' title='bbox 539 5262 694 5317; x_wconf 91' lang='lat' dir='ltr'><strong>nobis</strong></span> <span class='ocrx_word' id='word_1_427' title='bbox 723 5264 899 5324; x_wconf 88' lang='lat' dir='ltr'><strong>datam</strong></span> <span class='ocrx_word' id='word_1_428' title='bbox 929 5287 1047 5329; x_wconf 89' lang='lat' dir='ltr'><strong>esse</strong></span> <span class='ocrx_word' id='word_1_429' title='bbox 1073 5278 1141 5332; x_wconf 89' lang='lat' dir='ltr'><strong>de</strong></span> <span class='ocrx_word' id='word_1_430' title='bbox 1180 5294 1399 5348; x_wconf 88' lang='lat' dir='ltr'><strong>peccato</strong></span> <span class='ocrx_word' id='word_1_431' title='bbox 1434 5288 1734 5362; x_wconf 90' lang='lat' dir='ltr'><strong>victoriam,</strong></span> <span class='ocrx_word' id='word_1_432' title='bbox 1778 5314 1837 5353; x_wconf 93' lang='lat' dir='ltr'><strong>ac</strong></span> <span class='ocrx_word' id='word_1_433' title='bbox 1873 5316 1992 5358; x_wconf 89' lang='lat' dir='ltr'><strong>esse</strong></span> <span class='ocrx_word' id='word_1_434' title='bbox 2022 5320 2116 5361; x_wconf 92' lang='lat' dir='ltr'><strong>cur</strong></span> 
     </span>
    </p>
   </div>
   <div class='ocr_carea' id='block_1_56' title="bbox 460 5362 2110 5451">
    <p class='ocr_par' dir='ltr' id='par_1_56' title="bbox 460 5362 2110 5451">
     <span class='ocr_line' id='line_1_58' title="bbox 460 5362 2110 5451; baseline 0.029 -47"><span class='ocrx_word' id='word_1_435' title='bbox 460 5426 466 5433; x_wconf 28' lang='grc' dir='ltr'>ι</span> <span class='ocrx_word' id='word_1_436' title='bbox 538 5365 819 5424; x_wconf 83' lang='lat' dir='ltr'><strong>prepterea</strong></span> <span class='ocrx_word' id='word_1_437' title='bbox 848 5362 898 5416; x_wconf 88' lang='lat' dir='ltr'><strong>ei</strong></span> <span class='ocrx_word' id='word_1_438' title='bbox 921 5371 1116 5434; x_wconf 88' lang='lat' dir='ltr'><strong>gratias</strong></span> <span class='ocrx_word' id='word_1_439' title='bbox 1146 5386 1393 5447; x_wconf 87' lang='lat' dir='ltr'><strong>agamus;</strong></span> <span class='ocrx_word' id='word_1_440' title='bbox 1450 5396 1633 5439; x_wconf 90' lang='lat' dir='ltr'><strong>verum</strong></span> <span class='ocrx_word' id='word_1_441' title='bbox 1681 5388 1781 5445; x_wconf 87' lang='lat' dir='ltr'><strong>hoc</strong></span> <span class='ocrx_word' id='word_1_442' title='bbox 1812 5391 2007 5449; x_wconf 87' lang='lat' dir='ltr'><strong>factum</strong></span> <span class='ocrx_word' id='word_1_443' title='bbox 2032 5399 2110 5451; x_wconf 86' lang='lat' dir='ltr'><strong>af-</strong></span> 
     </span>
    </p>
   </div>
   <div class='ocr_carea' id='block_1_57' title="bbox 466 5442 2108 5556">
    <p class='ocr_par' dir='ltr' id='par_1_57' title="bbox 466 5442 2108 5556">
     <span class='ocr_line' id='line_1_59' title="bbox 466 5442 2108 5556; baseline 0.031 -61"><span class='ocrx_word' id='word_1_444' title='bbox 466 5443 476 5463; x_wconf 78' lang='lat'><strong>’</strong></span> <span class='ocrx_word' id='word_1_445' title='bbox 536 5442 666 5500; x_wconf 79' lang='lat' dir='ltr'><strong>ﬂatu</strong></span> <span class='ocrx_word' id='word_1_446' title='bbox 683 5447 891 5509; x_wconf 88' lang='lat' dir='ltr'><strong>interno</strong></span> <span class='ocrx_word' id='word_1_447' title='bbox 911 5466 965 5511; x_wconf 91' lang='lat' dir='ltr'><strong>et</strong></span> <span class='ocrx_word' id='word_1_448' title='bbox 986 5457 1327 5538; x_wconf 78' lang='lat' dir='ltr'><strong>iueluctabili,</strong></span> <span class='ocrx_word' id='word_1_449' title='bbox 1349 5488 1606 5544; x_wconf 88' lang='lat' dir='ltr'><strong>nusquam</strong></span> <span class='ocrx_word' id='word_1_450' title='bbox 1624 5480 1780 5537; x_wconf 90' lang='lat' dir='ltr'><strong>docet</strong></span> <span class='ocrx_word' id='word_1_451' title='bbox 1817 5485 2108 5556; x_wconf 87' lang='lat' dir='ltr'><strong>Scriptura.</strong></span> 
     </span>
     <span class='ocr_line' id='line_1_60' title="bbox 545 5534 824 5556; baseline 0.029 -9"><span class='ocrx_word' id='word_1_452' title='bbox 545 5534 718 5556; x_wconf 27' lang='lat' dir='ltr'><strong>ad...</strong></span> <span class='ocrx_word' id='word_1_453' title='bbox 793 5544 824 5556; x_wconf 29' lang='grc' dir='ltr'><strong>μ.</strong></span> 
     </span>
    </p>
   </div>
   <div class='ocr_carea' id='block_1_58' title="bbox 536 5534 2106 5649">
    <p class='ocr_par' dir='ltr' id='par_1_58' title="bbox 536 5534 2106 5649">
     <span class='ocr_line' id='line_1_61' title="bbox 1315 5534 2106 5556; baseline 0.029 -18"><span class='ocrx_word' id='word_1_454' title='bbox 1315 5534 1322 5538; x_wconf 51' lang='grc' dir='ltr'><strong><em>γ</em></strong></span> <span class='ocrx_word' id='word_1_455' title='bbox 1466 5534 1484 5544; x_wconf 69' lang='grc' dir='ltr'>ι</span> <span class='ocrx_word' id='word_1_456' title='bbox 1712 5534 1775 5537; x_wconf 63' lang='lat'><strong>&quot;‘</strong></span> <span class='ocrx_word' id='word_1_457' title='bbox 1817 5534 2106 5556; x_wconf 63' lang='lat' dir='ltr'><strong>&quot;‘&quot;l‘&quot;“&#39;&quot;&#39;</strong></span> 
     </span>
     <span class='ocr_line' id='line_1_62' title="bbox 536 5534 2106 5649; baseline 0.028 -57"><span class='ocrx_word' id='word_1_458' title='bbox 536 5534 855 5608; x_wconf 68' lang='lat' dir='ltr'><strong>Suﬂieientia</strong></span> <span class='ocrx_word' id='word_1_459' title='bbox 886 5560 1016 5604; x_wconf 83' lang='lat' dir='ltr'><strong>sane</strong></span> <span class='ocrx_word' id='word_1_460' title='bbox 1040 5556 1275 5614; x_wconf 91' lang='lat' dir='ltr'><strong>omnium</strong></span> <span class='ocrx_word' id='word_1_461' title='bbox 1297 5561 1745 5637; x_wconf 86' lang='lat' dir='ltr'><strong>Christianorum,</strong></span> <span class='ocrx_word' id='word_1_462' title='bbox 1772 5575 1835 5628; x_wconf 92' lang='lat' dir='ltr'><strong>ad</strong></span> <span class='ocrx_word' id='word_1_463' title='bbox 1866 5582 2106 5649; x_wconf 81' lang='lat' dir='ltr'><strong>cogitan-</strong></span> 
     </span>
     <span class='ocr_line' id='line_1_63' title="bbox 542 5628 1183 5649; baseline 0.034 -12"><span class='ocrx_word' id='word_1_464' title='bbox 542 5628 655 5649; x_wconf 34' lang='grc' dir='ltr'><strong>,ην</strong></span> <span class='ocrx_word' id='word_1_465' title='bbox 850 5637 898 5649; x_wconf 89' lang='grc'><strong>..</strong></span> <span class='ocrx_word' id='word_1_466' title='bbox 958 5641 995 5649; x_wconf 82' lang='grc'><strong>..</strong></span> <span class='ocrx_word' id='word_1_467' title='bbox 1174 5647 1183 5649; x_wconf 53' lang='grc' dir='ltr'><em>ς</em></span> 
     </span>
    </p>
   </div>
   <div class='ocr_carea' id='block_1_59' title="bbox 534 5628 2103 5739">
    <p class='ocr_par' dir='ltr' id='par_1_59' title="bbox 534 5628 2103 5739">
     <span class='ocr_line' id='line_1_64' title="bbox 1732 5628 2074 5649; baseline 0.026 -22"><span class='ocrx_word' id='word_1_468' title='bbox 1732 5628 1744 5637; x_wconf 82' lang='grc'><strong><em>,</em></strong></span> <span class='ocrx_word' id='word_1_469' title='bbox 1874 5628 2074 5649; x_wconf 58' lang='grc' dir='ltr'><strong>--οη-η</strong></span> 
     </span>
     <span class='ocr_line' id='line_1_65' title="bbox 534 5628 2103 5739; baseline 0.03 -56"><span class='ocrx_word' id='word_1_470' title='bbox 534 5628 661 5686; x_wconf 89' lang='lat' dir='ltr'><strong>dum</strong></span> <span class='ocrx_word' id='word_1_471' title='bbox 702 5633 899 5705; x_wconf 86' lang='lat' dir='ltr'><strong>aliquid</strong></span> <span class='ocrx_word' id='word_1_472' title='bbox 955 5641 1243 5715; x_wconf 84' lang='lat' dir='ltr'><strong>Evangelio</strong></span> <span class='ocrx_word' id='word_1_473' title='bbox 1283 5667 1719 5729; x_wconf 87' lang='lat' dir='ltr'><strong>consentaneum,</strong></span> <span class='ocrx_word' id='word_1_474' title='bbox 1778 5676 1908 5722; x_wconf 88' lang='lat' dir='ltr'><strong>esta</strong></span> <span class='ocrx_word' id='word_1_475' title='bbox 1966 5672 2103 5739; x_wconf 87' lang='lat' dir='ltr'><strong>Deo;</strong></span> 
     </span>
    </p>
   </div>
   <div class='ocr_carea' id='block_1_60' title="bbox 530 5728 2101 5839">
    <p class='ocr_par' dir='ltr' id='par_1_60' title="bbox 530 5728 2101 5839">
     <span class='ocr_line' id='line_1_66' title="bbox 530 5728 2101 5839; baseline 0.028 -57"><span class='ocrx_word' id='word_1_476' title='bbox 530 5728 652 5800; x_wconf 84' lang='lat' dir='ltr'><strong>quis</strong></span> <span class='ocrx_word' id='word_1_477' title='bbox 679 5730 824 5787; x_wconf 88' lang='lat' dir='ltr'><strong>enim</strong></span> <span class='ocrx_word' id='word_1_478' title='bbox 856 5739 1024 5793; x_wconf 84' lang='lat' dir='ltr'><strong>nescit</strong></span> <span class='ocrx_word' id='word_1_479' title='bbox 1050 5740 1388 5814; x_wconf 83' lang='lat' dir='ltr'><strong>Evangelium</strong></span> <span class='ocrx_word' id='word_1_480' title='bbox 1418 5767 1521 5808; x_wconf 88' lang='lat' dir='ltr'><strong>non</strong></span> <span class='ocrx_word' id='word_1_481' title='bbox 1560 5756 1775 5825; x_wconf 86' lang='lat' dir='ltr'><strong>ingenio</strong></span> <span class='ocrx_word' id='word_1_482' title='bbox 1806 5762 2101 5839; x_wconf 85' lang='lat' dir='ltr'><strong>hominum,</strong></span> 
     </span>
    </p>
   </div>
   <div class='ocr_carea' id='block_1_61' title="bbox 1511 321 2993 415">
    <p class='ocr_par' dir='ltr' id='par_1_61' title="bbox 1511 321 2993 415">
     <span class='ocr_line' id='line_1_67' title="bbox 1511 321 2993 415; baseline 0.018 -38"><span class='ocrx_word' id='word_1_483' title='bbox 1511 321 2067 393; x_wconf 77' lang='lat' dir='ltr'><strong>SUPPLEMENTUM</strong></span> <span class='ocrx_word' id='word_1_484' title='bbox 2110 331 2199 393; x_wconf 69' lang='lat' dir='ltr'><strong>so</strong></span> <span class='ocrx_word' id='word_1_485' title='bbox 2237 329 2462 409; x_wconf 64' lang='lat' dir='ltr'><strong>orsus</strong></span> <span class='ocrx_word' id='word_1_486' title='bbox 2503 338 2561 394; x_wconf 89' lang='lat' dir='ltr'><strong>s.</strong></span> <span class='ocrx_word' id='word_1_487' title='bbox 2607 339 2993 415; x_wconf 79' lang='lat' dir='ltr'><strong>AUGUSTlNl.</strong></span> 
     </span>
    </p>
   </div>
   <div class='ocr_carea' id='block_1_62' title="bbox 3731 360 3796 429">
    <p class='ocr_par' dir='ltr' id='par_1_62' title="bbox 3731 360 3796 429">
     <span class='ocr_line' id='line_1_68' title="bbox 3731 360 3796 429; baseline 0.092 -6"><span class='ocrx_word' id='word_1_488' title='bbox 3731 360 3796 429; x_wconf 66' lang='lat' dir='ltr'><strong>32f</strong></span> 
     </span>
    </p>
   </div>
   <div class='ocr_carea' id='block_1_63' title="bbox 2226 444 3802 555">
    <p class='ocr_par' dir='ltr' id='par_1_63' title="bbox 2226 444 3802 555">
     <span class='ocr_line' id='line_1_69' title="bbox 2226 444 3802 555; baseline 0.022 -55"><span class='ocrx_word' id='word_1_489' title='bbox 2226 446 2282 523; x_wconf 75' lang='grc' dir='ltr'><strong>ᾼ</strong></span> <span class='ocrx_word' id='word_1_490' title='bbox 2306 448 2397 503; x_wconf 86' lang='lat' dir='ltr'><strong>sed</strong></span> <span class='ocrx_word' id='word_1_491' title='bbox 2434 452 2543 511; x_wconf 85' lang='lat' dir='ltr'><strong>Deo</strong></span> <span class='ocrx_word' id='word_1_492' title='bbox 2570 456 2789 513; x_wconf 85' lang='lat' dir='ltr'><strong>deberi?</strong></span> <span class='ocrx_word' id='word_1_493' title='bbox 2815 462 2883 516; x_wconf 86' lang='lat' dir='ltr'><strong>At</strong></span> <span class='ocrx_word' id='word_1_494' title='bbox 2909 466 3271 535; x_wconf 90' lang='lat' dir='ltr'><strong>apostolorum</strong></span> <span class='ocrx_word' id='word_1_495' title='bbox 3305 478 3589 543; x_wconf 69' lang='lat' dir='ltr'><strong>pmsertim</strong></span> <span class='ocrx_word' id='word_1_496' title='bbox 3620 444 3802 555; x_wconf 57' lang='lat' dir='ltr'><strong>tamen.</strong></span> 
     </span>
    </p>
   </div>
   <div class='ocr_carea' id='block_1_64' title="bbox 2308 542 3799 653">
    <p class='ocr_par' dir='ltr' id='par_1_64' title="bbox 2308 542 3799 653">
     <span class='ocr_line' id='line_1_70' title="bbox 2308 542 3799 653; baseline 0.027 -57"><span class='ocrx_word' id='word_1_497' title='bbox 2308 542 2401 611; x_wconf 88' lang='lat' dir='ltr'><strong>tia,</strong></span> <span class='ocrx_word' id='word_1_498' title='bbox 2431 545 2496 598; x_wconf 90' lang='lat' dir='ltr'><strong>ad</strong></span> <span class='ocrx_word' id='word_1_499' title='bbox 2530 563 2721 606; x_wconf 90' lang='lat' dir='ltr'><strong>munus</strong></span> <span class='ocrx_word' id='word_1_500' title='bbox 2763 554 2826 607; x_wconf 90' lang='lat' dir='ltr'><strong>ad</strong></span> <span class='ocrx_word' id='word_1_501' title='bbox 2860 557 3001 625; x_wconf 93' lang='lat' dir='ltr'><strong>quod</strong></span> <span class='ocrx_word' id='word_1_502' title='bbox 3038 562 3213 617; x_wconf 90' lang='lat' dir='ltr'><strong>vocati</strong></span> <span class='ocrx_word' id='word_1_503' title='bbox 3240 542 3449 623; x_wconf 83' lang='lat' dir='ltr'><strong>fuerant</strong></span> <span class='ocrx_word' id='word_1_504' title='bbox 3485 542 3799 653; x_wconf 65' lang='lat' dir='ltr'><strong>sustinetidum,</strong></span> 
     </span>
    </p>
   </div>
   <div class='ocr_carea' id='block_1_65' title="bbox 2307 634 3804 739">
    <p class='ocr_par' dir='ltr' id='par_1_65' title="bbox 2307 634 3804 739">
     <span class='ocr_line' id='line_1_71' title="bbox 2307 634 3804 739; baseline 0.029 -54"><span class='ocrx_word' id='word_1_505' title='bbox 2307 648 2410 687; x_wconf 92' lang='lat' dir='ltr'><strong>non</strong></span> <span class='ocrx_word' id='word_1_506' title='bbox 2445 634 2696 707; x_wconf 87' lang='lat' dir='ltr'><strong>humana,</strong></span> <span class='ocrx_word' id='word_1_507' title='bbox 2725 643 2818 698; x_wconf 91' lang='lat' dir='ltr'><strong>sed</strong></span> <span class='ocrx_word' id='word_1_508' title='bbox 2850 646 3026 703; x_wconf 89' lang='lat' dir='ltr'><strong>divina</strong></span> <span class='ocrx_word' id='word_1_509' title='bbox 3062 650 3178 707; x_wconf 89' lang='lat' dir='ltr'><strong>fuit.</strong></span> <span class='ocrx_word' id='word_1_510' title='bbox 3216 652 3505 715; x_wconf 81' lang='lat' dir='ltr'><strong>Thesaurus</strong></span> <span class='ocrx_word' id='word_1_511' title='bbox 3556 634 3804 739; x_wconf 47' lang='lat' dir='ltr'><strong>denique;</strong></span> 
     </span>
    </p>
   </div>
   <div class='ocr_carea' id='block_1_66' title="bbox 2304 728 3802 834">
    <p class='ocr_par' dir='ltr' id='par_1_66' title="bbox 2304 728 3802 834">
     <span class='ocr_line' id='line_1_72' title="bbox 2304 728 3802 834; baseline 0.03 -59"><span class='ocrx_word' id='word_1_512' title='bbox 2304 728 2437 779; x_wconf 75' lang='lat' dir='ltr'><strong>vasis</strong></span> <span class='ocrx_word' id='word_1_513' title='bbox 2468 729 2707 795; x_wconf 82' lang='lat' dir='ltr'><strong>ﬁctilibus</strong></span> <span class='ocrx_word' id='word_1_514' title='bbox 2734 733 2801 791; x_wconf 89' lang='lat' dir='ltr'><strong>de</strong></span> <span class='ocrx_word' id='word_1_515' title='bbox 2844 754 2948 809; x_wconf 94' lang='lat' dir='ltr'><strong>quo</strong></span> <span class='ocrx_word' id='word_1_516' title='bbox 2975 738 3197 812; x_wconf 86' lang='lat' dir='ltr'><strong>Paulus,</strong></span> <span class='ocrx_word' id='word_1_517' title='bbox 3233 757 3359 803; x_wconf 81' lang='lat' dir='ltr'><strong>sunt</strong></span> <span class='ocrx_word' id='word_1_518' title='bbox 3384 748 3521 808; x_wconf 86' lang='lat' dir='ltr'><strong>dona</strong></span> <span class='ocrx_word' id='word_1_519' title='bbox 3551 728 3802 834; x_wconf 43' lang='lat' dir='ltr'><strong>aptat-alica,</strong></span> 
     </span>
    </p>
   </div>
   <div class='ocr_carea' id='block_1_67' title="bbox 2306 820 3803 920">
    <p class='ocr_par' dir='ltr' id='par_1_67' title="bbox 2306 820 3803 920">
     <span class='ocr_line' id='line_1_73' title="bbox 2306 820 3803 920; baseline 0.029 -49"><span class='ocrx_word' id='word_1_520' title='bbox 2306 820 2553 897; x_wconf 85' lang='lat' dir='ltr'><strong>ut‘liquet</strong></span> <span class='ocrx_word' id='word_1_521' title='bbox 2579 839 2644 879; x_wconf 86' lang='lat' dir='ltr'><strong>ex</strong></span> <span class='ocrx_word' id='word_1_522' title='bbox 2667 829 2812 882; x_wconf 80' lang='lat' dir='ltr'><strong>serie</strong></span> <span class='ocrx_word' id='word_1_523' title='bbox 2846 844 3147 913; x_wconf 79' lang='lat' dir='ltr'><strong>contextus.</strong></span> <span class='ocrx_word' id='word_1_524' title='bbox 3189 837 3245 894; x_wconf 90' lang='lat' dir='ltr'><strong>Si</strong></span> <span class='ocrx_word' id='word_1_525' title='bbox 3285 842 3427 898; x_wconf 89' lang='lat' dir='ltr'><strong>oculi</strong></span> <span class='ocrx_word' id='word_1_526' title='bbox 3458 860 3559 901; x_wconf 91' lang='lat' dir='ltr'><strong>non</strong></span> <span class='ocrx_word' id='word_1_527' title='bbox 3586 849 3715 920; x_wconf 87' lang='lat' dir='ltr'><strong>plane</strong></span> <span class='ocrx_word' id='word_1_528' title='bbox 3742 820 3803 915; x_wconf 55' lang='lat' dir='ltr'><strong>ne:</strong></span> 
     </span>
    </p>
   </div>
   <div class='ocr_carea' id='block_1_68' title="bbox 2304 912 3804 1011">
    <p class='ocr_par' dir='ltr' id='par_1_68' title="bbox 2304 912 3804 1011">
     <span class='ocr_line' id='line_1_74' title="bbox 2304 912 3804 1011; baseline 0.03 -49"><span class='ocrx_word' id='word_1_529' title='bbox 2304 912 2567 983; x_wconf 84' lang='lat' dir='ltr'><strong>gligenter</strong></span> <span class='ocrx_word' id='word_1_530' title='bbox 2605 920 2964 989; x_wconf 87' lang='lat' dir='ltr'><strong>conjiciantur</strong></span> <span class='ocrx_word' id='word_1_531' title='bbox 2988 928 3037 982; x_wconf 93' lang='lat' dir='ltr'><strong>in</strong></span> <span class='ocrx_word' id='word_1_532' title='bbox 3070 930 3184 986; x_wconf 86' lang='lat' dir='ltr'><strong>loca</strong></span> <span class='ocrx_word' id='word_1_533' title='bbox 3216 933 3399 1007; x_wconf 85' lang='lat' dir='ltr'><strong>allata,</strong></span> <span class='ocrx_word' id='word_1_534' title='bbox 3441 938 3694 1003; x_wconf 86' lang='lat' dir='ltr'><strong>verissima</strong></span> <span class='ocrx_word' id='word_1_535' title='bbox 3722 966 3804 1011; x_wconf 81' lang='lat' dir='ltr'><strong>esse</strong></span> 
     </span>
    </p>
   </div>
   <div class='ocr_carea' id='block_1_69' title="bbox 2304 1005 3803 1109">
    <p class='ocr_par' dir='ltr' id='par_1_69' title="bbox 2304 1005 3803 1109">
     <span class='ocr_line' id='line_1_75' title="bbox 2304 1005 3803 1109; baseline 0.028 -53"><span class='ocrx_word' id='word_1_536' title='bbox 2304 1005 2482 1059; x_wconf 89' lang='lat' dir='ltr'><strong>omnia</strong></span> <span class='ocrx_word' id='word_1_537' title='bbox 2511 1022 2573 1063; x_wconf 88' lang='lat' dir='ltr'><strong>ac</strong></span> <span class='ocrx_word' id='word_1_538' title='bbox 2595 1012 3023 1089; x_wconf 67' lang='lat' dir='ltr'><strong>manifestissima</strong></span> <span class='ocrx_word' id='word_1_539' title='bbox 3046 1036 3165 1099; x_wconf 66' lang='lat' dir='ltr'><strong>qua;</strong></span> <span class='ocrx_word' id='word_1_540' title='bbox 3195 1024 3429 1084; x_wconf 83' lang='lat' dir='ltr'><strong>diximus</strong></span> <span class='ocrx_word' id='word_1_541' title='bbox 3457 1038 3803 1109; x_wconf 84' lang='lat' dir='ltr'><strong>comperientur;</strong></span> 
     </span>
    </p>
   </div>
   <div class='ocr_carea' id='block_1_70' title="bbox 2304 1098 3805 1192">
    <p class='ocr_par' dir='ltr' id='par_1_70' title="bbox 2304 1098 3805 1192">
     <span class='ocr_line' id='line_1_76' title="bbox 2304 1098 3805 1192; baseline 0.027 -44"><span class='ocrx_word' id='word_1_542' title='bbox 2304 1098 2441 1153; x_wconf 90' lang='lat' dir='ltr'><strong>unde</strong></span> <span class='ocrx_word' id='word_1_543' title='bbox 2469 1098 2770 1173; x_wconf 84' lang='lat' dir='ltr'><strong>intelligere</strong></span> <span class='ocrx_word' id='word_1_544' title='bbox 2804 1106 2982 1164; x_wconf 88' lang='lat' dir='ltr'><strong>licebit</strong></span> <span class='ocrx_word' id='word_1_545' title='bbox 3011 1098 3181 1169; x_wconf 89' lang='lat' dir='ltr'><strong>bonos</strong></span> <span class='ocrx_word' id='word_1_546' title='bbox 3224 1116 3349 1174; x_wconf 91' lang='lat' dir='ltr'><strong>illos</strong></span> <span class='ocrx_word' id='word_1_547' title='bbox 3380 1098 3805 1192; x_wconf 35' lang='lat' dir='ltr'><strong>Patres&#39;Africanos,</strong></span> 
     </span>
    </p>
   </div>
   <div class='ocr_carea' id='block_1_71' title="bbox 2301 1196 3807 1291">
    <p class='ocr_par' dir='ltr' id='par_1_71' title="bbox 2301 1196 3807 1291">
     <span class='ocr_line' id='line_1_77' title="bbox 2301 1196 3807 1291; baseline 0.031 -54"><span class='ocrx_word' id='word_1_548' title='bbox 2301 1202 2488 1265; x_wconf 84' lang='lat' dir='ltr'><strong>parum</strong></span> <span class='ocrx_word' id='word_1_549' title='bbox 2538 1204 2687 1259; x_wconf 70' lang='lat' dir='ltr'><strong>aptos</strong></span> <span class='ocrx_word' id='word_1_550' title='bbox 2745 1196 2909 1267; x_wconf 84' lang='lat' dir='ltr'><strong>fuisse</strong></span> <span class='ocrx_word' id='word_1_551' title='bbox 2961 1203 3360 1275; x_wconf 88' lang='lat' dir='ltr'><strong>Scripturarum</strong></span> <span class='ocrx_word' id='word_1_552' title='bbox 3419 1214 3727 1291; x_wconf 86' lang='lat' dir='ltr'><strong>interpretes,</strong></span> <span class='ocrx_word' id='word_1_553' title='bbox 3767 1244 3807 1286; x_wconf 79' lang='lat' dir='ltr'><strong>ac</strong></span> 
     </span>
    </p>
   </div>
   <div class='ocr_carea' id='block_1_72' title="bbox 2300 1278 3807 1383">
    <p class='ocr_par' dir='ltr' id='par_1_72' title="bbox 2300 1278 3807 1383">
     <span class='ocr_line' id='line_1_78' title="bbox 2300 1278 3807 1383; baseline 0.031 -54"><span class='ocrx_word' id='word_1_554' title='bbox 2300 1278 2522 1345; x_wconf 88' lang='lat' dir='ltr'><strong>proinde</strong></span> <span class='ocrx_word' id='word_1_555' title='bbox 2536 1300 2736 1341; x_wconf 90' lang='lat' dir='ltr'><strong>meram</strong></span> <span class='ocrx_word' id='word_1_556' title='bbox 2750 1305 2934 1369; x_wconf 76' lang='lat' dir='ltr'><strong>eorum</strong></span> <span class='ocrx_word' id='word_1_557' title='bbox 2952 1298 3321 1371; x_wconf 85' lang='lat' dir='ltr'><strong>auctoritatem</strong></span> <span class='ocrx_word' id='word_1_558' title='bbox 3337 1294 3468 1383; x_wconf 84' lang='lat' dir='ltr'><strong>levis</strong></span> <span class='ocrx_word' id='word_1_559' title='bbox 3492 1311 3714 1377; x_wconf 86' lang='lat' dir='ltr'><strong>ponderis</strong></span> <span class='ocrx_word' id='word_1_560' title='bbox 3727 1332 3807 1379; x_wconf 85' lang='lat' dir='ltr'><strong>esse</strong></span> 
     </span>
    </p>
   </div>
   <div class='ocr_carea' id='block_1_73' title="bbox 2299 1382 2568 1438">
    <p class='ocr_par' dir='ltr' id='par_1_73' title="bbox 2299 1382 2568 1438">
     <span class='ocr_line' id='line_1_79' title="bbox 2299 1382 2568 1438; baseline 0.03 -17"><span class='ocrx_word' id='word_1_561' title='bbox 2299 1382 2568 1438; x_wconf 91' lang='lat' dir='ltr'><strong>oportere.</strong></span> 
     </span>
    </p>
   </div>
   <div class='ocr_carea' id='block_1_74' title="bbox 2370 1461 3807 1565">
    <p class='ocr_par' dir='ltr' id='par_1_74' title="bbox 2370 1461 3807 1565">
     <span class='ocr_line' id='line_1_80' title="bbox 2370 1461 3807 1565; baseline 0.031 -51"><span class='ocrx_word' id='word_1_562' title='bbox 2370 1461 2529 1527; x_wconf 88' lang='lat' dir='ltr'><strong>lbid.,</strong></span> <span class='ocrx_word' id='word_1_563' title='bbox 2566 1467 2591 1536; x_wconf 85' lang='lat'>§</span> <span class='ocrx_word' id='word_1_564' title='bbox 2627 1468 2680 1522; x_wconf 70' lang='grc'><strong>4.</strong></span> <span class='ocrx_word' id='word_1_565' title='bbox 2710 1471 3002 1532; x_wconf 84' lang='lat' dir='ltr'><strong>Cansideret</strong></span> <span class='ocrx_word' id='word_1_566' title='bbox 3052 1484 3298 1541; x_wconf 71' lang='lat' dir='ltr'><strong>sanctitas</strong></span> <span class='ocrx_word' id='word_1_567' title='bbox 3337 1496 3428 1555; x_wconf 78' lang='lat' dir='ltr'><strong>tua</strong></span> <span class='ocrx_word' id='word_1_568' title='bbox 3461 1501 3509 1545; x_wconf 85' lang='lat' dir='ltr'><strong>et</strong></span> <span class='ocrx_word' id='word_1_569' title='bbox 3534 1501 3807 1565; x_wconf 64' lang='lat' dir='ltr'><strong>pastoralibus</strong></span> 
     </span>
    </p>
   </div>
   <div class='ocr_carea' id='block_1_75' title="bbox 2297 1556 3806 1660">
    <p class='ocr_par' dir='ltr' id='par_1_75' title="bbox 2297 1556 3806 1660">
     <span class='ocr_line' id='line_1_81' title="bbox 2297 1556 3806 1660; baseline 0.03 -56"><span class='ocrx_word' id='word_1_570' title='bbox 2297 1556 2440 1609; x_wconf 85' lang='lat' dir='ltr'><strong>nobis</strong></span> <span class='ocrx_word' id='word_1_571' title='bbox 2485 1564 2828 1631; x_wconf 83' lang='lat' dir='ltr'><strong>compatiatur</strong></span> <span class='ocrx_word' id='word_1_572' title='bbox 2890 1569 3182 1643; x_wconf 77' lang='lat' dir='ltr'><strong>visceribus,</strong></span> <span class='ocrx_word' id='word_1_573' title='bbox 3225 1595 3376 1653; x_wconf 79' lang='lat' dir='ltr'><strong>quam</strong></span> <span class='ocrx_word' id='word_1_574' title='bbox 3416 1585 3482 1655; x_wconf 80' lang='lat' dir='ltr'><strong>sit</strong></span> <span class='ocrx_word' id='word_1_575' title='bbox 3516 1592 3806 1660; x_wconf 65' lang='lat' dir='ltr'><strong>pestilentiae</strong></span> 
     </span>
    </p>
   </div>
   <div class='ocr_carea' id='block_1_76' title="bbox 2295 1647 3806 1754">
    <p class='ocr_par' dir='ltr' id='par_1_76' title="bbox 2295 1647 3806 1754">
     <span class='ocr_line' id='line_1_82' title="bbox 2295 1647 3806 1754; baseline 0.03 -58"><span class='ocrx_word' id='word_1_576' title='bbox 2295 1647 2498 1700; x_wconf 73' lang='lat' dir='ltr'><strong>exitiale</strong></span> <span class='ocrx_word' id='word_1_577' title='bbox 2521 1652 2691 1707; x_wconf 86' lang='lat' dir='ltr'><strong>ovibus</strong></span> <span class='ocrx_word' id='word_1_578' title='bbox 2719 1653 2928 1725; x_wconf 81' lang='lat' dir='ltr'><strong>Christi,</strong></span> <span class='ocrx_word' id='word_1_579' title='bbox 2956 1665 3093 1732; x_wconf 87' lang='lat' dir='ltr'><strong>quod</strong></span> <span class='ocrx_word' id='word_1_580' title='bbox 3121 1658 3333 1723; x_wconf 84' lang='lat' dir='ltr'><strong>istorum</strong></span> <span class='ocrx_word' id='word_1_581' title='bbox 3357 1678 3621 1748; x_wconf 85' lang='lat' dir='ltr'><strong>sacrilegas</strong></span> <span class='ocrx_word' id='word_1_582' title='bbox 3640 1684 3806 1754; x_wconf 81' lang='lat' dir='ltr'><strong>disputa-</strong></span> 
     </span>
    </p>
   </div>
   <div class='ocr_carea' id='block_1_77' title="bbox 2294 1738 3804 1837">
    <p class='ocr_par' dir='ltr' id='par_1_77' title="bbox 2294 1738 3804 1837">
     <span class='ocr_line' id='line_1_83' title="bbox 2294 1738 3804 1837; baseline 0.03 -48"><span class='ocrx_word' id='word_1_583' title='bbox 2294 1738 2453 1793; x_wconf 87' lang='lat' dir='ltr'><strong>tiones</strong></span> <span class='ocrx_word' id='word_1_584' title='bbox 2479 1750 2765 1801; x_wconf 84' lang='lat' dir='ltr'><strong>necessario</strong></span> <span class='ocrx_word' id='word_1_585' title='bbox 2781 1758 3123 1824; x_wconf 84' lang='lat' dir='ltr'><strong>consequitur,</strong></span> <span class='ocrx_word' id='word_1_586' title='bbox 3160 1771 3213 1813; x_wconf 88' lang='lat' dir='ltr'><strong>ut</strong></span> <span class='ocrx_word' id='word_1_587' title='bbox 3244 1779 3333 1821; x_wconf 84' lang='lat' dir='ltr'><strong>nec</strong></span> <span class='ocrx_word' id='word_1_588' title='bbox 3359 1783 3506 1837; x_wconf 86' lang='lat' dir='ltr'><strong>orare</strong></span> <span class='ocrx_word' id='word_1_589' title='bbox 3525 1772 3751 1832; x_wconf 75' lang='lat' dir='ltr'><strong>debeamus</strong></span> <span class='ocrx_word' id='word_1_590' title='bbox 3767 1798 3804 1834; x_wconf 76' lang='lat' dir='ltr'><strong>ne</strong></span> 
     </span>
    </p>
   </div>
   <div class='ocr_carea' id='block_1_78' title="bbox 2219 1817 3805 1937">
    <p class='ocr_par' dir='ltr' id='par_1_78' title="bbox 2219 1817 3805 1937">
     <span class='ocr_line' id='line_1_84' title="bbox 2219 1817 3805 1937; baseline 0.029 -60"><span class='ocrx_word' id='word_1_591' title='bbox 2219 1817 2267 1897; x_wconf 77' lang='grc' dir='ltr'><strong>Β</strong></span> <span class='ocrx_word' id='word_1_592' title='bbox 2294 1829 2535 1887; x_wconf 88' lang='lat' dir='ltr'><strong>intremus</strong></span> <span class='ocrx_word' id='word_1_593' title='bbox 2577 1836 2629 1890; x_wconf 87' lang='lat' dir='ltr'><strong>in</strong></span> <span class='ocrx_word' id='word_1_594' title='bbox 2669 1843 3029 1911; x_wconf 85' lang='lat' dir='ltr'><strong>tentationem;</strong></span> <span class='ocrx_word' id='word_1_595' title='bbox 3059 1854 3193 1917; x_wconf 79' lang='lat' dir='ltr'><strong>quod</strong></span> <span class='ocrx_word' id='word_1_596' title='bbox 3231 1851 3480 1913; x_wconf 85' lang='lat' dir='ltr'><strong>Dominus</strong></span> <span class='ocrx_word' id='word_1_597' title='bbox 3520 1872 3564 1927; x_wconf 89' lang='lat' dir='ltr'><strong>et</strong></span> <span class='ocrx_word' id='word_1_598' title='bbox 3591 1865 3805 1937; x_wconf 74' lang='lat' dir='ltr'><strong>discipulos</strong></span> 
     </span>
    </p>
   </div>
   <div class='ocr_carea' id='block_1_79' title="bbox 2288 2096 3802 2211">
    <p class='ocr_par' dir='ltr' id='par_1_79' title="bbox 2288 2096 3802 2211">
     <span class='ocr_line' id='line_1_85' title="bbox 3044 2096 3802 2120; baseline 0.024 -20"><span class='ocrx_word' id='word_1_599' title='bbox 3044 2096 3052 2100; x_wconf 92' lang='lat'><strong>-</strong></span> <span class='ocrx_word' id='word_1_600' title='bbox 3193 2096 3203 2104; x_wconf 83' lang='grc'>.</span> <span class='ocrx_word' id='word_1_601' title='bbox 3448 2106 3449 2109; x_wconf 56' lang='grc' dir='ltr'><strong>η</strong></span> <span class='ocrx_word' id='word_1_602' title='bbox 3490 2096 3523 2111; x_wconf 57' lang='grc' dir='ltr'><strong>ι’</strong></span> <span class='ocrx_word' id='word_1_603' title='bbox 3594 2096 3629 2115; x_wconf 48' lang='grc' dir='ltr'><strong>*η’</strong></span> <span class='ocrx_word' id='word_1_604' title='bbox 3659 2096 3802 2120; x_wconf 60' lang='lat' dir='ltr'><strong>&#39;.&#39;U&quot;&quot;&quot;&quot;</strong></span> 
     </span>
     <span class='ocr_line' id='line_1_86' title="bbox 2288 2096 3802 2211; baseline 0.029 -55"><span class='ocrx_word' id='word_1_605' title='bbox 2288 2096 2395 2172; x_wconf 87' lang='lat' dir='ltr'><strong>ipse</strong></span> <span class='ocrx_word' id='word_1_606' title='bbox 2426 2116 2638 2165; x_wconf 82' lang='lat' dir='ltr'><strong>tes&#39;atus</strong></span> <span class='ocrx_word' id='word_1_607' title='bbox 2678 2123 2768 2169; x_wconf 84' lang='lat' dir='ltr'><strong>est.</strong></span> <span class='ocrx_word' id='word_1_608' title='bbox 2810 2117 2925 2173; x_wconf 89' lang='lat' dir='ltr'><strong>Non</strong></span> <span class='ocrx_word' id='word_1_609' title='bbox 2958 2128 3263 2181; x_wconf 84' lang='lat' dir='ltr'><strong>necessario</strong></span> <span class='ocrx_word' id='word_1_610' title='bbox 3311 2134 3414 2199; x_wconf 80' lang='lat' dir='ltr'><strong>hoc</strong></span> <span class='ocrx_word' id='word_1_611' title='bbox 3446 2138 3688 2211; x_wconf 84' lang='lat' dir='ltr'><strong>sequitur,</strong></span> <span class='ocrx_word' id='word_1_612' title='bbox 3719 2158 3802 2199; x_wconf 82' lang='lat' dir='ltr'><strong>nam</strong></span> 
     </span>
    </p>
   </div>
   <div class='ocr_carea' id='block_1_80' title="bbox 2287 2200 3801 2292">
    <p class='ocr_par' dir='ltr' id='par_1_80' title="bbox 2287 2200 3801 2292">
     <span class='ocr_line' id='line_1_87' title="bbox 2287 2200 3801 2292; baseline 0.026 -44"><span class='ocrx_word' id='word_1_613' title='bbox 2287 2200 2541 2265; x_wconf 88' lang='lat' dir='ltr'><strong>particula</strong></span> <span class='ocrx_word' id='word_1_614' title='bbox 2568 2202 2657 2256; x_wconf 88' lang='lat' dir='ltr'><strong>illa</strong></span> <span class='ocrx_word' id='word_1_615' title='bbox 2688 2206 2947 2265; x_wconf 90' lang='lat' dir='ltr'><strong>orationis</strong></span> <span class='ocrx_word' id='word_1_616' title='bbox 2974 2212 3279 2285; x_wconf 64' lang='lat' dir='ltr'><strong>dominicae,</strong></span> <span class='ocrx_word' id='word_1_617' title='bbox 3304 2232 3397 2275; x_wconf 87' lang='lat' dir='ltr'><strong>aut</strong></span> <span class='ocrx_word' id='word_1_618' title='bbox 3435 2240 3614 2292; x_wconf 92' lang='lat' dir='ltr'><strong>preces</strong></span> <span class='ocrx_word' id='word_1_619' title='bbox 3654 2228 3801 2288; x_wconf 79' lang='lat' dir='ltr'><strong>CliriSti</strong></span> 
     </span>
    </p>
   </div>
   <div class='ocr_carea' id='block_1_81' title="bbox 2287 2293 3800 2397">
    <p class='ocr_par' dir='ltr' id='par_1_81' title="bbox 2287 2293 3800 2397">
     <span class='ocr_line' id='line_1_88' title="bbox 2287 2293 3800 2397; baseline 0.024 -54"><span class='ocrx_word' id='word_1_620' title='bbox 2287 2305 2380 2359; x_wconf 91' lang='lat' dir='ltr'><strong>pro</strong></span> <span class='ocrx_word' id='word_1_621' title='bbox 2422 2293 2580 2350; x_wconf 90' lang='lat' dir='ltr'><strong>Petro</strong></span> <span class='ocrx_word' id='word_1_622' title='bbox 2602 2314 2707 2352; x_wconf 93' lang='lat' dir='ltr'><strong>non</strong></span> <span class='ocrx_word' id='word_1_623' title='bbox 2752 2301 3053 2371; x_wconf 58' lang='lat' dir='ltr'><strong>significant</strong></span> <span class='ocrx_word' id='word_1_624' title='bbox 3094 2309 3145 2363; x_wconf 93' lang='lat' dir='ltr'><strong>id</strong></span> <span class='ocrx_word' id='word_1_625' title='bbox 3172 2313 3311 2381; x_wconf 90' lang='lat' dir='ltr'><strong>quod</strong></span> <span class='ocrx_word' id='word_1_626' title='bbox 3368 2315 3593 2397; x_wconf 78' lang='lat' dir='ltr'><strong>innuunt</strong></span> <span class='ocrx_word' id='word_1_627' title='bbox 3646 2322 3800 2393; x_wconf 81' lang='lat' dir='ltr'><strong>Patres,</strong></span> 
     </span>
    </p>
   </div>
   <div class='ocr_carea' id='block_1_82' title="bbox 2282 2384 3800 2485">
    <p class='ocr_par' dir='ltr' id='par_1_82' title="bbox 2282 2384 3800 2485">
     <span class='ocr_line' id='line_1_89' title="bbox 2282 2384 3800 2485; baseline 0.024 -51"><span class='ocrx_word' id='word_1_628' title='bbox 2282 2384 2436 2451; x_wconf 89' lang='lat' dir='ltr'><strong>quasi</strong></span> <span class='ocrx_word' id='word_1_629' title='bbox 2479 2386 2578 2441; x_wconf 91' lang='lat' dir='ltr'><strong>hoc</strong></span> <span class='ocrx_word' id='word_1_630' title='bbox 2616 2391 2717 2444; x_wconf 88' lang='lat' dir='ltr'><strong>sibi</strong></span> <span class='ocrx_word' id='word_1_631' title='bbox 2762 2392 2997 2449; x_wconf 89' lang='lat' dir='ltr'><strong>vellent:</strong></span> <span class='ocrx_word' id='word_1_632' title='bbox 3029 2413 3069 2483; x_wconf 24' lang='lat' dir='ltr'><strong>o‘</strong></span> <span class='ocrx_word' id='word_1_633' title='bbox 3098 2401 3259 2471; x_wconf 90' lang='lat' dir='ltr'><strong>Deus,</strong></span> <span class='ocrx_word' id='word_1_634' title='bbox 3295 2404 3383 2485; x_wconf 90' lang='lat' dir='ltr'><strong>fac</strong></span> <span class='ocrx_word' id='word_1_635' title='bbox 3406 2386 3583 2485; x_wconf 84' lang='lat' dir='ltr'><strong>afflatu</strong></span> <span class='ocrx_word' id='word_1_636' title='bbox 3619 2412 3800 2485; x_wconf 88' lang='lat' dir='ltr'><strong>interno,</strong></span> 
     </span>
    </p>
   </div>
   <div class='ocr_carea' id='block_1_83' title="bbox 2282 2474 3799 2571">
    <p class='ocr_par' dir='ltr' id='par_1_83' title="bbox 2282 2474 3799 2571">
     <span class='ocr_line' id='line_1_90' title="bbox 2282 2474 3799 2571; baseline 0.024 -43"><span class='ocrx_word' id='word_1_637' title='bbox 2282 2475 2370 2529; x_wconf 90' lang='lat' dir='ltr'><strong>cui</strong></span> <span class='ocrx_word' id='word_1_638' title='bbox 2404 2478 2655 2536; x_wconf 82' lang='lat' dir='ltr'><strong>resistere</strong></span> <span class='ocrx_word' id='word_1_639' title='bbox 2686 2493 3030 2561; x_wconf 85' lang='lat' dir='ltr'><strong>nequeamus,</strong></span> <span class='ocrx_word' id='word_1_640' title='bbox 3068 2474 3133 2547; x_wconf 82' lang='lat' dir='ltr'><strong>ut</strong></span> <span class='ocrx_word' id='word_1_641' title='bbox 3172 2480 3524 2556; x_wconf 85' lang='lat' dir='ltr'><strong>tentationem</strong></span> <span class='ocrx_word' id='word_1_642' title='bbox 3551 2503 3799 2571; x_wconf 82' lang='lat' dir='ltr'><strong>vincamus;</strong></span> 
     </span>
    </p>
   </div>
   <div class='ocr_carea' id='block_1_84' title="bbox 2279 2570 3800 2671">
    <p class='ocr_par' dir='ltr' id='par_1_84' title="bbox 2279 2570 3800 2671">
     <span class='ocr_line' id='line_1_91' title="bbox 2279 2570 3800 2671; baseline 0.024 -50"><span class='ocrx_word' id='word_1_643' title='bbox 2279 2570 2463 2637; x_wconf 89' lang='lat' dir='ltr'><strong>quidni</strong></span> <span class='ocrx_word' id='word_1_644' title='bbox 2496 2575 2637 2629; x_wconf 91' lang='lat' dir='ltr'><strong>enim</strong></span> <span class='ocrx_word' id='word_1_645' title='bbox 2669 2578 2805 2633; x_wconf 90' lang='lat' dir='ltr'><strong>Deus</strong></span> <span class='ocrx_word' id='word_1_646' title='bbox 2838 2592 3015 2649; x_wconf 90' lang='lat' dir='ltr'><strong>potest</strong></span> <span class='ocrx_word' id='word_1_647' title='bbox 3046 2586 3305 2655; x_wconf 89' lang='lat' dir='ltr'><strong>impedire</strong></span> <span class='ocrx_word' id='word_1_648' title='bbox 3335 2608 3406 2669; x_wconf 82' lang='lat' dir='ltr'><strong>ne</strong></span> <span class='ocrx_word' id='word_1_649' title='bbox 3451 2584 3800 2671; x_wconf 71' lang='lat' dir='ltr'><strong>succutubamus</strong></span> 
     </span>
    </p>
   </div>
   <div class='ocr_carea' id='block_1_85' title="bbox 2278 2662 3798 2764">
    <p class='ocr_par' dir='ltr' id='par_1_85' title="bbox 2278 2662 3798 2764">
     <span class='ocr_line' id='line_1_92' title="bbox 2278 2662 3798 2764; baseline 0.025 -51"><span class='ocrx_word' id='word_1_650' title='bbox 2278 2662 2583 2733; x_wconf 90' lang='lat' dir='ltr'><strong>tentationi,</strong></span> <span class='ocrx_word' id='word_1_651' title='bbox 2618 2667 2789 2739; x_wconf 88' lang='lat' dir='ltr'><strong>ipsam</strong></span> <span class='ocrx_word' id='word_1_652' title='bbox 2819 2676 3161 2747; x_wconf 75' lang='lat' dir='ltr'><strong>tentationent</strong></span> <span class='ocrx_word' id='word_1_653' title='bbox 3195 2666 3509 2759; x_wconf 80' lang='lat' dir='ltr'><strong>minuendo,</strong></span> <span class='ocrx_word' id='word_1_654' title='bbox 3542 2704 3600 2745; x_wconf 88' lang='lat' dir='ltr'><strong>ac</strong></span> <span class='ocrx_word' id='word_1_655' title='bbox 3644 2701 3798 2764; x_wconf 81' lang='lat' dir='ltr'><strong>tempe-</strong></span> 
     </span>
    </p>
   </div>
   <div class='ocr_carea' id='block_1_86' title="bbox 2274 2753 3797 2857">
    <p class='ocr_par' dir='ltr' id='par_1_86' title="bbox 2274 2753 3797 2857">
     <span class='ocr_line' id='line_1_93' title="bbox 2274 2753 3797 2857; baseline 0.025 -53"><span class='ocrx_word' id='word_1_656' title='bbox 2274 2753 2467 2819; x_wconf 91' lang='lat' dir='ltr'><strong>rando,</strong></span> <span class='ocrx_word' id='word_1_657' title='bbox 2502 2756 2572 2812; x_wconf 89' lang='lat' dir='ltr'><strong>ita</strong></span> <span class='ocrx_word' id='word_1_658' title='bbox 2609 2768 2665 2813; x_wconf 92' lang='lat' dir='ltr'><strong>ut</strong></span> <span class='ocrx_word' id='word_1_659' title='bbox 2709 2762 2847 2818; x_wconf 91' lang='lat' dir='ltr'><strong>vires</strong></span> <span class='ocrx_word' id='word_1_660' title='bbox 2884 2776 3096 2823; x_wconf 85' lang='lat' dir='ltr'><strong>nostras</strong></span> <span class='ocrx_word' id='word_1_661' title='bbox 3134 2786 3239 2828; x_wconf 93' lang='lat' dir='ltr'><strong>non</strong></span> <span class='ocrx_word' id='word_1_662' title='bbox 3270 2764 3531 2857; x_wconf 86' lang='lat' dir='ltr'><strong>superet?</strong></span> <span class='ocrx_word' id='word_1_663' title='bbox 3556 2780 3695 2857; x_wconf 83' lang='lat' dir='ltr'><strong>Novit</strong></span> <span class='ocrx_word' id='word_1_664' title='bbox 3732 2786 3797 2843; x_wconf 81' lang='lat' dir='ltr'><strong>ille</strong></span> 
     </span>
    </p>
   </div>
   <div class='ocr_carea' id='block_1_87' title="bbox 2274 2847 3795 2948">
    <p class='ocr_par' dir='ltr' id='par_1_87' title="bbox 2274 2847 3795 2948">
     <span class='ocr_line' id='line_1_94' title="bbox 2274 2847 3795 2948; baseline 0.027 -52"><span class='ocrx_word' id='word_1_665' title='bbox 2274 2859 2431 2912; x_wconf 86' lang='lat' dir='ltr'><strong>quam</strong></span> <span class='ocrx_word' id='word_1_666' title='bbox 2457 2847 2596 2904; x_wconf 80' lang='lat' dir='ltr'><strong>firmi</strong></span> <span class='ocrx_word' id='word_1_667' title='bbox 2620 2862 2713 2907; x_wconf 89' lang='lat' dir='ltr'><strong>aut</strong></span> <span class='ocrx_word' id='word_1_668' title='bbox 2731 2870 2888 2924; x_wconf 89' lang='lat' dir='ltr'><strong>quam</strong></span> <span class='ocrx_word' id='word_1_669' title='bbox 2912 2858 3107 2917; x_wconf 89' lang='lat' dir='ltr'><strong>infirmi</strong></span> <span class='ocrx_word' id='word_1_670' title='bbox 3133 2865 3322 2933; x_wconf 91' lang='lat' dir='ltr'><strong>simus,</strong></span> <span class='ocrx_word' id='word_1_671' title='bbox 3340 2852 3533 2929; x_wconf 86' lang='lat' dir='ltr'><strong>melius</strong></span> <span class='ocrx_word' id='word_1_672' title='bbox 3554 2891 3693 2946; x_wconf 87' lang='lat' dir='ltr'><strong>quam</strong></span> <span class='ocrx_word' id='word_1_673' title='bbox 3709 2894 3795 2948; x_wconf 82' lang='lat' dir='ltr'><strong>nos,</strong></span> 
     </span>
    </p>
   </div>
   <div class='ocr_carea' id='block_1_88' title="bbox 2273 2947 3791 3043">
    <p class='ocr_par' dir='ltr' id='par_1_88' title="bbox 2273 2947 3791 3043">
     <span class='ocr_line' id='line_1_95' title="bbox 2273 2947 3791 3043; baseline 0.027 -55"><span class='ocrx_word' id='word_1_674' title='bbox 2273 2947 2551 3009; x_wconf 80' lang='lat' dir='ltr'><strong>potestque</strong></span> <span class='ocrx_word' id='word_1_675' title='bbox 2581 2958 2640 2997; x_wconf 91' lang='lat' dir='ltr'><strong>ea</strong></span> <span class='ocrx_word' id='word_1_676' title='bbox 2683 2949 2891 3004; x_wconf 91' lang='lat' dir='ltr'><strong>amoliri</strong></span> <span class='ocrx_word' id='word_1_677' title='bbox 2938 2956 3128 3023; x_wconf 90' lang='lat' dir='ltr'><strong>quibus</strong></span> <span class='ocrx_word' id='word_1_678' title='bbox 3172 2966 3458 3031; x_wconf 66' lang='lat' dir='ltr'><strong>aegerrime</strong></span> <span class='ocrx_word' id='word_1_679' title='bbox 3495 2982 3641 3037; x_wconf 87' lang='lat' dir='ltr'><strong>pares</strong></span> <span class='ocrx_word' id='word_1_680' title='bbox 3682 2988 3791 3043; x_wconf 82' lang='lat' dir='ltr'><strong>esse-</strong></span> 
     </span>
    </p>
   </div>
   <div class='ocr_carea' id='block_1_89' title="bbox 2270 3030 3794 3137">
    <p class='ocr_par' dir='ltr' id='par_1_89' title="bbox 2270 3030 3794 3137">
     <span class='ocr_line' id='line_1_96' title="bbox 2270 3030 3794 3137; baseline 0.026 -59"><span class='ocrx_word' id='word_1_681' title='bbox 2270 3040 2390 3081; x_wconf 90' lang='lat' dir='ltr'><strong>mus</strong></span> <span class='ocrx_word' id='word_1_682' title='bbox 2426 3030 2469 3082; x_wconf 89' lang='lat' dir='ltr'><strong>si</strong></span> <span class='ocrx_word' id='word_1_683' title='bbox 2501 3031 2775 3101; x_wconf 88' lang='lat' dir='ltr'><strong>adessent;</strong></span> <span class='ocrx_word' id='word_1_684' title='bbox 2810 3049 2863 3093; x_wconf 93' lang='lat' dir='ltr'><strong>et</strong></span> <span class='ocrx_word' id='word_1_685' title='bbox 2894 3042 3086 3111; x_wconf 91' lang='lat' dir='ltr'><strong>quibus</strong></span> <span class='ocrx_word' id='word_1_686' title='bbox 3112 3052 3357 3117; x_wconf 86' lang='lat' dir='ltr'><strong>remotis,</strong></span> <span class='ocrx_word' id='word_1_687' title='bbox 3393 3030 3547 3112; x_wconf 79' lang='lat' dir='ltr'><strong>facile</strong></span> <span class='ocrx_word' id='word_1_688' title='bbox 3570 3059 3616 3112; x_wconf 92' lang='lat' dir='ltr'><strong>in</strong></span> <span class='ocrx_word' id='word_1_689' title='bbox 3644 3038 3794 3137; x_wconf 66' lang='lat' dir='ltr'><strong>pietate</strong></span> 
     </span>
    </p>
   </div>
   <div class='ocr_carea' id='block_1_90' title="bbox 2264 3129 3793 3221">
    <p class='ocr_par' dir='ltr' id='par_1_90' title="bbox 2264 3129 3793 3221">
     <span class='ocr_line' id='line_1_97' title="bbox 2264 3129 3793 3221; baseline 0.026 -53"><span class='ocrx_word' id='word_1_690' title='bbox 2264 3129 2570 3178; x_wconf 86' lang='lat' dir='ltr'><strong>constantes</strong></span> <span class='ocrx_word' id='word_1_691' title='bbox 2600 3140 2803 3205; x_wconf 84' lang='lat' dir='ltr'><strong>sumus.</strong></span> <span class='ocrx_word' id='word_1_692' title='bbox 2840 3130 2901 3187; x_wconf 88' lang='lat' dir='ltr'><strong>Si</strong></span> <span class='ocrx_word' id='word_1_693' title='bbox 2919 3136 3053 3189; x_wconf 92' lang='lat' dir='ltr'><strong>enim</strong></span> <span class='ocrx_word' id='word_1_694' title='bbox 3076 3138 3183 3193; x_wconf 78' lang='lat' dir='ltr'><strong>lucc</strong></span> <span class='ocrx_word' id='word_1_695' title='bbox 3213 3145 3551 3221; x_wconf 78' lang='lat' dir='ltr'><strong>possibilitate</strong></span> <span class='ocrx_word' id='word_1_696' title='bbox 3581 3129 3793 3208; x_wconf 65' lang='lat' dir='ltr'><strong>naturaet</strong></span> 
     </span>
    </p>
   </div>
   <div class='ocr_carea' id='block_1_91' title="bbox 2188 3178 3793 3323">
    <p class='ocr_par' dir='ltr' id='par_1_91' title="bbox 2188 3178 3793 3323">
     <span class='ocr_line' id='line_1_98' title="bbox 2602 3178 3793 3221; baseline 0.024 -41"><span class='ocrx_word' id='word_1_697' title='bbox 2602 3178 2619 3180; x_wconf 67' lang='lat'><strong>-</strong></span> <span class='ocrx_word' id='word_1_698' title='bbox 2637 3178 2803 3205; x_wconf 31' lang='lat' dir='ltr'><strong>eum.</strong></span> <span class='ocrx_word' id='word_1_699' title='bbox 2840 3178 2898 3187; x_wconf 60' lang='grc' dir='ltr'><strong>ν-</strong></span> <span class='ocrx_word' id='word_1_700' title='bbox 2919 3178 3053 3189; x_wconf 68' lang='grc' dir='ltr'><strong>νην..</strong></span> <span class='ocrx_word' id='word_1_701' title='bbox 3076 3178 3181 3193; x_wconf 74' lang='grc' dir='ltr'><strong>..νυν</strong></span> <span class='ocrx_word' id='word_1_702' title='bbox 3213 3178 3550 3221; x_wconf 66' lang='grc' dir='ltr'><strong>μυσοιυιιυψε</strong></span> <span class='ocrx_word' id='word_1_703' title='bbox 3581 3178 3793 3208; x_wconf 73' lang='lat' dir='ltr'><strong>naturam</strong></span> 
     </span>
     <span class='ocr_line' id='line_1_99' title="bbox 2188 3178 3793 3323; baseline 0.024 -59"><span class='ocrx_word' id='word_1_704' title='bbox 2188 3178 2234 3265; x_wconf 65' lang='grc' dir='ltr'>(ἒ</span> <span class='ocrx_word' id='word_1_705' title='bbox 2264 3212 2477 3269; x_wconf 87' lang='lat' dir='ltr'><strong>arbitrio</strong></span> <span class='ocrx_word' id='word_1_706' title='bbox 2516 3218 2815 3293; x_wconf 83' lang='lat' dir='ltr'><strong>voluntatis,</strong></span> <span class='ocrx_word' id='word_1_707' title='bbox 2866 3224 3110 3295; x_wconf 87' lang='lat' dir='ltr'><strong>inquiunt</strong></span> <span class='ocrx_word' id='word_1_708' title='bbox 3143 3240 3317 3290; x_wconf 90' lang='lat' dir='ltr'><strong>tamen</strong></span> <span class='ocrx_word' id='word_1_709' title='bbox 3355 3226 3575 3311; x_wconf 26' lang='lat' dir='ltr'><strong>Afri,&#39;in</strong></span> <span class='ocrx_word' id='word_1_710' title='bbox 3604 3254 3793 3323; x_wconf 70' lang='lat' dir='ltr'><strong>potestate</strong></span> 
     </span>
    </p>
   </div>
   <div class='ocr_carea' id='block_1_92' title="bbox 2261 3307 3790 3406">
    <p class='ocr_par' dir='ltr' id='par_1_92' title="bbox 2261 3307 3790 3406">
     <span class='ocr_line' id='line_1_100' title="bbox 2261 3307 3790 3406; baseline 0.025 -54"><span class='ocrx_word' id='word_1_711' title='bbox 2261 3311 2382 3355; x_wconf 74' lang='lat' dir='ltr'><strong>sunt</strong></span> <span class='ocrx_word' id='word_1_712' title='bbox 2410 3307 2707 3378; x_wconf 84' lang='lat' dir='ltr'><strong>constituta,</strong></span> <span class='ocrx_word' id='word_1_713' title='bbox 2736 3314 2851 3383; x_wconf 86' lang='lat' dir='ltr'><strong>quis</strong></span> <span class='ocrx_word' id='word_1_714' title='bbox 2888 3332 2987 3371; x_wconf 87' lang='lat' dir='ltr'><strong>non</strong></span> <span class='ocrx_word' id='word_1_715' title='bbox 3012 3336 3069 3373; x_wconf 88' lang='lat' dir='ltr'><strong>ea</strong></span> <span class='ocrx_word' id='word_1_716' title='bbox 3091 3323 3257 3379; x_wconf 84' lang='lat' dir='ltr'><strong>videat</strong></span> <span class='ocrx_word' id='word_1_717' title='bbox 3282 3343 3313 3403; x_wconf 82' lang='lat' dir='ltr'><strong>a</strong></span> <span class='ocrx_word' id='word_1_718' title='bbox 3347 3330 3455 3385; x_wconf 76' lang='lat' dir='ltr'><strong>Deo</strong></span> <span class='ocrx_word' id='word_1_719' title='bbox 3478 3307 3682 3397; x_wconf 79' lang='lat' dir='ltr'><strong>inaniter</strong></span> <span class='ocrx_word' id='word_1_720' title='bbox 3697 3340 3790 3406; x_wconf 77' lang='lat' dir='ltr'><strong>peti,</strong></span> 
     </span>
    </p>
   </div>
   <div class='ocr_carea' id='block_1_93' title="bbox 2259 3396 3791 3494">
    <p class='ocr_par' dir='ltr' id='par_1_93' title="bbox 2259 3396 3791 3494">
     <span class='ocr_line' id='line_1_101' title="bbox 2259 3396 3791 3494; baseline 0.027 -50"><span class='ocrx_word' id='word_1_721' title='bbox 2259 3402 2304 3445; x_wconf 82' lang='lat' dir='ltr'><strong>et</strong></span> <span class='ocrx_word' id='word_1_722' title='bbox 2332 3396 2588 3463; x_wconf 76' lang='lat' dir='ltr'><strong>fallaciter</strong></span> <span class='ocrx_word' id='word_1_723' title='bbox 2618 3404 2773 3471; x_wconf 87' lang='lat' dir='ltr'><strong>arari,</strong></span> <span class='ocrx_word' id='word_1_724' title='bbox 2822 3424 2934 3460; x_wconf 80' lang='lat' dir='ltr'><strong>cum</strong></span> <span class='ocrx_word' id='word_1_725' title='bbox 2963 3415 3161 3467; x_wconf 89' lang='lat' dir='ltr'><strong>orando</strong></span> <span class='ocrx_word' id='word_1_726' title='bbox 3192 3396 3475 3486; x_wconf 77' lang='lat' dir='ltr'><strong>poscuntur</strong></span> <span class='ocrx_word' id='word_1_727' title='bbox 3495 3442 3604 3494; x_wconf 78' lang='lat' dir='ltr'><strong>qute</strong></span> <span class='ocrx_word' id='word_1_728' title='bbox 3640 3439 3791 3493; x_wconf 65' lang='lat' dir='ltr'><strong>natura?</strong></span> 
     </span>
    </p>
   </div>
   <div class='ocr_carea' id='block_1_94' title="bbox 2256 3489 3790 3579">
    <p class='ocr_par' dir='ltr' id='par_1_94' title="bbox 2256 3489 3790 3579">
     <span class='ocr_line' id='line_1_102' title="bbox 2256 3489 3790 3579; baseline 0.025 -44"><span class='ocrx_word' id='word_1_729' title='bbox 2256 3495 2454 3540; x_wconf 65' lang='lat' dir='ltr'><strong>nostris</strong></span> <span class='ocrx_word' id='word_1_730' title='bbox 2454 3489 2568 3557; x_wconf 89' lang='lat' dir='ltr'><strong>jam</strong></span> <span class='ocrx_word' id='word_1_731' title='bbox 2590 3492 2663 3544; x_wconf 92' lang='lat' dir='ltr'><strong>ita</strong></span> <span class='ocrx_word' id='word_1_732' title='bbox 2684 3498 2900 3551; x_wconf 65' lang='lat' dir='ltr'><strong>conditis</strong></span> <span class='ocrx_word' id='word_1_733' title='bbox 2926 3502 3279 3572; x_wconf 73' lang='lat' dir='ltr'><strong>sufﬁcientibus</strong></span> <span class='ocrx_word' id='word_1_734' title='bbox 3305 3492 3496 3579; x_wconf 83' lang='lat' dir='ltr'><strong>viribus</strong></span> <span class='ocrx_word' id='word_1_735' title='bbox 3518 3504 3790 3573; x_wconf 75' lang='lat' dir='ltr'><strong>obtinentur?</strong></span> 
     </span>
    </p>
   </div>
   <div class='ocr_carea' id='block_1_95' title="bbox 2254 3574 3789 3672">
    <p class='ocr_par' dir='ltr' id='par_1_95' title="bbox 2254 3574 3789 3672">
     <span class='ocr_line' id='line_1_103' title="bbox 2254 3574 3789 3672; baseline 0.024 -45"><span class='ocrx_word' id='word_1_736' title='bbox 2254 3574 2325 3629; x_wconf 82' lang='lat' dir='ltr'><strong>At</strong></span> <span class='ocrx_word' id='word_1_737' title='bbox 2353 3581 2596 3647; x_wconf 91' lang='lat' dir='ltr'><strong>quamvis</strong></span> <span class='ocrx_word' id='word_1_738' title='bbox 2638 3584 2777 3640; x_wconf 91' lang='lat' dir='ltr'><strong>forte</strong></span> <span class='ocrx_word' id='word_1_739' title='bbox 2832 3593 3149 3650; x_wconf 88' lang='lat' dir='ltr'><strong>concederet</strong></span> <span class='ocrx_word' id='word_1_740' title='bbox 3186 3598 3434 3672; x_wconf 84' lang='lat' dir='ltr'><strong>Pelagius</strong></span> <span class='ocrx_word' id='word_1_741' title='bbox 3464 3609 3651 3664; x_wconf 89' lang='lat' dir='ltr'><strong>nullam</strong></span> <span class='ocrx_word' id='word_1_742' title='bbox 3694 3625 3789 3666; x_wconf 42' lang='lat' dir='ltr'><strong>con.</strong></span> 
     </span>
    </p>
   </div>
   <div class='ocr_carea' id='block_1_96' title="bbox 2253 3664 3787 3757">
    <p class='ocr_par' dir='ltr' id='par_1_96' title="bbox 2253 3664 3787 3757">
     <span class='ocr_line' id='line_1_104' title="bbox 2253 3664 3787 3757; baseline 0.026 -39"><span class='ocrx_word' id='word_1_743' title='bbox 2253 3664 2461 3736; x_wconf 82' lang='lat' dir='ltr'><strong>tingere</strong></span> <span class='ocrx_word' id='word_1_744' title='bbox 2494 3680 2598 3727; x_wconf 90' lang='lat' dir='ltr'><strong>tam</strong></span> <span class='ocrx_word' id='word_1_745' title='bbox 2640 3682 2874 3733; x_wconf 92' lang='lat' dir='ltr'><strong>atrocem</strong></span> <span class='ocrx_word' id='word_1_746' title='bbox 2910 3687 3257 3744; x_wconf 85' lang='lat' dir='ltr'><strong>tentationem</strong></span> <span class='ocrx_word' id='word_1_747' title='bbox 3303 3695 3390 3748; x_wconf 93' lang='lat' dir='ltr'><strong>cui</strong></span> <span class='ocrx_word' id='word_1_748' title='bbox 3444 3699 3682 3757; x_wconf 78' lang='lat' dir='ltr'><strong>resistere</strong></span> <span class='ocrx_word' id='word_1_749' title='bbox 3718 3718 3787 3756; x_wconf 89' lang='lat' dir='ltr'><strong>ne-</strong></span> 
     </span>
    </p>
   </div>
   <div class='ocr_carea' id='block_1_97' title="bbox 2251 3769 3785 3858">
    <p class='ocr_par' dir='ltr' id='par_1_97' title="bbox 2251 3769 3785 3858">
     <span class='ocr_line' id='line_1_105' title="bbox 2251 3769 3785 3858; baseline 0.026 -50"><span class='ocrx_word' id='word_1_750' title='bbox 2251 3771 2530 3827; x_wconf 91' lang='lat' dir='ltr'><strong>queamus,</strong></span> <span class='ocrx_word' id='word_1_751' title='bbox 2580 3773 2768 3821; x_wconf 85' lang='lat' dir='ltr'><strong>natura</strong></span> <span class='ocrx_word' id='word_1_752' title='bbox 2800 3769 3087 3842; x_wconf 90' lang='lat' dir='ltr'><strong>Evangelio</strong></span> <span class='ocrx_word' id='word_1_753' title='bbox 3118 3778 3382 3839; x_wconf 87' lang='lat' dir='ltr'><strong>illustrata</strong></span> <span class='ocrx_word' id='word_1_754' title='bbox 3429 3798 3483 3845; x_wconf 90' lang='lat' dir='ltr'><strong>et</strong></span> <span class='ocrx_word' id='word_1_755' title='bbox 3510 3793 3785 3858; x_wconf 85' lang='lat' dir='ltr'><strong>emendata;</strong></span> 
     </span>
    </p>
   </div>
   <div class='ocr_carea' id='block_1_98' title="bbox 2248 3854 3784 3952">
    <p class='ocr_par' dir='ltr' id='par_1_98' title="bbox 2248 3854 3784 3952">
     <span class='ocr_line' id='line_1_106' title="bbox 2248 3854 3784 3952; baseline 0.026 -53"><span class='ocrx_word' id='word_1_756' title='bbox 2248 3860 2356 3901; x_wconf 92' lang='lat' dir='ltr'><strong>non</strong></span> <span class='ocrx_word' id='word_1_757' title='bbox 2393 3854 2619 3920; x_wconf 87' lang='lat' dir='ltr'><strong>negabat</strong></span> <span class='ocrx_word' id='word_1_758' title='bbox 2649 3864 2846 3926; x_wconf 90' lang='lat' dir='ltr'><strong>tamen,</strong></span> <span class='ocrx_word' id='word_1_759' title='bbox 2889 3878 2990 3919; x_wconf 83' lang='lat' dir='ltr'><strong>nec</strong></span> <span class='ocrx_word' id='word_1_760' title='bbox 3023 3882 3219 3939; x_wconf 88' lang='lat' dir='ltr'><strong>negare</strong></span> <span class='ocrx_word' id='word_1_761' title='bbox 3265 3862 3480 3944; x_wconf 82' lang='lat' dir='ltr'><strong>poterat</strong></span> <span class='ocrx_word' id='word_1_762' title='bbox 3521 3882 3568 3935; x_wconf 95' lang='lat' dir='ltr'><strong>in</strong></span> <span class='ocrx_word' id='word_1_763' title='bbox 3587 3885 3784 3952; x_wconf 87' lang='lat' dir='ltr'><strong>periculo</strong></span> 
     </span>
    </p>
   </div>
   <div class='ocr_carea' id='block_1_99' title="bbox 2245 3943 3780 4043">
    <p class='ocr_par' dir='ltr' id='par_1_99' title="bbox 2245 3943 3780 4043">
     <span class='ocr_line' id='line_1_107' title="bbox 2245 3943 3780 4043; baseline 0.023 -50"><span class='ocrx_word' id='word_1_764' title='bbox 2245 3943 2548 4000; x_wconf 89' lang='lat' dir='ltr'><strong>constitutis</strong></span> <span class='ocrx_word' id='word_1_765' title='bbox 2572 3948 2637 4002; x_wconf 89' lang='lat' dir='ltr'><strong>ad</strong></span> <span class='ocrx_word' id='word_1_766' title='bbox 2674 3950 2767 4006; x_wconf 86' lang='lat' dir='ltr'><strong>Dei</strong></span> <span class='ocrx_word' id='word_1_767' title='bbox 2799 3957 3077 4028; x_wconf 74' lang='lat' dir='ltr'><strong>auxilium,</strong></span> <span class='ocrx_word' id='word_1_768' title='bbox 3117 3943 3280 4020; x_wconf 82' lang='lat' dir='ltr'><strong>etiam</strong></span> <span class='ocrx_word' id='word_1_769' title='bbox 3316 3975 3780 4043; x_wconf 85' lang='lat' dir='ltr'><strong>extraordinarium,</strong></span> 
     </span>
    </p>
   </div>
   <div class='ocr_carea' id='block_1_100' title="bbox 2248 4038 3782 4121">
    <p class='ocr_par' dir='ltr' id='par_1_100' title="bbox 2248 4038 3782 4121">
     <span class='ocr_line' id='line_1_108' title="bbox 2248 4038 3782 4121; baseline 0.024 -36"><span class='ocrx_word' id='word_1_770' title='bbox 2248 4044 2369 4087; x_wconf 89' lang='lat' dir='ltr'><strong>esse</strong></span> <span class='ocrx_word' id='word_1_771' title='bbox 2397 4038 2830 4109; x_wconf 86' lang='lat' dir='ltr'><strong>confugiendum,</strong></span> <span class='ocrx_word' id='word_1_772' title='bbox 2859 4048 3063 4105; x_wconf 87' lang='lat' dir='ltr'><strong>duabus</strong></span> <span class='ocrx_word' id='word_1_773' title='bbox 3090 4054 3156 4110; x_wconf 90' lang='lat' dir='ltr'><strong>de</strong></span> <span class='ocrx_word' id='word_1_774' title='bbox 3180 4058 3499 4118; x_wconf 86' lang='lat' dir='ltr'><strong>rationibus.</strong></span> <span class='ocrx_word' id='word_1_775' title='bbox 3533 4066 3696 4121; x_wconf 88' lang='lat' dir='ltr'><strong>Primo</strong></span> <span class='ocrx_word' id='word_1_776' title='bbox 3717 4076 3782 4121; x_wconf 89' lang='lat' dir='ltr'><strong>ta-</strong></span> 
     </span>
    </p>
   </div>
   <div class='ocr_carea' id='block_1_101' title="bbox 2242 4126 3780 4221">
    <p class='ocr_par' dir='ltr' id='par_1_101' title="bbox 2242 4126 3780 4221">
     <span class='ocr_line' id='line_1_109' title="bbox 2242 4126 3780 4221; baseline 0.027 -46"><span class='ocrx_word' id='word_1_777' title='bbox 2242 4126 2399 4179; x_wconf 89' lang='lat' dir='ltr'><strong>metsi</strong></span> <span class='ocrx_word' id='word_1_778' title='bbox 2433 4127 2633 4185; x_wconf 89' lang='lat' dir='ltr'><strong>viribus</strong></span> <span class='ocrx_word' id='word_1_779' title='bbox 2677 4138 2842 4191; x_wconf 90' lang='lat' dir='ltr'><strong>semel</strong></span> <span class='ocrx_word' id='word_1_780' title='bbox 2873 4153 2903 4192; x_wconf 90' lang='lat' dir='ltr'><strong>a</strong></span> <span class='ocrx_word' id='word_1_781' title='bbox 2931 4140 3042 4197; x_wconf 91' lang='lat' dir='ltr'><strong>Deo</strong></span> <span class='ocrx_word' id='word_1_782' title='bbox 3086 4152 3379 4221; x_wconf 87' lang='lat' dir='ltr'><strong>concessis,</strong></span> <span class='ocrx_word' id='word_1_783' title='bbox 3416 4166 3470 4210; x_wconf 91' lang='lat' dir='ltr'><strong>et</strong></span> <span class='ocrx_word' id='word_1_784' title='bbox 3496 4158 3780 4213; x_wconf 84' lang='lat' dir='ltr'><strong>confirmatis</strong></span> 
     </span>
    </p>
   </div>
   <div class='ocr_carea' id='block_1_102' title="bbox 2241 4218 3776 4322">
    <p class='ocr_par' dir='ltr' id='par_1_102' title="bbox 2241 4218 3776 4322">
     <span class='ocr_line' id='line_1_110' title="bbox 2241 4218 3776 4322; baseline 0.028 -55"><span class='ocrx_word' id='word_1_785' title='bbox 2241 4218 2518 4284; x_wconf 89' lang='lat' dir='ltr'><strong>promissis</strong></span> <span class='ocrx_word' id='word_1_786' title='bbox 2532 4222 2747 4294; x_wconf 88' lang='lat' dir='ltr'><strong>divinis,</strong></span> <span class='ocrx_word' id='word_1_787' title='bbox 2781 4231 3030 4289; x_wconf 89' lang='lat' dir='ltr'><strong>resistere</strong></span> <span class='ocrx_word' id='word_1_788' title='bbox 3046 4228 3324 4297; x_wconf 86' lang='lat' dir='ltr'><strong>téntationi</strong></span> <span class='ocrx_word' id='word_1_789' title='bbox 3356 4260 3653 4317; x_wconf 85' lang='lat' dir='ltr'><strong>possumus;</strong></span> <span class='ocrx_word' id='word_1_790' title='bbox 3680 4267 3776 4322; x_wconf 86' lang='lat' dir='ltr'><strong>pos-</strong></span> 
     </span>
    </p>
   </div>
   <div class='ocr_carea' id='block_1_103' title="bbox 2240 4311 3777 4397">
    <p class='ocr_par' dir='ltr' id='par_1_103' title="bbox 2240 4311 3777 4397">
     <span class='ocr_line' id='line_1_111' title="bbox 2240 4311 3777 4397; baseline 0.026 -41"><span class='ocrx_word' id='word_1_791' title='bbox 2240 4317 2423 4361; x_wconf 89' lang='lat' dir='ltr'><strong>sumus</strong></span> <span class='ocrx_word' id='word_1_792' title='bbox 2438 4311 2595 4365; x_wconf 91' lang='lat' dir='ltr'><strong>etiam</strong></span> <span class='ocrx_word' id='word_1_793' title='bbox 2626 4315 2674 4367; x_wconf 92' lang='lat' dir='ltr'><strong>in</strong></span> <span class='ocrx_word' id='word_1_794' title='bbox 2703 4332 2764 4371; x_wconf 91' lang='lat' dir='ltr'><strong>ea</strong></span> <span class='ocrx_word' id='word_1_795' title='bbox 2790 4320 3002 4389; x_wconf 72' lang='lat' dir='ltr'><strong>cadere,</strong></span> <span class='ocrx_word' id='word_1_796' title='bbox 3028 4328 3165 4394; x_wconf 90' lang='lat' dir='ltr'><strong>quod</strong></span> <span class='ocrx_word' id='word_1_797' title='bbox 3197 4346 3300 4386; x_wconf 93' lang='lat' dir='ltr'><strong>non</strong></span> <span class='ocrx_word' id='word_1_798' title='bbox 3330 4334 3399 4389; x_wconf 92' lang='lat' dir='ltr'><strong>ita</strong></span> <span class='ocrx_word' id='word_1_799' title='bbox 3434 4338 3583 4396; x_wconf 86' lang='lat' dir='ltr'><strong>facile</strong></span> <span class='ocrx_word' id='word_1_800' title='bbox 3607 4343 3777 4397; x_wconf 86' lang='lat' dir='ltr'><strong>contin-</strong></span> 
     </span>
    </p>
   </div>
   <div class='ocr_carea' id='block_1_104' title="bbox 2237 4397 3771 4506">
    <p class='ocr_par' dir='ltr' id='par_1_104' title="bbox 2237 4397 3771 4506">
     <span class='ocr_line' id='line_1_112' title="bbox 2237 4397 3771 4506; baseline 0.029 -57"><span class='ocrx_word' id='word_1_801' title='bbox 2237 4397 2311 4466; x_wconf 89' lang='lat' dir='ltr'><strong>git</strong></span> <span class='ocrx_word' id='word_1_802' title='bbox 2340 4416 2458 4455; x_wconf 94' lang='lat' dir='ltr'><strong>cum</strong></span> <span class='ocrx_word' id='word_1_803' title='bbox 2488 4404 2738 4461; x_wconf 87' lang='lat' dir='ltr'><strong>inusitato</strong></span> <span class='ocrx_word' id='word_1_804' title='bbox 2772 4411 2862 4467; x_wconf 90' lang='lat' dir='ltr'><strong>Dei</strong></span> <span class='ocrx_word' id='word_1_805' title='bbox 2907 4419 3113 4473; x_wconf 82' lang='lat' dir='ltr'><strong>auxilio</strong></span> <span class='ocrx_word' id='word_1_806' title='bbox 3143 4425 3501 4500; x_wconf 88' lang='lat' dir='ltr'><strong>quodcunque</strong></span> <span class='ocrx_word' id='word_1_807' title='bbox 3528 4435 3594 4488; x_wconf 89' lang='lat' dir='ltr'><strong>sit</strong></span> <span class='ocrx_word' id='word_1_808' title='bbox 3622 4426 3771 4506; x_wconf 78' lang='lat' dir='ltr'><strong>(medo</strong></span> 
     </span>
    </p>
   </div>
   <div class='ocr_carea' id='block_1_105' title="bbox 2240 4494 3782 4593">
    <p class='ocr_par' dir='ltr' id='par_1_105' title="bbox 2240 4494 3782 4593">
     <span class='ocr_line' id='line_1_113' title="bbox 2240 4494 3782 4593; baseline 0.028 -50"><span class='ocrx_word' id='word_1_809' title='bbox 2240 4505 2308 4545; x_wconf 91' lang='lat' dir='ltr'><strong>ne</strong></span> <span class='ocrx_word' id='word_1_810' title='bbox 2350 4494 2796 4558; x_wconf 83' lang='lat' dir='ltr'><strong>sitineluctabilis</strong></span> <span class='ocrx_word' id='word_1_811' title='bbox 2840 4494 3437 4584; x_wconf 57' lang='lat' dir='ltr'><strong>afflatus)adjuvamui:.</strong></span> <span class='ocrx_word' id='word_1_812' title='bbox 3477 4525 3603 4593; x_wconf 81' lang='lat' dir='ltr'><strong>Quis</strong></span> <span class='ocrx_word' id='word_1_813' title='bbox 3626 4494 3782 4584; x_wconf 77' lang='lat' dir='ltr'><strong>autem</strong></span> 
     </span>
    </p>
   </div>
   <div class='ocr_carea' id='block_1_106' title="bbox 2162 4551 3774 4695">
    <p class='ocr_par' dir='ltr' id='par_1_106' title="bbox 2162 4551 3774 4695">
     <span class='ocr_line' id='line_1_114' title="bbox 2598 4551 3774 4593; baseline 0.028 -41"><span class='ocrx_word' id='word_1_814' title='bbox 2598 4551 2795 4558; x_wconf 57' lang='lat'><strong>,-__-_-.,</strong></span> <span class='ocrx_word' id='word_1_815' title='bbox 2840 4551 3075 4581; x_wconf 62' lang='grc' dir='ltr'><strong>...υνυς-ιη</strong></span> <span class='ocrx_word' id='word_1_816' title='bbox 3100 4551 3437 4584; x_wconf 61' lang='lat' dir='ltr'><strong>uujuvaiuul’.</strong></span> <span class='ocrx_word' id='word_1_817' title='bbox 3477 4551 3603 4593; x_wconf 62' lang='lat' dir='ltr'><strong>uuts</strong></span> <span class='ocrx_word' id='word_1_818' title='bbox 3627 4551 3774 4584; x_wconf 76' lang='lat' dir='ltr'><strong>ament</strong></span> 
     </span>
     <span class='ocr_line' id='line_1_115' title="bbox 2162 4551 3774 4695; baseline 0.028 -63"><span class='ocrx_word' id='word_1_819' title='bbox 2162 4551 2219 4649; x_wconf 55' lang='grc' dir='ltr'>ρ</span> <span class='ocrx_word' id='word_1_820' title='bbox 2239 4582 2289 4637; x_wconf 93' lang='lat' dir='ltr'><strong>in</strong></span> <span class='ocrx_word' id='word_1_821' title='bbox 2320 4587 2557 4653; x_wconf 82' lang='lat' dir='ltr'><strong>periculo</strong></span> <span class='ocrx_word' id='word_1_822' title='bbox 2591 4608 2694 4646; x_wconf 93' lang='lat' dir='ltr'><strong>non</strong></span> <span class='ocrx_word' id='word_1_823' title='bbox 2717 4597 2817 4650; x_wconf 92' lang='lat' dir='ltr'><strong>sibi</strong></span> <span class='ocrx_word' id='word_1_824' title='bbox 2846 4609 2994 4667; x_wconf 90' lang='lat' dir='ltr'><strong>optet</strong></span> <span class='ocrx_word' id='word_1_825' title='bbox 3025 4620 3127 4660; x_wconf 93' lang='lat' dir='ltr'><strong>non</strong></span> <span class='ocrx_word' id='word_1_826' title='bbox 3168 4610 3326 4665; x_wconf 86' lang='lat' dir='ltr'><strong>modo</strong></span> <span class='ocrx_word' id='word_1_827' title='bbox 3370 4618 3510 4683; x_wconf 93' lang='lat' dir='ltr'><strong>quod</strong></span> <span class='ocrx_word' id='word_1_828' title='bbox 3554 4629 3630 4673; x_wconf 92' lang='lat' dir='ltr'><strong>est</strong></span> <span class='ocrx_word' id='word_1_829' title='bbox 3653 4634 3774 4695; x_wconf 79' lang='lat' dir='ltr'><strong>pror-</strong></span> 
     </span>
    </p>
   </div>
   <div class='ocr_carea' id='block_1_107' title="bbox 2232 4684 3771 4777">
    <p class='ocr_par' dir='ltr' id='par_1_107' title="bbox 2232 4684 3771 4777">
     <span class='ocr_line' id='line_1_116' title="bbox 2232 4684 3771 4777; baseline 0.028 -50"><span class='ocrx_word' id='word_1_830' title='bbox 2232 4689 2325 4729; x_wconf 91' lang='lat' dir='ltr'><strong>sus</strong></span> <span class='ocrx_word' id='word_1_831' title='bbox 2356 4684 2735 4749; x_wconf 86' lang='lat' dir='ltr'><strong>necessarium,</strong></span> <span class='ocrx_word' id='word_1_832' title='bbox 2766 4690 2857 4743; x_wconf 87' lang='lat' dir='ltr'><strong>sed</strong></span> <span class='ocrx_word' id='word_1_833' title='bbox 2890 4694 3047 4750; x_wconf 91' lang='lat' dir='ltr'><strong>etiam</strong></span> <span class='ocrx_word' id='word_1_834' title='bbox 3079 4714 3234 4767; x_wconf 90' lang='lat' dir='ltr'><strong>quam</strong></span> <span class='ocrx_word' id='word_1_835' title='bbox 3264 4709 3521 4764; x_wconf 79' lang='lat' dir='ltr'><strong>maximas</strong></span> <span class='ocrx_word' id='word_1_836' title='bbox 3550 4694 3709 4777; x_wconf 81' lang='lat' dir='ltr'><strong>vires,</strong></span> <span class='ocrx_word' id='word_1_837' title='bbox 3730 4721 3771 4777; x_wconf 83' lang='lat' dir='ltr'><strong>ut</strong></span> 
     </span>
    </p>
   </div>
   <div class='ocr_carea' id='block_1_108' title="bbox 2233 4762 3771 4877">
    <p class='ocr_par' dir='ltr' id='par_1_108' title="bbox 2233 4762 3771 4877">
     <span class='ocr_line' id='line_1_117' title="bbox 2233 4762 3771 4877; baseline 0.026 -62"><span class='ocrx_word' id='word_1_838' title='bbox 2233 4762 2440 4822; x_wconf 77' lang='lat' dir='ltr'><strong>facilius</strong></span> <span class='ocrx_word' id='word_1_839' title='bbox 2466 4780 2518 4824; x_wconf 90' lang='lat' dir='ltr'><strong>et</strong></span> <span class='ocrx_word' id='word_1_840' title='bbox 2559 4777 2797 4832; x_wconf 87' lang='lat' dir='ltr'><strong>securius</strong></span> <span class='ocrx_word' id='word_1_841' title='bbox 2835 4796 2952 4836; x_wconf 87' lang='lat' dir='ltr'><strong>sese</strong></span> <span class='ocrx_word' id='word_1_842' title='bbox 2997 4802 3061 4840; x_wconf 89' lang='lat' dir='ltr'><strong>eo</strong></span> <span class='ocrx_word' id='word_1_843' title='bbox 3103 4793 3382 4859; x_wconf 86' lang='lat' dir='ltr'><strong>expediat?</strong></span> <span class='ocrx_word' id='word_1_844' title='bbox 3419 4799 3611 4856; x_wconf 90' lang='lat' dir='ltr'><strong>Deinde</strong></span> <span class='ocrx_word' id='word_1_845' title='bbox 3660 4802 3771 4877; x_wconf 83' lang='lat' dir='ltr'><strong>inter</strong></span> 
     </span>
    </p>
   </div>
   <div class='ocr_carea' id='block_1_109' title="bbox 2230 4855 3769 4964">
    <p class='ocr_par' dir='ltr' id='par_1_109' title="bbox 2230 4855 3769 4964">
     <span class='ocr_line' id='line_1_118' title="bbox 2230 4855 3769 4964; baseline 0.027 -57"><span class='ocrx_word' id='word_1_846' title='bbox 2230 4855 2375 4924; x_wconf 91' lang='lat' dir='ltr'><strong>ipsas</strong></span> <span class='ocrx_word' id='word_1_847' title='bbox 2404 4862 2567 4930; x_wconf 91' lang='lat' dir='ltr'><strong>vires,</strong></span> <span class='ocrx_word' id='word_1_848' title='bbox 2606 4882 2738 4936; x_wconf 88' lang='lat' dir='ltr'><strong>quas</strong></span> <span class='ocrx_word' id='word_1_849' title='bbox 2770 4872 2911 4928; x_wconf 90' lang='lat' dir='ltr'><strong>Deus</strong></span> <span class='ocrx_word' id='word_1_850' title='bbox 2941 4875 3261 4939; x_wconf 85' lang='lat' dir='ltr'><strong>Christianis</strong></span> <span class='ocrx_word' id='word_1_851' title='bbox 3291 4890 3617 4951; x_wconf 85' lang='lat' dir='ltr'><strong>sufficientes</strong></span> <span class='ocrx_word' id='word_1_852' title='bbox 3639 4870 3769 4964; x_wconf 83' lang='lat' dir='ltr'><strong>largi-</strong></span> 
     </span>
    </p>
   </div>
   <div class='ocr_carea' id='block_1_110' title="bbox 2229 4951 3766 5052">
    <p class='ocr_par' dir='ltr' id='par_1_110' title="bbox 2229 4951 3766 5052">
     <span class='ocr_line' id='line_1_119' title="bbox 2229 4951 3766 5052; baseline 0.027 -53"><span class='ocrx_word' id='word_1_853' title='bbox 2229 4954 2333 5013; x_wconf 90' lang='lat' dir='ltr'><strong>tur,</strong></span> <span class='ocrx_word' id='word_1_854' title='bbox 2371 4951 2503 5007; x_wconf 92' lang='lat' dir='ltr'><strong>nihil</strong></span> <span class='ocrx_word' id='word_1_855' title='bbox 2534 4967 2699 5027; x_wconf 89' lang='lat' dir='ltr'><strong>vetat,</strong></span> <span class='ocrx_word' id='word_1_856' title='bbox 2737 4976 2833 5030; x_wconf 93' lang='lat' dir='ltr'><strong>pro</strong></span> <span class='ocrx_word' id='word_1_857' title='bbox 2865 4970 3226 5038; x_wconf 90' lang='lat' dir='ltr'><strong>magnitudine</strong></span> <span class='ocrx_word' id='word_1_858' title='bbox 3266 4982 3636 5052; x_wconf 84' lang='lat' dir='ltr'><strong>periculorum,</strong></span> <span class='ocrx_word' id='word_1_859' title='bbox 3674 4986 3766 5040; x_wconf 88' lang='lat' dir='ltr'><strong>inu-</strong></span> 
     </span>
    </p>
   </div>
   <div class='ocr_carea' id='block_1_111' title="bbox 2227 5039 3765 5138">
    <p class='ocr_par' dir='ltr' id='par_1_111' title="bbox 2227 5039 3765 5138">
     <span class='ocr_line' id='line_1_120' title="bbox 2227 5039 3765 5138; baseline 0.024 -44"><span class='ocrx_word' id='word_1_860' title='bbox 2227 5039 2383 5095; x_wconf 91' lang='lat' dir='ltr'><strong>sitata</strong></span> <span class='ocrx_word' id='word_1_861' title='bbox 2411 5048 2603 5101; x_wconf 84' lang='lat' dir='ltr'><strong>auxilia</strong></span> <span class='ocrx_word' id='word_1_862' title='bbox 2634 5050 2833 5109; x_wconf 87' lang='lat' dir='ltr'><strong>haberi.</strong></span> <span class='ocrx_word' id='word_1_863' title='bbox 2885 5058 3066 5131; x_wconf 89' lang='lat' dir='ltr'><strong>Itaque</strong></span> <span class='ocrx_word' id='word_1_864' title='bbox 3096 5081 3200 5121; x_wconf 91' lang='lat' dir='ltr'><strong>non</strong></span> <span class='ocrx_word' id='word_1_865' title='bbox 3254 5072 3423 5138; x_wconf 88' lang='lat' dir='ltr'><strong>potuit</strong></span> <span class='ocrx_word' id='word_1_866' title='bbox 3451 5077 3637 5132; x_wconf 90' lang='lat' dir='ltr'><strong>merito</strong></span> <span class='ocrx_word' id='word_1_867' title='bbox 3661 5076 3765 5131; x_wconf 89' lang='lat' dir='ltr'><strong>insi-</strong></span> 
     </span>
    </p>
   </div>
   <div class='ocr_carea' id='block_1_112' title="bbox 2226 5135 3763 5239">
    <p class='ocr_par' dir='ltr' id='par_1_112' title="bbox 2226 5135 3763 5239">
     <span class='ocr_line' id='line_1_121' title="bbox 2226 5135 3763 5239; baseline 0.024 -55"><span class='ocrx_word' id='word_1_868' title='bbox 2226 5135 2419 5190; x_wconf 77' lang='lat' dir='ltr'><strong>mulari</strong></span> <span class='ocrx_word' id='word_1_869' title='bbox 2449 5138 2716 5213; x_wconf 85' lang='lat' dir='ltr'><strong>Pelagius,</strong></span> <span class='ocrx_word' id='word_1_870' title='bbox 2749 5152 2899 5217; x_wconf 87' lang='lat' dir='ltr'><strong>quasi</strong></span> <span class='ocrx_word' id='word_1_871' title='bbox 2948 5153 3187 5213; x_wconf 91' lang='lat' dir='ltr'><strong>doctrina</strong></span> <span class='ocrx_word' id='word_1_872' title='bbox 3232 5174 3328 5218; x_wconf 89' lang='lat' dir='ltr'><strong>sua</strong></span> <span class='ocrx_word' id='word_1_873' title='bbox 3357 5167 3611 5223; x_wconf 88' lang='lat' dir='ltr'><strong>orationis</strong></span> <span class='ocrx_word' id='word_1_874' title='bbox 3637 5181 3763 5239; x_wconf 86' lang='lat' dir='ltr'><strong>usum</strong></span> 
     </span>
    </p>
   </div>
   <div class='ocr_carea' id='block_1_113' title="bbox 2222 5225 2546 5284">
    <p class='ocr_par' dir='ltr' id='par_1_113' title="bbox 2222 5225 2546 5284">
     <span class='ocr_line' id='line_1_122' title="bbox 2222 5225 2546 5284; baseline 0.025 -8"><span class='ocrx_word' id='word_1_875' title='bbox 2222 5225 2546 5284; x_wconf 82' lang='lat' dir='ltr'><strong>sustulisset.</strong></span> 
     </span>
    </p>
   </div>
   <div class='ocr_carea' id='block_1_114' title="bbox 2294 5317 3760 5408">
    <p class='ocr_par' dir='ltr' id='par_1_114' title="bbox 2294 5317 3760 5408">
     <span class='ocr_line' id='line_1_123' title="bbox 2294 5317 3760 5408; baseline 0.025 -38"><span class='ocrx_word' id='word_1_876' title='bbox 2294 5317 2449 5385; x_wconf 89' lang='lat' dir='ltr'><strong>lbid.,</strong></span> <span class='ocrx_word' id='word_1_877' title='bbox 2484 5320 2511 5393; x_wconf 85' lang='lat'>§</span> <span class='ocrx_word' id='word_1_878' title='bbox 2538 5324 2592 5377; x_wconf 85' lang='grc'><strong>5.</strong></span> <span class='ocrx_word' id='word_1_879' title='bbox 2645 5326 3021 5390; x_wconf 86' lang='lat' dir='ltr'><strong>Contradicitur</strong></span> <span class='ocrx_word' id='word_1_880' title='bbox 3043 5342 3192 5396; x_wconf 82' lang='lat' dir='ltr'><strong>etiam</strong></span> <span class='ocrx_word' id='word_1_881' title='bbox 3223 5345 3431 5404; x_wconf 86' lang='lat' dir='ltr'><strong>istorum</strong></span> <span class='ocrx_word' id='word_1_882' title='bbox 3475 5348 3760 5408; x_wconf 75' lang='lat' dir='ltr'><strong>sententious</strong></span> 
     </span>
    </p>
   </div>
   <div class='ocr_carea' id='block_1_115' title="bbox 2219 5411 3757 5519">
    <p class='ocr_par' dir='ltr' id='par_1_115' title="bbox 2219 5411 3757 5519">
     <span class='ocr_line' id='line_1_124' title="bbox 2219 5411 3757 5519; baseline 0.024 -59"><span class='ocrx_word' id='word_1_883' title='bbox 2219 5411 2649 5474; x_wconf 84' lang='lat' dir='ltr'><strong>benedictionibus</strong></span> <span class='ocrx_word' id='word_1_884' title='bbox 2672 5424 2880 5489; x_wconf 86' lang='lat' dir='ltr'><strong>nostris,</strong></span> <span class='ocrx_word' id='word_1_885' title='bbox 2908 5436 2960 5479; x_wconf 90' lang='lat' dir='ltr'><strong>ut</strong></span> <span class='ocrx_word' id='word_1_886' title='bbox 2986 5429 3238 5488; x_wconf 85' lang='lat' dir='ltr'><strong>incassum</strong></span> <span class='ocrx_word' id='word_1_887' title='bbox 3258 5455 3413 5508; x_wconf 88' lang='lat' dir='ltr'><strong>super</strong></span> <span class='ocrx_word' id='word_1_888' title='bbox 3438 5446 3667 5519; x_wconf 84' lang='lat' dir='ltr'><strong>papulum</strong></span> <span class='ocrx_word' id='word_1_889' title='bbox 3692 5444 3757 5496; x_wconf 83' lang='lat' dir='ltr'><strong>di-</strong></span> 
     </span>
    </p>
   </div>
   <div class='ocr_carea' id='block_1_116' title="bbox 2216 5505 3754 5604">
    <p class='ocr_par' dir='ltr' id='par_1_116' title="bbox 2216 5505 3754 5604">
     <span class='ocr_line' id='line_1_125' title="bbox 2216 5505 3754 5604; baseline 0.023 -52"><span class='ocrx_word' id='word_1_890' title='bbox 2216 5516 2329 5555; x_wconf 89' lang='lat' dir='ltr'><strong>cere</strong></span> <span class='ocrx_word' id='word_1_891' title='bbox 2375 5505 2636 5561; x_wconf 87' lang='lat' dir='ltr'><strong>videamur</strong></span> <span class='ocrx_word' id='word_1_892' title='bbox 2671 5514 2924 5583; x_wconf 85' lang='lat' dir='ltr'><strong>quidquid</strong></span> <span class='ocrx_word' id='word_1_893' title='bbox 2963 5521 3034 5574; x_wconf 88' lang='lat' dir='ltr'><strong>eis</strong></span> <span class='ocrx_word' id='word_1_894' title='bbox 3075 5540 3106 5575; x_wconf 89' lang='lat' dir='ltr'><strong>a</strong></span> <span class='ocrx_word' id='word_1_895' title='bbox 3153 5526 3373 5585; x_wconf 84' lang='lat' dir='ltr'><strong>Domino</strong></span> <span class='ocrx_word' id='word_1_896' title='bbox 3411 5550 3684 5604; x_wconf 85' lang='lat' dir='ltr'><strong>precamur,</strong></span> <span class='ocrx_word' id='word_1_897' title='bbox 3711 5543 3754 5588; x_wconf 74' lang='lat' dir='ltr'><strong>ut</strong></span> 
     </span>
    </p>
   </div>
   <div class='ocr_carea' id='block_1_117' title="bbox 2214 5597 3751 5697">
    <p class='ocr_par' dir='ltr' id='par_1_117' title="bbox 2214 5597 3751 5697">
     <span class='ocr_line' id='line_1_126' title="bbox 2214 5597 3751 5697; baseline 0.027 -54"><span class='ocrx_word' id='word_1_898' title='bbox 2214 5601 2347 5646; x_wconf 90' lang='lat' dir='ltr'><strong>recte</strong></span> <span class='ocrx_word' id='word_1_899' title='bbox 2372 5610 2433 5648; x_wconf 90' lang='lat' dir='ltr'><strong>ac</strong></span> <span class='ocrx_word' id='word_1_900' title='bbox 2461 5597 2545 5664; x_wconf 88' lang='lat' dir='ltr'><strong>pie</strong></span> <span class='ocrx_word' id='word_1_901' title='bbox 2570 5600 2780 5657; x_wconf 83' lang='lat' dir='ltr'><strong>vivendo</strong></span> <span class='ocrx_word' id='word_1_902' title='bbox 2802 5606 2879 5659; x_wconf 88' lang='lat' dir='ltr'><strong>illi</strong></span> <span class='ocrx_word' id='word_1_903' title='bbox 2903 5609 3161 5679; x_wconf 86' lang='lat' dir='ltr'><strong>placeant,</strong></span> <span class='ocrx_word' id='word_1_904' title='bbox 3190 5622 3266 5673; x_wconf 82' lang='lat' dir='ltr'><strong>vel</strong></span> <span class='ocrx_word' id='word_1_905' title='bbox 3290 5623 3381 5675; x_wconf 88' lang='lat' dir='ltr'><strong>illa</strong></span> <span class='ocrx_word' id='word_1_906' title='bbox 3403 5597 3512 5693; x_wconf 73' lang='lat' dir='ltr'><strong>qua:</strong></span> <span class='ocrx_word' id='word_1_907' title='bbox 3529 5644 3618 5697; x_wconf 87' lang='lat' dir='ltr'><strong>pro</strong></span> <span class='ocrx_word' id='word_1_908' title='bbox 3642 5597 3751 5695; x_wconf 67' lang='lat' dir='ltr'><strong>fide-</strong></span> 
     </span>
    </p>
   </div>
   <div class='ocr_carea' id='block_1_118' title="bbox 2212 5680 3748 5786">
    <p class='ocr_par' dir='ltr' id='par_1_118' title="bbox 2212 5680 3748 5786">
     <span class='ocr_line' id='line_1_127' title="bbox 2212 5680 3748 5786; baseline 0.026 -53"><span class='ocrx_word' id='word_1_909' title='bbox 2212 5680 2342 5737; x_wconf 87' lang='lat' dir='ltr'><strong>libus</strong></span> <span class='ocrx_word' id='word_1_910' title='bbox 2366 5699 2604 5755; x_wconf 82' lang='lat' dir='ltr'><strong>prccatur</strong></span> <span class='ocrx_word' id='word_1_911' title='bbox 2630 5692 2920 5765; x_wconf 83' lang='lat' dir='ltr'><strong>Apostolus,</strong></span> <span class='ocrx_word' id='word_1_912' title='bbox 2940 5702 3111 5759; x_wconf 85' lang='lat' dir='ltr'><strong>dicens</strong></span> <span class='ocrx_word' id='word_1_913' title='bbox 3134 5724 3153 5761; x_wconf 85' lang='lat'><strong><em>:</em></strong></span> <span class='ocrx_word' id='word_1_914' title='bbox 3176 5710 3357 5767; x_wconf 77' lang='lat' dir='ltr'><strong>Flecte</strong></span> <span class='ocrx_word' id='word_1_915' title='bbox 3384 5680 3548 5786; x_wconf 63' lang='lat' dir='ltr'><strong>genua</strong></span> <span class='ocrx_word' id='word_1_916' title='bbox 3571 5734 3676 5775; x_wconf 86' lang='lat' dir='ltr'><strong>mea</strong></span> <span class='ocrx_word' id='word_1_917' title='bbox 3692 5719 3748 5772; x_wconf 83' lang='lat' dir='ltr'><strong>ad</strong></span> 
     </span>
    </p>
   </div>
   <div class='ocr_carea' id='block_1_119' title="bbox 2212 5775 3745 5869">
    <p class='ocr_par' dir='ltr' id='par_1_119' title="bbox 2212 5775 3745 5869">
     <span class='ocr_line' id='line_1_128' title="bbox 2212 5775 3745 5869; baseline 0.024 -40"><span class='ocrx_word' id='word_1_918' title='bbox 2212 5775 2376 5833; x_wconf 89' lang='lat' dir='ltr'><strong>Deum</strong></span> <span class='ocrx_word' id='word_1_919' title='bbox 2419 5782 2630 5839; x_wconf 79' lang='lat' dir='ltr'><strong>Patrem</strong></span> <span class='ocrx_word' id='word_1_920' title='bbox 2662 5785 2869 5845; x_wconf 90' lang='lat' dir='ltr'><strong>Domini</strong></span> <span class='ocrx_word' id='word_1_921' title='bbox 2900 5799 3069 5853; x_wconf 90' lang='lat' dir='ltr'><strong>nostri</strong></span> <span class='ocrx_word' id='word_1_922' title='bbox 3099 5801 3220 5859; x_wconf 87' lang='lat' dir='ltr'><strong>Jesu</strong></span> <span class='ocrx_word' id='word_1_923' title='bbox 3251 5775 3562 5867; x_wconf 62' lang='lat' dir='ltr'><strong>Christi”...</strong></span> <span class='ocrx_word' id='word_1_924' title='bbox 3592 5822 3644 5869; x_wconf 91' lang='lat' dir='ltr'><strong>ut</strong></span> <span class='ocrx_word' id='word_1_925' title='bbox 3673 5812 3745 5869; x_wconf 85' lang='lat' dir='ltr'><strong>det</strong></span> 
     </span>
    </p>
   </div>
  </div>
