3954 6364
195 360 297 420 525

889 348 1246 417 VARlOllUM
1287 358 1880 423 EXEBCITATIONES
1923 357 1986 413 IN
2026 358 2085 414 s.
2128 357 2491 419 AUGUSTtNt
2530 358 2782 418 occas.

3357 364 3466 425 $6

197 474 345 528 vobis
366 473 657 545 secundum
681 473 893 529 divitias
917 474 1103 545 gloriae
1128 488 1258 539 suae,
1295 474 1491 530 virtute
1515 472 1777 528 corrobo-
1804 476 1863 543 Α
1886 484 2056 540 usque
2078 472 2203 527 vitae
2259 482 2604 549 peccatorum
2640 471 2810 529 semel
2849 470 3207 543 admissurum
3253 476 3469 533 veniam

198 565 302 620 rari
352 579 449 632 per
493 563 752 643 Spiritum
798 566 935 637 ejus.
984 565 1047 622 Si
1068 582 1188 637 ergo
1225 566 1535 622 voluerimus
1570 566 1775 621 benedi-

197 656 351 711 cendo
391 672 543 726 super
572 656 823 726 populum
857 658 1070 712 dicere:
1112 658 1189 712 Da
1220 659 1348 727 illis,
1385 659 1631 725 Domine,
1668 660 1777 713 vir-

198 752 308 805 tute
348 748 685 821 corroborari
738 764 834 819 per
862 750 1117 819 Spiritum
1160 760 1341 818 tuum;
1384 751 1592 806 illorum
1634 752 1779 811 nobis

197 842 468 911 disputatio
513 843 839 915 contradicit,
880 844 1137 915 affirmans
1168 846 1346 917 negari
1387 844 1603 899 liberum
1642 844 1774 899 arbio

198 934 368 1011 trium,
404 932 448 986 si
483 933 579 1001 hoc
609 952 641 988 a
674 934 779 999 Deo
807 936 1055 1005 poscitur,
1076 937 1214 1008 quod
1244 937 1299 992 in
1338 946 1513 991 nostra
1535 946 1610 993 est
1638 945 1782 1005 pote-

200 1034 322 1101 state
347 1038 367 1076 ε
396 1023 581 1087 virtute
617 1027 753 1081 enim
787 1028 830 1081 si
873 1028 1195 1083 corroborari
1236 1028 1486 1095 uolumus,
1519 1030 1777 1098 inquiunt,

200 1120 460 1197 possumus
488 1132 547 1170 ea
596 1117 928 1185 possibilitate
954 1128 1156 1175 natura:
1191 1137 1346 1191 quam
1388 1136 1525 1173 nunc
1552 1136 1655 1179 non
1693 1138 1779 1174 ac-

202 1203 431 1273 cipimus,
454 1206 541 1285 sed
571 1223 683 1275 cum
706 1224 992 1263 crearemur
1020 1211 1330 1280 accepimus.
1354 1210 1515 1279 Quasi
1542 1226 1669 1265 vero
1697 1212 1781 1267 in-

204 1310 419 1365 numera
451 1311 559 1352 non
591 1300 714 1373 sint,
753 1309 947 1368 praeter
970 1302 1320 1367 creationem,
1346 1316 1465 1371 qua:
1492 1315 1522 1355 a
1556 1300 1667 1355 Deo
1688 1316 1777 1370 pe-

206 1394 308 1440 tere
335 1401 641 1456 possumus,
676 1398 732 1443 ut
753 1391 1074 1463 curriculum
1105 1391 1317 1461 pietatis
1346 1400 1658 1448 constanter
1679 1392 1777 1447 de-

205 1464 496 1543 curramus,
529 1495 647 1553 qua:
681 1490 857 1537 tamen
888 1482 1111 1537 minime
1148 1492 1274 1538 sunt
1304 1483 1665 1538 ineluctabilis
1700 1482 1776 1537 af-

205 1568 381 1624 flatus!
412 1570 638 1640 Semper
657 1573 872 1642 quidem
906 1583 987 1628 est
1014 1573 1173 1629 saluti
1201 1574 1642 1641 incumbentium,
1663 1590 1780 1628 cum

206 1662 377 1714 timore
405 1670 453 1714 et
496 1670 734 1730 tremore,
768 1664 889 1733 quia
918 1663 1159 1733 quamvis
1210 1664 1352 1719 Deus
1383 1665 1538 1735 faciat
1568 1663 1695 1718 velle
1732 1675 1781 1719 et

205 1752 440 1821 perﬁcere
462 1756 512 1807 in
536 1757 701 1829 nobis,
751 1771 1036 1825 possumus
1064 1757 1312 1813 omnibus
1363 1757 1574 1811 auxiliis
1596 1756 1777 1821 abuti;

1881 572 2063 631 petere
2091 578 2280 620 omnes
2319 577 2542 621 necesse
2580 563 2860 633 habemus.
2890 563 3017 623 Haec
3056 578 3186 636 ergo
3216 573 3305 623 est
3329 567 3470 623 invi-

1879 653 2028 710 diosa
2086 655 2414 729 criminatio,
2459 656 2631 725 qualis
2666 665 2748 711 est
2770 665 2825 711 et
2853 669 3085 725 sequens
3115 672 3132 710 :
3165 654 3313 719 Illud
3352 674 3469 715 vero

1878 748 2017 817 quod
2044 749 2294 819 sequitur,
2328 763 2395 804 ne
2422 762 2521 803 nos
2551 748 2751 803 inferas
2784 747 2838 802 in
2859 749 3229 815 tentationem,
3256 767 3361 805 non
3395 753 3471 805 ita

1876 839 2265 911 intelligendum
2285 850 2528 910 tanquam
2554 840 2782 894 divinum
2803 842 3121 913 adjutoritsm
3142 858 3353 913 poscere
3372 845 3463 899 dc-

1878 929 2104 993 beamus,
2134 948 2195 985 ne
2220 933 2272 984 in
2307 940 2565 991 peccatum
2588 933 2768 986 tentati
2806 932 3123 1003 decidamus,
3161 933 3250 988 sed
3290 934 3386 989 hoc
3418 936 3471 990 in

1882 1029 2056 1075 nostra
2073 1038 2180 1076 esse
2204 1024 2425 1092 positum
2438 1032 2707 1093 potestate.
2731 1024 3005 1091 Quamvis,
3028 1041 3095 1083 ex
3115 1026 3317 1097 Pelagii
3345 1043 3469 1083 sen-

1882 1113 2071 1179 tentia,
2093 1114 2280 1182 gratia:
2297 1116 2546 1169 caelestes
2574 1115 2840 1171 neminem
2866 1117 3086 1187 adigant
3107 1118 3179 1173 ad
3204 1120 3463 1188 ofﬁcium,

1887 1208 2120 1257 attamen
2150 1218 2253 1258 non
2294 1219 2478 1272 parum
2507 1204 2561 1258 in
2594 1206 2890 1261 tentatione
2913 1206 3123 1275 juvant,
3145 1222 3212 1264 ac
3246 1209 3366 1265 sine
3396 1209 3465 1266 iis

1883 1293 1938 1349 in
1994 1296 2243 1364 gravibus
2293 1297 2679 1353 tentationibus
2733 1296 2979 1353 homines
3026 1300 3459 1358 succumberent.

1888 1386 2063 1451 Quare
2090 1402 2119 1440 a
2146 1386 2282 1453 Deo,
2316 1388 2388 1443 uti
2416 1388 2655 1456 putabat,
2686 1401 2839 1447 erant
2864 1388 3063 1444 auxilia
3090 1389 3181 1445 illa
3210 1392 3462 1460 petenda.

1890 1478 2054 1548 Igitur
2085 1479 2277 1537 frustra
2309 1490 2495 1537 contra
2538 1497 2658 1536 eum
2688 1482 2893 1541 addunt
2918 1482 3161 1539 Numidae
3183 1483 3423 1555 episcopi
3448 1502 3463 1540 :
3532 1546 3533 1551 η

1886 1579 2132 1640 tanquam
2161 1573 2355 1641 frustra
2378 1572 2655 1641 Apostolus
2674 1573 2863 1628 dixerit
2886 1589 2906 1628 :
2933 1573 3051 1629 Non
3082 1575 3335 1643 volentis,
3368 1591 3467 1632 ne-

1882 1677 1986 1729 que
2014 1664 2303 1725 currentis.
2362 1664 2455 1718 sed
2510 1664 2818 1720 miserantis
2855 1676 2938 1719 est
2980 1665 3106 1730 Dei;
3131 1674 3223 1721 et:
3268 1666 3468 1727 Fidelis

1886 1753 2046 1821 Deus,
2080 1756 2169 1823 qui
2203 1769 2307 1811 non
2346 1755 2618 1823 permittet
2662 1768 2758 1810 vos
2793 1756 2987 1810 tentari
3027 1770 3189 1826 supra
3224 1756 3279 1811 id
3323 1758 3469 1828 quod

204 1845 291 1901 sed
338 1845 516 1901 minus
564 1856 740 1919 tamen
790 1847 1082 1903 timendum
1129 1848 1287 1903 nobis
1333 1857 1435 1913 est,
1466 1863 1588 1903 cum
1639 1847 1780 1911 Deus
1811 1850 1859 1915 Β
1888 1846 2133 1914 potestis.
2172 1846 2453 1904 sedtfaciet
2480 1863 2603 1902 cum
2638 1849 2933 1905 mutatione
2957 1850 3121 1905 etiam
3151 1850 3378 1917 exitum,
3412 1860 3470 1907 ut

206 1949 413 1994 amovet
437 1954 465 1993 a
494 1939 649 1995 nobis
677 1941 1033 2011 plurimaque:
1065 1942 1118 1996 in
1148 1941 1248 1996 hac
1276 1942 1382 1995 vita
1411 1942 1660 1996 virtutem
1681 1957 1777 1997 no-

204 2042 361 2103 stram
423 2033 744 2088 labefactare
772 2044 1007 2103 possent.
1034 2036 1083 2090 ls
1112 2044 1286 2091 metus
1312 2050 1480 2107 eaque
1512 2034 1775 2106 ejusmodi

203 2112 375 2178 auxilii
412 2124 579 2179 divini
629 2125 897 2182 invocatio
943 2140 1065 2182 cum
1104 2127 1275 2183 libero
1318 2127 1543 2182 arbitrio
1574 2127 1778 2197 optime

204 2216 514 2272 consistunt.
548 2216 644 2272 Hic
677 2232 979 2288 possemus,
1014 2220 1228 2289 nomine
1274 2219 1498 2289 Pelagii,
1544 2219 1779 2289 obiicere

205 2306 360 2373 Afris,
383 2322 452 2363 ex
483 2322 669 2363 eorum
698 2311 961 2365 sententia
998 2324 1028 2364 a
1054 2310 1166 2365 Deo
1192 2309 1325 2377 nihil
1365 2310 1605 2379 potuisse
1629 2310 1773 2383 peti;

205 2413 313 2454 cum
344 2400 593 2470 reprobis
621 2399 833 2475 quidem
864 2403 1168 2473 necessaria
1200 2416 1417 2475 negare,
1448 2402 1638 2458 electis
1652 2417 1779 2458 vero

205 2480 371 2545 omnia
397 2492 715 2573 concedere,
766 2492 928 2571 etiam
954 2507 1062 2567 non
1100 2494 1425 2567 petentibus,
1462 2493 1531 2551 ab
1574 2502 1779 2559 aeterno

206 2583 516 2638 decreverit.
547 2581 653 2638 Sed
681 2584 954 2651 fatendum
985 2585 1231 2641 homines
1262 2599 1368 2639 non
1393 2598 1609 2654 semper
1638 2599 1773 2640 cou-

206 2675 472 2730 venienter
511 2674 849 2755 dogmatibus
881 2677 992 2732 suis
1037 2692 1095 2732 se
1124 2692 1340 2747 gerere;
1367 2692 1466 2733 nec
1494 2686 1621 2739 sunt
1646 2678 1779 2734 insi-

208 2766 461 2835 mutandi,
484 2768 586 2822 nisi
614 2783 799 2823 eorum
829 2783 947 2840 quae
968 2769 1185 2824 faciunt.

262 2858 424 2925 lbid.,
456 2857 485 2930 ὃ
514 2858 568 2913 6.
604 2857 853 2914 Parvulos
879 2865 1052 2925 etiam,
1076 2869 1282 2931 propter
1310 2860 1529 2914 salutem
1549 2876 1663 2929 qttte
1689 2874 1779 2931 per

203 2950 519 3007 Saluatorem
541 2947 796 3004 Christum
821 2950 993 3015 datur,
1023 2952 1357 3019 baptizandos
1381 2961 1589 3024 negant,
1620 2970 1679 3005 ac
1708 2954 1781 3006 sic

203 3061 276 3100 cos
294 3047 567 3116 mortifera
591 3046 688 3100 ista
719 3047 953 3100 doctrina
982 3047 1035 3099 in
1061 3057 1307 3100 teternum
1330 3056 1529 3113 necant,
1560 3047 1781 3116 promit-

202 3150 371 3206 tentes,
403 3141 735 3194 etiamsinon
784 3140 1118 3209 baptizentur,
1168 3149 1272 3194 etc.
1307 3140 1562 3193 Fateatur
1605 3150 1782 3195 tamen

1883 1938 2097 2006 possitis
2118 1938 2406 1996 sustinere.
2436 1938 2658 1994 Frustra
2677 1940 2833 1999 etiam
2859 1939 3111 1996 Dominus
3135 1942 3324 1995 dixerit
3351 1959 3470 2013 apo-

1880 2027 2009 2093 stolo
2034 2027 2191 2091 Retro
2216 2044 2236 2083 :
2277 2029 2480 2100 Rogavi
2512 2046 2609 2101 pro
2651 2041 2722 2097 te,
2753 2046 2820 2087 ne
2844 2030 3059 2086 deficiat
3088 2032 3222 2087 tides
3259 2040 3377 2097 uta;
3422 2043 3469 2087 et

1883 2122 2114 2193 omnibus
2141 2123 2250 2181 suis
2276 2137 2296 2176 :
2328 2122 2556 2194 Vigilate
2592 2131 2649 2179 et
2696 2132 2844 2178 orate
2871 2138 2936 2178 ne
2973 2122 3185 2178 intretis
3212 2124 3264 2178 in
3297 2133 3469 2180 tenta-

1881 2214 2113 2280 tiQnem;
2149 2215 2194 2269 si
2214 2216 2308 2271 hoc
2336 2225 2497 2270 totum
2522 2224 2595 2270 est
2615 2216 2880 2286 potestatis
2901 2216 3159 2273 humanm.
3192 2217 3267 2270 De
3294 2217 3469 2286 primo

1885 2305 2007 2367 loco
2028 2304 2185 2362 Rom.
2220 2322 2297 2374 lx,
2344 2305 2580 2367 diximus
2618 2307 2683 2361 ad
2728 2306 3134 2363 antecedentem
3164 2309 3471 2378 epistolam.

1884 2395 2187 2471 Secundus,
2213 2397 2232 2453 l
2258 2395 2382 2457 Cor.
2411 2415 2467 2465 x,
2502 2397 2589 2461 13.
2637 2399 2796 2468 plane
2819 2400 3122 2455 contrarius
3149 2410 3234 2455 est
3258 2409 3471 2463 senten-

1886 2488 1972 2551 tia:
2001 2491 2309 2560 Augustini,
2338 2505 2460 2547 cum
2509 2491 2701 2547 doceat
2744 2490 2940 2547 Paulus
2992 2491 3159 2553 Deum
3214 2492 3473 2562 adjuvare

1885 2579 2094 2645 fideles.
2121 2595 2228 2651 non
2256 2590 2313 2636 ut
2330 2580 2661 2639 ineluetabili
2688 2581 2872 2637 afﬂatu
2897 2584 3001 2636 acti
3028 2582 3332 2649 sustineant
3360 2592 3474 2641 ten-

1884 2672 2169 2739 tationetn,
2202 2671 2301 2727 sed
2340 2681 2399 2731 ut
2428 2674 2621 2741 possint
2650 2674 2918 2738 sustinere,
2946 2671 3090 2743 quoii
3138 2673 3314 2738 solum
3352 2690 3474 2743 pro-

1886 2764 2032 2821 misit
2057 2765 2219 2835 Deus.
2254 2765 2329 2825 οε
2358 2767 2570 2822 caeteris
2599 2766 2760 2820 etiam
2792 2776 2947 2821 antea
2973 2766 3201 2836 egimus.

1956 2856 2091 2913 Ibid.
2125 2842 2324 2917 P'ueros
2352 2874 2553 2927 quoque
2581 2858 2840 2927 paruulos,
2877 2859 2970 2913 etsi
2992 2859 3148 2912 nullis
3175 2860 3473 2916 innoventur

1885 2944 2192 3007 Christianas
2232 2949 2416 3019 gratia:
2457 2950 2811 3014 sacramentis,
2838 2948 3103 3005 habituros
3140 2951 3293 3005 vitam
3320 2961 3473 3007 teter-

1885 3053 2026 3103 nam,
2076 3055 2293 3108 nequam
2336 3041 2728 3109 praesumptione
2768 3040 3082 3095 contendunt
3105 3083 3121 3108 ,
3174 3053 3472 3100 evacuantes

1885 3129 2020 3197 quod
2043 3129 2173 3183 dixit
2199 3131 2476 3197 Apostolus
2500 3132 2674 3201 (Rom.
2704 3148 2755 3198 v,
2788 3132 2883 3202 12)
2922 3150 2934 3186 :
2978 3134 3080 3189 Per
3110 3150 3272 3199 unum
3295 3136 3472 3191 homi-

202 3242 377 3301 postea
405 3231 724 3287 Caelestium
752 3231 950 3286 fessum
991 3247 1113 3287 esse
1142 3249 1230 3302 per
1266 3232 1567 3302 baptismum
1597 3232 1781 3287 Christi

1893 3235 2015 3274 item
2047 3230 2322 3287 peccatum
2353 3222 2567 3285 intravit
2603 3221 2657 3281 in
2688 3224 2971 3291 mundum,
2997 3233 3052 3293 et
3080 3240 3175 3294 per
3199 3237 3474 3296 peccatum

201 3326 532 3393 parvulorum
562 3324 673 3392 ﬁeri
715 3326 1133 3393 redemptionem.
1179 3324 1285 3378 Sed
1312 3325 1480 3388 multi,
1517 3325 1782 3395 inquiunt,

198 3417 279 3480 qui
300 3416 517 3470 illorum
559 3416 885 3483 perhibentur
923 3432 1031 3469 esse
1080 3416 1154 3468 rel
1180 3417 1339 3484 fuisse
1388 3416 1629 3484 discipuli
1677 3416 1785 3470 lucc

199 3510 369 3573 mala,
423 3508 603 3576 quibus
642 3508 976 3578 fundamenta
1016 3506 1319 3560 Christiana:
1368 3508 1490 3575 ﬁdei
1535 3518 1783 3563 conantur

196 3611 444 3663 evertere,
504 3616 801 3669 quacunque
840 3609 1049 3671 possunt
1095 3601 1347 3669 a/Iirmare
1410 3617 1511 3654 non
1564 3612 1782 3659 cessant.

195 3691 330 3759 Quid
345 3691 414 3746 de
438 3692 658 3761 singulis
684 3692 1068 3760 quicstionibus
1094 3708 1209 3762 quae
1233 3691 1299 3746 de
1316 3693 1633 3762 baptismate
1660 3710 1786 3763 pro-

193 3786 318 3853 poni
369 3791 608 3852 possent,
663 3782 936 3836 censuerit
983 3781 1225 3853 Pelagius
1267 3784 1482 3851 nescio;
1536 3783 1631 3838 sed
1685 3785 1787 3841 hoc

196 3875 333 3941 scio,
362 3888 436 3929 ex
459 3872 613 3927 Novo
633 3874 980 3928 Testamento
1010 3876 1223 3944 probari
1254 3876 1401 3929 nullo
1426 3876 1586 3931 modo
1628 3892 1785 3946 posse

203 3968 567 4022 necessarium
584 3981 702 4021 esse
732 3966 991 4036 baptisma
1012 3967 1167 4020 saluti
1201 3966 1501 4031 infantium,
1528 3978 1617 4022 aut
1646 3984 1784 4038 pra:-

209 4065 424 4126 ceptum
452 4072 573 4112 esse
602 4072 631 4111 a
670 4057 883 4112 Christo
912 4072 1005 4113 eos
1037 4057 1315 4127 baptizari.
1347 4060 1526 4129 Itaque
1571 4060 1785 4117 nonnisi

208 4148 437 4203 absurde
468 4150 807 4220 fundamenta
858 4151 978 4217 ﬁdei
1017 4165 1207 4204 vocare
1253 4160 1539 4220 potuerunt
1570 4152 1681 4206 Afri
1723 4168 1786 4209 ea

209 4238 274 4295 de
301 4241 495 4309 quibus
521 4242 683 4295 altum
713 4249 796 4295 est
825 4244 877 4295 in
919 4241 1066 4296 Novo
1097 4242 1443 4298 Testamento
1489 4244 1783 4300 silentium.

213 4335 471 4397 Attamen,
508 4344 564 4387 ut
610 4334 719 4403 jam
768 4335 893 4389 alibi
949 4335 1089 4401 dixi,
1130 4352 1235 4390 non
1276 4336 1470 4391 damno
1520 4338 1786 4407 baptisma

214 4423 515 4492 infantium;
548 4427 687 4497 quod
722 4442 840 4482 esse
870 4440 1050 4497 queat,
1086 4431 1127 4483 si
1159 4430 1409 4497 velimus,
1444 4447 1548 4485 non
1578 4440 1784 4487 tantum

213 4518 465 4586 professio
502 4520 625 4575 fidei
660 4529 959 4590 parentum,
990 4522 1085 4576 sed
1134 4532 1187 4575 et
1227 4522 1529 4592 symbolum
1576 4526 1786 4580 redem-

1891 3325 2060 3378 mors,
2085 3320 2137 3365 et
2158 3312 2228 3366 ita
2249 3312 2299 3366 in
2326 3328 2513 3368 omnes
2531 3312 2775 3371 homines
2798 3316 3125 3383 pertransiit,
3158 3318 3208 3371 in
3232 3334 3339 3387 quo
3362 3335 3475 3375 om-

1890 3418 1985 3459 nes
2010 3416 2394 3473 peccaverunt;
2442 3415 2491 3460 et
2534 3406 2641 3460 alio
2670 3404 2784 3460 loco
2810 3406 2857 3475 (l
2882 3405 3007 3464 Cor.
3046 3424 3138 3475 xv,
3164 3410 3256 3477 22)
3284 3426 3296 3464 :
3326 3410 3476 3468 Sicut

1889 3496 1944 3550 in
1976 3495 2146 3550 Adam
2170 3512 2359 3553 omnes
2392 3500 2714 3563 moriuntur,
2750 3499 2827 3557 sic
2854 3506 2911 3555 et
2955 3499 3007 3554 in
3043 3498 3259 3557 Christo
3286 3516 3476 3559 omnes

1890 3589 2319 3646 viviﬁcabuntur.
2372 3590 2391 3661 ]
2446 3590 2833 3649 Existimabam
2890 3592 3177 3662 legendum
3237 3596 3289 3649 in
3356 3597 3475 3651 loco

1890 3681 2049 3737 Rom.
2083 3699 2136 3753 v,
2186 3700 2323 3738 mors
2368 3684 2684 3752 pertransiit,
2730 3700 2851 3745 nam
2906 3700 3010 3741 vox
3056 3687 3271 3749 θάνατος
3300 3691 3475 3746 estin

1889 3776 2140 3829 omnibus
2169 3774 2373 3830 Graecis
2412 3776 2846 3845 exemplaribus;
2910 3778 3003 3832 sed
3034 3787 3091 3833 et
3116 3779 3243 3834 alibi
3285 3796 3475 3851 perpe-

1892 3884 2009 3923 ram
2038 3868 2109 3921 ita
2138 3869 2410 3936 profertur
2457 3868 2545 3922 hic
2573 3869 2721 3925 locus
2750 3871 2818 3924 ab
2847 3871 3172 3939 Augustino,
3203 3884 3259 3927 ut
3296 3875 3345 3928 in
3381 3877 3472 3932 lib.

1890 3977 1964 4026 tv,
1998 3969 2189 4016 contra
2213 3961 2347 4016 duas
2374 3961 2534 4031 epist.
2564 3962 2997 4033 Pelagianorum,
3039 3980 3192 4021 num.
3221 3968 3272 4020 7.
3297 3969 3476 4037 Atque

1890 4068 1954 4107 ex
1988 4056 2084 4107 hac
2112 4054 2401 4109 omissione
2424 4068 2707 4122 perperam
2732 4055 2893 4109 etiam
2922 4064 3349 4126 argumentatur.
3375 4060 3475 4115 Ve-

1889 4160 2006 4200 rum
2040 4146 2199 4214 hujus
2253 4146 2357 4202 loci
2404 4161 2596 4203 sensus
2633 4155 2718 4206 est
2762 4165 2775 4202 :
2825 4158 2877 4201 ut
2905 4166 2995 4219 per
3020 4166 3175 4204 unum
3217 4151 3475 4208 hominem

1891 4245 2153 4307 peccatum
2174 4238 2384 4299 intrauit
2414 4240 2465 4293 in
2505 4239 2776 4305 mundum,
2808 4250 2856 4293 et
2876 4256 2969 4311 per
3010 4252 3270 4310 peccatum
3297 4261 3475 4301 mors:

1890 4335 1961 4387 ita
1988 4335 2139 4388 etiam
2154 4350 2288 4388 mors
2306 4335 2360 4388 in
2385 4350 2556 4397 omnes
2577 4334 2808 4389 homines
2833 4338 3145 4406 pertransiit,
3162 4340 3282 4405 quia
3303 4356 3476 4395 omnes

1890 4438 2181 4499 peccarunt,
2219 4427 2348 4487 Nam
2390 4428 2553 4489 οὕτως
2583 4432 2688 4498 καὶ,
2726 4430 2797 4483 sic
2831 4438 2897 4493 et,
2930 4430 3152 4498 perinde
3191 4441 3275 4488 est
3302 4448 3363 4487 ac
3392 4438 3475 4489 καὶ

1892 4520 2073 4584 οὕτως,
2098 4528 2144 4573 et
2172 4522 2264 4584 sic,
2291 4532 2347 4574 ut
2371 4520 2502 4575 Luc.
2536 4535 2660 4586 xvn,
2694 4519 2901 4588 24,26;
2928 4522 3038 4577 Jac.
3072 4539 3130 4589 η,
3158 4524 3250 4579 26.
3272 4524 3475 4582 Deinde

210 4611 402 4679 ptionis
422 4612 728 4680 infantium,
756 4628 860 4667 non
888 4613 1102 4683 quidem
1134 4628 1161 4666 a
1190 4623 1430 4683 peccato,
1453 4632 1557 4685 quo
1575 4628 1780 4685 carent,
1811 4606 1865 4671 Ι)
1891 4611 1986 4685 Ἐφ’
2017 4611 2055 4685 ᾧ
2077 4624 2159 4668 eSt
2208 4614 2327 4681 quia
2357 4613 2439 4669 vel
2473 4629 2529 4666 eo
2558 4616 2717 4683 quod,
2770 4629 2874 4669 non
2914 4616 2966 4669 in
3009 4632 3129 4683 quo,
3162 4626 3219 4671 υι
3257 4617 3300 4671 ΙΙ
3344 4618 3469 4673 Cor-

208 4705 302 4760 sed
332 4721 360 4760 a
400 4705 635 4760 vanitate
664 4706 750 4760 cui
778 4722 901 4760 cum
933 4707 1143 4762 caeteris
1169 4710 1430 4764 creaturis
1476 4710 1779 4779 subjaceut,

208 4807 261 4853 et
301 4814 332 4853 a
360 4816 463 4871 qua
509 4800 755 4855 liberabit
787 4815 880 4855 eos
931 4801 1175 4855 Christus
1224 4804 1274 4857 iu
1319 4803 1501 4857 ultima
1544 4819 1786 4860 resurre-

205 4893 405 4948 ctione.

281 4983 518 5053 Epistola
543 4984 665 5049 176,
700 4984 726 5054 §
754 4985 808 5039 2.
853 4984 979 5039 Cum
1010 4987 1260 5041 Dominus
1289 4989 1517 5042 docuerit
1554 4998 1608 5042 ut
1638 4988 1783 5042 dica-

208 5091 323 5130 mus
356 5076 609 5133 :Dimitte
652 5077 806 5131 nobis
846 5078 1024 5132 debita
1068 5088 1269 5144 nostra,
1322 5091 1441 5146 etc.,
1483 5080 1567 5134 isti
1609 5082 1784 5134 dicunt

209 5183 357 5235 posse
378 5167 627 5223 hominem
652 5170 704 5221 in
741 5167 839 5221 hac
864 5169 986 5236 uita,
1020 5172 1284 5239 praeceptis
1322 5168 1421 5223 Dei
1441 5171 1681 5242 cognitis,
1718 5171 1786 5224 ad

212 5265 405 5311 tantam
427 5260 1009 5331 pcrfectionemjustitire
1029 5277 1155 5326 suas,
1193 5263 1304 5316 sine
1325 5262 1587 5335 adjutorio
1609 5264 1788 5333 gratia:

218 5346 521 5425 Saluatoris,
546 5368 635 5422 per
674 5352 843 5404 solum
889 5351 1102 5405 liberum
1138 5353 1404 5405 arbitrium
1426 5355 1707 5423 pervenire,
1732 5365 1789 5408 ut

215 5442 263 5493 ei
286 5458 385 5495 non
404 5444 589 5517 sitjam
613 5444 950 5498 necessarium
980 5448 1164 5512 dicere,
1198 5446 1554 5517 Ditnitte,etc.
1583 5451 1651 5503 At
1682 5464 1790 5504 non

216 5528 459 5588 dicebant
485 5549 805 5615 quemquam
824 5551 918 5604 per
947 5546 1111 5590 totam
1134 5538 1297 5615 vitam,
1319 5539 1607 5607 immunem
1636 5555 1789 5608 pror-

217 5635 310 5679 sus
337 5612 658 5694 peccatorum
690 5629 906 5696 vixisse,
952 5612 1201 5700 excepto
1228 5647 1333 5686 uno
1362 5630 1611 5699 Christo;
1647 5635 1788 5689 unde

217 5716 533 5784 sequebatur
562 5718 832 5775 neminem
862 5735 1004 5788 esse,
1048 5736 1111 5776 ex
1140 5738 1325 5795 eorum
1358 5724 1664 5795 sentientia,
1696 5727 1786 5797 qui

218 5816 330 5860 nan
378 5808 589 5867 deberet
627 5809 806 5869 dicere
851 5829 864 5867 :
911 5811 1141 5883 Dimitte,
1193 5824 1296 5870 etc.
1350 5815 1483 5872 Nam
1514 5816 1581 5873 ad
1623 5817 1783 5875 linem

1890 4721 1945 4772 v,
1984 4706 2048 4768 4;
2083 4704 2220 4759 Phil.
2250 4720 2329 4769 ιιι,
2364 4705 2456 4759 12.
2484 4704 2638 4771 Quod
2672 4705 2770 4759 viri
2807 4705 3104 4762 doctissimi
3141 4707 3338 4763 dudum
3382 4725 3473 4764 os-

1894 4796 2199 4862 tenderunt,
2231 4804 2288 4850 ut
2338 4806 2391 4871 et
2420 4795 2506 4851 hic
2536 4796 2618 4865 agi
2668 4796 2737 4851 de
2789 4806 3009 4865 peccato
3050 4799 3263 4862 actuali,
3323 4798 3476 4869 cujus

1892 4904 2117 4959 capaces
2148 4903 2251 4943 non
2283 4898 2407 4944 sunt
2436 4888 2686 4947 infantes.
2730 4888 2901 4943 Locus
2924 4890 3058 4944 alter
3087 4889 3203 4945 lad
3230 4890 3357 4945 Cor.
3397 4894 3478 4945 ni-

1894 4980 1967 5034 hil
1999 4980 2064 5034 ad
2095 4995 2206 5034 rem
2239 4980 2386 5034 facit.
2421 4979 2545 5033 Vult
2571 4978 2713 5035 enim
2742 4980 2957 5046 Paulus,
2991 4989 3048 5035 ut
3075 4996 3209 5037 unus
3241 4981 3477 5039 Adamus

1895 5083 2121 5130 mortem
2150 5074 2446 5132 introduxit
2466 5075 2518 5149 in
2542 5074 3080 5140 mundum,omnibus
3095 5076 3184 5145 qui
3212 5091 3334 5131 eum
3358 5078 3478 5133 imi-

1897 5177 2075 5225 tantur
2106 5168 2457 5229 morieptibus
2481 5184 2493 5221 :
2524 5167 2603 5233 sic
2626 5182 2836 5238 quoque
2864 5166 3133 5223 Christum
3153 5169 3361 5225 beatam
3395 5186 3478 5227 re-

1895 5260 2282 5329 surrectionem
2314 5259 2597 5323 allaturum
2649 5258 2901 5317 omnibus
2947 5259 3038 5329 qui
3096 5260 3145 5316 ei
3193 5261 3475 5329 parebunt.

1895 5351 2078 5409 Nullus
2108 5350 2194 5408 hic
2219 5366 2398 5413 sermo
2427 5350 2495 5415 de
2537 5360 2758 5421 peccato
2811 5350 3119 5419 infantium,
3163 5352 3255 5423 qui
3294 5354 3479 5409 condi-

1896 5446 2041 5503 tione
2066 5454 2291 5510 naturze,
2325 5446 2448 5514 quia
2491 5443 2798 5507 hominibus
2845 5444 3163 5503 mortalibus
3193 5446 3303 5499 nati
3331 5454 3478 5513 sunt,

1896 5554 2002 5601 non
2050 5535 2201 5608 quasi
2229 5535 2491 5605 supplicio
2533 5534 2603 5599 de
2647 5534 2713 5593 iis
2747 5543 2984 5605 sumpto,
3034 5535 3368 5603 moriuntur;
3424 5546 3481 5593 ut

1896 5630 2247 5697 ostenderunt
2285 5625 2582 5695 doctissimi
2627 5626 2862 5697 theologi
2897 5642 3034 5697 quos
3067 5641 3173 5685 non
3209 5642 3481 5684 memora-

1894 5723 2091 5780 bimus.

1966 5815 2206 5899 Epistola
2231 5814 2351 5881 177,
2388 5813 2497 5885 52.
2533 5814 2633 5885 His
2674 5816 2863 5881 auditis
2885 5814 3067 5893 verbis
3091 5814 3310 5885 (Pelagii
3348 5832 3478 5887 gra.
