3954 6364
487 314 590 375 δι’]
1370 291 1920 357 SUPPLEMENTUM
1958 290 2049 348 AD
2081 286 2310 347 OPERA
2348 286 2404 343 S.
2443 282 2831 343 AUGUSTINI.
3022 272 3034 295 ’
3630 278 3715 342 ω

490 426 617 482 tiam
630 420 722 476 Dei
740 425 1103 488 seagnoscere
1123 408 1444 482 profitentis)
1462 407 1699 476 catholici
1716 404 1965 461 antistites
1989 404 2063 474 (in
2090 410 2141 468 Α
2167 402 2321 473 huius
2342 403 2666 467 auctoritate,
2680 403 2709 471 j
2715 409 2825 453 usta
2846 410 2960 467 qua:
2985 396 3140 467 fuerit
3180 393 3531 467 pronuntiatio
3569 397 3715 465 ﬁrma.

490 485 1109 583 Diospolitana'synodo)
1144 501 1336 556 nullam
1364 500 1517 554 aliam
1541 498 1637 552 Dei
1664 496 1880 568 gratiam
1909 494 2063 548 intel-
2166 506 2325 559 retur,
2343 494 2559 562 indeque
2579 500 2831 547 sumerent
2850 499 3042 545 creterra
3062 488 3329 557 Ecclesiae,
3353 497 3460 546 etc.
3480 485 3501 561 ]
3524 489 3715 563 Dignum

490 581 648 676 ligere
664 605 935 672 potuerunt
961 595 1059 649 nisi
1086 609 1236 664 quant
1256 593 1311 645 in
1332 590 1475 645 libris
1496 589 1592 643 Dei
1619 590 1782 660 legere
1801 596 1845 641 et
1865 585 2066 676 populis
2167 595 2252 642 est
2279 586 2560 642 observato
2586 599 2744 655 quam
2779 583 2934 638 avide
2963 591 3019 638 et
3045 581 3237 637 callide
3264 581 3495 650 arripiat
3531 581 3625 637 sibi
3651 583 3705 638 ln-

493 674 591 748 D'ei
623 690 902 762 praedicare
930 690 1328 747 consueverunt;
1371 696 1482 734 eam
1507 679 1701 749 utique,
1726 678 1789 731 de
1811 693 1913 746 qua
1943 674 2068 728 dicit

2196 680 2447 738 nocentius
2484 681 2571 750 jus
2608 677 2873 750 quoddam
2915 692 2981 733 ex
3025 675 3405 732 Africanorum
3462 676 3719 745 praesulum

493 781 767 854 Apostolus
803 777 949 851 (Gal.
970 791 1032 841 ιι,
1055 773 1191 844 21):
1240 770 1357 827 Non
1406 770 1611 825 irritam
1659 768 1795 822 facio
1844 765 2067 836 gratiam

495 874 611 929 Dei.
644 870 777 926 Nam
798 869 843 924 si
884 881 980 937 per
1009 866 1181 935 legem
1207 862 1435 934 justitia,
1461 876 1589 931 ergo
1624 858 1874 915 Christus
1901 856 2070 927 gratis

492 973 731 1021 mortuus
756 968 869 1026 est;
900 960 1010 1014 sine
1030 956 1186 1011 dubio
1232 955 1451 1025 gratiam
1475 968 1579 1023 qua
1615 951 1975 1022 justiﬁcamur
2004 945 2067 999 ab

491 1053 776 1124 iniquitate,
818 1058 867 1105 et
905 1065 1007 1120 qua
1047 1046 1307 1101 salvantur
1354 1046 1418 1098 ab
1459 1042 1772 1111 inﬁrmitate,
1818 1054 1920 1093 non
1969 1052 2071 1105 qua

490 1145 645 1200 creati
666 1158 841 1198 sumus
863 1156 981 1194 cum
999 1138 1209 1210 pmpria
1238 1135 1515 1190 voluntate.
1545 1132 1565 1205 ]
1596 1132 1793 1187 Verum
1822 1144 1929 1185 non
1955 1128 2070 1184 sola

490 1240 778 1299 creationis
802 1235 1063 1294 beneﬁcia
1092 1232 1313 1303 agnovit
1336 1229 1607 1299 Pelagius,
1634 1235 1694 1282 ut
1722 1226 1917 1295 saepius
1936 1223 2072 1279 dixi-

491 1349 631 1400 mus,
658 1344 844 1387 verum
874 1330 1033 1384 etiam
1061 1323 1367 1393 evangelica
1412 1320 1624 1384 omnia;
1658 1318 1754 1373 sed
1796 1331 1903 1372 non
1950 1329 2071 1384 gra-

492 1420 1065 1497 tiamillamefﬁcacem
1084 1414 1673 1487 Augustinianam,ante
1686 1425 1810 1467 eum
1833 1410 2073 1479 incogni-

500 1526 627 1581 tam,
658 1511 957 1584 prmsertim
982 1512 1038 1567 in
1065 1508 1305 1564 Oriente.
1337 1506 1520 1575 Itaque
1552 1504 1786 1560 Joannes
1813 1502 2071 1557 llieroso-

2170 776 2331 839 facto,
2362 775 2503 845 quod
2530 774 2602 828 ita
2631 773 3037 844 interpretatur,
3066 770 3219 841 quasi
3263 769 3385 825 ausi
3416 784 3523 825 non
3566 780 3720 828 essent

2170 970 2389 1026 prorsus
2415 956 2783 1021 damnassent,
2814 965 2890 1022 et,
2930 953 3099 1009 invito
3135 951 3302 1009 etiam
3328 951 3568 1021 Zosimo,
3591 952 3720 1010 Inno-

2169 1047 2332 1104 centii
2352 1062 2685 1118 successore,
2732 1055 2917 1117 postea
2961 1046 3290 1102 damnarint.
3338 1045 3544 1125 [Notum
3585 1047 3720 1104 etiam

2170 1147 2275 1205 est,
2310 1155 2413 1195 non
2458 1148 2663 1195 tantum
2712 1137 3041 1209 temporibus
3077 1135 3361 1209 Cypriani,
3386 1136 3485 1193 sed
3512 1144 3564 1193 et
3598 1138 3723 1195 hisee

2170 1243 2380 1299 quoque
2410 1229 2567 1284 Afros
2608 1230 2888 1299 episc0pos
2932 1229 3077 1283 nulla
3119 1228 3333 1283 ratione
3384 1227 3615 1297 pendere
3647 1244 3723 1285 vo-

2170 1319 2333 1375 luisse
2355 1335 2383 1372 a
2418 1319 2633 1389 judiciis
2664 1322 3041 1391 episcoporum
3069 1320 3461 1386 Romanorum,
3488 1328 3545 1374 ut
3585 1320 3723 1391 liquet

2171 1422 2237 1465 ex
2269 1412 2634 1467 controversia
2675 1412 2743 1467 de
2769 1412 3214 1482 appellationibus
3248 1410 3617 1468 transmarinis
3642 1412 3725 1470 hoc

2172 1503 2288 1573 ipso
2321 1513 2559 1574 tempore
2588 1514 2732 1560 nata.
2768 1505 2896 1560 Haec
2934 1505 3159 1576 epiStola
3208 1504 3417 1560 tumida
3449 1514 3531 1560 est
3567 1504 3721 1562 decla-

499 1608 786 1679 lymitanns
815 1602 1085 1673 Pelagium
1115 1597 1469 1655 orthodoxum
1505 1611 1625 1652 esse
1656 1596 1886 1663 censuit,
1915 1603 1972 1647 ut
2004 1606 2073 1649 ex
2172 1598 2492 1653 matiuncula
2520 1597 2572 1652 in
2604 1613 2695 1653 eos
2739 1598 2828 1668 qui
2860 1606 3149 1667 negassent
3192 1598 3467 1653 auxilium
3512 1597 3601 1653 Dei
3624 1613 3725 1655 esse

496 1697 559 1753 P.
588 1697 779 1754 Orosio
815 1695 945 1751 satis
975 1692 1161 1762 liquet.
1202 1690 1373 1746 Locus
1401 1688 1549 1743 Pauli
1573 1685 1705 1742 nihil
1735 1685 1863 1741 facit
1890 1692 2072 1740 contra
2172 1689 2533 1745 necessarium
2563 1690 2627 1743 ad
2661 1690 2746 1759 pie
2775 1689 3091 1755 vivendum;
3124 1690 3221 1746 sed
3252 1706 3364 1745 non
3387 1688 3633 1745 definitur
3656 1706 3722 1745 ra-

496 1787 789 1858 Pelagiuat,
823 1799 945 1842 cum
999 1783 1167 1854 gratia
1215 1780 1309 1834 Dei
1361 1780 1435 1835 ibi
1460 1780 1530 1834 sit
1559 1777 1926 1848 Evangelium,
1972 1784 2066 1831 aut
2093 1776 2140 1837 Β
2169 1782 2243 1837 tio
2263 1789 2319 1836 et
2349 1796 2517 1852 genus
2543 1780 2746 1849 auxilii,
2779 1796 2886 1851 quo
2909 1782 3103 1836 factum
3137 1791 3195 1836 ut
3238 1789 3431 1852 postea
3473 1780 3724 1838 leestius

496 1879 796 1950 evangelica
836 1876 1158 1944 oeconomia,
1205 1889 1308 1943 qua
1338 1873 1478 1927 Deus
1518 1872 1692 1942 justos
1723 1876 1928 1937 censet,
1960 1883 2068 1924 non
2172 1872 2309 1927 hanc
2339 1872 2619 1941 epistolam
2647 1872 2799 1928 facile
2822 1872 3082 1941 probarit.

496 1986 588 2029 eos
616 1973 706 2043 qui
736 1977 955 2042 peccato
1001 1977 1205 2034 carent,
1249 1965 1343 2020 sed
1383 1965 1475 2034 qui
1500 1963 1790 2034 Evangelia
1836 1969 2066 2032 parent;
2243 1966 2419 2036 Epist:
2447 1966 2573 2033 182,
2607 1965 2634 2036 ς
2673 1967 2724 2019 1.
2760 1963 2980 2019 Nam-ut
3012 1965 3198 2020 durum
3226 1967 3461 2022 arbitror
3490 1983 3723 2023 conniven-

500 2063 744 2136 quamvis
782 2067 1026 2116 anteacta
1054 2072 1241 2113 eorum
1285 2056 1391 2111 Vita
1424 2055 1567 2110 vitiis
1592 2055 1860 2125 inQuinata
1888 2052 2068 2120 fuerit,
2176 2059 2299 2112 tiam
2330 2058 2550 2127 prwbere
2572 2058 2894 2128 peccantibus
2917 2073 2937 2113 :
2966 2058 3038 2111 ita
3068 2059 3286 2128 impium
3300 2060 3490 2130 judico
3519 2076 3723 2131 magnum

501 2171 601 2211 nec
628 2155 744 2210 sine
770 2152 1007 2223 lapsibus
1037 2149 1198 2204 variis
1226 2147 1487 2217 reliquam
1524 2154 1738 2201 aetatem
1766 2143 2065 2199 traducant.
2175 2165 2362 2219 negare
2396 2145 2714 2220 conversis.]
2756 2147 3004 2205 Mendum
3050 2149 3139 2203 hic
3176 2158 3261 2205 est
3315 2152 3725 2221 typographicum

498 2249 575 2305 Eo
594 2262 778 2314 sensu,
814 2258 1027 2313 semper
1061 2242 1288 2297 sumitur
1314 2242 1504 2313 gratia,
1539 2238 1755 2309 quando
1785 2238 2071 2309 opponitur
2176 2256 2441 2311 maguum,
2490 2254 2589 2310 pro
2617 2256 2840 2306 manum,
2870 2249 2931 2295 ut
2973 2240 3140 2311 liquet
3162 2255 3228 2295 ex
3257 2240 3529 2312 prioribus
3561 2241 3724 2298 editio-

500 2340 642 2411 Legi,
670 2352 789 2409 qua:
809 2351 875 2393 ex
906 2335 1211 2391 Judaeorum
1236 2331 1523 2400 sententia,
1559 2340 1747 2386 contra
1777 2343 1914 2399 quos
1938 2328 2073 2383 Pau-
2177 2332 2351 2387 nibus.
2388 2331 2558 2389 Habet
2603 2332 2767 2388 editio
2795 2332 3004 2389 Erasmi
3026 2333 3427 2402 conhibentiam,
3470 2349 3561 2404 pro
3583 2335 3726 2389 conni-

500 2433 581 2488 lus
602 2430 859 2500 disputat,
900 2440 1163 2482 summam
1206 2422 1588 2494 perfectionem
1641 2420 1963 2492 postulabat.
2014 2420 2073 2475 In
2177 2423 2417 2491 centiam,
2446 2429 2503 2478 et
2530 2422 2607 2479 sic
2633 2423 2794 2480 etiam
2822 2439 2885 2480 ea
2915 2438 3017 2481 vox
3062 2424 3117 2481 in
3148 2425 3343 2482 codice
3386 2425 3726 2482 Tlteodosiano

500 2524 600 2581 hac
627 2532 804 2578 autem
826 2518 1186 2590 disputatione
1210 2516 1462 2587 Epistolas
1488 2515 1553 2570 ad
1586 2514 1829 2583 Galatas,
1862 2520 1923 2568 ut
1944 2512 2074 2568 etin
2182 2519 2345 2573 scribi
2395 2520 2551 2590 solet,
2588 2529 2645 2576 ut
2680 2522 2985 2578 observavit
3030 2522 3144 2579 Jac.
3190 2522 3573 2591 Gothofredus,
3602 2523 3726 2592 cujus

501 2614 683 2680 simili,
707 2627 828 2683 qua:
852 2612 1044 2682 legitur
1065 2610 1117 2665 in
1142 2608 1377 2679 Epistola
1408 2608 1474 2663 ad
1496 2609 1784 2672 Romanos;
1820 2614 2076 2676 perpetuo
2184 2598 2663 2668 vide'Glossarium
2691 2613 2990 2670 Nomicum.
3032 2615 3133 2683 Qui
3169 2615 3241 2670 ita
3270 2614 3577 2671 scribebant
3596 2622 3727 2685 puta-

502 2705 667 2777 gratia
711 2703 997 2774 opponitur
1039 2702 1138 2771 legi
1172 2710 1227 2755 et
1258 2700 1494 2770 operibus
1514 2743 1529 2769 ,
1583 2700 1686 2754 hoc
1714 2706 1817 2785 est,
1866 2698 2078 2752 miseri-
2183 2701 2311 2758 bant
2340 2704 2626 2760 dicendum
2655 2708 2916 2773 conhibeo,
2949 2724 3055 2763 non
3082 2710 3347 2777 conniveo,
3370 2708 3465 2765 sed
3496 2708 3640 2764 niale.
3682 2709 3725 2763 In

503 2798 682 2856 cordia
732 2794 920 2867 rigori,
971 2793 1282 2863 imperfecta
1352 2792 1659 2847 observatio
1702 2790 2078 2845 mandatorum
2188 2794 2288 2849 hac
2315 2796 2579 2851 sententia
2611 2798 2905 2853 Innocentii
2933 2800 3143 2856 videtur
3166 2802 3330 2857 etiam
3360 2802 3590 2857 inversio
3612 2813 3726 2867 esse,

506 2890 600 2946 Dei
629 2888 878 2959 perfectae
917 2885 1204 2941 sanctitati.
1257 2882 1549 2939 Meridiana
1590 2883 1707 2936 luce
1739 2881 1841 2935 hoc
1881 2880 2080 2935 clarius
2184 2888 2254 2943 ita
2285 2896 2342 2942 υι
2369 2888 2649 2959 tegendum
2675 2889 2810 2945 fune
2839 2892 2950 2945 sit:
2988 2891 3057 2946 υτ
3082 2893 3300 2963 impium
3336 2894 3555 2949 ατιυειτον
3582 2891 3727 2946 conm:

507 2990 610 3050 est,
645 2995 744 3036 nec
765 2976 1124 3035 recentiorum
1148 2977 1498 3045 interpretum
1522 2975 1800 3044 quisquam
1830 2988 1943 3027 rem
1972 2988 2081 3027 non
2185 2982 2400 3036 nentiam
2426 2982 2649 3051 prrebere
2669 2985 3012 3053 peccantibus;
3035 2986 3107 3039 ita
3128 2987 3321 3041 durum
3351 2988 3531 3054 judico
3556 3001 3729 3040 manum

509 3074 662 3129 vidit.
704 3073 887 3142 itaque
930 3084 1099 3127 sensu
1119 3068 1510 3139 Augustiniano
1541 3068 1627 3121 hic
1665 3066 1887 3121 minime
1915 3066 2082 3120 sumi-
2187 3090 2373 3145 negare
2397 3077 2669 3131 conversis.
2699 3075 2860 3132 Certe
2883 3076 2986 3134 hoc
3011 3079 3311 3149 postularet
3345 3080 3604 3137 sermonis
3628 3092 3729 3148 pro-

511 3176 617 3237 tur,
646 3174 704 3220 ut
733 3180 833 3220 nec
866 3177 1089 3233 usquam
1126 3162 1257 3215 alibi
1303 3161 1358 3215 in
1394 3160 1689 3229 Scriptura.
1721 3159 2083 3225 Quamobrem
2108 3153 2157 3217 C
2192 3169 2415 3240 primas.

512 3255 812 3314 testimonia
834 3242 994 3309 all'ata
1026 3252 1055 3324 §
1083 3254 1115 3308 8
1152 3252 1335 3307 omnia
1364 3260 1489 3306 sunt
1511 3261 1663 3306 extra
1691 3266 1825 3305 rem.
1857 3250 1959 3316 Qui
1980 3258 2085 3304 tam

2262 3263 2439 3336 [lbid.,
2490 3264 2517 3335 §
2557 3265 2610 3321 5.
2650 3262 2794 3319 Illud
2834 3281 2947 3321 vero
2982 3266 3118 3337 quod
3154 3284 3239 3323 eos
3276 3277 3445 3324 uestra
3480 3266 3732 3337 fraternitas

512 3350 845 3421 negligenter
874 3347 1127 3417 legebant
1160 3344 1519 3415 Scripturam,
1554 3352 1609 3399 et
1646 3353 1753 3399 tam
1797 3344 2090 3399 oscitanter

2196 3360 2371 3413 asserit
2400 3356 2698 3429 prwdictire,
2724 3362 2961 3432 parvulos
2981 3356 3185 3418 ceterme
3212 3364 3331 3417 vita:
3352 3362 3588 3433 prcerniis,
3609 3360 3734 3415 etiam

514 3442 823 3505 laudabant,
854 3453 949 3495 eos
980 3438 1135 3493 nobis
1161 3440 1313 3508 quasi
1346 3438 1688 3507 egregiorum
1733 3439 2087 3506 interpretum

2196 3452 2300 3505 sine
2329 3453 2647 3522 baptismatis
2674 3455 2839 3525 gratia
2859 3470 3005 3525 posse
3025 3456 3207 3509 donari
3226 3455 3519 3527 perfatuum
3538 3462 3622 3509 est.
3640 3451 3735 3506 Nisi

517 3533 848 3605 exemplaria
880 3532 1103 3604 proponi
1130 3532 1251 3602 quis
1278 3530 1450 3586 ferat?
1497 3530 1627 3597 Quis
1658 3531 1808 3600 quasi
1840 3530 2090 3599 dogmata

2196 3545 2327 3597 enim
2356 3545 2770 3600 manducaverint
2809 3562 3010 3600 carnem
3048 3543 3176 3600 Filii
3216 3546 3439 3601 hominis
3472 3556 3519 3601 et
3562 3543 3736 3597 biberint

516 3630 583 3686 ad
609 3630 836 3685 salutem
853 3625 1178 3690 necessaria,
1201 3633 1259 3679 ut
1282 3624 1557 3694 putabant,
1576 3639 1641 3678 es
1669 3624 1799 3679 locis
1825 3631 1933 3678 tam
1952 3622 2091 3680 male
2193 3638 2492 3711 εαηθυῑηειη
2510 3640 2757 3709 ejus...“
2777 3620 3027 3694 ιιαιειηιηι
3048 3639 3202 3694 vitam
3222 3639 3275 3694 5,,
3294 3638 3567 3709 semqu
3588 3634 3733 3706 (ιοαη,

518 3722 803 3780 intellectis
831 3720 1081 3787 deducta,
1106 3719 1312 3790 imponi
1341 3719 1441 3773 sibi
1474 3717 1737 3788 patiatur?
2196 3744 2269 3796 γι,
2304 3729 2418 3800 54),
2466 3730 2568 3796 Qui
2590 3740 2757 3785 autem
2788 3728 2921 3785 hanc
2948 3731 3021 3785 εί,
3060 3732 3172 3787 sine
3195 3731 3566 3801 νεθεηεταιίοηε
3590 3726 3735 3796 def“.

2169 839 2424 920 damnare
2454 865 2732 934 Pelagiana
2762 839 3010 933 dogmata
3055 839 3122 917 eo
3166 859 3510 927 inconsulto;
3537 872 3647 916 cum
3670 839 3739 918 ea‘

588 3812 787 3883 Ibid.,§
812 3812 898 3868 18.
930 3809 1038 3866 Sed
1067 3809 1422 3880 quoquontodo
1452 3825 1505 3863 se
1530 3808 1712 3862 habeat
1735 3810 1831 3863 ista
1857 3811 2089 3880 quiestio,

519 3907 661 3976 quia,
685 3908 777 3960 etsi
807 3920 908 3958 non
930 3904 1184 3957 invenitur
1208 3905 1262 3955 in
1289 3902 1384 3955 hac
1404 3903 1504 3956 vita
1542 3903 1652 3956 sine
1681 3912 1907 3972 peccato,
1938 3904 1991 3956 id
2019 3913 2097 3956 ta-

521 4015 634 4052 men
655 3998 840 4069 dicitur
862 4011 1007 4066 posse
1026 3997 1138 4063 ﬁeri
1160 4011 1247 4064 per
1268 3996 1581 4067 adjutorium
1594 3997 1773 4067 gratiae
1795 4006 1841 4051 et
1866 3998 2095 4066 Spiritus

525 4089 643 4155 Dei;
664 4088 798 4159 quod
823 4096 879 4141 ut
908 4088 999 4155 ﬁat
1023 4088 1315 4141 conandum
1335 4096 1481 4157 atque
1505 4089 1814 4156 poscendum
1845 4098 1939 4155 est,
1973 4092 2099 4141 tole-

525 4182 751 4235 rabiliter
772 4182 825 4233 in
854 4196 911 4233 eo
932 4180 1141 4249 quisque
1178 4179 1396 4249 fallitur,
1420 4195 1512 4233 nec
1553 4179 1811 4233 diabolica
1839 4180 2095 4250 impietas,

526 4274 613 4329 sed
635 4289 774 4327 error
803 4274 1051 4325 humanus
1093 4280 1188 4325 est.
1212 4270 1232 4342 ]
1263 4270 1485 4327 Videtur
1512 4272 1599 4329 hic
1625 4274 1951 4343 distinguere
1972 4287 2097 4343 gra-

526 4365 628 4421 dus
656 4378 898 4418 errorum
928 4363 1275 4432 Augustinus,
1299 4364 1440 4431 quod
1471 4372 1526 4418 et
1553 4362 1677 4418 alibi
1706 4363 1866 4431 facit;
1892 4363 1985 4420 sed
2009 4363 2103 4418 de-

529 4457 733 4513 buisset
752 4455 913 4509 etiam
955 4451 1153 4523 ubique
1193 4453 1521 4524 distinguere
1540 4454 1736 4525 gradus
1766 4455 2098 4511 necessitatis

2198 3824 2343 3889 dunt,
2385 3824 2617 3877 videntur
2654 3823 2781 3877 mihi
2817 3824 2984 3895 ipsum
3032 3824 3343 3894 baptismum
3388 3823 3511 3877 velle
3548 3833 3733 3879 cessare,

2198 3932 2311 3969 cum
2340 3916 2618 3982 prwdicant
2640 3916 2731 3970 hos
2760 3916 2946 3971 habere
2972 3917 3112 3988 quod
3138 3917 3191 3972 in
3211 3932 3299 3972 eos
3324 3917 3544 3972 creditur
3570 3909 3737 3967 nonnisi

2199 4010 2498 4080 baptismate
2526 4007 2935 4082 conferendum]
2960 4009 3129 4066 Verba
3152 4010 3369 4080 quidem
3394 4007 3584 4065 Christi
3608 4004 3736 4060 Joan.

2201 4116 2253 4156 VI
2282 4102 2347 4157 de
2376 4102 2782 4158 manducatione
2804 4101 2981 4158 carnis
3008 4102 3142 4172 ejus,
3170 4101 3237 4157 ad
3268 4101 3581 4172 baptismum
3607 4093 3737 4164 perti-

2201 4208 2332 4252 nere
2359 4209 2466 4250 non
2487 4194 2844 4250 censebantur
2870 4194 2937 4249 ab
2961 4193 3292 4262 Innocentio,
3326 4193 3419 4249 sed
3450 4191 3512 4246 ad
3533 4184 3737 4245 eucharit

2201 4288 2377 4343 stiant.
2436 4287 2492 4344 Si
2534 4296 2707 4343 autem
2754 4294 2957 4343 statuas
2993 4286 3111 4343 sine
3158 4282 3480 4343 eucharistia
3508 4280 3738 4338 neminem

2203 4393 2362 4449 posse
2382 4374 2612 4445 servari,
2639 4378 2782 4447 quod
2808 4377 2987 4433 doceri
3015 4391 3082 4432 eo
3111 4376 3230 4432 loco
3251 4391 3281 4431 a
3303 4375 3511 4431 Christo
3535 4367 3735 4442 putabat,

2208 4470 2331 4525 hinc
2364 4478 2616 4539 sequetur
2641 4470 2761 4525 sine
2788 4469 3053 4539 baptismo
3080 4467 3243 4526 vitam
3273 4469 3499 4525 infantes
3524 4458 3739 4528 consequi

528 4550 581 4604 ίη
609 4548 962 4618 dogmatibus.
990 4560 1090 4601 nec
1109 4548 1261 4617 φιλεῖ
1292 4562 1510 4617 Prorsus
1533 4550 1893 4604 necessarium
1918 4550 2104 4604 οδιηι-
2128 4535 2183 4596 D
2208 4579 2313 4619 non
2350 4535 2535 4634 pus-se;
2566 4562 2690 4633 quia
2714 4535 3037 4618 eucharistia
3063 4563 3131 4618 iis
3159 4563 3274 4618 dari
3305 4578 3412 4618 non
3446 4556 3636 4616 solebat
3659 4550 3738 4605 nisi

527 4640 676 4708 dere,
709 4640 849 4711 quod
891 4639 1134 4709 quamvis
1174 4653 1357 4694 verum
1396 4648 1560 4708 esset,
1619 4640 1770 4695 nullo
1810 4640 2103 4710 Scriptura:

538 4734 659 4790 loco
691 4732 989 4788 necessario
1016 4731 1170 4788 nobis
1198 4731 1519 4788 credendum
1549 4734 1863 4804 imponitur,
1890 4749 1990 4789 nec
2017 4735 2101 4789 in-

537 4825 748 4880 divulso
797 4839 934 4880 nexu
970 4836 1089 4878 cum
1136 4824 1455 4879 necessariis
1495 4823 1832 4896 dogmatibus
1879 4825 2101 4895 conjun-

536 4929 681 4977 ctum
711 4929 812 4976 est.

598 5013 767 5083 Epist.
802 5010 922 5078 181,
955 5010 984 5082 §
1008 5010 1061 5066 1.
1085 5008 1166 5064 Ad
1190 5018 1419 5065 nostrum
1437 5009 1762 5081 referendum
1784 5010 2105 5083 appr-obustis

530 5120 637 5159 esse
654 5104 911 5175 judicium
927 5142 943 5170 ,
965 5102 1173 5157 scientes
1219 5101 1343 5171 quid
1372 5101 1673 5173 apostolica:
1692 5102 1820 5170 sedi,
1841 5118 1955 5156 cum
1994 5119 2104 5156 om-

530 5217 617 5255 nes
640 5199 735 5254 hoc
759 5199 870 5254 loco
892 5199 1044 5270 positi
1064 5199 1230 5271 ipsum
1249 5199 1391 5270 sequi
1415 5198 1758 5254 desideremus
1782 5197 2099 5269 Apostolum,

532 5295 789 5361 debeatur,
838 5302 940 5350 etc.
973 5293 1139 5350 Paulo
1164 5300 1287 5364 post
1313 5308 1328 5347 :
1377 5290 1473 5347 Vel
1510 5290 1567 5346 id
1592 5306 1710 5346 vero
1731 5290 1868 5362 quod
1891 5287 2107 5344 Patrum

532 5388 765 5441 instituta
810 5387 1115 5443 sacerdotali
1158 5386 1492 5442 custodientes
1534 5384 1696 5455 oﬂicio
1746 5399 1849 5438 non
1895 5384 2107 5439 censetis

533 5492 641 5532 esse
661 5477 930 5547 calcanda,
961 5478 1096 5549 quod
1116 5477 1195 5532 illi
1217 5493 1320 5533 non
1342 5477 1587 5543 humana,
1614 5474 1705 5529 sed
1728 5474 1903 5530 divina
1928 5474 2104 5529 decre-

533 5586 645 5626 uere
664 5574 925 5641 sententia,
952 5583 1008 5630 ut
1026 5573 1276 5647 quidquid
1300 5572 1532 5645 quamvis
1556 5572 1610 5625 in
1630 5570 1901 5643 disjunctis
1938 5585 2106 5624 remo-

532 5664 695 5737 tisque
721 5666 986 5737 provinciis
1013 5676 1269 5741 ageretur,
1317 5680 1423 5719 non
1470 5664 1615 5735 prius
1652 5664 1894 5718 ducerent
1915 5662 2105 5731 ﬁnien-

530 5756 675 5828 tlttm,
705 5762 802 5818 nisi
839 5762 906 5817 ad
935 5764 1089 5838 hujus
1115 5761 1250 5819 sedis
1280 5761 1515 5817 notitiam
1554 5744 1868 5826 perueniret;
1890 5767 1968 5823 ’ut
1998 5766 2104 5814 tota

2210 4665 2486 4727 postquam
2508 4654 2757 4724 baptizati
2788 4654 3015 4710 fuerant.
3042 4655 3121 4711 Eo
3141 4654 3427 4711 manifesto
3446 4648 3646 4721 respicit
3670 4644 3738 4697 ln-

2210 4749 2510 4812 nocentius,
2542 4762 2710 4816 eaque
2737 4746 3124 4802 consuetudine
3150 4746 3338 4802 nititur
3363 4747 3441 4800 vis
3464 4742 3572 4813 ejus
3606 4734 3738 4791 ratio'

2210 4838 2509 4895 cinationis.
2529 4836 2807 4907 Defendere
2829 4837 3056 4908 parvulis
3078 4837 3232 4891 vitam
3253 4838 3363 4892 sine
3387 4829 3736 4907 regeneratione.

2207 4938 2290 4986 est
2335 4927 2619 4984 defendere
2668 4928 2769 4982 hoc
2817 4928 3028 4999 dogma,
3078 4928 3315 4998 parvulis
3363 4930 3476 4983 sine
3512 4920 3737 4992 baptismo

2209 5026 2368 5077 vitam
2395 5022 2529 5077 dari.
2566 5021 2760 5075 Notum
2796 5028 2881 5077 est
2917 5036 2983 5078 eo
3011 5037 3128 5078 arvo
3163 5021 3345 5078 datam
3375 5015 3644 5077 infantibus
3667 5022 3738 5063 eu-

2209 5113 2532 5180 charistiam,
2558 5111 2707 5182 quasi
2734 5114 3092 5169 necessariam
3127 5119 3195 5169 ad
3225 5114 3450 5170 salutem
3494 5121 3589 5163 non
3614 5101 3738 5156 aliter

2213 5222 2275 5263 ac
2295 5207 2613 5279 baptismum
2640 5248 2656 5275 ,
2684 5206 2826 5278 quod
2852 5222 2918 5262 ex
2957 5207 3074 5264 loco
3097 5206 3321 5264 Joannis
3350 5204 3484 5262 male
3510 5194 3737 5257 intellecto

2214 5297 2529 5355 hauriebant
2550 5308 2780 5354 veteres.
2809 5298 2948 5353 Audi
2968 5299 3319 5369 Augustinum
3342 5296 3431 5353 lib.
3461 5291 3560 5347 Ide
3584 5281 3737 5342 Merito

2216 5400 2573 5460 peccatorum,
2623 5404 2741 5459 cap.
2794 5386 2885 5443 20.
2940 5388 3230 5456 Dominum,
3279 5387 3465 5459 inquit,
3511 5377 3736 5460 audiamut

2216 5457 2315 5536 non
2342 5483 2547 5552 quidem
2574 5480 2669 5536 hoc
2689 5457 2762 5536 de
2786 5489 3104 5535 sacramento
3127 5481 3316 5535 lauacri
3334 5457 3586 5534 dicentem.
3601 5462 3673 5520 κά
3689 5457 3736 5510 ιίε

2209 5585 2525 5630 sacramento
2554 5584 2743 5630 sancta:
2769 5589 2954 5629 mensw
2980 5589 3107 5643 suat,
3140 5590 3241 5644 quo
3282 5586 3423 5629 nemo
3449 5568 3537 5623 rite
3562 5558 3646 5616 nisi
3668 5553 3735 5606 ba-

2210 5670 2429 5741 ptizatus
2451 5670 2643 5724 accedit
2679 5684 2699 5723 :
2728 5667 2841 5724 Nisi
2878 5667 3330 5725 manducaveritis
3357 5672 3559 5722 carnem
3596 5657 3735 5745 meatu

2210 5772 2263 5819 et
2292 5763 2530 5821 biberitis
2560 5762 2873 5834 sanguinem
2898 5776 3098 5831 meum,
3128 5776 3234 5820 non
3263 5753 3513 5818 habebitis
3536 5745 3671 5805 vitam
3691 5747 3731 5792 tu

2974 5896 3003 5907 χ

3856 99 3872 259 1

3862 316 3872 419 l

3864 444 3872 499 ἦ
