3954 6364
233 394 313 448 ὄὲθ
865 378 1214 437 VARIORUM
1244 372 1841 434 EXERCITATIONES
1875 371 1939 428 IN
1971 372 2028 428 S.
2061 368 2434 426 AUUUSTINI
2464 366 2598 423 OPE
2614 367 2725 423 BA.
3360 362 3466 424 ὅδε

229 505 362 559 vobis.
386 500 518 569 Quid
553 500 684 555 ultra
706 497 1014 568 quterimus?
1056 495 1193 561 Quid
1232 496 1300 548 ad
1340 495 1434 549 hoc
1470 490 1763 564 responderi
1790 488 1846 551 Α
1869 488 2185 561 ingerebant,
2211 505 2539 559 percussuros
2565 505 2648 542 eos
2679 504 2752 555 se,
2778 488 2875 542 nisi
2898 488 2962 543 ab
2983 492 3052 544 eis
3075 488 3467 562 perimerentur,

227 596 390 666 potest?
415 604 521 649 etc.
574 594 653 645 An
684 606 798 644 vero
826 589 1092 660 quisquam
1120 588 1274 642 etiam
1302 588 1398 641 hoc
1426 587 1594 641 dicere
1615 588 1779 643 aude-
1886 583 2174 639 terribiliter
2210 585 2593 637 comminantes.
2642 580 3028 654 Nonnunquam
3065 593 3112 637 et
3143 601 3172 637 a
3205 586 3469 659 judicibus

225 688 299 753 bit,
324 687 447 757 quod
473 686 539 739 ad
563 684 802 756 parmlos
831 682 940 737 hate
968 682 1213 737 sententia
1238 697 1340 736 non
1360 682 1631 753 pertineat,
1664 697 1783 752 pos-
1886 673 2262 730 transeuntibus
2294 674 2655 745 extorquebunt
2714 675 2960 729 violenter
2992 686 3047 728 ut
3085 694 3115 731 a
3146 679 3468 746 carniﬁcibus

224 781 390 848 sintque
411 780 519 833 sine
538 777 927 849 participatione
946 776 1174 844 corporis
1197 778 1351 849 hujus
1371 785 1418 828 et
1441 776 1703 847 sanguinis
1728 775 1783 829 in

1946 767 1963 821 l
2010 767 2071 822 ob
2110 767 2273 838 ofﬁcio
2308 768 2607 838 ferirenlur,
2652 776 2755 824 etc.
2802 769 2921 823 Jam
2969 786 3081 825 vero
3123 788 3214 843 per
3252 775 3471 844 abrupta

222 891 264 927 se
282 874 450 927 habere
469 854 789 941 uitam,quia
816 887 917 924 non
942 871 1013 923 ait
1045 886 1063 924 :
1090 869 1191 938 Qui
1214 884 1321 925 non
1351 870 1780 934 manducaverit,

1946 859 2188 927 *tecipitia,
2218 874 2305 923 per
2334 875 2493 928 aquas
2521 870 2568 915 et
2591 860 2827 929 ﬂammas
2850 862 3077 918 occidere
3106 881 3159 921 se
3184 865 3319 933 ipsos
3340 883 3467 936 quo-

220 967 328 1020 σίδαι
354 965 415 1020 de
440 965 688 1036 baptismo
710 978 729 1018 ε
752 964 852 1032 Qui
886 979 991 1019 non
1016 972 1235 1018 renatus
1267 962 1425 1018 tueri;
1448 978 1463 1029 ς
1487 964 1574 1018 sed
1601 964 1673 1016 αῑι
1692 962 1785 1017 εδί
1888 952 2114 1006 tidianus
2152 951 2254 1005 illis
2284 952 2436 1006 ludus
2468 954 2587 1025 fuit.
2624 953 2887 1010 Pauculos
2922 956 3137 1013 insanos
3163 958 3214 1013 in
3246 967 3473 1014 mortem

220 1074 310 1115 non
338 1057 819 1123 manducaveritis,
849 1056 981 1112 velut
1010 1073 1094 1111 eos
1125 1056 1385 1126 alloquens
1410 1057 1498 1122 qui
1525 1056 1787 1125 audireet
1891 1053 2091 1099 temere
2133 1043 2308 1100 ιύίεεθ
2350 1061 2456 1100 ηοη
2509 1055 2592 1101 εει
2634 1045 2978 1114 incredibile.
3022 1052 3114 1105 θεά
3166 1052 3476 1122 quotidiana

218 1151 475 1224 intelligere
490 1151 892 1221 poterant,quod
914 1149 1085 1220 utique
1102 1164 1203 1203 non
1220 1147 1385 1203 valent
1406 1147 1787 1220 parvuli?Duo
1892 1137 2032 1203 ludo,
2078 1138 2194 1193 sine
2220 1139 2324 1194 ulla
2356 1141 2658 1207 vexatione,
2708 1142 2810 1199 hoc
2855 1145 3053 1200 factum
3098 1147 3322 1203 credant
3361 1148 3473 1204 alii.

219 1244 320 1298 haec
344 1242 561 1298 Joannis
588 1243 704 1298 loca
741 1242 878 1297 male
904 1241 1167 1312 explicata
1200 1240 1401 1295 dudum
1432 1239 1789 1295 ostenderunt
1889 1232 2050 1290 Certe
2094 1234 2163 1291 de
2204 1236 2352 1291 hisce
2402 1237 2732 1306 temporibus
2772 1239 2875 1294 dici
2921 1254 3027 1295 non
3064 1241 3236 1312 potuit
3284 1243 3480 1312 quibus

218 1336 491 1395 doctissimi
523 1338 720 1407 quique
749 1336 1099 1404 interpretes;
1134 1332 1273 1388 unde
1301 1332 1548 1401 sequitur
1578 1342 1636 1387 ut
1667 1346 1789 1402 per-
1894 1327 2185 1382 Donatistae
2214 1327 2560 1384 acerbissime
2590 1331 2953 1398 vexabantur;
2988 1346 3087 1388 nec
3114 1348 3345 1404 unquam
3386 1335 3482 1390 ad-

220 1445 382 1503 peram
412 1428 709 1499 baptismus
736 1438 791 1483 et
816 1440 969 1483 caena
1013 1420 1316 1482 necessaria
1346 1424 1412 1479 ad
1438 1428 1665 1479 salutem
1698 1423 1793 1479 ha-
1893 1419 2132 1473 versario
2153 1419 2221 1474 de
2248 1419 2477 1476 inimicis
2507 1422 2855 1478 credendum.
2887 1424 2941 1479 Si
2966 1426 3108 1481 enim
3152 1442 3256 1482 non
3289 1428 3485 1484 menti-

225 1532 442 1580 beantur.
491 1522 625 1577 Vide
663 1532 717 1577 et
747 1535 868 1592 quae
914 1519 1076 1574 habet
1114 1517 1442 1589 Augustinus
1471 1516 1632 1587 epist.
1665 1516 1791 1584 M7,
1896 1526 2004 1585 tur,
2058 1515 2252 1570 aﬂ'ectu
2307 1526 2484 1571 tamen
2535 1518 2702 1573 multa
2752 1518 3073 1583 dissimulat,
3131 1520 3338 1588 minuit,
3393 1531 3487 1578 aut

233 1633 333 1689 cap.
354 1616 397 1672 5.
416 1614 525 1671 Sed
548 1615 687 1682 haec,
713 1614 813 1669 hoc
834 1612 1047 1685 quidem
1070 1612 1289 1679 inloco,
1309 1626 1415 1666 non
1444 1612 1791 1681 attingemus.
1897 1620 2076 1680 auget,
2105 1620 2259 1680 prout
2289 1612 2530 1681 partibus
2559 1628 2690 1682 quas
2717 1614 2961 1682 sequitur
2988 1614 3259 1671 conducit.

229 1711 326 1766 Hoc
349 1719 546 1764 tantum
584 1707 847 1774 dicemus,
894 1707 1099 1777 liquere
1142 1721 1209 1761 ex
1254 1704 1548 1761 lnnocentii
1592 1702 1793 1773 verbis,
1968 1700 2130 1770 lbid.,
2173 1700 2200 1771 ᾗ
2230 1703 2315 1758 l9.
2351 1702 2499 1768 Quod
2524 1706 2656 1759 enim
2685 1706 2878 1772 dicunt,
2906 1707 2997 1778 qui
3024 1718 3202 1762 contra
3240 1726 3361 1764 suas
3390 1711 3486 1765 im-

222 1818 316 1858 non
342 1801 517 1857 minus
544 1814 608 1855 ac
637 1798 918 1870 Augusuni
948 1798 1087 1864 loco,
1126 1795 1501 1853 eucharistiam
1540 1809 1796 1851 necessa-
1901 1795 2112 1863 pietates
2140 1793 2277 1865 leges
2288 1798 2459 1867 justas
2487 1797 2683 1851 institui
2707 1797 2911 1865 nolunt,
2943 1817 3044 1855 non
3071 1803 3274 1873 petiisse
3294 1819 3326 1858 a
3352 1806 3489 1875 regi-

216 1898 342 1952 riam
378 1893 447 1950 ad
492 1893 721 1949 salutem
762 1891 831 1947 ab
860 1889 925 1947 iis
954 1889 1235 1947 creditam.
1273 1889 1395 1946 Scio
1426 1888 1584 1945 aliter
1621 1888 1795 1945 visum
1826 1878 1877 1942 Β
1904 1886 1994 1941 bus
2033 1896 2181 1942 terra:
2208 1888 2469 1959 apostolos
2495 1890 2642 1959 talia,
2685 1908 2787 1946 non
2817 1894 3140 1949 considerant
3168 1895 3313 1951 aliud
3338 1901 3496 1969 fuisse

216 1992 336 2047 viris
366 1988 640 2045 nonnullis
670 1984 1018 2052 doctissimis,
1046 1984 1139 2041 sed
1167 1985 1430 2054 profecto,
1453 1998 1559 2038 non
1587 1990 1672 2039 est
1702 1982 1801 2038 hac
1905 1989 2021 2034 tunc
2064 1990 2279 2051 tempus,
2330 1979 2461 2053 etc.]
2507 1982 2623 2038 .lam
2659 1982 2761 2039 hoc
2798 1985 3068 2041 confutavi
3094 1988 3158 2043 ad
3191 1992 3347 2059 epist.
3396 1992 3491 2055 95.

215 2088 264 2143 in
294 2100 351 2142 re
372 2084 594 2153 quiesila
623 2081 778 2138 abiis
801 2080 1021 2149 veritas,
1037 2079 1130 2135 sed
1152 2080 1422 2150 quomodo
1444 2062 1801 2148 Augustinum
1909 2076 1935 2147 ᾗ
1966 2077 2019 2133 9.
2054 2077 2166 2132 Alia
2192 2077 2351 2132 etiam
2381 2087 2696 2148 argumenta
2726 2094 2883 2148 quam
2917 2080 3089 2135 futilia
3120 2081 3227 2137 sint
3255 2083 3322 2138 ad
3348 2100 3495 2140 eam-

214 2196 331 2237 cum
363 2178 636 2236 hodiernis
682 2175 889 2248 placitis
918 2173 1210 2230 conciliare
1238 2180 1476 2243 possent.
1512 2171 1646 2226 Vide
1676 2171 1804 2258 Yin-
1906 2168 2029 2224 dem
2060 2169 2343 2239 epistolam
2374 2171 2609 2226 ostendi.
2641 2170 2756 2226 Non
2789 2187 3005 2243 possum
3038 2183 3217 2231 tamen
3250 2192 3357 2233 non
3397 2178 3499 2232 mi-

213 2276 378 2333 dicias
419 2273 834 2345 Augustinianas
886 2270 1052 2326 emin.
1099 2267 1305 2325 cardiu.
1362 2268 1526 2324 Henr.
1569 2265 1804 2331 ‘Norisii,
1909 2260 2017 2317 rari
2041 2261 2311 2318 hominem
2336 2278 2442 2318 non
2466 2262 2713 2319 hebetem
2741 2265 2980 2335 potuisse
3006 2267 3076 2321 ita
3105 2268 3295 2324 affectu
3326 2285 3499 2326 excae-

214 2387 332 2443 cap.
360 2369 413 2436 4,
444 2369 469 2442 §
494 2369 548 2435 4,
575 2367 663 2424 ubi
695 2367 879 2422 multis
903 2365 971 2421 de
993 2364 1094 2420 hoc
1116 2364 1414 2420 lnnocentii
1449 2362 1590 2417 loco.
1909 2355 2041 2422 cari,
2074 2364 2150 2421 ut,
2183 2355 2342 2411 modo
2362 2356 2431 2411 de
2463 2356 2753 2412 Donatistis
2783 2359 3162 2429 triumpharet,
3195 2363 3325 2418 nihil
3350 2365 3502 2434 pensi

284 2463 457 2534 Epist.
500 2459 624 2528 185,
668 2458 696 2531 §
742 2458 829 2525 {2,
874 2458 942 2513 de
969 2456 1285 2523 Donatistis,
1323 2454 1415 2525 qui
1444 2454 1545 2508 sibi
1576 2460 1805 2507 mortem
1912 2448 2134 2503 haberet
2171 2463 2239 2502 an
2270 2448 2555 2506 infamaret
2582 2450 2889 2509 universam
2919 2454 3213 2511 Ecclesiam
3235 2456 3503 2514 Christia-

216 2556 519 2613 inferebant
555 2572 569 2608 :
605 2552 708 2621 Qui
747 2563 917 2607 autem
962 2552 1189 2605 nesciunt
1236 2549 1656 2603 consuetudinem
1686 2546 1807 2601 illo-
1912 2555 2058 2609 nam,
2099 2550 2388 2612 antequam
2428 2552 2611 2600 essent
2650 2544 3003 2616 imperatores
3040 2546 3352 2619 Christiani,
3380 2568 3503 2624 gra-

217 2667 351 2717 rum,
393 2656 575 2721 putant
623 2663 706 2701 eos
748 2647 902 2700 modo
948 2645 1143 2713 seipsos
1191 2641 1440 2707 occidere,
1492 2640 1698 2708 quando
1746 2638 1809 2693 ab
1911 2634 2052 2689 viter
2079 2648 2294 2705 semper
2334 2635 2402 2691 de
2450 2639 2937 2708 persecutionibus,
2987 2644 3138 2712 quasi
3189 2643 3507 2703 humanitati

214 2759 395 2799 eorum
423 2741 745 2797 insanissima
776 2739 1149 2807 dominatione,
1188 2752 1279 2807 per
1305 2736 1619 2791 occasionem
1641 2736 1812 2806 legum
1916 2728 2222 2799 contrariis,
2245 2743 2617 2803 conquestam.
2652 2734 2711 2790 Si
2737 2736 2878 2792 enim
2910 2736 3152 2794 dicamus
3174 2740 3509 2798 Christianos

215 2837 431 2892 istarum
463 2849 574 2904 qua:
616 2850 707 2904 pro
751 2831 943 2885 unitate
982 2838 1100 2884 sunt
1131 2830 1443 2894 constituite,
1475 2826 1603 2881 tanti
1634 2825 1813 2896 papuli
1916 2823 2246 2894 antiquiores
2266 2839 2330 2881 ea
2357 2835 2562 2882 tantum
2585 2826 2652 2883 de
2677 2842 2837 2884 causa
2860 2834 3176 2889 vexationes
3197 2834 3505 2902 damnasse,

217 2926 551 2999 liberantur.]
575 2927 699 2983 Haec
730 2934 855 2981 sunt
881 2924 1214 2981 accusatorie
1235 2922 1392 2993 plane
1414 2921 1585 2987 dicta;
1611 2919 1817 2974 emollit
1918 2914 2059 2985 quod
2081 2916 2133 2970 in
2158 2916 2304 2986 ipsos
2324 2928 2728 2989 exercerentur,
2746 2937 2850 2976 non
2876 2922 2928 2976 in
2951 2924 3226 2993 ethnicos;
3254 2937 3511 2983 caeterum

220 3027 362 3084 enim
407 3022 736 3094 Augustinus
763 3036 882 3092 quae
911 3028 1097 3075 contra
1129 3019 1356 3073 miseros
1386 3013 1691 3071 Donatistas
1721 3011 1816 3067 tie-
1920 3008 1965 3062 si
1992 3022 2256 3064 summam
2281 3020 2599 3081 potestatem
2632 3011 2732 3066 sibi
2760 3012 3029 3070 faventem
3062 3016 3393 3084 habuissent,
3422 3033 3512 3074 su-

225 3121 366 3185 bant,
392 3118 528 3173 dum
551 3116 681 3170 dicit
702 3112 967 3168 occasione
992 3112 1161 3182 legum
1183 3120 1398 3179 ereptos
1424 3106 1530 3162 illis
1557 3104 1814 3177 populos;

1946 3098 2265 3173 rarioresque
2309 3103 2538 3159 ethnicis
2592 3103 2838 3171 fuissent,
2887 3117 2945 3163 ut
2982 3108 3098 3163 sine
3142 3111 3380 3179 periculo
3420 3127 3516 3168 eos

236 3225 340 3266 cum
388 3208 643 3265 debuerit
683 3206 865 3261 dicere
912 3215 1119 3259 terrore
1164 3201 1339 3272 legum
1380 3208 1433 3255 et
1488 3196 1819 3267 gravissimis
1921 3209 2118 3250 vexare
2162 3207 2401 3266 possent,
2449 3196 2643 3254 similia
2692 3200 2746 3256 in
2790 3215 2884 3256 eos
2931 3204 3187 3258 continuo
3232 3206 3515 3262 molituros

229 3305 419 3376 pmnis,
459 3313 517 3358 ut
540 3299 877 3357 ostendimus
907 3297 975 3352 ad
998 3296 1280 3367 epistolam
1317 3294 1408 3350 93.
1442 3290 1644 3347 Deinde
1674 3288 1819 3361 quod
1845 3272 1893 3338 C
1924 3286 2090 3343 fuisse
2115 3304 2235 3359 quae
2265 3290 2319 3345 in
2363 3290 2511 3361 ipsos
2549 3294 2752 3349 ethnici
2794 3297 3064 3361 fecerant;
3110 3299 3337 3356 habendi
3364 3312 3519 3356 erant

228 3401 368 3457 addit
396 3399 614 3456 visuros
643 3411 736 3452 eos
763 3395 828 3449 iis
856 3393 947 3464 qui
968 3405 1063 3448 eos
1088 3406 1191 3447 non
1217 3397 1411 3445 norant
1438 3385 1818 3443 sibiviolentas

231 3509 417 3551 manus
449 3493 717 3557 intulisse,
750 3489 891 3561 quod
933 3485 1111 3559 populi
1149 3484 1506 3541 liberarentur
1530 3480 1599 3537 ab
1630 3495 1818 3537 eorum

234 3588 615 3653 dominatione,
664 3584 719 3639 id
762 3593 847 3639 est
894 3581 1155 3637 invidiose
1200 3580 1421 3635 dictum.
1480 3576 1643 3646 Quasi
1691 3590 1821 3631 vero

235 3682 508 3755 quicquam
555 3694 615 3736 se
656 3677 867 3735 occidat
913 3676 1000 3731 cui
1037 3676 1161 3730 licet
1203 3673 1385 3728 vivere
1426 3682 1481 3727 et
1527 3670 1681 3726 bonis
1710 3670 1822 3725 suis

237 3776 514 3848 tranquille
553 3772 678 3839 frui,
729 3771 994 3826 duntaxat
1024 3769 1145 3839 quia
1194 3782 1420 3821 munere
1455 3762 1823 3819 ecclesiastico

239 3868 474 3939 deiectus
492 3866 611 3923 est!
640 3862 755 3918 Non
778 3861 947 3931 magis
968 3857 1320 3916 ecclesiastici
1343 3853 1827 3912 Donatistoe'domi-

240 3962 498 4016 nabantur
524 3956 757 4028 populis,
788 3969 950 4023 quam
979 3951 1256 4017 catholici;
1292 3965 1391 4005 nec
1428 3949 1708 4019 quisquam
1735 3963 1827 4001 su-

239 4053 430 4122 spicari
462 4058 676 4123 poterat
706 4047 934 4103 miseros
964 4044 1209 4099 homines
1260 4050 1368 4096 tam
1415 4042 1515 4097 levi
1550 4040 1617 4095 de
1665 4054 1827 4095 causa

240 4143 381 4199 velle
410 4143 566 4207 mori,
597 4154 719 4197 cum
757 4136 1062 4210 praesertim
1092 4144 1302 4193 constet
1329 4148 1424 4191 eos
1454 4142 1582 4189 tunc
1607 4147 1638 4188 a
1660 4132 1830 4203 magi-

238 4239 489 4295 stratibus
518 4236 755 4309 pessime
781 4234 1011 4291 habitos.

307 4332 531 4389 Ibidem.
583 4332 685 4397 Qui
718 4338 889 4384 autem
923 4329 1091 4385 sciunt
1129 4336 1177 4383 et
1217 4335 1338 4383 ante
1368 4326 1510 4397 ipsas
1545 4327 1679 4398 leges
1708 4322 1831 4397 quid

240 4428 411 4497 facere
433 4427 629 4482 soleant
672 4442 773 4481 non
805 4440 983 4482 eorum
1008 4425 1267 4478 mirantur
1304 4429 1518 4487 mortes,
1550 4420 1638 4475 sed
1665 4434 1836 4473 recor-

236 4521 431 4585 dantur
449 4537 613 4576 mores
634 4537 651 4587 ;
676 4520 895 4575 maxime
914 4518 1117 4587 quando
1143 4516 1313 4571 adhuc
1337 4514 1503 4569 cultus
1531 4514 1700 4584 fuerat
1722 4513 1835 4567 ido-

242 4616 430 4679 lorum,
445 4614 513 4667 ad
530 4628 848 4685 paganorum
871 4610 1225 4665 celeberrimas
1245 4607 1595 4664 solemnitates
1608 4605 1837 4677 ingentia

1924 3383 2279 3454 antiquissimi
2308 3385 2629 3445 Christianas
2658 3390 2933 3462 religionis
2962 3393 3169 3463 patroni
3199 3395 3377 3451 callidi
3408 3397 3520 3452 dis-

1928 3480 2300 3554 simulatores,
2341 3484 2433 3556 qui
2469 3486 2698 3555 tempori
2723 3486 2983 3543 duntaxat
3011 3489 3318 3546 serviebant
3342 3532 3357 3557 ,
3396 3506 3521 3547 cum

1928 3572 2247 3631 damnarent
2276 3578 2428 3648 quasi
2456 3577 2617 3651 impia
2648 3590 2703 3636 et
2731 3579 3024 3637 inhumana
3051 3599 3169 3653 quae
3204 3584 3304 3653 ipsi
3343 3584 3520 3641 liben-

1930 3666 2134 3724 tissime
2162 3668 2437 3740 fecissent,
2467 3674 2513 3729 si
2545 3673 2864 3743 potuissent.
2894 3675 3078 3747 Neque
3101 3678 3241 3732 enim
3264 3682 3522 3735 vetustio-

1931 3775 2018 3816 res
2058 3761 2346 3819 Christiani
2387 3764 2713 3822 damnabant
2751 3770 3184 3838 persecutionem
3222 3788 3379 3843 quam
3418 3773 3524 3843 ipsi

1932 3855 2292 3925 patiebantur,
2334 3859 2428 3914 sed
2472 3874 2686 3915 omnem
2726 3863 2947 3917 omnino
2988 3880 3321 3935 quascunque
3353 3878 3519 3922 esset.

1932 3948 2084 4017 Quod
2131 3950 2176 4005 si
2224 3952 2421 4008 ethnici
2468 3954 2808 4024 magistratus
2858 3957 3115 4026 suspicati
3162 3956 3387 4014 fuissent
3426 3975 3524 4015 eos

1934 4041 2057 4097 ideo
2102 4053 2304 4099 tantum
2354 4047 2526 4117 queri,
2582 4047 2723 4117 quod
2770 4048 2870 4119 ipsi
2922 4064 3028 4105 non
3073 4050 3213 4107 male
3260 4051 3528 4109 haberent

1936 4136 2201 4208 ethnicos,
2236 4140 2403 4195 multo
2431 4143 2647 4212 gravius
2669 4151 2726 4197 et
2752 4142 3049 4213 speciosius
3073 4144 3126 4198 in
3150 4144 3394 4203 homines
3423 4162 3529 4203 saec

1937 4230 2179 4299 viissent,
2203 4233 2357 4303 quasi
2379 4233 2432 4288 in
2454 4234 2741 4291 seditiosos
2765 4238 2857 4306 qui
2879 4239 3219 4295 occasionem
3244 4250 3447 4297 tantum
3473 4242 3531 4297 vi

1937 4324 2243 4381 evertendas
2273 4326 2465 4398 priscae
2502 4328 2793 4400 religionis,
2832 4340 2885 4387 et
2911 4332 3049 4388 male
3078 4333 3446 4390 habendorum
3477 4336 3531 4392 ei
3570 4326 3574 4330 “

1940 4419 2271 4476 addictorum
2303 4424 2713 4492 exspectabant;
2763 4441 2862 4482 nec
2892 4426 3082 4484 fuisset
3104 4444 3200 4485 cur
3225 4430 3345 4499 jure
3374 4430 3530 4501 queri

1943 4514 2243 4583 potuissent
2271 4514 2583 4583 Christiani,
2617 4519 2720 4575 nisi
2750 4520 2893 4591 quod
2924 4523 2992 4577 ab
3028 4524 3353 4580 adversariis
3381 4535 3535 4581 ante-

1943 4617 2303 4664 verterentur.
2341 4609 2455 4666 Non
2488 4620 2733 4681 poterant
2761 4614 2942 4670 dicere
2970 4616 3257 4671 Christiani
3300 4633 3361 4672 se
3386 4619 3531 4673 veri-

242 4706 506 4761 turbarum
530 4680 754 4779 agmina
788 4704 1071 4768 veniebant,
1104 4719 1210 4756 non
1240 4711 1297 4757 ut
1337 4700 1479 4755 idola
1517 4700 1835 4771 frangerent,
1864 4680 1921 4742 Ῑ)
1948 4702 2071 4758 tatis
2098 4719 2220 4759 esse
2242 4714 2517 4773 patronos,
2544 4707 2789 4763 ethnicos
2816 4708 3119 4774 mendacii;
3145 4725 3267 4765 nam
3290 4713 3536 4782 quamvis

243 4800 334 4851 sed
369 4810 424 4854 ut
450 4800 853 4869 interﬁcerentur
882 4816 914 4852 a
943 4796 1217 4852 cultoribus
1242 4796 1519 4852 idolorum.
1544 4794 1685 4849 Nam
1709 4794 1840 4848 illud

243 4892 310 4956 si,
356 4905 561 4965 accepta
601 4890 832 4964 legitima
874 4898 1159 4961 potestate,
1196 4891 1366 4959 facere
1399 4888 1603 4955 vellent,
1635 4896 1843 4958 possent

248 4983 438 5040 habere
463 4987 863 5057 qualemcunque
891 4983 1125 5037 umbram
1152 4983 1375 5037 nominis
1406 4991 1724 5053 martyrum;
1754 4979 1844 5034 sed

247 5077 318 5128 ad
348 5075 447 5131 hoc
476 5076 641 5131 solum
673 5074 957 5141 veniebant,
990 5086 1043 5129 ut
1067 5076 1281 5147 integris
1306 5074 1461 5129 idolis
1496 5074 1594 5144 ipsi
1621 5074 1842 5144 perime—

249 5177 448 5223 rentur.
473 5168 609 5226 Nam
625 5170 817 5239 singuli
835 5169 1025 5239 quique
1045 5150 1379 5222 valentissimi
1387 5170 1601 5239 juvenes
1622 5167 1846 5221 cultores

251 5259 530 5330 idolorum,
556 5271 800 5333 quotquot
822 5262 1093 5328 occideret,
1108 5260 1232 5332 ipsis
1256 5260 1409 5314 idolis
1440 5276 1614 5316 vovere
1633 5276 1848 5315 consue-

254 5355 481 5427 veruut.]
528 5355 861 5411 Crediderim
915 5355 1134 5426 quidem
1182 5354 1495 5421 nonnullos,
1545 5355 1849 5410 inconsulta

258 5449 552 5518 cupiditate
584 5450 847 5522 martyrii,
882 5451 1114 5506 ethnicis
1140 5450 1310 5506 sacris
1336 5449 1589 5517 illusisse,
1616 5459 1675 5505 ut
1695 5449 1763 5503 ab
1788 5450 1853 5505 iis

262 5537 693 5599 interficerentur
718 5558 732 5609 ;
775 5542 869 5599 sed
898 5542 1206 5611 frequenter
1234 5542 1288 5599 id
1309 5542 1619 5614 contigisse,
1643 5554 1695 5599 et
1718 5558 1856 5612 prte-

264 5633 504 5689 sentibus
526 5636 735 5706 magnis
753 5634 1178 5693 Christianorum
1202 5637 1527 5708 agminibus,
1546 5652 1667 5692 cum
1689 5637 1859 5706 impe-

268 5734 473 5782 ratores
500 5726 792 5783 Christiani
821 5740 1022 5798 essent,
1056 5730 1144 5784 vix
1190 5730 1442 5799 putarim.
1489 5728 1676 5800 Neque
1717 5729 1860 5785 enim

272 5812 463 5875 licebat
482 5819 709 5876 ethnicis
734 5821 953 5890 impune
976 5820 1309 5879 Christianos
1335 5822 1602 5880 occidere.

344 5910 474 5972 Ibid.
502 5914 724 5983 Quidam
751 5917 903 5971 etiam
923 5935 976 5972 se
998 5918 1329 5978 trucidandos
1350 5920 1564 5976 armatis
1585 5918 1864 5978 uiatoribus

510 6011 785 6076 Puncta
831 6012 1085 6087 XLVII.

1590 6110 1661 6115 η,
1857 6069 2093 6112 ΔΞ..-,

1948 4812 2135 4854 verum
2164 4798 2266 4854 hoc
2295 4810 2460 4867 esset,
2493 4801 2860 4857 controversia
2892 4802 2980 4856 illa
3011 4805 3304 4858 etiamnum
3336 4805 3537 4874 pende-

1948 4892 2059 4958 bat,
2093 4893 2219 4948 dum
2252 4893 2450 4949 ethnici
2494 4906 2680 4950 contra
2725 4896 3064 4961 sentiebant;
3102 4912 3356 4967 armaque
3382 4898 3461 4954 eis
3485 4901 3541 4954 in

1948 4984 2319 5053 Christianos,
2355 4986 2558 5043 interea
2589 4988 2717 5043 dum
2758 4988 3049 5044 ChriStiani
3086 4990 3186 5059 ipsi
3217 4990 3426 5057 tierent,
3459 4993 3540 5049 eis

1957 5077 2465 5148 suppeditabantur,
2512 5095 2635 5135 nam
2666 5080 2795 5136 dum
2822 5097 2880 5137 se
2919 5097 3015 5150 pro
3040 5083 3266 5139 veritate
3288 5091 3432 5140 stare
3463 5085 3542 5141 illi

1957 5101 2465 5148 suppeunauamur,
2512 5101 2635 5135 nam
2666 5101 2795 5136 uum
2822 5101 2880 5137 se
2919 5101 3015 5150 pro
3040 5101 3266 5139 veritate
3288 5101 3432 5140 stare
3463 5101 3542 5141 nu

1956 5171 2243 5243 putabant,
2294 5172 2594 5235 debebant,
2648 5189 2713 5228 ex
2767 5173 3190 5229 Christianorum
3241 5101 3582 5259 sententia},

1958 5279 2155 5320 vexare
2206 5264 2362 5320 aliter
2423 5266 2734 5321 sentientes.
2792 5265 2848 5322 Si
2900 5265 3200 5336 potuissent
3246 5267 3583 5337 praevidere

1960 5359 2156 5414 ethnici
2180 5358 2365 5413 adfore
2379 5359 2665 5429 aliquando
2695 5368 2902 5429 tempus
2930 5376 3037 5430 quo
3067 5370 3241 5417 morte
3266 5361 3555 5416 multaren-

1960 5463 2047 5508 tur
2062 5453 2161 5508 diis
2172 5468 2323 5508 sacra
2347 5451 2604 5507 facientes
2621 5468 2650 5506 a
2666 5452 2987 5510 Christianis
3003 5455 3438 5525 imperatoribus,
3455 5471 3556 5510 nec

1961 5549 2079 5604 sine
2096 5548 2285 5618 plausu
2302 5547 2698 5616 episc0porum,
2717 5546 2840 5602 licet
2864 5549 3098 5618 alioquin
3116 5549 3169 5603 in
3194 5560 3372 5618 partes
3387 5547 3554 5601 abiis-

1964 5652 2113 5707 sent;
2143 5642 2479 5696 Christianos
2508 5640 2878 5710 infamassent,
2914 5642 3065 5711 quasi
3098 5641 3346 5697 factiosos
3368 5650 3421 5696 et
3447 5656 3560 5693 ma-

1967 5736 2048 5790 los
2077 5735 2342 5799 homines,
2383 5736 2473 5804 qui
2513 5750 2617 5788 non
2658 5735 2909 5790 dicebant
2936 5736 3078 5804 quod
3122 5736 3404 5799 sentirent,
3436 5748 3561 5787 cum

1970 5828 2285 5899 religionem
2331 5828 2553 5883 liberam
2596 5842 2718 5884 esse
2760 5839 3013 5899 oportere
3056 5828 3422 5882 clamitabant.
3472 5824 3567 5880 Sic

1973 5937 2151 5983 tamen
2182 5924 2510 5996 Augustinus
2533 5923 2693 5993 epist.
2727 5924 2817 5989 95,
2846 5920 2873 5992 ἓ
2909 5922 2993 5985 lt),
3029 5918 3567 5991 alloquitur-Donati.

3217 6013 3288 6077 11
