3954 6364
500 340 599 399 351

456 431 609 553 ἴβιες
635 475 648 514 :
686 459 811 526 Quis
841 468 1093 524 nostrum,
1119 474 1233 526 quis
1272 468 1494 511 uestrum
1520 473 1623 512 non
1652 456 1831 511 laudat
1860 456 1997 526 leges
2026 456 2090 511 ab
2117 457 2170 527 Α

425 572 442 617 τί
470 546 471 553 “
497 553 887 623 imperatoribus
912 554 1059 605 datas
1082 551 1327 605 adversus
1352 550 1609 618 sacriﬁcia
1640 550 1995 620 paganorum?
2021 546 2089 602 Et

418 626 437 727 ί
497 656 631 699 certe
651 646 796 715 longe
816 644 886 698 ibi
910 658 1059 713 pana
1080 643 1294 697 seuerior
1314 644 1585 697 constituta
1610 650 1683 696 est
1701 659 1719 707 ;
1740 639 1883 696 illius
1903 642 2091 712 quippe

496 736 772 806 impietatis
821 735 1041 803 capitale
1076 734 1387 802 supplicium
1432 742 1524 787 est.
1577 732 1685 787 Nec
1729 733 1916 788 dubito
1963 731 2089 801 quin

495 826 699 883 ethnici
720 825 810 897 qui
842 834 1166 895 supererant
1194 826 1245 888 in
1279 825 1506 894 imperio
1535 824 1798 886 Romano,
1832 836 1885 878 et
1930 823 2090 879 vicini

495 922 655 976 etiam
694 918 1014 988 idololatraa,
1047 927 1106 974 ut
1133 918 1334 982 Persae,
1369 917 1492 973 talia
1522 916 1842 974 Christianis
1884 916 2088 986 obiice-

491 1023 633 1067 rem.
660 1010 811 1065 Absit
840 1026 972 1065 vero
1002 1020 1059 1065 ut
1090 1011 1205 1065 hazc
1230 1009 1551 1079 probemus!

464 1106 474 1146 ε
567 1104 738 1172 Epist.
787 1102 912 1165 186,
962 1102 988 1173 §
1030 1103 1119 1157 57.
1165 1101 1372 1155 Natura
1410 1102 1657 1166 humana,
1691 1102 1886 1154 etiamsi
1917 1102 1971 1153 in
1998 1100 2092 1156 illa

489 1195 781 1264 integritate
804 1194 857 1245 in
884 1210 984 1259 qua
1009 1192 1213 1246 condita
1238 1203 1345 1245 erat
1379 1202 1717 1259 permaneret,
1760 1193 1908 1245 nullo
1938 1193 2089 1245 modo

489 1288 735 1358 seipsam,
778 1285 1019 1340 Creatore
1054 1303 1145 1340 suo
1187 1302 1286 1339 non
1323 1286 1625 1354 adiuvante,
1676 1294 1915 1339 servaret.
1951 1285 2092 1339 Deli-

488 1380 745 1435 niendum
769 1390 884 1434 erat
920 1378 1188 1449 quodnam
1222 1378 1477 1432 auxilium
1512 1377 1605 1432 Dei
1635 1377 1718 1432 hic
1740 1376 2087 1446 intelligatur,

486 1472 653 1540 idque
688 1487 756 1527 ex
796 1472 1073 1541 Scriptura
1115 1486 1219 1523 nou
1259 1470 1510 1539 ambiguo
1553 1472 1670 1523 loco
1714 1467 2083 1539 probandum;

488 1582 616 1621 nam
640 1567 761 1636 quis
784 1575 940 1634 neget
960 1563 1185 1632 alioqui,
1212 1564 1256 1618 si
1280 1564 1603 1633 generaliter
1622 1564 1924 1632 loquamur,
1948 1576 2090 1616 scm-

489 1673 590 1728 per
620 1666 925 1712 creaturam
958 1656 1200 1726 indigere
1239 1655 1438 1709 auxilio
1464 1653 1736 1709 Creatoris
1763 1652 1831 1707 ad
1860 1652 2086 1707 salutem

488 1749 961 1820 consequendam?

464 1839 469 1877 τ
564 1843 729 1912 Epist.
765 1842 889 1911 187,
923 1840 949 1911 §
978 1839 1031 1893 5.
1068 1841 1217 1906 Quod
1248 1856 1365 1893 vero
1401 1841 1493 1893 illa
1528 1840 1701 1893 anima
1737 1839 1791 1892 in
1830 1839 2090 1907 infernum
2120 1837 2172 1905 Β

489 1936 829 2000 descenderit,
872 1936 1157 2006 apostolica
1205 1936 1440 1987 doctrina
1480 1933 1747 2005 praedicat,
1782 1931 1913 2005 etc.]
1954 1930 2087 1986 Vide

485 2027 591 2084 hac
614 2028 681 2083 de
710 2044 767 2083 re
789 2027 926 2082 dicta
951 2028 1015 2081 ad
1039 2026 1196 2097 epist.
1229 2024 1330 2081 164
1353 2069 1367 2093 ,
1398 2040 1463 2079 ex
1494 2025 1688 2096 quibus
1720 2025 1886 2095 liquet
1910 2024 2089 2093 Augu-

488 2124 691 2177 stinum
723 2120 865 2184 falli;
900 2119 1040 2174 unde
1079 2120 1324 2189 sequitur
1354 2118 1440 2173 hic
1466 2133 1680 2191 quoque
1711 2132 1833 2172 eum
1865 2132 1894 2169 a
1927 2131 2089 2171 sensu

488 2214 777 2267 verborum
801 2212 1002 2267 Christi
1023 2214 1327 2266 aberrasse.
1354 2211 1430 2266 De
1456 2213 1633 2265 anima
1654 2227 1750 2266 sua
1782 2211 1898 2266 sine
1925 2210 2088 2267 dubio

485 2305 727 2374 loquitur
749 2303 1014 2369 Christus,
1039 2318 1160 2358 cum
1185 2318 1288 2375 qua
1317 2303 1540 2360 latronis
1562 2306 1738 2357 anima
1766 2305 1815 2357 in
1840 2303 2090 2373 paradiso

483 2397 609 2452 fuit.
644 2397 720 2452 De
749 2412 884 2453 voce
924 2396 1234 2463 Paradisus,
1281 2395 1403 2450 vide
1436 2395 1713 2469 Hugonem
1743 2395 1988 2451 Grotium
2020 2396 2087 2449 ad

485 2490 633 2545 hunc
666 2492 862 2545 locum.

563 2582 718 2649 lbid.,
750 2582 776 2653 §
804 2582 891 2636 55.
916 2581 1066 2646 Quod
1092 2582 1145 2633 in
1172 2596 1231 2634 ea
1260 2577 1501 2652 matum.]
1541 2578 1636 2632 Est
1657 2577 1711 2632 in
1744 2574 1934 2632 Graeco
1960 2576 2089 2630 Mat-

484 2677 617 2731 tliaai
648 2684 907 2732 contextu
936 2690 1058 2746 cap.
1106 2691 1148 2742 ι,
1180 2674 1269 2740 ‘20,
1298 2675 1551 2749 γεννηθέν,
1589 2683 1904 2744 generatum,
1946 2672 2086 2743 quod

485 2771 663 2826 obiter
694 2772 956 2824 monitum
981 2769 1222 2838 Oportuit
1247 2768 1314 2821 ab
1340 2766 1667 2835 Augustino.
1697 2765 1801 2821 Sed
1831 2764 1969 2820 forte
1994 2780 2091 2819 ne-

484 2865 687 2920 minem
724 2862 957 2918 habebat
1003 2862 1069 2917 ad
1116 2877 1332 2917 manum
1379 2862 1468 2932 qui
1509 2861 1698 2917 Grazce
1742 2860 1926 2927 sciret,
1967 2875 2088 2915 cum

490 2958 629 3012 hanc
656 2956 1026 3011 conscriberet
1052 2954 1355 3025 epistolam.
1397 2954 1649 3024 Alioquin
1678 2951 1949 3007 interdum
1981 2966 2090 3005 non

484 3052 630 3107 male
674 3066 741 3106 ex
785 3050 972 3105 Graeca
1015 3048 1196 3119 lingua
1239 3046 1630 3116 quaestionibus
1675 3043 1989 3117 respondet,
2034 3050 2093 3097 ut

486 3144 625 3200 intra
664 3145 824 3213 epist.
870 3136 994 3210 1'97,
1045 3142 1134 3196 ubi
1182 3141 1339 3196 docet
1376 3139 1644 3213 quodnam
1684 3139 1755 3194 sit
1796 3137 2089 3194 discrimen

487 3237 632 3292 inter
658 3250 819 3291 voces
845 3238 1013 3311 καιροί
1033 3244 1088 3289 et
1114 3234 1312 3312 χρόνοι.

456 3345 466 3376 1
558 3329 729 3399 Epist.
758 3328 895 3391 213,
928 3328 955 3398 §
991 3330 1040 3380 1.
1082 3326 1439 3397 Presbyterum
1470 3326 1779 3389 Heracliam
1809 3325 1936 3380 mihi
1967 3339 2088 3378 suc-

487 3437 735 3476 cessorem
763 3419 922 3488 ναίω]
972 3418 1097 3473 Hinc
1128 3426 1255 3472 sunt
1284 3418 1449 3473 verba
1480 3418 1785 3489 Augustini,
1812 3428 2091 3471 successo-

488 3529 608 3570 rem
646 3514 747 3568 sibi
786 3511 1116 3582 designantis
1154 3526 1336 3565 coram
1377 3511 1593 3581 p0pulo.
1634 3510 1826 3564 Mirum
1858 3518 1941 3562 est
1965 3524 2088 3563 eum

485 3606 767 3676 ignorasse
800 3604 1046 3659 illicitum
1080 3604 1181 3657 hoc
1211 3604 1368 3672 plane
1401 3604 1566 3657 fuisse
1594 3616 1661 3657 ex
1696 3600 1934 3670 antiquis
1960 3614 2091 3654 con-

485 3699 857 3755 stitutionibus
887 3697 1307 3761 ecclesiasticis;
1340 3705 1393 3751 et
1416 3697 1505 3765 qui
1531 3694 1727 3749 fatetur
1757 3693 1785 3765 §
1817 3695 1850 3746 1
1872 3707 1930 3748 se
1953 3707 2087 3747 con-

484 3800 567 3845 tra
617 3789 871 3845 Ecclesia:
912 3802 1147 3843 canones
1188 3787 1500 3858 episcopum
1550 3785 1775 3851 factum,
1814 3786 1940 3839 vivo
1990 3798 2089 3838 suo

487 3881 799 3947 decessore,
851 3893 1221 3935 successorem
1266 3880 1429 3933 etiam
1480 3876 1582 3931 sibi
1630 3876 1864 3946 elegisse
1902 3887 2089 3930 contra

486 3976 727 4030 eosdem.
752 3973 935 4027 Canon
966 3972 1293 4040 apostolicus
1324 3970 1390 4025 76
1418 3971 1493 4024 ita
1516 3970 1678 4029 habet
1703 3986 1716 4023 :
1741 3972 1812 4023 οὐ
1840 3976 1945 4047 χρὴ
1976 3972 2090 4023 ἐπί-

485 4088 671 4122 σκοπον
685 4075 758 4138 τῷ
780 4066 993 4137 ἀδελφῷ,
1022 4064 1053 4125 ἦ
1081 4074 1154 4138 τῷ
1176 4067 1290 4136 υἱῷ,
1321 4064 1352 4123 ἦ
1379 4072 1452 4137 τῷ
1484 4064 1638 4138 ἑτέρῳ
1661 4072 1902 4135 συγγενεῖ
1934 4083 2091 4135 χαρι-

2118 3211 2167 3277 C

485 4158 722 4229 ζόμενον,
765 4161 835 4218 εἰς
875 4160 932 4213 τὸ
973 4160 1170 4230 ἀξίωμα
1212 4166 1305 4216 τῆς
1346 4162 1627 4214 ἐπισκοπῆς
1678 4161 1991 4231 χειροτονεῖν
2035 4148 2089 4205 ὃν

485 4259 781 4309 ΒΟΥΛΕΤΔΙ
810 4249 963 4318 :lNon
988 4259 1184 4319 oportet
1209 4249 1505 4319 episcOpum
1529 4246 1702 4316 fratri,
1729 4256 1818 4297 aut
1842 4244 1974 4311 ﬁlio,
2000 4250 2090 4296 aut

488 4345 581 4396 alii
610 4354 821 4413 cognato
844 4342 1240 4413 gratiﬁcantem,
1263 4339 1332 4391 ad
1361 4338 1586 4407 episc0pi
1615 4336 1917 4408 dignitatem
1937 4350 2089 4402 quem

486 4452 628 4493 vum
658 4437 861 4506 eligere.
895 4434 1021 4489 llaec
1053 4435 1121 4487 ita
1150 4438 1408 4499 concepta
1438 4438 1566 4483 sunt
1596 4429 1783 4494 verba,
1812 4437 1872 4481 ut
1901 4425 1947 4480 si
1972 4427 2088 4495 epi-

484 4544 684 4599 scopus
709 4527 953 4584 conferat
980 4527 1349 4595 episcopatum
1383 4522 1555 4589 fratri,
1583 4518 1695 4574 ﬁlio
1723 4529 1815 4574 aut
1833 4528 2085 4588 cognato,

484 4623 601 4678 sive
624 4624 675 4676 in
702 4636 889 4675 eorum
922 4618 1148 4689 gratiam
1172 4616 1286 4681 alii,
1320 4629 1417 4684 pro
1446 4612 1696 4680 arbitrio,
1717 4612 1943 4682 perinde
1964 4627 2089 4681 pec-
2114 4590 2173 4651 Ῑ)

487 4726 592 4770 cet.
623 4713 812 4770 Mirum
844 4721 929 4767 est
952 4712 995 4766 si
1031 4723 1137 4764 non
1172 4707 1333 4763 verba
1364 4707 1479 4776 ipsa
1510 4705 1733 4760 canonis
1765 4713 1888 4759 nota
1920 4703 2093 4759 fuisse

486 4806 656 4873 Afris,
698 4815 754 4860 at
792 4813 940 4860 certe
973 4797 1420 4855 consuetudinem
1449 4796 1803 4853 Orientalium
1842 4796 1896 4850 in
1938 4810 1999 4849 ea
2030 4811 2089 4850 re

484 4915 597 4955 non
620 4897 790 4954 fuisse
817 4894 959 4966 apud
987 4893 1148 4948 Afros
1178 4900 1472 4961 receptam,
1504 4904 1625 4945 cum
1655 4890 1969 4961 gravissima
2002 4904 2090 4944 ra-

485 4994 633 5050 tione
662 4994 881 5056 nitatur,
908 5004 1029 5058 qute
1060 4988 1140 5043 sic
1165 4987 1485 5055 exprimitur
1506 4986 1560 5039 in
1583 4986 1931 5056 sequentibus
1962 4999 2085 5038 ver-

405 5093 409 5103 ’
479 5089 597 5144 his:
617 5082 972 5155 κληρονόμους
988 5085 1088 5158 γὰρ
1108 5090 1201 5141 τῆς·
1224 5082 1507 5140 ἐπισκοπῆς
1530 5082 1789 5135 ποιεῖσθαι
1816 5082 1875 5134 οὖ
1901 5078 2089 5137 δίκαιον

480 5182 550 5236 τὰ
580 5184 675 5236 τοῦ
703 5182 832 5231 Θεοῦ
863 5176 1205 5250 χαριζόμενον
1238 5174 1388 5227 πάθει
1414 5172 1729 5247 ἀνθρωπίνῳο
1768 5174 1828 5225 οὐ
1865 5173 1965 5245 γὰρ
1992 5176 2085 5229 τήν

483 5281 574 5331 τοῦ
598 5278 724 5329 ascia
738 5270 1015 5327 Εκκλησίαν
1034 5269 1138 5325 ὑπὸ
1163 5268 1497 5342 κληρονόμους
1526 5268 1705 5339 ὀφείλει
1728 5268 1938 5333 τιθέναι,
1964 5270 2006 5319 εἰ
2028 5264 2085 5321 δέ

476 5388 558 5427 τις
583 5371 736 5420 τοῦτο
758 5366 987 5427 ποιήσοι,
1015 5359 1205 5437 ἄκυρος
1231 5363 1319 5431 μὲν
1357 5358 1386 5413 ἔ
1391 5382 1497 5414 στω
1520 5362 1550 5418 ἡ
1586 5362 1899 5435 χειροτονία,
1929 5362 2085 5420 αὐτὸς

482 5455 537 5513 δὲ
576 5456 894 5524 ἔπιτιμόισθω
931 5456 1198 5527 ἀφορισμῷ
1230 5469 1244 5507 ;
1280 5451 1625 5522 Episcopatus
1671 5453 1808 5506 enim
1854 5451 2083 5507 hwrcdes

482 5554 655 5621 facere
672 5549 873 5617 justum
894 5564 998 5601 non
1017 5557 1113 5617 est,
1146 5562 1205 5601 ea
1232 5562 1344 5617 qua:
1369 5544 1465 5601 Dei
1488 5556 1607 5600 sunt
1637 5547 1861 5600 humano
1890 5544 2079 5611 a/iectu

480 5645 781 5711 largientem
806 5658 819 5694 :
844 5657 945 5694 non
985 5643 1118 5695 enim
1157 5643 1274 5696 licet
1314 5640 1599 5695 Ecclesium
1641 5640 1737 5695 Dei
1772 5641 1825 5693 in
1854 5640 2079 5694 lurredes

480 5750 573 5789 cori.
582 5736 733 5804 ferre.
756 5734 817 5789 Si
839 5735 950 5804 quis
974 5746 1141 5788 autem
1162 5734 1258 5787 hoc
1281 5734 1480 5803 fecerit,
1505 5736 1658 5787 irrita
1672 5734 1879 5801 quidem
1901 5733 2079 5785 electio

481 5836 723 5895 immat,
785 5830 892 5896 ipse
954 5836 1123 5882 autem
1169 5828 1523 5899 segregatione
1566 5815 1829 5880 multetur.
1882 5825 1972 5880 Sic
2022 5833 2091 5879 et-

2126 5918 2153 5928 κ

1392 5968 1494 5994 ...ΔΤ

1258 5986 1277 5993 υ
1290 5986 1355 5997 ...4,
1370 5990 1389 5997 ν,

1391 341 1944 403 SUPPLEHENTUM
1983 341 2077 397 AD
2116 340 2350 397 OPERA
2387 340 2445 397 S.
2488 336 2885 407 AUGUSTINI.

3647 340 3728 401 3Βὲ

2196 455 2531 515 Antiochena
2560 456 2822 526 synodus,
2855 454 2956 511 sub
2981 452 3295 507 Constantio
3329 452 3516 521 habita,
3554 471 3655 527 αφ,
3676 464 3729 517 23

2192 550 2367 603 sancit
2404 548 2691 618 Ἐπισκόπῳ
2730 552 2799 618 μὴ
2826 547 3006 611 ἐξεῖναι
3030 544 3138 601 ἀντ’
3176 546 3329 598 αὐτοῦ
3357 548 3575 617 acerbiora}:
3598 549 3727 625 ἕτερον

2193 641 2379 694 ἑαυτοῦ
2396 637 2661 709 διάδοχον,
2688 634 2780 710 κᾷν
2802 640 2921 711 περὶ
2940 645 3003 709 τῇ
3025 636 3233 708 τελευτῇ
3253 642 3346 691 τοῦ
3370 638 3480 709 βίου
3501 643 3727 718 τυγχάνῃς

2195 728 2453 802 Episcopo
2480 747 2582 785 non
2614 731 2765 789 licere
2793 729 2957 789 alium
2984 744 3077 795 pro
3106 743 3159 782 se
3188 729 3484 783 constituere
3520 746 3732 788 successo-

2198 840 2305 879 rem
2323 865 2340 890 ,
2370 826 2528 879 etiam
2563 826 2608 879 si
2635 834 2709 881 est
2739 824 2875 877 circa
2898 823 3014 883 vitae
3041 822 3218 891 ﬁnem.
3249 821 3399 888 Quod
3427 823 3734 881 conﬁrmatio-

2194 932 2317 973 nem
2366 932 2488 975 esse
2550 917 2833 975 memorati
2885 917 3109 971 canonis
3164 916 3435 984 apostolici
3499 917 3735 977 observant

2197 1009 2479 1075 Balsamon
2519 1002 2573 1065 et
2613 1010 2873 1065 Zonaras.
2917 1008 3033 1064 Non
3077 1022 3214 1078 opus
3251 1016 3334 1063 est
3360 1018 3418 1063 ut
3443 1009 3737 1066 ostendamus

2194 1119 2353 1172 quam
2378 1103 2563 1173 gravia
2602 1103 2710 1159 sint
2738 1104 2789 1159 in
2818 1103 3092 1165 contraria
3124 1102 3318 1170 agendi
3347 1100 3548 1161 ratione
3575 1102 3738 1157 incom-

2196 1196 2387 1261 moda;
2432 1212 2591 1265 quam
2636 1205 2814 1250 tamen
2848 1197 2921 1251 ita
2953 1204 3170 1251 secutus
3207 1204 3290 1249 est
3332 1196 3664 1263 Augustinus,
3700 1208 3739 1251 ut

2194 1305 2294 1359 pro
2313 1291 2539 1362 imperio
2554 1305 2926 1346 successorem
2948 1291 3049 1345 sibi
3073 1290 3274 1359 deligat
3295 1303 3425 1343 voce
3449 1304 3602 1357 voco;
3621 1294 3738 1360 quasi

2196 1397 2266 1437 ne
2294 1396 2592 1441 consensus
2616 1383 2836 1452 quidem
2859 1383 3300 1452 coepiscoporum
3331 1381 3513 1436 fuisset
3538 1396 3741 1436 προειδε-

2196 1473 2329 1541 rius,
2352 1474 2493 1545 quod
2520 1484 2698 1535 tamen
2722 1474 2911 1535 statuit
2936 1474 3178 1546 synodus
3203 1473 3439 1529 Nicaeus.
3471 1473 3588 1529 Scio
3605 1474 3742 1528 dictu-

2196 1583 2287 1624 ros
2318 1569 2606 1625 nonnullos
2637 1568 2707 1633 ita
2738 1568 2954 1623 solitum
2982 1567 3151 1622 fuisse
3180 1565 3294 1622 ﬁeri
3329 1566 3380 1620 in
3414 1563 3618 1630 Africa;
3647 1581 3741 1621 nam

2197 1660 2315 1737 ipse
2342 1660 2675 1729 Augustinus
2697 1660 2752 1715 in
2780 1660 3155 1729 superioribus
3181 1663 3257 1719 ait
3280 1673 3376 1715 sua
3400 1674 3555 1728 opera
3583 1657 3742 1714 factum

2196 1763 2254 1807 ut
2283 1752 2585 1817 Milevitana
2610 1741 2851 1809 Ecclesia
2879 1752 3194 1822 episcopum
3221 1751 3488 1817 acciperet
3514 1766 3654 1820 queui
3676 1753 3744 1805 de-

2196 1859 2383 1901 cessor
2410 1847 2564 1901 vivus
2595 1844 2735 1914 apud
2765 1845 2973 1907 clerum
2994 1844 3323 1913 designarat.
3354 1844 3575 1909 Addent,
3596 1858 3745 1911 quani-

2193 1935 2274 1991 vis
2305 1936 2429 1997 mali
2461 1936 2702 2008 episcopi
2730 1943 2953 2006 possent
2981 1936 3082 1999 hac
3110 1943 3380 2005 potestate
3414 1934 3581 2000 abuti,
3612 1935 3746 1989 bonos

2194 2037 2340 2084 recte
2362 2043 2422 2083 ea
2449 2044 2596 2084 usos.
2614 2026 2717 2083 Sed
2742 2028 2922 2083 omnia
2947 2028 3036 2083 illa
3052 2038 3177 2083 sunt
3196 2027 3352 2096 plena
3371 2025 3744 2095 suspicionibus,

2194 2137 2295 2176 nec
2323 2122 2554 2191 putarim
2586 2122 2745 2179 Afros
2776 2122 3031 2177 meliores
3062 2120 3229 2177 fuisse
3262 2119 3463 2174 Graecis
3482 2160 3497 2183 ,
3526 2120 3606 2188 qui
3634 2119 3745 2185 peri-

2194 2216 2450 2273 culosum
2473 2214 2730 2283 putabant
2759 2213 2885 2270 talia
2908 2215 3283 2284 episcoporum
3310 2212 3532 2267 arbitrio
3569 2213 3747 2281 permil-

2195 2320 2333 2364 tere.
2350 2309 2486 2363 V’ide
2508 2310 2576 2364 de
2598 2309 2862 2379 ejusmodi
2892 2311 3158 2369 electione
3183 2308 3446 2378 judicium
3470 2305 3747 2363 Theodoreti

2194 2400 2332 2455 Hist.
2365 2400 2683 2457 Ecclesiast.
2719 2401 2813 2455 lib.
2842 2416 2896 2469 v,
2928 2416 3047 2473 cap,
3076 2400 3170 2457 25.

2266 2492 2426 2558 lbid.,
2460 2492 2487 2564 §
2517 2494 2571 2547 4.
2602 2492 2784 2546 Adhuc
2813 2496 2866 2545 in
2906 2508 3117 2562 corpore
3155 2491 3325 2561 posito
3356 2491 3512 2544 beata
3537 2484 3749 2542 memoria:

2193 2592 2338 2652 patre
2366 2592 2411 2636 et
2441 2585 2675 2654 episcopo
2699 2600 2812 2638 meo
2833 2599 2951 2637 sene
2982 2582 3209 2651 Valerio,
3231 2584 3503 2652 episcOpus
3526 2581 3750 2643 ordinatus

2193 2690 2328 2743 sum,
2373 2686 2418 2729 et
2459 2675 2566 2747 sedi
2595 2691 2711 2729 cum
2741 2673 2868 2740 illo;
2897 2675 3035 2745 quod
3066 2676 3284 2729 concilio
3325 2673 3537 2728 Nicumo
3565 2670 3751 2743 prolabi.

2194 2776 2301 2820 tum
2336 2768 2493 2839 fuisse
2536 2768 2835 2833 nesciebam,
2883 2783 2974 2831 nec
3012 2768 3120 2836 ipse
3163 2764 3403 2838 sciebat.]
3436 2765 3527 2820 Est
3548 2762 3752 2818 canon8

2194 2858 2425 2913 Nicaenae
2465 2859 2675 2929 synodi,
2718 2858 2809 2912 ubi
2854 2868 3103 2913 vetantur
3134 2873 3253 2915 esse
3293 2859 3348 2913 iu
3393 2874 3493 2913 una
3529 2855 3646 2911 urbe
3670 2854 3752 2909 duo

2195 2952 2456 3023 episcopi.
2476 2952 2555 3006 Ad
2578 2969 2736 3024 quem
2759 2954 2934 3008 locum
2956 2954 3074 3008 vide
3094 2954 3473 3016 adnotationes
3491 2949 3753 3007 viridoctia-

2195 3044 2319 3109 simi
2346 3043 2619 3099 Guilielmi
2646 3045 2944 3115 Beveregii.
2985 3046 3099 3111 Non
3131 3045 3372 3115 intelligo
3409 3043 3497 3114 qui
3527 3057 3641 3097 usus
3668 3041 3755 3110 ipse

2197 3135 2476 3205 Ecclesiae,
2503 3153 2567 3194 ex
2596 3155 2701 3210 quo
2726 3140 3007 3194 constabat
3040 3155 3205 3195 unum
3240 3140 3294 3194 in
3324 3138 3548 3209 singulis
3572 3135 3756 3191 urbibus

2196 3230 2505 3299 episc0pum
2528 3245 2648 3287 esse
2672 3240 2947 3301 oportere,
2966 3246 3072 3286 non
3098 3233 3373 3288 monuerit
3400 3232 3753 3301 Hipponensetn

2195 3323 2300 3377 hoc
2330 3324 2573 3379 illicitum
2617 3340 2759 3381 esse.
2798 3322 2929 3379 Nai'n
2976 3326 3020 3380 si
3060 3326 3323 3397 collegam
3358 3340 3518 3380 unum
3558 3322 3653 3393 sibi
3678 3321 3756 3379 ad-

2190 3414 2416 3485 iungere
2456 3417 2631 3482 licuit,
2660 3418 2845 3488 quidni
2876 3428 2933 3474 et
2962 3420 3183 3491 plures?
3213 3420 3386 3491 Quam
3419 3433 3648 3489 magnam
3679 3417 3758 3470 hoc

2196 3508 2409 3577 aperuit
2437 3508 2728 3564 fenestram
2759 3510 3086 3565 adversariis
3116 3511 3428 3581 Augustini,
3460 3509 3656 3581 dicendi
3679 3507 3757 3562 ho-

2197 3600 2397 3655 minem
2427 3616 2571 3670 saape
2599 3602 2653 3656 in
2680 3602 2963 3657 utilitatem
2995 3619 3149 3658 suam
3178 3604 3428 3658 errasse?

2273 3692 2441 3761 Epist.
2465 3694 2591 3759 ‘2l7,
2616 3709 2735 3765 quae
2758 3704 2840 3750 est
2861 3703 3048 3750 contra
3071 3695 3298 3750 Vitalem
3323 3695 3670 3767 Pelagianum,
3691 3691 3760 3763 qui

2197 3785 2561 3840 contendebat
2592 3787 2757 3847 Deum
2789 3802 2885 3857 per
2914 3787 3137 3842 verbum
3166 3804 3325 3843 suum
3357 3788 3563 3859 operari
3590 3797 3639 3849 ut
3665 3784 3760 3839 veli

2197 3892 2336 3932 ntus.
2363 3877 2462 3947 §°l.
2496 3877 2590 3932 Dic
2616 3895 2756 3951 ergo,
2789 3880 2962 3955 inquit
2983 3880 3335 3951 Augustinus,
3362 3882 3667 3949 apertissime
3689 3896 3713 3931 η

2196 3986 2291 4036 pro
2333 3970 2393 4021 iis
2436 3970 2616 4038 quibus
2659 3968 2998 4043 Evangelium
3047 3972 3428 4047 prtedicamus,
3479 3988 3577 4035 non
3615 3969 3761 4023 debere

2196 4076 2347 4114 orare
2380 4071 2435 4114 ut
2457 4064 2689 4121 credant.
2728 4066 2817 4117 sed
2852 4065 2924 4131 eis
2960 4066 3313 4119 tantummodo
3335 4067 3628 4138 prredicare,
3656 4057 3761 4131 etc]

2197 4152 2304 4207 Sed
2350 4165 2543 4221 praeter
2583 4154 2779 4208 nudam
2825 4155 3102 4225 Evangelii
3142 4156 3579 4226 praedicationem
3626 4150 3759 4206 multa

2197 4258 2324 4302 sunt
2351 4248 2455 4302 alia
2478 4248 2673 4318 quibus
2691 4249 2833 4305 Deus
2856 4250 2996 4305 solet
3023 4250 3298 4304 hominum
3327 4250 3538 4305 animos
3563 4246 3758 4307 mollire,

2197 4357 2319 4411 qua:
2366 4350 2542 4397 tamen
2587 4358 2858 4413 nunquam
2906 4343 3106 4398 debent
3145 4359 3173 4396 a
3219 4344 3594 4414 praedicatione
3640 4334 3760 4391 verbi

2197 4433 2449 4503 sejuugi;
2504 4434 2702 4503 quippe
2750 4450 2891 4505 quae,
2932 4436 3097 4489 etiam
3128 4450 3249 4490 cum
3300 4435 3407 4489 alia
3450 4432 3672 4495 adhibet,
3698 4434 3763 4481 est

2199 4527 2977 4595 potirsimuminstrumentum
3008 4543 3117 4597 quo
3139 4528 3282 4583 Deus
3306 4530 3444 4582 hanc
3467 4529 3519 4581 in
3551 4540 3653 4581 rem
3681 4529 3762 4574 uti-

2199 4627 2304 4672 tur.
2339 4618 2430 4672 llla
2460 4628 2637 4673 autem
2660 4619 2763 4673 alia
2792 4632 2940 4688 sunt,
2967 4620 3200 4691 exempli
3226 4634 3412 4686 causa,
3435 4620 3556 4674 vitae
3576 4611 3762 4671 Calami-

2202 4718 2339 4764 Iates
2361 4750 2376 4774 ,
2423 4711 2558 4764 bona
2594 4710 2967 4780 religiosorum
3012 4710 3290 4765 hominum
3322 4710 3584 4778 exempla,
3618 4716 3761 4775 poena:

2198 4804 2266 4857 de
2300 4802 2456 4856 malis
2487 4819 2517 4855 a
2548 4802 2894 4856 Providentia
2928 4813 3182 4872 sumptae,
3225 4802 3556 4857 consectaria
3585 4792 3763 4851 virtutis

2200 4908 2255 4953 et
2279 4897 2391 4951 vitii
2419 4900 2580 4953 etiam
2615 4898 2668 4950 in
2696 4898 2797 4952 hac
2824 4898 2929 4951 vita
2952 4940 2967 4965 ,
3001 4896 3205 4951 amotio
3234 4896 3611 4954 tentationum,
3643 4886 3762 4944 exci-
3805 4952 3817 4975 ‘

2199 4994 2335 5048 tatio
2381 4994 2587 5046 interna
2633 4990 2799 5045 animi
2838 4991 2903 5046 ad
2954 4992 3330 5051 attentionem,
3373 4984 3647 5044 exstinctio
3690 4984 3761 5033 aut

2198 5083 2504 5138 imminutio
2541 5080 2827 5136 affectuum
2874 5082 3167 5153 Evangelia
3206 5082 3614 5146 contrariorum,
3657 5072 3761 5128 alia-

2199 5191 2342 5246 que;
2372 5191 2492 5245 qua:
2513 5175 2693 5229 omnia
2724 5177 3008 5245 multiplici
3038 5178 3128 5232 Dei
3161 5177 3425 5249 sapientia
3451 5173 3590 5229 varie
3616 5184 3641 5222 a
3672 5166 3761 5221 Deo

2199 5267 2498 5322 olferuntur
2531 5264 2855 5333 hominibus,
2894 5283 3189 5338 eorumque
3228 5269 3424 5324 animis
3450 5265 3770 5337 injiciuntur.

2200 5361 2330 5426 Quis
2360 5361 2502 5415 enim
2534 5358 2683 5413 novit
2707 5368 2837 5430 quot
2866 5360 3039 5415 modis
3083 5360 3225 5415 Deus
3266 5360 3476 5415 animos
3516 5356 3761 5412 hominum

2199 5454 2575 5525 aggrediatur?
2614 5452 2724 5509 Nec
2760 5454 3271 5536 quisquamniegare
3311 5464 3473 5527 queat
3496 5451 3613 5523 quin
3644 5448 3760 5501 Deus

2200 5550 2523 5604 intrinsecus
2554 5563 2713 5617 agere
2754 5549 2805 5602 in
2838 5547 3049 5603 animos
3076 5549 3354 5605 hominum
3389 5546 3569 5617 possit.
3613 5538 3755 5599 Talia.

2191 5646 2308 5711 qua:
2343 5642 2536 5699 divina:
2574 5642 2851 5710 sapientia:
2890 5643 3273 5712 relinquuntur
3310 5640 3572 5713 eligenda,
3604 5650 3629 5688 ει
3669 5632 3757 5685 υοο

2189 5743 2469 5804 petuntur,
2521 5736 2613 5790 sed
2663 5735 2841 5789 nullus
2893 5734 3257 5790 ineluctabilis
3306 5733 3549 5793 amatus;
3597 5743 3622 5780 θ
3668 5724 3755 5776 υεο

2190 5828 2334 5881 enim
2365 5836 2619 5897 petuntur
2648 5842 2765 5895 quae
2792 5828 2929 5879 solet
2966 5843 3026 5879 ac
3052 5829 3163 5878 vult
3195 5828 3391 5890 facere,
3422 5840 3523 5878 non
3547 5834 3651 5889 quae
3675 5829 3731 5869 ιιο
