3954 6364
153 371 233 435 5'33
828 375 1179 436 VARIORUM
1223 372 1826 436 ES'EBCI'I'ATIONES
1866 371 1928 426 IN
1969 375 2030 428 S.
2075 373 2448 432 ALGUSTINI
2480 372 2738 429 OPERA.
3287 371 3394 432 δδι

153 492 258 556 ruit,
284 505 448 561 neque
476 490 633 546 solet.
668 489 984 561 Quicunque
1014 505 1204 561 preces
1245 490 1399 548 aliter
1429 490 1693 558 intcrpt‘e-
1728 489 1783 568 ᾼ
1808 489 2072 560 Pelagius.
2094 506 2192 550 seu
2223 492 2627 548 conversionem
2660 490 2966 556 summatim
3001 500 3292 559 spectatam
3314 501 3397 546 at-

153 593 315 648 lantur,
343 597 436 638 eas
467 593 658 650 praeter
686 591 922 645 mentem
966 582 1298 652 fundentium
1342 589 1551 658 urgent.
1599 580 1700 634 De-
1811 585 2018 652 lendas,
2049 600 2142 642 seu
2203 587 2442 656 singulos
2491 598 2679 651 actus;
2725 601 2898 655 neque
2947 585 3279 640 contrarium
3327 600 3398 642 ex

109 705 114 718 ·
152 675 402 742 bsutenim
426 689 615 742 preces
655 672 917 743 ejusmodi
944 687 1086 742 esss,
1119 689 1237 746 quae
1264 682 1502 746 statuant
1531 671 1703 727 Evau-
1808 678 2080 748 Scriptura
2114 680 2326 748 probari
2351 680 2609 734 adversus
2650 689 2935 750 negantem
2967 678 3252 748 potuisset.

152 768 249 836 Selii
271 775 525 838 ρτεεεεριᾷ
547 779 669 822 esse
695 765 953 836 lesilima.
981 780 1046 822 ac
1070 763 1295 840 proinde
1320 779 1477 834 POSSB
1497 763 1566 818 ab
1589 778 1704 834 .0ii|~
1882 770 1970 824 IV.
2023 771 2227 828 Scimus
2253 787 2354 824 non
2382 770 2615 824 omnibus
2643 771 2928 838 hominibus
2967 770 3101 834 dari,
3146 779 3191 824 et
3217 769 3399 838 quibus

153 858 280 912 nibus
325 859 517 925 quibus
577 866 949 926 proponuntur
1005 856 1318 928 obserVari;
1366 855 1447 914 sin
1504 855 1701 928 minus.
1813 865 1965 932 datur
1989 880 2091 918 nan
2111 863 2275 924 solum
2295 861 2572 916 secundum
2594 863 2771 916 merita
2796 877 3007 931 cperam
3029 878 3130 915 non
3159 861 3404 924 dari,sed

152 950 240 1008 Dea
264 957 401 1023 sunt,
424 964 581 1018 quem
613 949 870 1018 injuStum
897 948 1117 1020 faciunt,
1142 947 1569 1024 contumeliosus.
1590 945 1706 1000 Non

1852 973 1904 1014 ec
1937 957 2214 1012 secundum
2254 956 2434 1008 merita
2477 954 2747 1008 voluntatis
2778 971 2955 1007 eorum
2993 954 3177 1022 quibus
3218 954 3404 1015 datur,
3439 1015 3447 1033 Ι

151 1043 204 1098 ita
243 1042 314 1106 fas
345 1051 428 1102 est
472 1041 815 1114 interpretari
867 1041 1183 1116 religiouetn
1231 1039 1611 1110 Christianam,
1652 1046 1711 1091 ut

1852 1050 1950 1108 uad
1975 1049 2198 1117 maxime
2227 1058 2441 1119 apparet
2485 1049 2538 1101 in
2563 1047 2824 1116 'parvulis.
2860 1045 2917 1102 Si
2955 1046 3206 1106 omnibus
3239 1044 3408 1098 homi-

149 1133 252 1188 dum
278 1133 504 1204 aliquam
529 1107 646 1212 eius
667 1144 898 1212 partem,
925 1107 991 1186 ιιί
1007 1133 1102 1186 tibi
1128 1107 1359 1208 videtur,
1384 1107 1570 1196 tueris,
1589 1145 1708 1184 eam

148 1235 506 1302 repugnantem
541 1227 754 1302 caeteris
801 1227 985 1298 facias.
1031 1225 1211 1302 Potuit
1253 1224 1439 1299 Vitatis
1488 1237 1713 1277 conver-

147 1329 239 1384 tere
279 1331 654 1396 argumentum
700 1322 752 1378 in
802 1321 1161 1398 Augustinum
1213 1329 1268 1392 et
1314 1321 1541 1394 dicere:
1597 1317 1712 1373 Non

146 1414 284 1480 debes
321 1414 672 1492 Evangelium
719 1415 1014 1484 praedicare
1058 1430 1124 1488 ex
1168 1425 1254 1486 tua
1298 1415 1586 1488 sententia,
1617 1412 1714 1468 sed

148 1506 288 1584 Deum
324 1522 485 1581 orare
527 1523 624 1582 prp
656 1507 998 1582 hominibus;
1041 1523 1165 1570 nam
1213 1507 1350 1564 Deus
1380 1507 1560 1572 omnia
1591 1506 1716 1562 facit

155 1601 290 1670 etiam
319 1602 434 1666 sine
457 1602 647 1667 verbo.

215 1692 349 1766 ibid,
381 1691 409 1762 §
439 1690 526 1746 16.
554 1691 882 1765 Augustinus
903 1693 992 1748 hic
1016 1693 1084 1746 12
1111 1693 1378 1768 capitibus
1407 1691 1722 1762 complecti-

148 1791 223 1838 tur
242 1782 535 1857 doctrinam
566 1798 716 1860 suam
741 1783 808 1838 de
827 1783 1020 1856 gratia,
1046 1799 1274 1854 quorum
1302 1785 1451 1861 brevi
1474 1783 1723 1838 examine

1817 1141 1976 1210 nibus
2001 1157 2107 1200 non
2137 1141 2293 1206 datur
2339 1139 2645 1198 necessaria
2696 1152 2918 1208 prorsus
2966 1136 3032 1190 ad
3077 1136 3410 1191 credendum

1818 1232 2383 1304 perseveramiumque
2426 1233 2476 1286 in
2511 1231 2612 1286 fide
2642 1231 2831 1300 gratia,
2868 1244 2977 1284 non
3019 1238 3244 1298 possunt
3273 1229 3412 1282 vitu—

1822 1326 1996 1394 perari
2018 1326 2303 1398 glernisve
2325 1322 2602 1392 suppliciis
2627 1323 2786 1392 plecti
2816 1322 2907 1392 qui
2941 1336 3046 1374 non
3073 1319 3298 1378 credunt
3319 1326 3410 1371 aut

1822 1434 1928 1474 non
1959 1426 2340 1486 perseverant;
2373 1416 2494 1486 quia
2525 1432 2794 1487 nunquam
2825 1415 2924 1470 fuit
2954 1413 3006 1470 in
3031 1429 3216 1470 eorum
3252 1422 3408 1484 pote-

1824 1519 1961 1566 state
1987 1509 2214 1579 gratiam
2245 1509 2390 1562 illam
2415 1506 2694 1577 consequi,
2719 1522 2904 1576 quam,
2935 1521 3002 1560 ex
3027 1505 3294 1562 sententia
3312 1506 3419 1560 Au-

1824 1603 2044 1673 gustini.
2079 1602 2220 1661 Dens
2249 1616 2346 1671 pro
2374 1601 2597 1655 arbitrio
2626 1600 2868 1672 largitur.

1901 1697 1964 1750 γ.
1996 1695 2200 1754 Scimus
2228 1695 2301 1766 eis
2331 1694 2514 1765 quibus
2563 1693 2736 1758 datur,
2779 1690 3133 1746 misericordia
3160 1688 3256 1742 Dei
3300 1704 3422 1759 gra-

1829 1790 1960 1844 tuita
1991 1788 2125 1842 dari.
2158 1787 2272 1841 Non
2297 1794 2543 1858 negasset
2591 1784 2835 1854 Pelagius
2860 1824 2874 1848 ,
2905 1784 2948 1836 si
2980 1783 3048 1838 de
3088 1782 3262 1852 prima
3289 1795 3424 1836 con-

145 1876 434 1950 claudentus
475 1890 595 1945 qua:
631 1876 686 1930 in
729 1875 871 1951 hunc
919 1888 1120 1952 tomum
1162 1877 1206 1930 ll
1251 1875 1724 1933 animadvertenda
1753 1875 1805 1956 Β
1832 1880 2098 1953 versionis
2127 1881 2294 1952 gratia
2328 1878 2596 1947 loquatur,
2624 1885 2679 1932 ut
2707 1876 2936 1940 videtur,
2969 1874 3318 1944 Augustinus.

149 1962 483 2036 habebamus.

210 2056 244 2127 l.
275 2054 482 2130 Scimus
510 2056 738 2130 nondum
769 2065 917 2110 natos
946 2055 1078 2132 nihil
1122 2057 1283 2132 egisse
1307 2057 1362 2110 in
1387 2059 1490 2130 vita
1516 2055 1726 2127 prapria

158 2148 273 2214 boni,
297 2164 385 2200 seu
423 2147 575 2214 ntali,
614 2165 704 2201 uec
733 2149 1014 2214 secundum
1051 2150 1232 2225 merita
1270 2149 1460 2234 prioris
1501 2149 1727 2221 alicujus

165 2243 272 2303 rita,
291 2257 441 2312 quam
471 2240 671 2312 nullam
696 2242 959 2316 prapriam
997 2243 1186 2320 singuli
1217 2241 1402 2320 habere
1429 2235 1726 2314 potuerunt,

169 2336 210 2386 in
235 2336 371 2407 hujus
396 2338 511 2388 vita:
532 2336 700 2404 venire
729 2335 980 2400 miserias.
1027 2336 1152 2391 Hmc
1185 2336 1543 2412 concessisset
1571 2335 1727 2391 Pelao

172 2427 280 2496 gius,
323 2427 720 2512 addidissetque
765 2427 1007 2498 singulos
1060 2428 1309 2483 homines
1365 2443 1472 2482 non
1524 2436 1728 2482 tantum

175 2520 403 2589 propriam
437 2521 599 2574 vitam
631 2521 864 2588 priorem
899 2521 1099 2575 nullam
1137 2521 1337 2575 habere
1369 2522 1630 2589 potuisse,
1677 2530 1733 2576 ιιι

177 2612 396 2682 putabant
425 2612 516 2682 qui
546 2612 870 2690 προῦπαρξιν
898 2612 1198 2667 animorum
1245 2611 1629 2676 defendebant,
1672 2619 1734 2666 ut

179 2706 426 2775 Origenes;
450 2703 544 2759 sed
575 2707 642 2760 ne
666 2719 1008 2759 communem
1028 2704 1270 2774 quidem,
1294 2711 1355 2758 nt
1381 2706 1730 2773 Augustinus,

184 2799 253 2865 qui
276 2798 492 2851 omnium
525 2796 801 2852 hominum
833 2798 1044 2852 animos
1085 2797 1138 2850 in
1170 2796 1378 2860 Adamn
1405 2796 1571 2870 fuisse
1608 2810 1728 2871 cre-

189 2889 332 2944 debat.
363 2889 518 2944 Addit
553 2905 566 2942 :
609 2891 700 2944 sed
735 2899 905 2942 tamen
943 2888 1221 2942 secundum
1250 2888 1418 2941 Adam
1458 2887 1736 2940 carnaliter

193 2993 306 3034 natos
326 2983 603 3052 contagium
623 2981 801 3036 mortis
821 2981 1044 3049 antiquae
1063 2981 1233 3050 prima
1251 2979 1514 3034 natiuitate
1533 2987 1737 3031 contra-

200 3077 302 3127 here.
338 3075 697 3131 Concessisset
744 3075 860 3130 haec
906 3089 1120 3146 quoque
1167 3073 1434 3144 Pelagius,
1483 3072 1577 3126 sed
1628 3086 1734 3126 non

205 3166 336 3218 omnia
357 3181 468 3236 quze
498 3175 800 3236 sequuntur
826 3166 880 3220 in
910 3151 1060 3221 hisce
1083 3166 1264 3221 verbis
1292 3184 1304 3219 ε
1349 3180 1440 3220 nec
1471 3164 1678 3218 liberari
1704 3181 1737 3217 a

1902 1971 1988 2030 Vl.
2027 1965 2234 2036 Scimus
2276 1972 2346 2026 eis
2391 1971 2574 2044 quibus
2602 1985 2702 2023 non
2731 1968 2884 2021 datur
2916 1971 3064 2039 justo
3100 1966 3302 2038 judicio
3331 1965 3426 2022 Dei

1834 2083 1935 2137 non
1967 2065 2105 2118 dari.
2140 2064 2476 2118 Assensisset
2507 2061 2629 2116 huic
2660 2060 2945 2116 sentcntiae
2974 2059 3240 2129 Pelagius.

1907 2158 2020 2224 VII.
2071 2156 2274 2214 Scimus
2322 2156 2459 2222 quod
2499 2170 2672 2208 omnes
2717 2153 2998 2227 astabimus
3029 2160 3148 2208 ante
3195 2149 3427 2204 tribunal

1835 2249 2045 2314 Christi,
2076 2258 2127 2316 ut
2159 2248 2289 2318 [erat
2312 2246 2664 2316 unusquisque
2688 2243 2966 2298 secundum
2985 2259 3044 2295 ea
3063 2258 3177 2312 qua:
3199 2258 3288 2312 per
3318 2257 3430 2294 cor-

1835 2360 1932 2412 pus
1975 2343 2151 2414 gessit,
2186 2357 2287 2394 non
2310 2338 2590 2392 secundum
2620 2354 2678 2391 ea
2701 2353 2815 2408 qua:
2840 2378 2855 2402 ,
2900 2337 2944 2390 si
2989 2337 3182 2389 diutius
3223 2335 3426 2402 viveret,

1837 2445 2069 2510 gesturus
2091 2436 2211 2502 fuit,
2244 2436 2346 2487 sire
2376 2433 2584 2498 bonum,
2609 2431 2712 2486 sive
2737 2433 2952 2486 malum.
2986 2431 3093 2486 Nec
3120 2430 3245 2484 huic
3267 2429 3434 2502 apbo-

1838 2530 2002 2586 rismo
2030 2541 2310 2582 assensum
2341 2533 2588 2596 negasset
2617 2523 2882 2594 Pelagius,
2916 2522 3017 2577 nisi
3045 2525 3180 2578 forte
3203 2525 3435 2588 senserit

1842 2622 1985 2693 quod
2014 2621 2080 2674 ad
2103 2621 2136 2676 9
2169 2619 2406 2689 regulam
2435 2619 2693 2673 dicemus.

1915 2715 2044 2770 VIII.
2077 2715 2281 2771 Scimus
2312 2714 2465 2767 etiam
2496 2713 2766 2783 parvulos,
2796 2711 3077 2764 secundum
3109 2727 3166 2764 ea
3196 2726 3309 2780 qua:
3346 2725 3432 2776 per

1839 2824 2030 2882 porpus
2076 2815 2380 2876 gesserunt,
2420 2814 2711 2873 recepturos
2741 2801 2817 2856 vel
2851 2804 3064 2868 bonum,
3097 2802 3174 2855 vel
3218 2802 3432 2854 malum.

1840 2900 2000 2967 Atqui
2047 2897 2180 2951 nihil
2212 2911 2308 2966 per
2335 2910 2531 2963 corpus
2574 2905 2875 2964 gesserunt,
2922 2909 3043 2946 nam
3081 2909 3254 2962 gerere
3280 2893 3432 2962 quid-

1841 3007 1999 3062 quam
2030 2989 2151 3044 sine
2182 2989 2404 3044 rationis
2427 3003 2522 3042 usu
2559 3004 2663 3040 non
2692 2995 2934 3056 possunt.
2964 2986 3097 3039 Audi
3127 2995 3301 3040 tamen
3335 2985 3435 3039 Att-

1840 3086 2110 3155 gustinnm
2138 3101 2152 3138 :
2184 3081 2455 3155 Gesserunt
2498 3092 2669 3134 autem
2699 3097 2800 3134 non
2853 3079 2941 3152 per
2963 3081 3185 3150 seipsos,
3219 3081 3306 3152 sed
3349 3089 3444 3142 per

1842 3194 1926 3232 eos
1951 3177 2134 3246 quibus
2179 3193 2275 3245 pro
2301 3175 2404 3229 illis
2441 3175 2889 3244 respondentibus,
2922 3184 2968 3227 et
2999 3175 3296 3228 renuntiare
3315 3175 3432 3227 dia-

212 3259 407 3331 sapplicio
444 3261 621 3316 martis
663 3271 888 3330 wternw,
920 3261 1057 3332 quod
1087 3260 1243 3314 trahit
1270 3275 1334 3314 ea:
1362 3275 1463 3312 uno
1493 3261 1545 3312 in
1576 3273 1734 3311 omne:

1856 3269 1970 3324 bolo
1993 3270 2235 3323 dicuntur
2271 3281 2318 3322 et
2349 3269 2552 3322 credere
2577 3269 2632 3320 in
2666 3265 2849 3322 Deum.
2882 3267 2936 3320 In
2962 3267 3187 3322 formula
3221 3268 3435 3337 quidem

195 3358 398 3410 transiens
418 3359 560 3426 justa
581 3355 863 3421 damnatio,
894 3355 992 3407 nisi
1027 3369 1117 3423 per
1149 3353 1368 3424 gratiam
1395 3359 1741 3406 renascantur

188 3448 229 3500 iu
253 3447 446 3502 Christo.
471 3449 707 3503 Dixisset
733 3447 877 3502 enim
898 3447 958 3500 1ο
987 3444 1179 3500 falsum
1200 3459 1321 3501 esse
1345 3443 1574 3498 transire
1591 3443 1739 3496 dam-

181 3544 416 3597 nationem
460 3543 528 3598 ab
564 3542 773 3597 Adamo
810 3542 863 3596 in
915 3551 1182 3614 posteros,
1221 3540 1317 3595 sed
1360 3539 1600 3609 singulos
1649 3537 1740 3606 qui

177 3635 490 3704 damnantur,
516 3637 785 3707 propriam
811 3635 881 3690 ob
902 3615 1112 3703 culpam
1140 3633 1417 3706 damnari;
1449 3633 1507 3686 2°
1531 3632 1737 3685 renasci

172 3728 216 3783 in
257 3731 484 3802 Christo,
525 3733 629 3787 hoc
656 3739 771 3795 est,
801 3731 1074 3797 converti,
1108 3731 1151 3784 si
1185 3729 1404 3799 pruprie
1434 3727 1734 3795 l0qnamur,

167 3838 252 3878 eos
281 3834 473 3881 tantum
511 3827 601 3898 qui
641 3826 838 3880 mortui
868 3823 1086 3896 fuerunt
1115 3823 1168 3878 in
1199 3821 1471 3894 peccatis,
1505 3819 1598 3874 sed
1632 3832 1740 3874 non

164 3921 421 3987 parvulos,
453 3922 540 3991 qui
574 3920 811 3974 nondum
843 3926 1157 3989 peccaront.

227 4011 293 4066 ll.
317 4013 511 4067 Scimus
533 4015 756 4084 gratiam
785 4005 900 4077 Dei,
927 4026 1020 4064 nec
1044 4009 1296 4078 parvulis,
1322 4024 1414 4062 nec
1438 4006 1742 4078 majoribus,

158 4104 425 4156 secundum
459 4105 638 4158 merita
668 4113 851 4157 nostra
879 4103 1018 4157 dari.
1059 4104 1196 4156 Ante
1230 4101 1407 4155 omnia
1438 4099 1740 4162 definienda

160 4193 346 4250 fuisset
366 4205 611 4252 accurate
635 4211 737 4251 vox
766 4198 952 4266 gratia.
984 4195 1259 4264 intelligit,
1286 4202 1342 4246 ut
1367 4192 1601 4256 videtur,
1633 4190 1742 4245 Au-

159 4286 395 4354 gustinus
425 4288 663 4343 afﬂatum
697 4287 842 4346 illum
871 4289 958 4355 qui
989 4295 1162 4351 certo,
1208 4302 1273 4340 ex
1305 4285 1421 4354 ejus
1452 4287 1739 4346 sententia,

160 4391 488 4447 peccatorem
516 4381 796 4436 convertit.
832 4379 1079 4449 Pelagius
1108 4393 1320 4449 quoque
1353 4377 1612 4439 fateri,ex
1646 4391 1743 4432 sua

161 4475 437 4538 sententia,
475 4474 576 4528 hoc
606 4474 805 4541 potuit;
849 4488 969 4525 natn
999 4471 1276 4540 Evangelii
1305 4470 1739 4540 praedicationem

161 4574 453 4635 cantet-aque
487 4581 608 4635 quae
646 4564 787 4618 Deus
823 4564 1043 4619 adhibet
1085 4563 1150 4615 ad
1191 4564 1463 4616 hominem
1510 4563 1740 4630 prinnun

1843 3365 2093 3436 baptismi
2119 3363 2334 3418 dicebat
2375 3372 2655 3431 susceptor
2686 3363 2856 3427 credo,
2885 3362 3188 3416 abi-enuntio
3210 3406 3223 3430 ,
3248 3363 3342 3416 sed
3372 3378 3436 3417 ea

1843 3460 2098 3523 formula,
2128 3467 2188 3512 nt
2207 3457 2446 3512 diximus
2499 3459 2565 3509 ad
2602 3458 2761 3525 epist.
2787 3455 2876 3520 98,
2903 3456 2955 3508 in
2987 3470 3141 3510 usum
3173 3450 3437 3508 dnntax'at

1845 3552 2149 3606 adultorum
2174 3551 2343 3619 prima
2367 3549 2684 3602 concinnata
2712 3547 2906 3613 fuerat,
2929 3547 3124 3601 deinde
3147 3545 3436 3604 infantibus

1844 3643 2184 3698 incommode
2213 3649 2419 3708 aptata;
2457 3655 2627 3708 neque
2655 3653 2724 3694 ex
2749 3654 2811 3693 ea
2844 3638 3008 3691 ullum
3042 3640 3433 3693 consectarium

1845 3736 2034 3790 deduci
2063 3743 2292 3804 poterat,
2313 3731 2608 3801 praesertim
2633 3730 2775 3800 quod
2807 3730 3013 3802 magnis
3037 3738 3181 3784 esset
3202 3729 3432 3784 difﬁcul-

1848 3830 2043 3884 tatibus
2069 3828 2382 3882 obnoxium.
2408 3825 2577 3890 Unde,
2609 3825 2780 3893 inquit
2812 3825 2862 3878 iu
2885 3823 3231 3894 sequentibus
3253 3824 3436 3893 Augu-

1845 3923 2040 3986 stinus,
2067 3930 2113 3974 et
2141 3921 2194 3973 in
2226 3933 2437 3971 numero
2469 3917 2696 3984 ﬁdelium
2714 3923 3090 3984 computantur,
3121 3916 3438 3984 pertinentes

1845 4016 1914 4068 ad
1941 4014 2240 4066 sententiam
2273 4009 2477 4063 Domini
2506 4009 2719 4062 dicentis
2744 4024 2762 4062 :
2798 4008 2899 4074 Qui
2930 4006 3310 4061 crediderit’et
3340 4006 3432 4058 ha-

1845 4107 2079 4178 ptizatus
2105 4103 2283 4168 fuerit,
2313 4103 2493 4154 salvus
2516 4102 2637 4154 erit.
2659 4103 2728 4154 At
2756 4099 2806 4152 in
2834 4099 2980 4151 hisce
3002 4098 3178 4152 verbis
3202 4097 3438 4166 loquitur

1845 4198 2097 4252 Christus
2126 4194 2192 4249 de
2221 4193 2416 4247 adultis
2465 4200 2691 4258 tantum,
2723 4189 2814 4258 qui
2845 4189 2893 4242 ei
2938 4189 3159 4243 credere
3189 4199 3432 4256 possunt,

1847 4299 1905 4344 ut
1931 4289 1994 4344 iis
2023 4287 2156 4342 solis
2187 4284 2508 4356 praedicatur
2540 4283 2907 4351 Evangelium.
2942 4281 3099 4336 Addit
3128 4291 3303 4336 tamen
3333 4284 3442 4335 Ari-

1847 4381 2052 4437 stoteles
2105 4379 2323 4446 Poenus,
2357 4386 2413 4432 ut
2443 4393 2566 4432 eum
2601 4376 2815 4445 quidam
2849 4375 2964 4444 ejus
3006 4375 3436 4431 adversariorum

1847 4475 2114 4530 vocabat:
2156 4472 2376 4536 Pr0pter
2419 4470 2556 4540 quod
2589 4478 2636 4522 et
2681 4469 2784 4522 illis
2826 4469 2912 4534 qui
2943 4467 3036 4522 hoi‘
3063 4481 3438 4524 sat-ramentum

1851 4585 1953 4621 non
1978 4567 2259 4634 accipiunt,
2285 4562 2531 4632 contingit
2553 4561 2688 4631 quod
2712 4561 2937 4630 sequitur
2961 4576 2976 4611 :
3001 4560 3090 4629 qui
3121 4568 3298 4613 autent
3333 4576 3438 4614 non

162 4657 579 4712 Cnnvel‘lendnm
597 4656 754 4728 nullis
779 4653 1018 4724 ιιΐοΐεοῑο
1043 4653 1249 4708 Inerilis
1275 4653 1344 4708 ab
1371 4638 1588 4706 Ιιοηιῖηθ
1614 4668 1739 4721 ΡΓο·
1770 4629 1828 4692 D
1852 4629 2141 4716 crediderit
2165 4629 2634 4711 condeinnabitur.
2659 4652 2818 4720 Atqui
2855 4653 3085 4720 loquitur
3106 4651 3348 4704 Christus
3374 4653 3441 4706 de

161 4757 376 4802 vocatus
405 4749 646 4818 largitur.
673 4747 778 4801 Sed
803 4747 848 4800 si
873 4746 1138 4816 intelligas
1163 4747 1458 4814 posteriora
1485 4745 1740 4812 beneficia

161 4840 270 4910 llei,
305 4859 424 4914 quae
444 4845 556 4924 jam
581 4843 926 4898 credentibus
955 4843 1255 4908 dantur,ne
1279 4843 1606 4914 Augustinus
1628 4842 1740 4911 qui-

164 4940 278 4991 dem
312 4953 507 5009 negare
533 4939 796 5010 potuisset
816 4953 877 4992 ea
910 4937 1116 4993 meritis
1149 4936 1274 5008 (hoc
1311 4945 1414 5003 est,
1450 4936 1746 4994 benefactis

161 5044 274 5097 qua!
317 5030 459 5098 Deus
496 5031 719 5101 praemio
757 5029 975 5085 afficere
1013 5045 1109 5097 pro
1145 5045 1242 5084 sua
1287 5029 1655 5084 misericordia
1685 5043 1748 5083 ac

93 5135 107 5197 γ
164 5120 511 5178 beneﬁcentia
537 5122 798 5192 decrevit)
829 5121 997 5176 Deum
1021 5120 1348 5185 concedere;
1384 5136 1508 5174 nam
1540 5129 1750 5184 constat

96 5209 103 5282 ξ
166 5210 378 5270 habenti
405 5216 544 5282 dari,
590 5225 643 5268 ut
671 5215 871 5268 diserte
901 5213 1060 5268 docet
1089 5211 1353 5276 Christus,
1399 5229 1505 5278 non
1532 5213 1750 5268 habenti

95 5271 104 5326 θ
167 5321 266 5361 non
317 5308 458 5364 dari.
503 5308 800 5364 Infantibns
851 5308 1142 5362 secundum
1195 5307 1383 5361 merita
1439 5307 1552 5361 dari
1600 5307 1751 5377 quid-

169 5413 346 5466 quam,
370 5417 434 5458 ex
467 5399 732 5456 sententia
765 5398 1125 5469 Pelagii,'dici
1158 5414 1262 5454 non
1296 5399 1488 5468 potuit,
1520 5414 1639 5453 cum
1672 5400 1753 5451 in-

97 5519 103 5529 -
173 5489 340 5548 iantes
369 5495 473 5549 sint
503 5493 718 5549 virtutis
752 5507 969 5563 prorsus
1001 5474 1321 5561 incapaces':
1365 5501 1423 5546 ut
1463 5507 1560 5547 nec
1591 5496 1751 5548 etiam

179 5595 384 5654 propter
411 5587 560 5652 vitia,
587 5601 707 5656 qua:
729 5601 836 5641 non
863 5587 1060 5642 cadunt
1087 5586 1189 5640 nisi
1213 5586 1264 5640 in
1292 5587 1500 5641 ratione
1517 5597 1752 5650 utentes,

180 5677 327 5734 plecti
353 5690 589 5747 possunt.

248 5769 328 5824 Ill.
361 5770 561 5826 Scimus
586 5771 866 5842 majoribus
888 5773 955 5824 ad
975 5771 1205 5841 singulos
1233 5780 1376 5823 actus
1407 5770 1543 5822 dari.
1566 5770 1760 5827 Afﬂari

189 5859 380 5918 adultos
407 5863 477 5921 ita
522 5873 580 5918 ut
608 5863 804 5918 afllatui
857 5866 1105 5919 resistere
1160 5873 1458 5935 nequeant,
1517 5875 1764 5934 negasset

1850 4756 1913 4808 iis
1937 4754 2024 4824 qui
2049 4751 2342 4821 praedicato
2365 4748 2465 4802 sibi
2491 4746 2785 4816 Evangelio
2815 4761 2918 4800 non
2944 4745 3302 4810 crediderant,
3333 4761 3440 4799 non

1849 4847 1915 4903 de
1938 4844 2251 4910 infantibus,
2276 4843 2469 4914 quibus
2494 4855 2600 4895 non
2633 4839 2972 4910 praedicatur.
2999 4838 3096 4903 Qui
3127 4837 3260 4892 tales
3283 4839 3442 4893 inter-

1853 4940 2180 5014 pretationes
2211 4936 2508 5005 Scripturze
2537 4919 2875 5002 concoquere
2919 4932 3107 5000 potuit,
3140 4930 3267 5000 quid
3299 4932 3351 4985 in
3383 4950 3443 4988 ea

1860 5019 1964 5091 non
1997 5031 2168 5102 potuit
2197 5027 2488 5083 invenire?

1931 5123 2022 5178 IX.
2057 5121 2264 5178 Scimus
2293 5122 2467 5192 felices
2498 5139 2606 5176 esse
2627 5132 2852 5193 mortuos
2882 5125 2969 5190 qui
2999 5123 3052 5176 in
3084 5120 3304 5175 Domino
3336 5135 3474 5185 mo-j

1859 5220 2082 5284 riuntur,
2107 5233 2198 5271 nec
2228 5217 2294 5268 ad
2318 5233 2402 5288 eos
2439 5217 2692 5288 pertinere
2719 5216 2969 5283 quidquid
3014 5218 3179 5270 acturi
3221 5217 3449 5286 fuerant,

1856 5315 1900 5366 si
1930 5324 2152 5384 tempore
2178 5311 2500 5364 diuturniora
2533 5310 2795 5363 vixissent.
2824 5309 3198 5364 Commentum
3225 5309 3322 5362 fuit
3351 5309 3480 5365 Pe-i

1861 5406 2187 5476 lagianorum
2207 5443 2222 5468 ,
2252 5403 2364 5474 qui,
2402 5411 2460 5455 ut
2491 5401 2600 5465 alii,
2648 5401 2904 5468 putabant
2936 5417 3126 5470 pueros
3158 5417 3262 5456 non
3295 5395 3484 5470 posse’

1863 5497 2086 5568 gloriam
2114 5497 2390 5550 caelestem
2422 5495 2674 5563 consequi
2704 5494 2820 5547 sine
2859 5495 3144 5564 baptismo,
3171 5504 3228 5549 ιιι
3259 5494 3450 5549 redde-

1872 5603 1990 5644 rent
2023 5588 2284 5642 rationem
2316 5602 2411 5642 cur
2455 5586 2546 5640 alii
2576 5586 2792 5656 quidem
2841 5587 3072 5643 infantes
3117 5598 3455 5643 morerentur

1870 5682 1987 5737 sine
2014 5680 2300 5749 baptismo,
2331 5679 2421 5733 alii
2461 5694 2592 5732 vero
2637 5678 3035 5748 baptizarentur
3060 5689 3344 5746 antequam
3378 5680 3456 5732 in-

1873 5755 2116 5828 terirent.
2150 5773 2365 5827 Priores
2392 5788 2585 5840 nempe
2613 5773 2932 5841 prazviderat
2953 5773 3093 5826 Dens
3119 5772 3231 5826 fore
3262 5773 3451 5836 malus,

1873 5867 1914 5920 si
1945 5867 2219 5932 viverent;
2257 5863 2580 5933 posteriores
2608 5871 2790 5918 contra
2815 5862 2929 5916 fore
2958 5863 3144 5922 bonos,
3170 5863 3216 5916 si
3246 5862 3455 5918 diutur-

2173 6010 2324 6032 una:
