3954 6364
556 346 663 404 53$

1447 327 2001 395 SUPPLEMENTUM
2040 328 2132 391 AD
2169 328 2399 391 OPERA
2440 333 2501 390 S.
2540 332 2934 392 AUGUSTINI.

3678 348 3751 407 335

484 482 493 509 ί
557 463 764 518 niorem
803 461 965 517 vitam
1017 460 1298 516 haberent.
1348 461 1503 527 Quod
1558 460 1847 518 absurdum
1884 466 1969 516 est
1993 473 2140 515 com-
2169 461 2226 524 Α
2250 457 2509 524 misisset,
2533 457 2814 528 multaque
2845 454 3140 526 Evangelio
3157 451 3444 510 addidisset
3466 459 3675 519 credendi
3695 466 3751 524 iu.

489 558 498 573 '
557 565 821 611 mentum.

628 649 693 702 Χ.
728 649 934 705 Scimus
963 666 1047 705 eos
1081 652 1168 721 qui
1196 651 1347 705 corde
1397 650 1606 722 proprio
1639 648 1851 703 credunt
1882 648 1934 702 in
1965 645 2145 701 Domi-

557 758 698 808 num,
721 758 818 796 sua
840 742 893 796 id
920 744 1089 814 facere
1128 744 1388 799 voluntate
1416 761 1475 797 ac
1497 743 1656 797 libero
1682 743 1911 796 arbitrio.
1936 739 2148 796 Conce-

553 834 716 889 dcbat
744 834 1008 906 Pelagius,
1037 836 1132 892 Sed
1166 839 1267 893 hoc
1297 840 1479 907 negari
1503 837 1570 892 ab
1599 836 1896 907 Augusﬁno
1921 842 2148 890 conten-

554 927 749 992 debat;
806 928 928 997 quia
961 929 1240 997 Augustini
1292 928 1649 985 ineluctabilis
1696 927 1909 981 aftlatus
1948 926 2141 981 evertit

558 1020 874 1084 libertatem;
899 1036 1017 1092 quae
1040 1022 1181 1076 nulla
1202 1030 1304 1084 est,
1328 1022 1429 1076 nisi
1460 1021 1509 1075 id
1535 1018 1710 1090 possis
1732 1013 1983 1072 omittere.
2005 1016 2147 1087 quod

556 1110 720 1178 facis;
755 1112 858 1169 hoc
899 1126 1013 1180 est,
1044 1114 1310 1169 vocationi
1361 1113 1558 1169 divinte
1593 1113 1665 1168 ita
1712 1109 2060 1182 obsequaris,
2091 1119 2147 1165 ut

558 1218 676 1260 eam
698 1207 874 1276 possis
904 1207 1194 1279 negligere.

630 1297 720 1354 XI.
748 1298 954 1354 Scimus
976 1316 1069 1368 pro
1096 1304 1187 1365 eis,
1220 1301 1308 1370 qui
1340 1298 1520 1353 nolunt
1563 1297 1769 1353 credere
1797 1314 1889 1351 nos
1923 1296 2010 1367 qui
2031 1298 2147 1367 jam

558 1390 810 1446 credimus
855 1400 995 1445 recta
1036 1392 1139 1461 ﬁde
1177 1408 1328 1462 agere
1372 1409 1489 1445 cum
1528 1389 1811 1444 Dominum
1858 1406 2063 1444 oramus
2096 1399 2150 1442 ut

559 1484 733 1539 uelint.
765 1484 875 1540 Nec
898 1486 998 1539 hoc
1027 1501 1132 1539 non
1164 1486 1349 1540 orabat
1380 1484 1644 1556 Pelagius,
1678 1484 1772 1539 sed
1802 1499 1909 1538 non
1937 1484 2151 1550 petebat

553 1593 584 1632 a
615 1578 727 1634 Deo
764 1588 823 1633 ut
848 1579 1262 1635 ineluctabiliter
1292 1580 1598 1634 voluntates
1647 1576 1927 1633 hominum
1963 1578 2147 1633 ﬁecte-

553 1678 663 1735 ret,
698 1670 792 1725 sed
825 1680 1029 1725 tantum
1082 1680 1139 1725 ut
1170 1670 1403 1736 faceret,
1438 1686 1561 1741 qua:
1594 1670 1833 1725 diximus
1859 1668 1924 1723 ad
1952 1669 1979 1740 δ
2012 1668 2048 1722 2
2071 1708 2086 1733 ,
2118 1684 2146 1721 a

548 1761 664 1816 Deo
695 1762 811 1818 ﬁeri
850 1774 911 1817 ut
937 1779 1034 1819 cor
1070 1765 1347 1819 hominum
1380 1765 1688 1830 molliatur;
1722 1763 2145 1833 ostendebatque

2252 551 2563 617 citamenta,
2594 550 2876 621 quisquam
2909 549 2955 604 ei
2989 546 3325 604 credidisset.
3354 547 3476 616 Quis
3513 550 3751 615 divitiarum

2252 662 2439 704 amans
2467 662 2573 702 non
2604 644 2807 717 gratias
2833 654 3017 716 ageret
3044 642 3247 698 homini
3267 642 3355 711 qui
3372 659 3484 697 eum
3509 644 3678 705 divitiis
3690 667 3755 709 cu-

2253 746 2531 812 mulasset,
2548 743 2795 816 quamvis
2811 751 2871 798 ut
2889 756 2982 797 eas
3005 740 3276 812 acciperet
3296 739 3504 797 minime
3522 746 3757 815 coegisset?

2253 838 2383 906 Quis
2432 855 2538 895 non
2569 846 2725 909 grato
2751 837 2934 891 animo
2965 835 3035 891 sit
3080 849 3204 905 erga
3252 848 3370 889 eum
3399 833 3483 904 qui
3509 846 3630 890 recta
3658 840 3697 893 in
3718 857 3759 897 re
3860 898 3861 901 η

2256 932 2433 1005 magni
2459 932 2715 989 momenti
2737 929 2961 987 consilia
2981 927 3229 1000 prmbuit,
3262 928 3495 997 quamvis
3518 928 3643 983 irrita
3666 930 3761 987 fuis-

2253 1036 2393 1094 sent,
2422 1025 2525 1082 nisi
2557 1026 2691 1081 ﬁdes
2720 1025 2801 1081 eis
2846 1022 3025 1078 habita
3068 1018 3257 1077 esset?
3285 1018 3412 1087 Quis
3438 1018 3578 1075 ﬁdem
3617 1034 3760 1090 suam,

2251 1130 2346 1176 aut
2372 1120 2608 1178 alienam
2628 1120 2809 1176 animo
2832 1126 3104 1189 reputans,
3128 1130 3437 1186 summaque
3461 1115 3545 1171 Dei
3564 1131 3661 1186 qua:
3679 1133 3764 1174 eam

2252 1223 2660 1285 consequuntur
2689 1213 2971 1281 beneﬁcia,
3008 1213 3117 1267 Deo
3145 1210 3345 1281 gratias
3376 1209 3443 1265 ob
3471 1225 3527 1265 ea
3553 1218 3601 1265 et
3626 1210 3763 1274 ﬁdem.

2252 1308 2408 1377 cujus
2451 1308 2762 1378 potissimus
2790 1314 2979 1361 auctor
3006 1314 3089 1361 est
3116 1302 3281 1367 Dens,
3325 1317 3429 1357 non
3462 1301 3768 1359 habeat?Sed

2253 1398 2369 1454 haec
2394 1400 2528 1470 grati
2556 1399 2716 1454 animi
2748 1398 3051 1453 testiﬁcatio
3078 1412 3183 1452 non
3228 1395 3389 1451 debet
3413 1410 3526 1450 esse
3545 1394 3768 1465 ejusmodi,

2256 1500 2312 1547 ut
2338 1492 2462 1548 dum
2491 1493 2605 1549 Deo
2633 1508 2732 1564 pro
2764 1491 2867 1546 ﬁde
2893 1490 3228 1547 credentium
3259 1496 3436 1559 grates
3464 1487 3767 1557 rependimus;
3860 1500 3861 1503 ‘

2255 1586 2326 1640 ita
2362 1585 2432 1641 de
2458 1600 2524 1640 eo
2553 1586 2873 1652 sentiamus,
2917 1585 3067 1653 quasi
3102 1599 3211 1639 non
3243 1582 3419 1636 minus
3456 1597 3601 1636 causa
3639 1580 3694 1635 sit
3716 1581 3771 1635 in-

2255 1679 2593 1736 credulitatis
2611 1680 3007 1736 contumacium
3032 1694 3188 1749 quam
3221 1676 3345 1732 ﬁdei
3368 1675 3694 1741 credentium;
3712 1684 3770 1731 aut
3860 1708 3861 1711 η

2254 1789 2317 1830 ea
2346 1772 2608 1836 dicamus,
2641 1789 2703 1829 ex
2732 1773 2927 1844 quibus
2954 1770 3264 1827 necessario
3293 1768 3530 1840 sequitur
3554 1782 3634 1823 ρος
3673 1766 3775 1836 justc

549 1852 620 1906 iis
650 1854 897 1922 precibus
937 1871 1175 1912 amorem
1215 1872 1323 1926 quo
1355 1857 1662 1926 proximum
1692 1855 2142 1927 prosequebatur,

2252 1882 2283 1923 a
2316 1866 2428 1923 Deo
2457 1865 2615 1935 plecti
2640 1880 2745 1920 non
2779 1880 2968 1935 posse;
3000 1863 3145 1934 quod
3172 1862 3374 1917 faciunt
3398 1860 3485 1930 qui
3510 1858 3665 1915 dicunt
3689 1872 3775 1925 pecs

550 1944 676 2000 dum
700 1947 917 2018 optabat
934 1964 1056 2004 eum
1080 1948 1275 2004 divinae
1292 1950 1415 2005 voci
1438 1950 1767 2020 morigerum
1789 1964 1847 2005 se
1876 1948 2139 2018 praebere.
2180 1964 2183 1965 '

620 2036 733 2094 XII.
758 2040 963 2096 Scimus
992 2059 1083 2111 pro
1100 2043 1192 2110 eis,
1210 2044 1297 2113 qui
1318 2060 1379 2097 ea:
1400 2043 1504 2098 illis
1525 2043 1874 2109 crediderunt,
1900 2052 2143 2113 tanquam

550 2133 611 2188 de
639 2135 921 2204 beneﬁciis,
954 2145 1089 2191 recte
1131 2147 1283 2205 atque
1332 2137 1576 2191 veraciter
1606 2144 1653 2188 et
1679 2135 1858 2189 debere
1900 2150 1993 2189 nos
2030 2133 2141 2189 Deo

549 2244 699 2298 agere
723 2231 918 2299 gratias
948 2239 993 2283 cl
1021 2232 1203 2286 solere.
1232 2229 1323 2286 Sic
1362 2230 1521 2285 etiam
1561 2229 1829 2284 faciebant
1869 2226 2140 2298 Pelagiani

549 2338 761 2390 omnes,
795 2331 887 2379 aut
915 2324 1092 2380 facere
1131 2334 1279 2380 certe
1315 2324 1619 2389 debebant;
1653 2338 1778 2378 nam
1805 2322 1937 2377 nihil
1976 2322 2143 2377 habe-

546 2416 679 2474 bant
699 2419 1002 2488 credentes,
1032 2436 1099 2475 ex
1128 2436 1314 2476 eorum
1339 2420 1629 2489 sententia,
1658 2418 1801 2490 quod
1832 2434 1860 2472 a
1891 2418 2002 2474 Deo
2030 2434 2139 2474 non

550 2513 914 2582 accepissent;
935 2528 1036 2569 nec
1060 2513 1107 2569 si
1132 2514 1272 2571 Deus
1304 2513 1658 2585 Evangelium
1679 2511 1747 2567 ad
1771 2512 2017 2569 homines
2032 2527 2141 2567 non

2251 1969 2372 2015 cato
2415 1958 2611 2015 Adami
2659 1959 2828 2013 factos
2859 1966 3202 2027 peccatores,
3235 1965 3517 2024 antequam
3561 1960 3712 2007 essent
3740 1950 3775 2005 in

2252 2068 2431 2109 rerum
2462 2061 2675 2116 natura,
2701 2051 2944 2121 talesque
2975 2048 3147 2115 nasci,
3179 2055 3273 2102 aut
3303 2043 3641 2101 necessarium
3665 2041 3776 2110 quid-

2254 2148 2394 2217 piam
2426 2145 2492 2200 ad
2544 2145 2704 2200 ﬁdem
2738 2142 3030 2199 incredulis
3058 2142 3315 2198 defuisse.
3352 2138 3454 2196 Sed
3484 2138 3591 2192 lucc
3630 2136 3772 2201 obiter,

2253 2254 2377 2293 nam
2420 2238 2488 2294 de
2530 2237 2677 2294 hisce
2704 2234 3087 2293 controversiis
3112 2234 3334 2304 copiose
3374 2231 3678 2301 scripserunt
3706 2224 3776 2280 viri

2251 2333 2569 2403 doctissimi,
2603 2332 2905 2405 przesertim
2940 2333 2993 2389 in
3028 2331 3210 2401 Belgio
3241 2328 3546 2397 Fmderato,
3585 2325 3663 2382 ubi
3695 2339 3777 2380 ms-

2251 2441 2356 2496 gno
2383 2426 2687 2482 animorum
2725 2434 2859 2483 aestu
2891 2424 3023 2482 olim
3046 2425 3263 2496 agitate
3293 2431 3440 2480 sunt.

1580 2785 1689 2861 IN
1768 2781 2181 2859 TOMUM
2257 2782 2811 2860 TERTIUM.

665 3063 1066 3135 DESlDEBlUS
1117 3072 1443 3133 ERASMUS
1483 3072 1578 3132 AD
1616 3072 2015 3135 LECTOREM.

621 3214 676 3268 ln
709 3212 852 3269 hunc
878 3213 1097 3270 tertium
1129 3220 1183 3267 et
1209 3222 1457 3282 quartum
1501 3223 1816 3284 sequentem
1857 3225 2034 3271 tomos
2065 3216 2147 3273 di-

549 3308 814 3378 gessimus
840 3311 906 3365 τὰ
935 3305 1218 3373 διδακτικά,
1250 3306 1354 3363 hoc
1372 3317 1476 3375 est,
1509 3324 1628 3380 qua:
1658 3324 1758 3365 nec
1786 3318 1913 3365 sunt
1940 3311 2144 3381 episto-

563 3402 659 3469 lae,
706 3416 805 3456 nec
832 3402 899 3455 ad
949 3401 1202 3471 populum
1230 3400 1396 3468 dicta,
1428 3417 1530 3457 nec
1553 3403 1813 3459 adversus
1865 3403 2147 3461 hareticos

552 3495 866 3565 pugnantia,
898 3493 993 3550 sed
1024 3494 1212 3551 lectori
1238 3495 1537 3551 erudiendo
1573 3498 1791 3568 scripta.
1824 3497 1997 3555 Notha
2022 3515 2148 3558 cen-

553 3585 695 3642 suris
725 3586 921 3643 additis
951 3586 1334 3656 indicavimus,
1364 3602 1433 3645 ne
1461 3590 1583 3659 quis
1609 3601 1754 3646 erret
1777 3592 2035 3648 insciens.

1013 3701 1370 3758 ANIMADVE
1381 3702 1584 3760 RSION
1594 3701 1678 3760 ES

818 3812 869 3853 IN
906 3811 1088 3853 LIBROS
1128 3814 1194 3853 DE
1233 3811 1493 3852 DOCTRINA
1532 3813 1873 3853 CHRISTIANA.

624 3911 889 3969 PROLOGO.
919 3912 946 3984 §
976 3912 1028 3966 1.
1063 3909 1191 3967 Haec
1216 3911 1418 3965 tradere
1442 3911 1642 3966 institui
1668 3911 1952 3965 volentibus
1972 3921 2018 3965 et
2051 3927 2140 3965 va-

555 4007 775 4061 lentibus
806 4006 1020 4071 discere,
1049 4006 1091 4059 si
1120 4002 1258 4059 Deus
1289 4021 1349 4059 ac
1374 4002 1627 4059 Dominus
1654 4012 1825 4059 noster
1850 4021 1911 4059 ea
1938 4021 2051 4074 qua:
2082 4008 2145 4060 de

553 4098 650 4152 hac
670 4114 725 4151 re
747 4097 994 4169 cogitanti
1015 4095 1141 4151 solet
1166 4113 1436 4166 suggerere
1450 4097 1608 4151 etiam
1628 4097 1869 4151 scribenti
1898 4096 2023 4151 mihi
2045 4114 2147 4152 non

554 4190 808 4264 deneget.]
859 4191 1117 4258 Quamvis
1179 4193 1349 4246 bonas
1405 4207 1595 4248 omnes
1656 4193 2011 4263 cogitationes
2078 4193 2144 4249 ad

552 4284 746 4350 Deum,
776 4284 928 4355 quasi
960 4283 1027 4339 ad
1057 4282 1323 4339 bonorum
1366 4284 1606 4339 omnium
1629 4284 1857 4355 primam
1884 4300 2100 4341 causam
2127 4326 2143 4353 ,

552 4377 762 4434 referre
788 4378 1101 4446 debeamus,
1134 4392 1243 4431 non
1270 4378 1341 4432 ita
1374 4386 1553 4433 tamen
1608 4378 1961 4449 loquendum,
1991 4379 2145 4449 quasi

554 4468 701 4527 Deus
724 4484 822 4525 nos
845 4468 1077 4537 afﬂaret,
1113 4479 1168 4524 et
1195 4468 1454 4539 quidquid
1496 4470 1696 4527 bonum
1725 4486 1847 4527 esse
1874 4472 2145 4527 credimus

2251 3075 2414 3137 hodie
2432 3092 2594 3134 nemo
2606 3085 2689 3134 est
2708 3075 2850 3133 inter
2870 3075 3110 3134 eruditos
3136 3091 3230 3149 qut
3244 3076 3379 3133 verit
3405 3075 3505 3132 sub
3519 3072 3707 3129 nomine
3717 3077 3783 3125 stto

2174 3152 2221 3217 Ο
2256 3171 2367 3238 edi,
2397 3187 2517 3242 quae
2548 3170 2922 3241 suggestiones
2943 3169 3139 3225 divina‘.
3160 3169 3229 3225 ab
3253 3178 3479 3225 auctore
3504 3166 3786 3237 putabantur.

2327 3264 2494 3320 Lmao
2520 3279 2559 3318 ι.
2593 3263 2721 3333 Cap.
2757 3263 2845 3328 50,
2877 3262 2906 3334 §
2930 3262 3018 3318 51.
3044 3262 3152 3318 Sed
3174 3272 3350 3317 utrum
3375 3262 3444 3316 ad
3471 3260 3571 3315 duo
3596 3258 3677 3314 illa
3692 3271 3790 3329 prc-

2255 3367 2400 3428 cepta
2422 3357 2513 3428 (de
2538 3356 2769 3413 amando
2799 3357 2909 3412 Deo
2937 3365 2994 3412 et
3021 3358 3293 3429 proximo)
3326 3356 3481 3413 etiam
3500 3356 3687 3411 dilectio
3709 3367 3792 3421 per-

2254 3452 2410 3505 tineat
2431 3450 2731 3522 angelorum
2754 3466 2854 3506 non
2879 3451 3309 3507 irrationabiliter
3328 3451 3491 3523 quarri
3521 3444 3707 3520 potest]
3720 3443 3794 3511 Qui

2252 3558 2358 3599 non
2392 3544 2687 3599 oscitanter
2712 3543 2962 3615 legerunt
2990 3543 3347 3616 Scripturam,
3380 3542 3593 3599 nomine
3619 3536 3794 3610 proximi

2255 3646 2461 3692 tantum
2508 3647 2603 3692 aut
2630 3636 2872 3707 ejusdem
2903 3638 3112 3708 gentis,
3162 3638 3247 3695 vel
3282 3637 3501 3694 familia:
3538 3634 3793 3695 hominem,

2254 3737 2350 3784 aut
2374 3728 2618 3807 ejusdem
2665 3737 2873 3785 natura:
2911 3729 3166 3785 humanae
3214 3731 3532 3801 participem
3561 3720 3796 3798 signiﬁcari

2252 3829 2472 3876 norunt.
2500 3819 2610 3876 Nec
2636 3819 2777 3877 Deus
2804 3836 2904 3876 nos
2928 3820 3089 3891 jussit
3130 3836 3321 3877 amare
3351 3820 3601 3891 angelos,
3626 3813 3797 3886 quibus-

2251 3931 2374 3970 cum
2405 3931 2511 3972 non
2543 3931 2842 3985 versamur,
2868 3925 2921 3973 et
2950 3929 3085 3988 quos
3112 3914 3279 3973 etiam
3309 3931 3474 3973 nemo
3503 3913 3620 3969 odio
3643 3909 3797 3965 habere

2253 4018 2453 4080 potest.

2324 4102 2461 4169 Cap.
2492 4102 2581 4169 '56,
2612 4101 2753 4174 μί.
2783 4103 2858 4158 De
2886 4102 3181 4173 interprete
3224 4102 3523 4173 Scriptura:
3547 4100 3634 4171 qui
3661 4108 3795 4152 veram

2253 4192 2469 4264 quidem
2512 4194 2835 4249 sententiam
2877 4195 3069 4265 quaerit
3098 4194 3154 4250 in
3194 4195 3512 4266 Scriptura,
3556 4193 3641 4250 sed
3666 4190 3798 4245 alieno

2252 4284 2374 4341 loco
2399 4304 2411 4340 :
2437 4286 2783 4358 Corrigendus
2804 4297 2879 4342 est
2901 4296 3087 4353 tamen,
3118 4286 3314 4358 inquit,
3342 4297 3393 4341 et
3413 4302 3566 4358 quam
3584 4285 3643 4341 sit
3668 4281 3801 4336 utilius

2253 4378 2387 4431 riam
2408 4380 2510 4433 nor’r
2532 4380 2763 4434 deserere
2790 4380 3250 4434 demonstrandum
3278 4391 3379 4449 est,
3409 4397 3474 4435 ne
3491 4374 3802 4434 consuetudine
3860 4380 3861 4403 ξ

2254 4470 2514 4538 deviandi,
2537 4474 2693 4527 etiam
2719 4473 2774 4527 in
2802 4481 3149 4528 transversum
3174 4484 3267 4528 aut
3286 4490 3582 4545 perversum
3603 4475 3667 4525 ire
3688 4482 3802 4539 coga-

552 4564 716 4620 veluti
740 4563 987 4620 dictaret.
1014 4564 1253 4619 Primum
1279 4564 1423 4618 enim
1452 4562 1564 4618 falli
1584 4579 1728 4634 saepe
1759 4578 2064 4634 possumus,
2090 4573 2147 4620 ut
2172 4544 2229 4607 Ῑ)
2252 4566 2352 4630 tur,
2391 4573 2497 4623 etc.
2531 4565 2658 4621 Haec
2686 4576 2813 4622 sunt
2841 4566 3168 4623 conferenda
3198 4544 3324 4624 cum
3363 4570 3432 4625 iis
3472 4583 3590 4640 quas
3613 4563 3802 4621 diximus

553 4664 740 4714 verum
771 4672 892 4713 esse
920 4666 1169 4727 putemus
1198 4657 1342 4729 quod
1368 4671 1477 4711 non
1508 4666 1611 4723 est,
1659 4657 1802 4727 quod
1836 4658 2147 4729 frequenter

555 4751 853 4823 Augustino
875 4752 1134 4822 contigit;
1160 4765 1222 4805 ac
1252 4749 1481 4820 proinde
1507 4751 1803 4805 cavendum
1836 4767 1904 4807 ne
1931 4762 2147 4807 nostros

553 4852 771 4903 errores
803 4846 911 4902 Deo
930 4846 1267 4920 tribuamus:
1284 4844 1490 4901 Deinde
1511 4860 1846 4917 quaecunque
1867 4862 1993 4902 vere
2013 4847 2148 4902 dici-

554 4955 672 4997 mus
699 4954 805 4995 non
846 4946 974 4993 sunt
1008 4946 1295 5008 propterea
1325 4953 1353 4989 a
1381 4937 1493 4991 Deo
1521 4946 1789 5007 suggesta,
1820 4952 1940 4993 cum
1968 4953 2033 4994 ea
2063 4937 2147 4994 in-

2251 4656 2319 4712 ad
2347 4655 2763 4715 Confessionum
2786 4659 2879 4714 lib.
2905 4676 3002 4723 ιιι,
3035 4675 3154 4729 cap.
3180 4661 3275 4731 l7,
3303 4661 3399 4717 ubi
3422 4663 3562 4716 Deus
3581 4652 3803 4714 contraria

2251 4749 2570 4820 Augustino,
2605 4751 2650 4805 si
2676 4750 2745 4807 de
2783 4767 2846 4807 se
2873 4752 3113 4808 creditur
3158 4752 3283 4822 ipsi,
3336 4752 3675 4825 suggerebat;
3712 4756 3801 4801 nam

2251 4856 2371 4912 qua:
2393 4840 2501 4897 illic
2523 4841 2685 4899 habet
2714 4842 2819 4899 sibi
2845 4859 2874 4897 a
2904 4844 3015 4900 Deo
3045 4855 3298 4916 suggesta
3334 4847 3404 4902 ab
3428 4846 3581 4901 initio
3609 4840 3717 4899 libri
3741 4838 3803 4892 iu-

2253 4936 2387 4991 nuit.
2413 4934 2523 4992 Sed
2554 4937 2791 4992 secunda
2821 4938 3096 5009 suggestio
3123 4938 3312 5010 priore
3342 4939 3518 4995 multo
3545 4936 3732 4993 melior.

486 5045 524 5113 ,3
550 5032 815 5088 stitutioui
840 5031 1163 5100 lectionique
1192 5030 1530 5099 plerumque,
1561 5029 1670 5085 Deo
1696 5045 2035 5100 nequaquam
2062 5032 2145 5085 in-

484 5114 509 5189 ζὶ
555 5124 918 5189 terveniente,
953 5121 1268 5177 debeamus.
1325 5119 1571 5191 Denique
1616 5121 1661 5174 si
1705 5122 1860 5188 alius,
1895 5122 1985 5191 qui
2028 5122 2146 5191 pari

472 5192 489 5246 ⁸
551 5218 673 5287 jure
685 5217 902 5287 gaudet,
918 5215 1019 5271 sibi
1046 5216 1398 5286 cogitationes
1417 5229 1541 5269 suas
1563 5229 1592 5268 a
1611 5213 1725 5270 Deo
1740 5215 1953 5285 suggeri
1978 5214 2141 5284 dicat,

2321 5029 2565 5101 Cap.‘59,
2598 5030 2626 5101 §
2655 5032 2742 5086 45.
2781 5030 2952 5086 Homo
3008 5034 3180 5103 itaque
3230 5033 3370 5103 ﬁde,
3417 5049 3510 5104 spe
3550 5041 3597 5087 et
3633 5026 3805 5083 caritate

2250 5124 2519 5195 subnixus,
2552 5141 2713 5195 eaque
2740 5124 3044 5180 inconcusse
3076 5126 3333 5197 retinens,
3365 5143 3470 5181 non
3490 5125 3673 5196 indiget
3695 5114 3805 5174 Ξενία

2252 5220 2435 5289 pluris,
2470 5218 2570 5274 nisi
2590 5219 2660 5273 ad
2685 5218 2817 5273 alios
2845 5219 3190 5275 instruendae.
3227 5219 3420 5293 Itaque
3446 5221 3590 5276 multi
3622 5232 3701 5288 per
3724 5213 3805 5265 huc

554 5324 612 5371 et
638 5314 906 5370 contraria
938 5312 1193 5384 proferat,
1226 5314 1349 5384 quis
1380 5312 1434 5367 in
1460 5312 1807 5368 concordiam
1834 5311 2146 5388 redigetaf-

554 5408 903 5466 ﬁatos'nosce
930 5407 1218 5463 homines?
1260 5407 1330 5463 Se
1363 5408 1598 5463 invicem
1630 5407 1968 5462 intamabunt
1992 5407 2143 5478 quasi

530 5500 1073 5573 .pseudoprophetas,
1105 5510 1160 5556 et
1184 5499 1523 5555 internecino
1552 5498 1698 5556 bello
1730 5490 2142 5569 persequentur,

555 5594 685 5652 dum
706 5592 953 5649 homines
982 5594 1159 5648 minus
1190 5592 1425 5663 religiosi
1458 5594 1631 5663 ipsam
1664 5592 1976 5661 religionem
2008 5593 2145 5649 ride-

552 5686 709 5753 bunt,
735 5702 891 5757 quam
913 5684 1478 5741 animadvertentcum
1501 5686 1729 5741 somniis
1756 5685 1993 5741 misceri.
2012 5686 2147 5742 Sunt

553 5789 611 5836 et
638 5778 740 5834 alia
770 5778 1110 5835 incommoda
1156 5793 1275 5849 quae
1307 5777 1431 5833 hinc
1472 5778 1619 5834 nasci
1664 5786 1880 5848 queant,
1915 5792 2145 5849 quorum

554 5865 723 5932 miror
752 5874 806 5933 in
845 5883 1081 5933 mentem
1126 5868 1422 5943 Augustino
1454 5886 1560 5930 non
1610 5872 1845 5931 venisse.
1898 5871 2147 5931 Profecto

2252 5312 2352 5366 tria
2374 5312 2429 5365 in
2455 5311 2737 5366 solitudine
2758 5311 2869 5366 sine
2890 5312 3149 5367 codicibus
3176 5312 3596 5386 uivunt.].Nemo
3625 5319 3717 5363 tam
3742 5306 3804 5357 est

2252 5405 2455 5475 peritus
2482 5404 2775 5475 Scriptura:
2803 5405 2931 5475 quin
2963 5405 3200 5477 indigeat
3228 5408 3535 5475 codicibus,
3562 5418 3685 5477 quos
3702 5413 3804 5456 con-

2251 5498 2396 5553 sulat
2426 5507 2480 5553 et
2507 5497 2650 5568 legat
2678 5497 2928 5554 subinde.
2956 5498 3110 5567 Quod
3136 5500 3181 5554 si
3208 5500 3331 5571 quis
3374 5500 3584 5556 litteras
3608 5492 3802 5552 nesciat.

2254 5590 2328 5645 ibi
2356 5590 2532 5660 potius
2558 5591 2722 5647 debet
2762 5589 2947 5647 vivere
2978 5591 3067 5647 ubi
3095 5591 3351 5662 leguntur
3379 5608 3543 5663 quam
3583 5591 3632 5645 in
3660 5586 3805 5642 solitu-

2254 5681 2401 5737 dine.
2431 5682 2484 5737 Si
2528 5683 2647 5753 quis
2696 5682 2860 5751 sciat,
2884 5685 3153 5754 protervia
3177 5694 3262 5741 est
3289 5693 3350 5741 et
3376 5683 3685 5756 negligentia
3722 5690 3803 5733 non

2256 5774 2607 5845 ignoscenda,
2626 5776 2671 5831 si
2694 5775 2907 5832 codices
2929 5776 3031 5834 sibi
3046 5794 3151 5841 non
3172 5788 3475 5851 comparet.
3502 5776 3622 5837 ﬂare
3638 5781 3805 5832 uterum

2263 5870 2689 5929 enthusiasmum
2716 5869 2985 5929 redolent.

3382 6034 3451 6042 -_.

3818 5922 3855 5975 Χ.
