3954 6364
161 428 257 490 357

843 428 1196 487 VARIORUM
1230 424 1835 485 EXERCITATIONES
1862 427 1925 483 IN
1968 426 2025 483 S.
2065 427 2430 485 AUGUSTINI
2460 426 2712 487 ορῑιιΑ.

226 553 381 610 Ltsno
411 567 470 617 ιι,
502 566 619 621 cap.
655 550 706 615 8,
736 550 762 619 ᾗ
798 550 886 604 12.
922 549 987 602 1η
1014 549 1271 603 canonicis
1298 558 1466 602 autem
1492 546 1728 617 Scriptu-
1758 546 1817 608 Α
1844 547 1988 600 nullo
2017 548 2189 603 modo.
2220 547 2288 601 Ut
2328 550 2462 603 enim
2498 547 2698 618 cuique,
2728 546 2907 617 primis
2937 546 3059 615 ﬁdei
3098 543 3426 614 temporibus,

162 649 225 703 ris
250 646 593 701 Ecclesiarum
616 645 987 700 catholicarum
1005 661 1159 715 quam
1193 642 1422 711 plurium
1452 640 1736 695 auctorita-

160 750 253 793 tem
285 747 590 807 sequuntur,
618 737 751 791 inter
788 753 917 807 quas
945 752 1069 790 sane
1098 735 1208 790 illa:
1230 747 1371 801 sunt,
1392 750 1506 799 qua:
1530 742 1736 803 aposto-

158 832 278 885 licus
322 830 465 883 sedes
491 829 676 883 habere
716 842 763 883 et
813 828 1055 899 epistolas
1110 830 1339 900 accipere
1396 823 1737 897 meruerunt.‘]

157 924 477 994 Apostolicee
518 924 675 979 sedes
726 932 853 978 sunt
903 938 981 978 ea:
1030 923 1082 977 in
1135 922 1329 992 quibus
1360 922 1460 991 ipsi
1511 919 1739 990 apostoli

112 1044 122 1099 ς
155 1016 427 1088 episcopos
457 1017 885 1081 constituerunt,
933 1032 1050 1088 qua:
1098 1030 1221 1071 cum
1259 1023 1442 1070 essent
1494 1012 1735 1067 omnium

153 1108 564 1179 antiquissimae,
612 1107 881 1163 debebant
930 1108 1120 1178 prima:
1162 1108 1400 1161 omnium
1442 1104 1737 1175 apostolica

152 1202 345 1271 scripta
391 1216 511 1257 esse
541 1210 732 1256 nactm.
764 1201 957 1256 Mirum
986 1211 1067 1256 est
1099 1200 1450 1270 Augustinum
1492 1198 1579 1252 hic
1606 1196 1737 1251 nihil

152 1294 343 1348 habere
376 1294 444 1348 de
472 1309 655 1349 eorum
686 1295 951 1350 sententia
975 1295 1088 1365 qui,
1134 1294 1198 1347 ad
1232 1292 1395 1348 Vetus
1425 1293 1738 1346 Testimenv

152 1395 255 1439 tum
283 1387 429 1456 quod
460 1389 668 1454 attinet,
702 1388 877 1443 nullos
905 1387 1039 1441 alios
1066 1387 1431 1455 agnoscebant
1464 1385 1629 1439 libros
1650 1399 1738 1437 ca-

164 1480 379 1534 nonicos
414 1491 609 1550 przeler
632 1496 725 1536 eos
754 1481 843 1550 qui
884 1480 1146 1535 Hebraice
1176 1479 1468 1549 conscripti
1504 1476 1733 1541 fuerant,

168 1586 309 1641 quam
337 1586 407 1627 ex
445 1573 756 1645 Hieronymi
789 1574 1002 1643 scriptis
1039 1583 1369 1643 cognoscere
1408 1572 1595 1639 potuit.

237 1664 378 1729 lbid.,
414 1664 441 1736 §
472 1666 561 1722 15.
614 1667 704 1719 llli
741 1668 842 1720 duo
884 1667 1022 1728 libri,
1060 1682 1192 1719 unus
1232 1666 1317 1730 qui
1370 1665 1644 1733 Sapientia
1695 1671 1740 1717 et

173 1755 294 1808 alius
317 1757 402 1823 qui
430 1755 818 1811 Ecclesiasticus
835 1758 1152 1823 inscribitur,
1179 1757 1239 1809 de
1259 1757 1485 1825 quadam
1501 1756 1742 1809 similitu-

162 1850 268 1901 dine
308 1849 605 1904 Salomonis
637 1867 745 1904 esse
779 1852 1053 1915 dicuntur;
1085 1867 1205 1904 num
1248 1852 1400 1903 Jesus
1432 1849 1613 1905 Sirach
1656 1865 1740 1903 eos

1839 642 1895 695 in
1924 657 2107 694 manus
2138 644 2271 695 venit
2300 644 2459 696 eodem
2483 639 2715 707 Griecus,
2740 650 2785 695 et
2809 640 3185 708 aliquantulum
3209 639 3431 709 faculta-

1841 734 1904 789 tis
1943 734 2038 787 sibi
2077 735 2345 804 utriusque
2377 735 2566 805 lingua:
2604 734 2787 788 habere
2835 732 3120 797 videbatur,
3166 749 3324 786 ausus
3355 740 3435 786 est

1844 826 2222 899 interpretari.]
2270 828 2464 884 Fateor
2492 844 2555 883 ex
2587 829 2871 885 collatione
2903 830 3170 883 variarqu
3219 828 3429 882 illarum

1844 923 2351 991 interpretationum
2374 921 2573 989 aliquid
2600 921 2731 976 lucis
2763 922 2913 987 oriri,
2948 931 3002 975 ut
3032 930 3215 990 postea
3242 911 3463 974 ostenai‘

1844 1014 1921 1069 dit
1955 1016 2314 1083 Augustinus;
2350 1012 2444 1067 sed
2486 1028 2550 1067 ex
2582 1013 2808 1068 lectione
2840 1014 2997 1068 unius
3025 1013 3226 1068 codicis
3257 1013 3431 1069 Graeci

1844 1108 2226 1163 emendatioris
2266 1108 2440 1160 multo
2484 1106 2655 1176 major
2678 1108 2881 1162 fructus
2916 1108 3034 1177 capi
3074 1107 3244 1176 potuit
3271 1121 3433 1175 quam

1844 1215 1910 1255 ex
1950 1200 2237 1254 collatione
2278 1200 2464 1269 viginti
2507 1199 2877 1269 imperitorum
2918 1200 3289 1269 interpretum.
3333 1198 3436 1252 Ita-

1842 1312 1945 1362 que
1997 1293 2290 1362 Optandum
2345 1293 2535 1347 luisset
2578 1291 2952 1347 Occidentales
2993 1292 3285 1355 Ecclesias,
3336 1305 3436 1360 pro

1804 1404 1809 1407 ·
1844 1396 1922 1441 tot
1952 1385 2255 1452 sumptibus
2286 1399 2420 1454 quos
2453 1384 2717 1440 faciebant
2748 1384 2800 1437 in
2849 1383 3094 1438 indoctos
3125 1392 3179 1438 et
3207 1384 3435 1448 otiosos,

1845 1489 1936 1533 aut
1962 1478 2048 1531 vili
2080 1478 2263 1532 labore
2292 1486 2583 1545 occupatos
2626 1476 2939 1541 monachos,
2974 1475 3186 1544 publico
3216 1482 3433 1543 sumptu

1844 1580 1898 1626 et
1944 1572 2169 1625 consilio
2212 1571 2587 1625 adolescentes
2640 1570 2853 1625 misisse
2901 1569 2953 1623 in
3004 1567 3290 1631 Graeciam,
3344 1574 3440 1623 aut

1845 1665 2061 1720 Graecos
2114 1665 2402 1735 magistros
2450 1680 2516 1719 ex
2563 1665 2787 1720 Oriente
2837 1678 3090 1728 vocasse,
3156 1670 3215 1716 ut
3255 1661 3438 1731 plures

1844 1759 2085 1814 Gnaeum
2115 1760 2347 1829 linguam
2389 1758 2771 1827 intelligerent,
2809 1756 3039 1825 aliisque
3086 1754 3255 1810 facem
3296 1769 3437 1823 prae-

1846 1853 2066 1911 ferrent.
2115 1854 2315 1908 Omnes
2356 1867 2486 1906 vero
2513 1851 2851 1906 Christianos
2886 1865 2982 1920 par
3010 1850 3198 1902 luisset
3236 1845 3440 1901 condn-

166 1946 513 2013 ronscripsisse
532 1945 949 1999 constantissime
968 1946 1284 2014 perhibetur,
1306 1947 1395 2014 qui
1422 1954 1587 1997 tamen
1614 1960 1742 2013 quo-
1772 1933 1819 1993 Β
1848 1962 1970 2001 cere
2019 1946 2297 2009 Hebrauis,
2352 1960 2379 1998 a
2412 1944 2605 2014 quibus
2650 1943 2833 2013 lingua
2874 1942 3097 1997 Hebraea
3129 1940 3437 2003 doceretur,

172 2040 295 2090 uiam
313 2040 367 2090 iu
390 2040 745 2092 auctoritatem
792 2040 953 2107 recipi
1003 2047 1317 2103 meruerunt,
1350 2040 1482 2091 inter
1514 2038 1741 2106 prop/tc-

183 2128 784 2201 ticosuunterandisuntJ
818 2131 1281 2187 Retractalionum
1313 2131 1405 2185 lib.
1439 2148 1497 2197 ll,
1530 2146 1646 2200 cap.
1682 2132 1739 2197 4,

186 2226 245 2277 ait
268 2238 321 2279 se
345 2234 523 2292 postea
546 2223 802 2279 didicisse
835 2241 935 2278 non
956 2226 1024 2277 ita
1065 2235 1330 2285 constare,
1358 2235 1416 2277 ut
1444 2234 1738 2292 putaverat,

188 2327 229 2368 et
256 2315 550 2384 probabilius
605 2333 713 2370 esse
758 2316 1092 2371 Sirachidem
1144 2315 1266 2369 libri
1308 2316 1597 2383 Sapientia:
1637 2331 1741 2369 non

190 2424 289 2463 esse
324 2418 607 2464 auctorem.
639 2410 829 2464 Mirum
861 2419 943 2464 est
986 2410 1293 2479 episcopum
1344 2411 1473 2463 tanti
1510 2409 1743 2463 nominis

194 2519 286 2556 rem
311 2504 872 2577 tantillam’ignorasse
901 2504 1228 2573 aliquandiu,
1261 2521 1417 2573 quam
1441 2520 1471 2558 a
1501 2503 1742 2559 catechu-

195 2598 338 2651 menis
362 2596 483 2650 disci
517 2597 861 2665 oportuisset.
887 2596 1167 2668 Nunquam
1196 2598 1443 2651 studiose
1461 2614 1579 2651 eum
1606 2599 1744 2666 lege-

196 2699 263 2745 rat
289 2691 483 2755 librum,
516 2706 636 2745 eum
671 2693 785 2746 lucc
817 2693 1077 2747 scriberet
1106 2712 1119 2747 :
1155 2709 1276 2747 nam
1306 2702 1491 2747 auctor
1535 2694 1653 2746 libri
1684 2709 1744 2748 se

199 2801 283 2838 non
308 2788 370 2838 ait
393 2786 569 2839 .lcsum
597 2801 717 2841 esse
740 2786 904 2839 lilium
933 2786 1144 2852 Sirach,
1179 2787 1272 2841 sed
1303 2802 1479 2854 regem
1509 2786 1739 2851 lsraelis,

198 2890 291 2943 cap.
321 2893 383 2939 ιι,
416 2878 465 2945 7,
492 2878 542 2931 8.
579 2877 727 2944 Quod
762 2893 882 2931 cum
913 2880 982 2931 ita
1017 2882 1106 2944 sit,
1140 2895 1245 2932 non
1292 2880 1444 2947 capio
1490 2879 1576 2947 qui
1610 2879 1745 2931 inter

200 2969 505 3039 propheticos
545 2972 710 3025 libros
754 2974 958 3025 censeri
1014 2980 1195 3040 posset
1238 2973 1551 3038 opusculum
1595 2972 1746 3038 cujus

205 3074 353 3117 auctor
396 3077 502 3133 prce
540 3078 599 3118 se
650 3064 751 3118 fert
798 3078 857 3117 se
902 3079 1079 3132 regem
1126 3063 1318 3128 fuisse,
1363 3081 1481 3118 cum
1528 3064 1746 3119 minime

214 3156 348 3213 fueril.

267 3251 365 3320 Cap.
398 3253 483 3316 11,
516 3253 542 3322 §
573 3253 657 3307 16.
686 3255 885 3306 Latinw
915 3254 1121 3322 quidem
1152 3255 1344 3325 lingmc
1362 3257 1592 3309 homines
1621 3273 1745 3324 quos

1851 2057 2018 2111 eaque
2043 2041 2220 2094 omnia
2243 2016 2423 2093 facere
2441 2054 2559 2108 qua:
2587 2052 2809 2092 avorum
2841 2047 3145 2092 nostrorum
3180 2034 3436 2089 memoria

1852 2136 1905 2188 in
1938 2135 2148 2203 Europa
2194 2132 2330 2187 facta
2381 2141 2526 2196 sunt,
2570 2132 2635 2185 ad
2682 2132 2877 2201 lingua:
2907 2122 3049 2185 illius
3078 2128 3440 2198 cognitionem

1850 2229 1901 2283 in
1940 2243 2094 2282 usum
2125 2225 2551 2280 Christianorum
2584 2224 2965 2283 revocandam.
2997 2222 3129 2279 Nam
3177 2222 3317 2294 quod
3349 2238 3439 2277 se-

1851 2324 1962 2377 rius
2003 2322 2196 2375 factum
2240 2329 2344 2385 est,
2407 2320 2457 2375 id
2501 2320 2652 2389 prius
2703 2319 2821 2375 ﬁeri
2878 2318 3083 2389 potuit,
3138 2328 3192 2373 et
3236 2318 3441 2378 facilius

1848 2419 2035 2483 etiam,
2069 2417 2169 2470 nisi
2203 2416 2440 2471 laborem
2488 2415 2751 2485 fugissent
2777 2415 3022 2469 homines
3068 2414 3210 2468 illius
3246 2414 3368 2468 sevi.

1920 2508 2051 2578 Cap.
2087 2510 2171 2571 16,
2207 2508 2343 2579 ςὲἷὶ.
2374 2509 2441 2565 Ut
2464 2508 2715 2564 ostendat
2738 2508 3095 2564 necessariam
3125 2524 3243 2564 esse
3272 2508 3441 2564 arith-

1850 2602 2094 2657 meticam
2161 2601 2223 2655 ad
2276 2602 2692 2672 'intelligendam
2748 2602 3115 2673 Scripturam,
3178 2616 3442 2661 memorat

1843 2695 2107 2764 jejunium
2131 2695 2482 2765 quadraginta
2516 2695 2722 2749 dierum
2754 2694 2937 2762 Mosis,
2970 2696 3101 2753 Elia:
3125 2704 3179 2751 et
3207 2697 3439 2762 Christi;

1851 2798 1959 2844 tum
2006 2789 2192 2843 addit:
2221 2786 2379 2861 Cujus
2424 2792 2641 2844 actionis
2694 2791 2950 2859 ﬁguratus
2996 2792 3211 2861 quidam
3256 2792 3437 2854 nodus,

1848 2882 1946 2936 nisi
1970 2884 2122 2951 liuius
2152 2884 2352 2935 numeri
2377 2884 2665 2952 cognitione
2685 2893 2731 2938 ei
2767 2885 3179 2939 consideratione
3203 2902 3304 2937 non
3330 2887 3437 2938 sol-

1846 2976 2002 3027 vitur.
2035 2973 2200 3027 Habet
2228 2976 2361 3027 enim
2399 2975 2668 3029 denarium
2708 2984 2881 3045 quater
2917 2986 3159 3046 tanquam
3188 2977 3441 3047 cognitio-

1849 3084 1964 3120 nem
1991 3084 2157 3120 rerum
2184 3067 2426 3121 intextam
2457 3068 2794 3139 temporibus,
2832 3077 2938 3124 etc.
2966 3069 3120 3136 Qua),
3150 3084 3271 3125 cum
3305 3070 3442 3125 bona

1850 3161 2133 3229 Augustini
2162 3162 2341 3225 venia,
2391 3177 2545 3231 nugte
2568 3170 2693 3216 sunt
2725 3162 3095 3235 Pythagorica:
3120 3178 3183 3219 ac
3208 3162 3444 3219 Platoni-

1850 3266 1950 3317 cae,
1982 3266 2011 3306 a
2037 3252 2229 3321 quibus
2269 3252 2322 3306 in
2356 3268 2414 3307 re
2449 3261 2554 3306 tam
2583 3253 2737 3321 gravi
2769 3253 3041 3310 abstinere
3075 3254 3245 3309 multo
3273 3256 3443 3310 satius

205 3358 284 3395 non
302 3344 605 3398 iustruendos
628 3347 964 3415 suscepimus,
989 3346 1186 3400 duabus
1210 3348 1328 3400 aliis
1354 3349 1419 3401 ad
1450 3348 1743 3417 Scriptura-
1771 3316 1817 3379 Ο
1852 3345 1967 3399 fuit.
2004 3345 2107 3401 Sed
2142 3347 2325 3400 nescio
2364 3348 2635 3417 quomodo
2679 3363 2744 3403 eo
2774 3357 3017 3419 tempore
3044 3351 3347 3405 ostentandi
3390 3352 3443 3408 in

197 3450 289 3486 rum
311 3437 587 3491 divinarum
619 3438 966 3509 cognitionem
998 3456 1121 3508 opus
1151 3439 1355 3503 habent,
1403 3440 1625 3494 Ilebra'a
1645 3441 1745 3495 sci-

158 3590 163 3597 .
193 3526 312 3592 licet,
342 3539 380 3582 et
407 3529 611 3594 Graeca,
630 3542 683 3581 ut
714 3532 780 3582 ad
802 3531 1116 3599 exemplaria
1141 3534 1477 3601 prwcedentia
1506 3549 1741 3586 recurra-

192 3624 264 3668 tur
297 3620 337 3671 si
370 3637 511 3689 quam
547 3622 917 3675 dubitationem
946 3622 1178 3675 attulerit
1214 3621 1547 3680 ,Latinorunt
1588 3626 1744 3679 inter-

187 3718 365 3777 pretum
386 3713 584 3782 inﬁnita
612 3713 880 3783 varietas.]
912 3713 1027 3768 Non
1060 3714 1225 3768 miror
1252 3716 1601 3784 Augustinum
1644 3719 1742 3771 lin--

183 3817 290 3868 gua:
320 3806 508 3861 Graeca:
540 3808 775 3861 studium
811 3808 1211 3872 commendare,
1246 3826 1365 3867 nam
1413 3822 1465 3864 et
1490 3812 1612 3867 alibi
1645 3815 1743 3869 hoc

178 3891 325 3960 facit;
354 3897 438 3951 sed
484 3898 760 3953 Ilebrzeam
791 3899 911 3952 addi
945 3900 1149 3954 Latina:
1177 3901 1524 3957 vehementer
1556 3905 1742 3963 miror.

177 3984 329 4043 Certe
367 4007 465 4044 non
512 4001 715 4045 tantum
757 3992 914 4060 epist.
946 3990 1047 4057 ‘21,
1080 4008 1201 4062 quae
1248 4006 1501 4047 censetur
1546 3996 1740 4064 scripta

174 4079 310 4134 circa
334 4098 520 4137 annum
550 4085 671 4147 595,
704 4085 798 4137 sed
829 4094 881 4140 et
906 4085 1063 4154 epist.
1097 4086 1185 4150 71,
1210 4088 1401 4153 scripta
1430 4103 1571 4141 anno
1602 4087 1728 4154 405,

172 4175 483 4242 Augustinus
507 4178 659 4247 plane
685 4179 947 4246 improbat
974 4180 1202 4231 Studium
1222 4182 1459 4234 vertendi
1482 4180 1738 4236 llebraica

172 4264 371 4334 Latine,
385 4270 776 4339 acquiescitque
790 4270 838 4322 in
858 4279 1101 4324 accurata
1118 4271 1362 4324 versione
1376 4272 1739 4326 translationis

172 4355 309 4413 LXX
334 4362 698 4430 interpretum.
733 4360 991 4417 Similiter
1019 4372 1072 4416 et
1102 4363 1233 4416 inira
1268 4364 1424 4430 hujus
1452 4364 1569 4418 libri
1615 4380 1734 4434 cap.

174 4452 234 4506 lt
265 4453 511 4523 loquitur,
538 4467 590 4509 et
618 4472 778 4525 opere
805 4457 874 4511 de
906 4457 1136 4511 Civitate
1171 4458 1259 4512 Dei
1295 4458 1387 4511 lib.
1424 4474 1571 4521 xvtu,
1613 4475 1735 4529 cap.

172 4544 253 4609 43,
282 4547 527 4602 divinitus
550 4551 759 4603 amatos
791 4550 958 4604 fuisse
980 4560 1124 4619 putat
1151 4550 1368 4604 eosdem
1397 4550 1739 4619 interpretes,

171 4636 382 4711 ideoque
406 4644 730 4715 Hieronymo
760 4643 1145 4714 praeferendos,
1167 4645 1409 4713 quamvis
1430 4645 1597 4699 Judaei
1619 4646 1742 4701 Ilie-

169 4736 523 4804 ronymianain
596 4736 898 4791 versionem
961 4736 1465 4805 Septuagintavirali
1526 4736 1743 4807 pra-fcr-

172 4837 301 4882 rent.
333 4828 431 4885 Sed
482 4838 536 4884 et
568 4830 667 4887 hoc
718 4831 910 4884 mirum
938 4840 1014 4883 est
1045 4832 1110 4883 ab
1139 4831 1437 4900 Augustino
1476 4832 1560 4886 hic
1586 4846 1740 4886 eom-

172 4921 398 4976 mendari
420 4924 651 4977 studium
677 4924 874 4991 lingua:
910 4924 1209 4989 llebraicaa,
1236 4940 1335 4978 nec
1360 4936 1536 4979 tamen
1569 4927 1741 4995 ipsum

172 5022 251 5067 aut
273 5030 593 5085 quemquam
625 5017 811 5077 alium,
848 5017 913 5071 iis
937 5017 1173 5081 sa'culis,
1203 5018 1493 5087 quidquam
1526 5034 1742 5090 aggres-

172 5116 277 5159 sum
302 5122 416 5162 esse
448 5107 644 5172 facere,
686 5117 743 5161 ut
768 5107 909 5161 viam
946 5108 1179 5176 aperiret
1207 5108 1268 5163 iis
1294 5109 1380 5177 qui
1426 5104 1739 5164 id'studium

173 5195 358 5265 ingredi
389 5201 706 5255 voluissent.
742 5203 993 5255 Attamen
1018 5211 1070 5254 et
1099 5211 1277 5269 postea
1304 5202 1397 5256 lib.
1432 5218 1501 5271 Iv,
1528 5220 1651 5272 cap.
1685 5205 1741 5270 7,

174 5288 355 5360 aliquid
384 5294 575 5348 iterum
606 5294 673 5347 de
721 5293 1032 5364 Hieronymi
1064 5292 1247 5348 labore
1281 5294 1459 5349 habet.
1491 5295 1652 5361 Sane,
1686 5305 1745 5349 ut

178 5384 296 5451 quod
320 5388 560 5457 suspicer
585 5387 785 5450 dicam,
810 5403 1006 5442 vereor
1036 5402 1103 5441 ne
1133 5387 1258 5456 quid
1291 5388 1377 5443 hic
1405 5391 1473 5443 sit
1502 5391 1740 5459 interpo-

180 5473 321 5532 latum
346 5480 518 5535 aliena
559 5496 744 5544 manu,
781 5488 1062 5549 postquam
1106 5478 1520 5549 llieronymiana
1562 5483 1738 5537 versio

184 5572 525 5628 auctoritatem
556 5575 609 5627 in
639 5572 929 5628 Occidente
961 5582 1249 5627 consecuta
1291 5574 1480 5628 fuerat.
1513 5575 1605 5630 Sin
1639 5578 1737 5630 mi-

180 5675 294 5730 nus,
316 5669 378 5721 ad
405 5667 775 5723 academicum
808 5668 1078 5739 ingenium
1129 5668 1437 5737 Augustini,
1473 5670 1573 5724 sibi
1628 5686 1732 5726 non

185 5759 291 5813 satis
315 5774 587 5830 constans,
622 5763 737 5818 hac
759 5772 919 5818 erunt
942 5763 1246 5819 referenda.

242 5852 357 5908 lhid.
392 5855 489 5923 Qui
524 5855 826 5928 Scripturas
862 5874 923 5911 er.
958 5855 1181 5911 Hebra'a
1214 5860 1389 5926 lmgua
1420 5863 1468 5911 in
1507 5857 1740 5912 Grtccum

184 5956 397 6003 verterunt
438 5952 701 6005 numerari
740 5962 975 6021 possunt,
1023 5950 1193 6005 Latini
1231 5962 1398 6007 autem
1442 5956 1740 6020 interpretes

1851 3440 2121 3508 ejusmodi
2150 3441 2313 3495 rebus
2339 3442 2536 3510 ingenii
2568 3443 2637 3495 ita
2670 3444 2969 3499 invaluerat
2997 3445 3352 3509 consuetudo,
3386 3456 3447 3502 ut

1850 3547 1969 3587 cum
2002 3534 2190 3601 plausu
2236 3534 2361 3588 talia
2407 3534 2725 3590 audirentur
2765 3551 2885 3606 qua:
2934 3548 3061 3591 sunt
3104 3540 3214 3593 risu
3255 3538 3439 3609 digna.

1850 3625 1978 3691 Quis
2006 3624 2144 3681 ferat
2182 3626 2345 3681 hodie
2387 3626 2488 3681 sibi
2529 3627 2631 3682 dici
2678 3629 2989 3700 hydriarum
3031 3632 3288 3701 quinque,
3324 3649 3442 3701 qua:

1848 3716 2009 3773 Cana:
2032 3728 2207 3784 erant,
2232 3721 2386 3777 Joan.
2414 3737 2471 3786 ιι,
2506 3738 2754 3777 mensura
2778 3741 2897 3793 qua:
2922 3725 3023 3779 fuit
3046 3726 3259 3781 circiter
3284 3728 3440 3782 trium

1850 3822 2219 3877 metretarum,
2251 3814 2605 3881 significatam
2638 3816 2695 3870 S.
2725 3815 3064 3885 Trinitatem,
3095 3819 3437 3890 quemadmo~

1848 3905 1976 3958 dum
2007 3904 2134 3959 facit
2169 3906 2525 3976 Augustinus,
2557 3908 2621 3962 ad
2646 3924 2767 3962 eum
2801 3909 3023 3963 Joannis
3054 3910 3229 3966 locum
3252 3912 3275 3965 ?
3295 3912 3338 3966 O
3365 3912 3442 3966 le-

1851 3997 1979 4051 lices
2029 3998 2298 4064 homines,
2345 4000 2436 4069 qui
2480 4009 2684 4054 tantam
2717 4001 3038 4056 eruditionis
3093 4002 3288 4057 famam
3332 4013 3437 4059 tam

1851 4089 2007 4143 facile
2039 4089 2141 4143 sibi
2172 4094 2527 4160 pepererunt!
2560 4092 2663 4148 Sed
2709 4102 2765 4148 et
2791 4110 2824 4147 ο
2854 4096 3087 4164 stipites,
3122 4098 3211 4166 qui
3248 4096 3441 4153 talibus

1848 4184 1975 4237 olim
2007 4183 2352 4253 plaudebant,
2389 4196 2481 4240 aut
2503 4189 2798 4243 etiamnum
2834 4190 2977 4244 serio
3010 4190 3218 4245 favent!

1921 4276 2051 4346 Cap.
2087 4276 2175 4346 17,
2206 4278 2233 4349 §
2263 4278 2356 4345 27,
2388 4280 2454 4334 de
2502 4297 2693 4336 novem
2736 4282 2915 4337 Musas
2947 4298 3064 4339 esse
3096 4284 3437 4344 dicentibus:

1850 4370 2063 4442 Refellit
2093 4388 2181 4425 eos
2222 4371 2413 4438 Varro,
2437 4391 2539 4443 quo
2587 4378 2756 4430 nescio
2800 4388 2972 4430 utrum
3010 4380 3152 4446 apud
3195 4397 3278 4434 eos
3302 4382 3441 4451 quis-

1847 4484 2001 4537 quam
2034 4469 2217 4521 talium
2254 4485 2424 4522 rerum
2472 4472 2667 4524 doctior
2697 4481 2789 4525 aut
2817 4475 3071 4529 curiosior
3114 4492 3220 4530 esse
3260 4478 3439 4548 possit.

1854 4555 1989 4611 Dicit
2021 4560 2153 4613 enim
2175 4561 2432 4615 civitatem
2461 4564 2632 4617 nescio
2653 4582 2829 4632 quam,
2862 4583 2963 4620 non
3002 4567 3142 4625 enim
3158 4584 3341 4627 nomen
3363 4586 3442 4621 re—

1855 4654 1994 4715 colo,
2019 4656 2211 4709 locasse
2233 4658 2374 4725 apua‘
2396 4668 2496 4711 tres
2524 4660 2748 4727 artiﬁces
2774 4670 2919 4715 terna
2950 4664 3226 4717 simulacra
3264 4662 3319 4716 Μ
3326 4682 3442 4717 usa-

1849 4763 1985 4806 rum,
2017 4749 2153 4815 quod
2177 4750 2227 4801 in
2253 4749 2442 4816 templo
2464 4752 2719 4822 Apollinis
2748 4756 2941 4808 donum
2966 4767 3194 4824 poneret,
3224 4767 3279 4809 ut
3305 4759 3442 4827 quis-

1851 4840 1961 4909 quis
1984 4842 2241 4909 artiﬁcum
2272 4844 2567 4909 pulchriora
2591 4848 2882 4917 fortttasset,
2912 4848 2973 4902 ab
3002 4848 3095 4902 illo
3119 4850 3441 4917 potissimum

1848 4935 2004 4986 electa
2048 4946 2248 4988 emeret.
2292 4935 2476 5006 Itaque
2513 4920 2787 5009 contigisse
2826 4948 2880 4991 ut
2922 4958 3077 5009 opera
3116 4959 3209 4995 sua
3248 4959 3445 5012 quoque

1850 5027 1929 5080 illi
1954 5028 2176 5095 artiﬁces
2206 5045 2350 5101 teque
2376 5030 2595 5098 pulchra
2618 5032 2953 5102 explicarent,
2976 5043 3023 5086 et
3048 5034 3303 5101 placuisse
3322 5035 3443 5088 civi.

1854 5122 1945 5175 tati
1971 5139 2146 5177 omnes
2165 5140 2360 5191 novem,
2394 5136 2545 5195 atque
2569 5142 2742 5179 omnes
2766 5142 2873 5179 esse
2888 5136 3109 5194 emptas,
3134 5138 3185 5181 ut
3204 5129 3258 5181 in
3282 5129 3441 5199 Apol-

1852 5216 1971 5268 linis
2018 5216 2206 5285 templo
2235 5217 2617 5283 dedicarentur,
2655 5219 2841 5288 quibus
2883 5229 3055 5288 postea
3092 5220 3216 5272 dicit
3257 5220 3443 5275 [lesio-

1856 5306 1979 5360 dum
2026 5318 2229 5377 poetam
2277 5312 2578 5379 imposuisse
2610 5311 2879 5379 vocabula,
2917 5312 3045 5384 etc.]
3097 5314 3149 5370 Si
3194 5315 3335 5383 quod
3377 5316 3444 5375 de

1853 5402 2097 5456 numeris
2125 5402 2257 5456 dixit
2300 5404 2627 5473 Augustinus
2655 5404 2722 5460 ad
2765 5406 3259 5475 interpretationem
3300 5409 3443 5464 Scri-

1852 5505 2042 5563 pturze,
2086 5496 2292 5550 admitti
2341 5497 2409 5550 ab
2447 5497 2678 5552 ethnicis
2712 5502 2969 5569 oportuit,
3014 5518 3119 5557 non
3150 5504 3311 5559 video
3339 5521 3444 5574 quo

1844 5588 1976 5657 jure
2008 5588 2233 5643 ethnicis
2264 5604 2368 5644 non
2419 5590 2630 5645 licuerit
2658 5591 2842 5648 dicere
2880 5592 3059 5649 ﬁctum
3110 5596 3211 5653 hoc
3243 5614 3272 5652 a
3305 5598 3443 5653 Var-

1848 5695 1989 5735 rone
2033 5680 2117 5734 vel
2155 5681 2222 5733 ab
2262 5679 2395 5746 alio,
2426 5696 2545 5737 cum
2581 5687 2879 5753 praesertim
2908 5700 3089 5743 sermo
3116 5690 3187 5744 sit
3212 5690 3279 5746 de
3310 5701 3444 5746 tem-

1859 5772 2081 5841 poribus
2122 5775 2531 5844 antiquissimis,
2573 5779 2768 5847 quibus
2812 5790 2902 5834 aut
2950 5781 3127 5848 nullae,
3170 5793 3260 5837 aut
3308 5780 3503 5890 rami.

1859 5862 2339 5890 ιιιηηι.-ξιιΑ1-ι...ιι....
2376 5866 2611 5890 1-ξ-ι-..2,.
2639 5886 2650 5890 -
2679 5881 2784 5890 .--_.-
2822 5872 2964 5890 -.!-,,,
3019 5874 3032 5890 I

1847 5862 2339 5921 conscribebantur
2376 5866 2652 5932 historias;
2679 5881 2789 5924 tum
2814 5872 2973 5927 etiam
3001 5874 3068 5929 de
3096 5891 3319 5931 numero
3343 5894 3444 5931 uo-

1858 5958 2120 6012 vennsrio
2155 5958 2419 6015 Musarum
2454 5958 2808 6033 Pythagorica
2836 5962 3218 6036 philosophari.
3246 5964 3446 6040 Quidni
