3954 6364
520 419 624 478 359
1419 409 1923 470 SUPPLEMENTU
1934 408 1981 463 Μ
2020 404 2112 461 AD

2149 403 2380 460 OPERA
2419 406 2478 462 S.
2519 400 2914 461 AUGUSTINI.
3671 401 3752 457 5111

520 535 602 592 eis
627 535 835 589 licuerit
864 534 1046 587 dicere
1067 531 1240 586 tribus
1267 543 1430 585 musis
1453 531 1726 598 designarl
1751 535 1862 580 tres
1889 524 2112 578 musicae
2141 521 2198 579 Δ
2223 522 2428 578 Joanne
2455 523 2686 588 Clerico,
2717 523 2769 576 iu
2800 518 3183 576 additamentis
3209 518 3373 574 Henr.
3397 516 3685 574 ﬂammandi
3701 526 3751 578 ad

523 637 702 692 tonos,
741 640 982 695 gravem,
1034 623 1296 688 medium,
1329 632 1383 677 et
1435 632 1686 682 acutum;
1727 628 1784 672 et
1821 629 1903 670 ter
1931 613 2112 669 ternas

523 722 718 785 dictas,
748 721 890 790 quod
920 729 1104 776 essent
1134 728 1245 773 tres
1269 717 1442 781 chori,
1471 731 1568 786 pro
1596 714 1768 768 tribus
1799 711 1905 765 illis
1937 706 2113 779 tonis}?

525 818 597 870 At
647 815 780 880 haec,
826 813 1059 882 inquies,
1094 825 1189 874 pro
1237 810 1462 864 arbitrio
1513 805 1959 862 comminisceris.
2001 801 2113 856 Non

525 908 779 975 difﬁteor,
831 908 923 962 sed
962 924 1029 961 an
1073 922 1179 960 non
1225 905 1387 959 etiam
1417 901 1732 970 theologica:
1761 896 2115 952 arithmetica:

525 1002 782 1074 mysteria
813 1017 907 1071 pro
929 1002 1154 1055 arbitrio
1183 998 1491 1069 ﬁngebant?
1521 998 1702 1065 Itaque
1726 1011 1834 1049 non
1863 1004 1946 1048 est
1969 1006 2116 1067 com-

524 1094 869 1157 mittendum,
901 1105 959 1147 ut
987 1094 1266 1148 veritatem
1289 1092 1563 1146 illustrare
1593 1088 1892 1152 videamur,
1925 1083 2116 1139 eadem

526 1189 757 1259 ﬁngendi
797 1188 1007 1242 licentia
1043 1203 1144 1256 qua
1179 1196 1229 1239 et
1277 1185 1482 1238 fabulas
1511 1179 1848 1249 interpretari
1882 1176 2116 1232 licuerit.

600 1281 733 1348 Cap.
767 1279 856 1343 21),
900 1279 926 1349 §
964 1280 1052 1332 51.
1094 1278 1236 1332 Illud
1267 1279 1519 1348 eleganter
1550 1275 1746 1326 dictum
1772 1275 1854 1324 ‘est
1886 1269 2115 1334 Catonis,

528 1374 619 1444 qui
643 1388 756 1425 cum
789 1382 916 1426 esset
945 1371 1207 1424 consultus
1253 1385 1284 1422 α
1311 1368 1534 1438 quodam
1557 1366 1646 1434 qui
1688 1364 1782 1418 sibi
1807 1379 1839 1416 a
1875 1361 2120 1415 soricibus

530 1481 709 1518 erasas
736 1464 931 1534 caligas
978 1464 1184 1524 diceret,
1219 1461 1481 1528 respondit
1521 1476 1621 1512 non
1652 1474 1756 1512 esse
1801 1457 1935 1511 illud
1969 1472 2120 1509 mon-

531 1568 719 1618 strum,
746 1559 834 1610 sed
860 1573 972 1610 vere
1001 1566 1280 1608 monstrum
1325 1552 1612 1607 habendum
1641 1553 1817 1621 fuisse,
1846 1551 1890 1605 si
1935 1551 2123 1604 sorices

532 1665 564 1700 α
608 1647 788 1717 caligis
836 1646 1178 1715 roderentur.|
1224 1645 1523 1714 Ingeniosa.
1553 1643 1743 1699 Simile
1786 1653 1868 1697 est
1907 1643 2122 1696 Menan-

531 1738 614 1793 dri
646 1739 774 1792 illud
805 1755 835 1793 e
875 1739 1280 1806 Superstitioso,
1311 1737 1453 1807 quod
1504 1737 1664 1791 habet
1691 1735 1915 1792 Grotius
1940 1737 1991 1790 in
2018 1735 2122 1790 Ex-

533 1831 732 1900 cerptis
763 1847 881 1902 pag.
916 1831 1019 1885 7M
1048 1847 1062 1884 :

877 2005 918 2039 Α.
941 1991 1078 2047 inlisu
1100 2002 1238 2050 τίνοιτό
1263 2014 1338 2048 μοι,
1359 1994 1386 2036 ὦ
1412 1999 1649 2047 πολυτὶμητοι
1672 1998 1758 2044 οἱοὶ,

876 2052 1120 2116 induimus;
1143 2064 1223 2112 γὰρ,
1243 2059 1359 2105 stiti;
1384 2068 1447 2107 τῆς
1470 2057 1630 2109 Iustitio;

879 2126 947 2162 τὸν
967 2124 1099 2170 ιμάντα
1123 2120 1289 2175 διίῤῥηεο.
1317 2129 1352 2161 n.
1373 2126 1526 2167 ειιάτως
1550 2126 1597 2173 τ’,
1622 2119 1650 2161 ὦ
1675 2125 1834 2170 Κλιινία,
1861 2125 1872 2137 ·

878 2187 1010 2237 »πρὸς
1034 2189 1099 2237 Td?
1122 2179 1179 2230 ἦν’
1200 2189 1244 2224 σί*
1263 2184 1304 2224 δί
1328 2184 1560 2235 σμυιῼολόγος
1585 2189 1625 2225 οὗ
1651 2189 1756 2224 οῡων

879 2253 1009 2286 Καινὸν
1032 2251 1216 2298 πρίασθαι.

538 2361 652 2417 Hoc
682 2373 781 2429 ρει,
814 2364 1106 2432 interprete
1135 2365 1249 2418 viro
1278 2380 1488 2418 summo
1513 2381 1526 2418 :

661 2523 718 2568 Α.
746 2520 881 2569 Bene
904 2521 995 2569 hoc
1018 2521 1136 2570 mihi
1171 2529 1443 2584 praveniat,
1468 2534 1498 2570 ο
1523 2523 1672 2584 sancti
1700 2519 1812 2580 Dei,

663 2584 801 2640 Quod
823 2586 952 2632 inter
973 2583 1284 2633 calceandum
1305 2587 1468 2632 dextri
1492 2583 1642 2632 calcei

662 2645 881 2707 y'inclum
906 2647 1154 2707 diruptum
1178 2657 1268 2694 est.
1299 2648 1357 2694 It.
1386 2647 1558 2696 Merito
1582 2646 1770 2704 evenit,
1795 2644 1966 2705 Clinia,

659 2706 878 2768 Namque
905 2717 1007 2756 erat
1025 2706 1078 2755 id
1100 2709 1333 2756 detritum
1356 2719 1406 2756 et
1434 2714 1483 2756 tu
1509 2721 1786 2769 pracparcus
1808 2709 1968 2766 nimis,

663 2771 752 2828 Qui
777 2783 872 2818 non
893 2781 1072 2820 novum
1099 2784 1314 2820 emeres.

606 2918 738 2986 Cap.
760 2917 850 2984 ‘22,
883 2919 907 2989 ἐξ
934 2919 1019 2975 56.
1051 2919 1238 2974 Omnes
1263 2922 1418 2990 igitur
1441 2929 1575 2973 artes
1605 2918 1904 2991 hujusmodi
1925 2918 2002 2972 vel
2029 2934 2128 2971 nu-

535 3018 767 3087 gatoriar,
803 3017 878 3068 vel
917 3017 1084 3068 noxia:
1125 3015 1502 3083 superstitionis
1539 3030 1601 3067 ea;
1625 3013 1852 3083 qundam
1884 3013 2127 3079 pestifera

536 3112 780 3165 societate
808 3107 1077 3160 hominum
1119 3118 1162 3160 et
1195 3108 1507 3166 dwmonum,
1537 3107 1683 3174 quasi
1713 3116 1858 3175 pacta
1894 3106 2127 3173 quwdam

535 3203 763 3270 inﬁdelis
813 3211 859 3254 et
901 3201 1095 3254 dolosa:
1137 3200 1378 3252 amicitia:
1425 3201 1724 3264 constituta,
1760 3199 1961 3266 penitus
2009 3209 2128 3251 sunt

2219 617 2423 671 Novum
2451 617 2877 671 Testamentum.

2289 706 2423 779 Cap.
2457 709 2544 773 10,
2577 709 2604 779 §
2635 710 2722 763 M.
2763 706 3028 776 Quidquid
3072 707 3127 759 in
3173 721 3403 760 sermone
3441 720 3604 760 divino
3629 724 3755 778 neque

2218 803 2287 858 ad
2310 819 2508 856 morum
2529 803 2870 865 honestatem,
2895 816 3055 869 neque
3075 800 3145 852 ad
3173 799 3296 867 ﬁdei
3318 800 3569 853 veritatem
3591 803 3758 868 proprie

2219 897 2400 968 referri
2427 905 2610 966 potest,
2639 896 2918 966 ﬁguratum
2943 909 3052 948 esse
3078 888 3402 961 cognoscam]
3445 889 3602 944 Nimis
3623 905 3757 960 gene-

2220 992 2420 1048 ralibus
2451 990 2630 1046 verbis
2660 997 2917 1058 concepta
2949 987 3065 1042 haec
3094 995 3178 1042 est
3213 985 3416 1056 regula,
3443 983 3652 1053 ideoque
3675 988 3762 1058 Agu-

2221 1087 2466 1155 gustinus
2496 1096 2614 1137 eam
2643 1091 2828 1151 postea
2857 1079 2925 1136 dc
2954 1076 3239 1148 prameptis
3272 1077 3461 1146 partim
3490 1075 3764 1144 interpreta-

2223 1191 2343 1243 tur;
2373 1177 2466 1232 sed
2495 1192 2561 1230 ne
2607 1176 2686 1230 sic
2711 1174 2928 1244 quidem
2974 1171 3107 1227 satis
3136 1171 3418 1225 commoda
3465 1177 3562 1223 est.
3596 1168 3767 1222 Praece-

2225 1281 2371 1342 ptum
2409 1271 2550 1324 enitn
2580 1268 2676 1322 Dei
2701 1257 3008 1320 λιιι-δὴδιηο
3053 1263 3236 1316 datum
3265 1262 3332 1315 de
3375 1259 3654 1316 occidendo
3681 1259 3766 1312 lilio

2225 1379 2333 1417 non
2365 1371 2483 1417 erat
2531 1362 2842 1430 liguratum,
2877 1373 2978 1413 nec
3005 1371 3071 1412 eo
3110 1356 3289 1410 secius
3325 1359 3510 1406 contra
3551 1349 3762 1404 honesta-

2233 1465 2339 1509 tem
2369 1468 2578 1508 morum
2610 1454 2752 1507 'eral.
2790 1449 3124 1518 Praeceptum
3169 1445 3330 1503 etiam
3357 1441 3513 1498 Oscae
3542 1440 3771 1510 propheta:

2228 1549 2414 1604 datum
2446 1544 2782 1601 deducenda
2820 1543 3123 1604 meretrice,
3164 1539 3445 1608 ﬁguratum
3475 1550 3574 1588 non
3605 1532 3706 1600 luit,
3732 1533 3770 1587 in

2228 1658 2287 1697 se
2316 1649 2640 1705 spectatum,
2671 1647 2726 1692 et
2767 1647 2946 1690 tamen
2979 1633 3290 1688 indecorum
3323 1630 3442 1684 luit.
3483 1627 3674 1683 Nollem
3709 1644 3773 1681 re-

2229 1734 2382 1803 gulas
2419 1733 2534 1785 dari
2584 1730 2652 1786 de
2693 1743 2945 1784 sermone
2994 1727 3255 1794 ﬁgurato;
3309 1738 3396 1778 res
3444 1723 3582 1776 enim
3609 1721 3706 1790 ipsa
3735 1730 3775 1776 et

2229 1827 2440 1880 animus
2485 1823 2753 1892 loquentis
2779 1820 2906 1891 quid
2937 1818 3210 1889 proprium
3240 1816 3330 1883 sit,
3359 1814 3484 1883 quid
3513 1813 3774 1882 ﬁguratum,

2154 1907 2204 1970 Β
2229 1919 2358 1973 satis
2387 1914 2643 1971 ostendit.
2673 1913 2873 1968 Deinde
2895 1909 3219 1980 Augustinus
3245 1908 3523 1976 ﬁguratam
3551 1905 3772 1959 actionem

2230 2012 2420 2066 miscet
2449 2025 2570 2064 cum
2605 2009 2775 2080 tgpica
2817 2005 3147 2069 narratione,
3191 2017 3312 2072 qua:
3348 2008 3466 2056 toto
3495 1999 3626 2055 caelo
3654 1997 3774 2053 dide-

2228 2117 2372 2160 runt.

2298 2198 2428 2267 Cap.
2462 2197 2549 2264 12,
2576 2197 2602 2264 §
2633 2194 2720 2250 18.
2749 2195 2878 2261 Qum
2910 2201 3080 2246 autem
3104 2190 3256 2262 quasi
3284 2188 3546 2258 ﬂagitiosa
3567 2187 3773 2249 imperitis

2230 2293 2476 2352 videntur,
2505 2291 2609 2358 sive
2640 2296 2839 2341 tantum
2877 2287 3036 2350 dicta,
3084 2286 3188 2339 sive
3231 2283 3388 2335 etiam
3420 2285 3555 2350 facta
3574 2287 3694 2344 sunt,
3717 2279 3773 2332 vel

2227 2403 2289 2438 et.
2320 2385 2409 2438 Dei
2436 2399 2674 2453 persona,
2695 2381 2772 2435 vel
2797 2397 2858 2434 ea:
2887 2381 3148 2432 hominum
3169 2391 3390 2446 quorum
3412 2375 3553 2428 nobis
3571 2373 3769 2426 sanctitas

2227 2478 2636 2538 commendatur,
2665 2483 2770 2527 tota
2810 2478 3030 2544 figurata
3059 2469 3225 2529 sunt]
3258 2468 3337 2522 Ad
3381 2467 3544 2520 Deum
3573 2465 3696 2534 quod
3717 2473 3776 2516 at.

2230 2572 2382 2635 tinet,
2402 2569 2556 2638 cujus
2571 2569 2806 2639 perlecta
2831 2581 2893 2620 ac
2919 2563 3267 2619 immutabilis
3288 2570 3374 2617 est
3396 2560 3661 2622 sanctitas,
3685 2572 3775 2612 cer-

2228 2663 2432 2716 tissima
2489 2662 2607 2716 haec
2650 2671 2734 2715 est
2784 2658 2999 2728 regula;
3049 2655 3145 2711 sed
3200 2665 3536 2723 qtnecunque
3575 2649 3778 2704 fecerunt

2231 2755 2396 2810 sancti
2431 2754 2529 2809 viri
2561 2755 2658 2808 sub
2692 2753 2884 2807 Vetere
2915 2751 3265 2805 Testamento
3299 2747 3479 2800 minus
3513 2753 3668 2805 recta,
3692 2756 3776 2795 non

2235 2857 2356 2902 Sunt
2385 2857 2668 2916 propterea
2723 2845 2899 2914 typica
2943 2853 3036 2896 ant
3061 2843 3304 2909 ﬁgurata.
3352 2839 3592 2905 Exempli
3628 2849 3778 2896 causa,

2234 2939 2557 3010 polygamia,
2611 2938 2680 2993 de
2719 2953 2822 3005 qua
2851 2936 2974 3008 §20
3002 2945 3055 2989 et
3093 2934 3164 2988 27
3194 2933 3329 2988 nihil
3378 2932 3556 2985 l'abnit
3584 2924 3778 3001 t'ypicum

2235 3047 2410 3102 neque
2446 3032 2750 3101 ﬁguratum.
2784 3045 2957 3099 neque
2992 3028 3089 3083 fuit
3121 3024 3430 3090 laudabilis,
3470 3021 3560 3077 Sed
3595 3021 3778 3074 tolerata

2233 3140 2299 3178 eo
2327 3139 2461 3180 alvo.
2494 3133 2548 3176 ut
2578 3132 2632 3177 et
2660 3133 2840 3190 postea
2875 3121 3014 3173 inter
3036 3119 3270 3179 Judaaos,
3295 3114 3722 3186 quemadmodum
3740 3118 3781 3164 et

2236 3217 2545 3270 divortium.
2577 3214 2684 3270 Sed
2721 3211 2906 3266 laudes
2927 3227 2988 3265 ac
3015 3208 3440 3278 vituperationes
3466 3203 3780 3274 intelligenda:

535 3292 865 3355 repudianda
913 3301 956 3344 et
988 3291 1274 3361 fugienda.J
1323 3289 1634 3358 Verissime,
1683 3290 1776 3345 sed
1829 3291 2014 3344 inutile
2045 3301 2126 3344 ta-
2155 3280 2203 3344 C
2236 3323 2450 3377 semper
2488 3318 2635 3371 sum,
2681 3321 2779 3376 pro
2829 3304 3157 3374 ,emporibus
3204 3312 3258 3357 οι
3310 3299 3629 3355 hominibus,
3658 3296 3781 3365 Quod

537 3399 661 3438 men
697 3398 800 3437 non
829 3393 911 3437 est
937 3382 1232 3437 theoreticc
1278 3383 1424 3436 nosci
1455 3398 1574 3452 qua:
1599 3383 1666 3438 de
1697 3384 1900 3438 artibus
1931 3382 2038 3436 illis
2063 3383 2130 3437 ab

537 3475 770 3532 ethnicis
799 3475 901 3530 dici
932 3485 988 3530 et
1017 3475 1162 3530 credi
1195 3476 1464 3544 solebant,
1500 3487 1558 3531 ut
1589 3478 1704 3532 loca
1741 3477 2033 3546 Scriptura:
2064 3478 2128 3531 ad

539 3584 633 3624 eas
663 3572 961 3638 spectantia
991 3569 1258 3636 exillicare
1282 3564 1585 3638 possimus;
1612 3569 1752 3638 quod
1781 3571 2008 3625 feliciter
2035 3571 2132 3624 do-

539 3661 772 3718 ctissimi
801 3661 921 3724 viri,
959 3663 1242 3730 postremis
1273 3663 1421 3717 hisce
1447 3663 1678 3728 saeculis,
1708 3663 1945 3732 aggressi
1979 3673 2124 3718 sunt.

540 3753 702 3809 Multa
764 3770 857 3823 per
911 3769 969 3808 se
1023 3753 1201 3808 inania
1258 3765 1475 3824 pr0pter
1531 3771 1622 3810 eas
1671 3757 1962 3810 allusioncs
2005 3767 2128 3811 sunt

539 3847 714 3903 obiter
744 3849 1136 3914 cognoscenda.

610 3940 776 3995 Ltntto
814 3957 889 4005 ιιι,
921 3956 1039 4009 cap.
1073 3941 1138 4007 ‘2,
1174 3942 1200 4010 ς
1229 3942 1283 3996 5.
1319 3940 1424 3995 Illa
1470 3942 1705 3998 haeretica
1745 3935 2047 3998 distinctio:
2074 3945 2127 3998 ln

539 4033 804 4103 principio
832 4043 952 4087 erat
979 4033 1210 4087 Verbum
1256 4045 1306 4089 et
1343 4034 1576 4089 Verbum
1607 4046 1723 4089 erat
1765 4039 1900 4104 apud
1937 4038 2124 4099 Deum,

539 4139 595 4182 et
622 4128 758 4181 Deus
779 4133 895 4180 erat
920 4141 933 4190 ;
964 4135 1019 4179 ut
1044 4127 1176 4179 alius
1202 4143 1377 4180 sensus
1399 4128 1462 4180 sit
1487 4145 1505 4180 :
1534 4127 1765 4182 Verbum
1801 4125 1901 4182 hoc
1931 4138 2048 4183 erat
2078 4130 2126 4181 in

541 4221 806 4291 principio
837 4219 975 4289 apud
1015 4219 1209 4282 Deum;
1245 4237 1346 4272 non
1373 4221 1476 4274 vult
1523 4220 1741 4274 Verbum
1773 4221 1935 4274 Deum
1963 4222 2126 4288 con/i—

543 4313 685 4382 τετε.)
713 4313 788 4366 Ex
823 4311 924 4366 hoc
967 4313 1083 4365 loco
1124 4322 1178 4365 et
1220 4313 1433 4368 caeteris
1462 4329 1581 4383 qua:
1609 4314 1678 4368 de
1710 4315 1809 4366 hac
1835 4328 1894 4367 re
1924 4313 2127 4366 haben-

541 4414 630 4459 tur
658 4403 1032 4459 distinctiones
1063 4404 1240 4459 nullas
1267 4403 1530 4474 ascriptas
1575 4401 1740 4460 fuisse
1774 4407 1939 4475 liquet
1965 4408 2015 4459 in
2041 4421 2131 4459 co-

541 4496 756 4551 dicibus
783 4509 1022 4566 tempore
1059 4499 1356 4568 Augustini.
1387 4498 1500 4566 Qua
1529 4500 1595 4553 de
1618 4516 1676 4553 re
1708 4499 1826 4553 vide
1847 4516 1966 4568 quae
1993 4501 2128 4554 scri-

544 4588 652 4657 psit
682 4587 1111 4646 Joan.'Clericus
1143 4593 1195 4645 in
1232 4597 1362 4647 Arte
1393 4591 1609 4658 Critica,
1656 4602 1791 4662 part.
1827 4596 1880 4658 5,
1911 4605 2042 4649 sect.
2076 4597 2129 4659 1,

541 4695 664 4748 cap.
696 4682 781 4737 10.

614 4772 745 4842 Cap.
777 4778 831 4844 '5,
863 4774 890 4845 ᾗ
915 4774 964 4830 9.
1002 4773 1068 4830 1η
1087 4777 1340 4846 principio
1371 4777 1649 4830 cavendum
1669 4785 1741 4831 est
1768 4794 1830 4832 ne
1857 4778 2133 4848 ﬁguratam

542 4869 848 4923 locutionem
897 4869 962 4920 ad
1005 4869 1226 4923 litteram
1272 4869 1534 4938 accipias;
1580 4863 1626 4924 ei
1670 4871 1737 4923 ad
1781 4871 1877 4924 hoc
1923 4873 2136 4938 pertinet

543 4967 681 5035 quod
718 4967 787 5018 ait
836 4963 1375 5037 Apostolus:Littera
1417 4963 1636 5030 occidit,
1687 4967 1906 5033 Spiritus
1956 4979 2134 5022 autem

545 5058 809 5124 viviﬁcat;
835 5077 947 5113 cum
982 5060 1113 5113 enim
1142 5059 1361 5130 ﬁgurate
1391 5058 1582 5112 dictum
1612 5061 1684 5113 sic
1711 5062 1977 5132 accipitur,
2014 5073 2128 5115 tan-

546 5168 701 5215 quam
750 5153 954 5224 proprie
1004 5153 1195 5205 dictum
1247 5152 1347 5217 sit,
1401 5153 1680 5208 carnaliter
1730 5155 1976 5228 sapitur.]
2029 5158 2138 5212 lloc

545 5244 695 5300 Pauli
729 5246 847 5298 loco
879 5244 918 5298 ll
948 5245 1075 5299 Cor.
1111 5259 1189 5307 nt,
1240 5247 1291 5309 6,
1324 5246 1617 5300 abutuntur
1654 5263 1844 5302 omnes
1888 5249 2140 5318 allegori-

546 5349 665 5403 sua,
711 5355 816 5408 quo
863 5339 994 5392 nihil
1049 5339 1222 5394 simile
1275 5340 1630 5411 signiﬁcatur.
1692 5341 1802 5396 Hoc
1842 5345 1985 5398 enim
2028 5345 2140 5397 vult

549 5431 880 5502 Apostolus:
913 5431 1084 5499 legem
1133 5432 1417 5488 Mosaicam
1462 5434 1736 5501 occidere,
1787 5433 2138 5503 Evangelium

552 5541 682 5580 vero
724 5525 886 5578 vitam
938 5523 1086 5579 dare.
1129 5527 1260 5581 Nam
1305 5529 1524 5602 ’γράμμα
1563 5543 1706 5597 s:rpe
1752 5536 1908 5581 vocat
1945 5529 2138 5596 legem,

551 5623 755 5688 πνεῦμα
786 5633 916 5671 vero
957 5616 1344 5687 Evangelium;
1376 5620 1521 5688 quia,
1572 5629 1629 5673 ut
1657 5621 1872 5689 opinor,
1908 5619 1992 5674 lex
2019 5621 2142 5690 qni-

553 5710 675 5763 detn
701 5724 844 5762 mera
873 5719 956 5764 est
986 5708 1163 5764 littera
1192 5725 1314 5780 qua:
1343 5726 1448 5766 non
1472 5711 1672 5767 indicat
1698 5728 1793 5782 per
1816 5730 1877 5768 se
1907 5713 2149 5768 animum

554 5802 907 5872 legislatoris;
961 5803 1310 5873 Evangelium
1348 5818 1476 5858 vero
1526 5806 1766 5860 animum
1812 5807 1986 5874 ipsum
2029 5807 2148 5875 Dei,

554 5911 676 5950 cum
718 5897 885 5967 legem
920 5902 1100 5962 terret,
1156 5898 1348 5967 aperit.
1401 5896 1534 5952 Vide
1579 5909 1759 5953 notata
1803 5901 1901 5954 hac
1931 5901 1998 5955 de
2030 5917 2087 5957 re
2119 5920 2147 5958 a

2238 3404 2400 3459 habet
2443 3402 2774 3471 AuguStinus
2819 3400 2886 3454 de
2920 3407 3255 3469 temperante
3285 3412 3388 3451 usu
3433 3395 3650 3465 plurium
3679 3404 3784 3444 uxo-

2236 3512 2376 3563 rum,
2409 3496 2612 3564 paucis,
2645 3503 2701 3548 nt
2728 3494 2941 3560 Opinor,
2979 3491 3268 3558 persuasit.

2306 3589 2442 3658 Cap.
2481 3588 2565 3646 16.
2615 3588 2641 3658 §
2671 3587 2762 3642 ⁸24.
2797 3586 2857 3643 Si
2884 3586 3187 3654 praeceptiva
3227 3583 3420 3637 locutio
3455 3590 3529 3636 est
3557 3589 3640 3634 aut
3666 3576 3786 3648 flagi-

2234 3681 2386 3745 tium,
2419 3689 2509 3732 aut
2541 3681 2744 3747 facinus
2772 3689 2968 3740 vetans,
2991 3685 3082 3729 aut
3107 3676 3403 3740 utilitatem,
3434 3682 3522 3726 aut
3548 3669 3784 3736 beneﬁcen-

2235 3774 2358 3825 tiam
2388 3771 2584 3837 iubens,
2625 3785 2726 3823 non
2767 3781 2838 3823 est
2870 3769 3113 3839 ﬁgurata.
3153 3767 3213 3822 Si
3249 3777 3424 3820 autem
3454 3765 3693 3835 flagitium
3717 3768 3785 3812 aut

2235 3867 2435 3936 facinus
2461 3864 2656 3918 videtur
2681 3863 2871 3926 iubere,
2903 3872 2989 3914 aut
3016 3861 3310 3925 utilitatem,
3339 3867 3429 3912 aut
3447 3854 3784 3924 beneﬁcentiam

2232 3968 2420 4016 vetare,
2452 3957 2672 4024 ﬁgurata
2698 3965 2791 4009 est.
2826 3953 2934 4007 Nisi
2965 3952 3442 4014 manducaveritis,
3484 3950 3658 4017 inquit,
3685 3960 3782 4000 car-

2236 4065 2357 4103 nem
2392 4049 2512 4103 Filii
2543 4048 2774 4101 hominis
2794 4056 2848 4100 et
2877 4046 3191 4114 sanguinem
3221 4043 3487 4107 biberitis,
3520 4057 3618 4094 non
3649 4038 3782 4092 habe-

2235 4140 2360 4194 bitis
2392 4141 2552 4195 vitam
2586 4141 2638 4193 in
2669 4139 2842 4193 vobis.
2881 4136 3108 4191 Facinus
3141 4139 3217 4190 vel
3237 4138 3496 4206 ﬂagitium
3519 4133 3782 4198 videturju-

2235 4232 2372 4297 bere,
2412 4233 2580 4301 ﬁgura
2625 4243 2696 4285 est
2745 4247 2865 4303 ergo
2913 4231 3218 4300 prtecipiens
3269 4229 3495 4297 passioni
3542 4223 3785 4280 Dominictz

2235 4326 2714 4379 communicandum
2743 4333 2789 4379 et
2813 4326 3032 4378 suaviter
3060 4334 3207 4392 atque
3232 4323 3422 4376 utiliter
3448 4317 3784 4376 recondendum

2237 4417 2288 4469 in
2317 4417 2582 4476 memoria,
2611 4419 2746 4485 quod
2773 4433 2865 4485 pro
2903 4415 3050 4470 nobis
3076 4431 3196 4468 caro
3227 4418 3338 4486 ejus
3373 4413 3617 4479 cruciﬁxit
3641 4419 3683 4461 et
3700 4404 3786 4458 vul-

2235 4518 2414 4563 aerata
2443 4507 2556 4579 εει]
2612 4510 2724 4562 Non
2771 4508 2910 4563 male
2951 4508 3115 4562 verba
3169 4504 3368 4561 Christi
3424 4507 3785 4572 interpretatur,

2239 4620 2357 4673 qua:
2398 4604 2521 4658 alibi
2558 4613 2733 4657 tamen
2778 4603 2845 4656 de
2886 4600 3211 4657 encharistia
3253 4599 3512 4654 sumenda
3543 4603 3788 4666 perperam

2160 4665 2215 4725 D
2241 4706 2446 4752 censet.
2473 4697 2543 4751 At
2571 4696 2683 4765 ipsa
2723 4696 2905 4765 regula
2933 4704 3016 4748 sat
3041 4704 3292 4749 accurata
3321 4709 3426 4748 non
3453 4665 3555 4758 est,
3585 4701 3638 4743 ut
3660 4694 3787 4742 antea

2245 4791 2601 4845 ostendimus.
2632 4791 2970 4858 Accipiamus
3014 4800 3190 4843 tamen
3219 4789 3359 4858 quod
3392 4798 3590 4843 rectum
3630 4791 3719 4844 est,
3749 4787 3791 4832 et

2246 4883 2372 4938 hinc
2437 4882 2798 4950 intelligamus
2853 4882 2942 4952 qui
3001 4882 3328 4952 Augustinus
3399 4879 3672 4949 participes
3715 4884 3790 4926 nos

2247 4991 2404 5046 posse
2434 4977 2544 5030 ﬁeri
2575 4975 2821 5030 crederet
2849 4978 3090 5043 corporis
3115 4975 3332 5030 Christi.

2314 5071 2444 5139 Cap.
2471 5069 2562 5130 2i.
2598 5069 2626 5140 §
2655 5069 2746 5124 3i.
2770 5067 2995 5123 Narrata
3022 5068 3374 5123 similitudine
3405 5081 3507 5133 qua
3531 5063 3717 5118 Natlian
3739 5068 3791 5110 ex

2245 5179 2340 5217 ore
2386 5163 2603 5216 Davidis
2644 5162 2917 5231 expressit
2962 5161 3365 5214 damnationem
3415 5153 3652 5210 adulterii
3680 5144 3792 5216 quod

2245 5257 2614 5319 commiserat,
2656 5255 2726 5308 ita
2763 5255 2998 5321 loquitur
3029 5271 3042 5308 :
3077 5252 3162 5306 Ea:
3189 5269 3290 5322 quo
3320 5249 3616 5320 intelligitur
3637 5247 3793 5314 quanta

2257 5349 2596 5418 temperantia
2625 5348 2818 5401 multas
2851 5347 3094 5401 mulieres
3122 5347 3378 5402 htibuerit.
3411 5342 3609 5412 quando
3632 5337 3688 5390 de
3713 5344 3794 5384 una

2253 5444 2306 5495 in
2337 5459 2440 5510 qua
2481 5440 2698 5495 excessit
2738 5441 2965 5504 modum,
3010 5456 3041 5492 a
3089 5441 3256 5508 seipso
3285 5437 3456 5510 puniri
3494 5440 3685 5488 coactus
3719 5431 3792 5478 est.

2257 5532 2669 5586 Consectarium
2703 5531 2804 5584 hoc
2845 5531 2983 5585 male
3011 5530 3230 5585 ductum
3261 5544 3382 5585 esse
3429 5542 3580 5582 nemo
3617 5534 3709 5576 non
3733 5512 3794 5566 vi.

2263 5626 2376 5689 det,
2405 5639 2580 5693 neque
2627 5625 2770 5678 enim
2813 5622 3063 5692 plectitur
3094 5623 3258 5678 David
3299 5621 3439 5692 quod
3468 5633 3582 5674 cum
3619 5625 3709 5668 una
3734 5607 3796 5658 in—

2262 5718 2659 5786 temperantius
2676 5716 3075 5780 concubuisset,
3098 5715 3191 5770 sed
3214 5715 3352 5785 quod
3373 5721 3513 5768 esset
3535 5707 3618 5763 alii
3643 5708 3793 5768 nupta.

2260 5819 2315 5865 et
2344 5825 2464 5865 cum
2490 5824 2551 5864 ea
2585 5807 2886 5863 moechatus
2917 5821 3083 5866 esset.
3114 5807 3267 5876 Quod
3297 5808 3350 5862 in
3377 5798 3699 5860 similitudine
3716 5787 3796 5844 Na-

2263 5904 2440 5958 thanis
2480 5903 2683 5956 mentio
2720 5901 2780 5954 ﬁt
2805 5900 2957 5955 unius
2979 5903 3103 5965 ovis,
3148 5901 3198 5956 id
3242 5901 3437 5956 dicitur
3465 5895 3569 5953 κατ’
3598 5888 3794 5947 ἀντίϐασιν
