3954 6364
207 400 298 478 sti

887 417 1238 477 VARIORUM
1276 416 1876 473 EXERCITATIUNES
1922 418 1985 471 IN
2028 416 2086 473 S.
2134 420 2505 476 AUGUSTINI
2547 418 2802 477 OPERA.

3358 427 3467 484 3δῖ

207 534 269 588 sd
301 528 489 592 multas
528 533 745 590 Davidis
782 549 1017 599 uxores;
1072 534 1160 602 qui
1204 542 1381 588 tamen
1433 531 1617 587 multis
1664 531 1772 585 illis
1801 532 1848 592 Α
1880 533 2059 597 nibus,
2090 549 2223 603 quas
2251 540 2412 597 κοινάς
2435 536 2622 597 ἕννοίας
2654 552 2761 590 non
2790 552 2928 593 male
2956 541 3187 604 vocaris,
3214 554 3335 595 cuin
3364 543 3471 597 sint

211 641 305 680 non
359 637 641 682 contentus
700 626 897 681 infelici
953 625 1093 681 Uria:
1142 642 1302 680 unam
1352 640 1512 694 quam
1549 624 1781 679 habebat

209 721 489 789 eripuerat,
543 736 646 790 qua
687 719 1088 775 circumstantia
1129 728 1353 788 augetur
1392 718 1576 787 ﬂagitii
1606 717 1779 787 gravi-

210 820 300 868 tas.
344 811 510 877 Unde,
561 821 745 867 contra
778 827 937 883 quam
984 812 1111 867 fecit
1155 810 1510 882 Augustinus,
1560 809 1781 880 colligas

208 908 450 963 Davidem
495 906 837 961 libidinosum
887 894 1158 961 hominem
1200 904 1386 972 fuisse,
1422 905 1510 973 qui
1537 918 1657 957 cum
1705 911 1782 956 tot

206 999 421 1057 haberet
450 1016 652 1057 uxores
680 999 847 1065 domi,
883 1009 988 1055 tam
1021 998 1177 1055 facile
1199 998 1390 1053 aliena:
1417 1012 1602 1052 amore
1624 1011 1778 1052 exar-

202 1096 339 1149 serit.

265 1188 427 1243 Ltsno
468 1204 541 1253 tv,
574 1204 692 1257 cap.
724 1190 779 1253 7,
806 1188 833 1259 ᾗ
867 1188 955 1244 15.
1004 1187 1219 1242 Videtur
1245 1188 1378 1240 enim
1404 1186 1490 1239 ubi
1530 1187 1603 1239 ait
1628 1182 1783 1257 (Pau-

201 1279 302 1343 lus,
348 1278 396 1334 11
433 1279 558 1335 Cor.
602 1296 690 1347 st,
721 1278 826 1348 8):
877 1268 988 1333 Etsi
1032 1278 1310 1347 imperitus
1351 1292 1634 1344 sermone,
1687 1272 1781 1332 sed

200 1370 295 1424 non
324 1371 576 1434 scientia,
608 1371 756 1442 quasi
781 1370 1111 1426 contedendo
1140 1362 1567 1425 obtrectatoribus
1610 1371 1675 1422 sit
1708 1370 1785 1423 la-

208 1473 358 1530 rutus,
386 1478 513 1529 non,
540 1473 786 1535 tanquam
820 1463 874 1518 id
914 1462 1083 1519 verum
1111 1472 1427 1534 agnosceret,
1452 1459 1784 1531 conﬁtendo.]

217 1556 358 1627 Atqui
383 1572 475 1613 res
508 1559 621 1628 ipsa
650 1558 847 1612 clamat
868 1573 1053 1612 verum
1086 1572 1227 1612 esse.
1260 1555 1395 1611 Vide
1422 1554 1784 1609 additamenta

221 1651 357 1707 Joan.
384 1650 582 1707 Clerici
624 1651 689 1706 ad
722 1651 1110 1707 Adnotationes
1138 1640 1480 1705 Hammondi.
1524 1647 1632 1705 Nec
1666 1664 1784 1716 pro-

216 1748 378 1813 pterea
430 1744 659 1799 minoris
704 1744 918 1799 divinus
976 1743 1265 1812 Apostolus
1320 1741 1598 1797 faciendus
1662 1749 1783 1803 est;

214 1844 355 1903 quem
398 1853 503 1890 non
536 1842 855 1891 veneramur
895 1835 1046 1905 quasi
1075 1837 1417 1906 eloquentem
1451 1834 1654 1901 virum,
1691 1831 1785 1887 sed

1886 625 2045 679 totius
2094 626 2311 682 humani
2353 630 2590 697 generis,
2638 638 2949 684 avocarunt.
2996 632 3264 687 Caeterum
3314 635 3471 703 hujus

1884 715 2064 783 operis
2096 712 2293 770 malum
2338 733 2443 771 non
2481 728 2596 772 erat
2632 719 2935 786 consilium,
2979 722 3122 777 nulla
3152 724 3296 779 enim
3325 735 3471 780 recta

1884 804 2255 875 interpretatio
2306 819 2389 862 est
2435 826 2551 877 qua:
2598 825 2704 864 non
2745 812 2815 865 sit
2857 813 2925 865 ad
2968 814 3209 882 litteram,
3255 832 3321 871 ex
3366 832 3472 887 qua

1888 909 2071 969 postea
2110 910 2160 954 et
2208 900 2425 953 moralia
2471 911 2524 955 et
2569 902 2867 972 theologica
2902 905 3238 969 deducuntur
3282 925 3473 965 conse-

1888 994 2078 1049 ctaria.
2103 991 2209 1048 Sed
2242 1009 2308 1048 eo
2341 1009 2456 1049 (evo
2492 996 2875 1064 propemodum
2916 997 3113 1067 ignota:
3144 1010 3299 1055 erant
3326 1003 3469 1057 litte-

1888 1086 2031 1141 rales
2060 1102 2153 1140 seu
2181 1090 2543 1155 grammatica:
2568 1089 3067 1160 interpretationes;
3096 1109 3197 1149 nec
3226 1096 3477 1164 Augusti-

1888 1193 1987 1231 nus
2015 1193 2079 1231 eo
2113 1188 2371 1247 tempore,
2409 1195 2505 1234 nec
2545 1190 2754 1249 postea,
2784 1186 3100 1241 necessariis
3130 1202 3246 1241 eam
3274 1188 3326 1242 in
3354 1203 3473 1243 rem

1892 1269 2184 1324 instructus
2210 1271 2469 1337 praesidiis
2499 1274 2613 1327 luit.

1960 1364 2091 1427 Cap.
2126 1362 2178 1428 4,
2228 1362 2254 1435 §
2304 1365 2387 1418 17.
2426 1363 2604 1420 Potest
2656 1380 2823 1423 autem
2868 1381 2915 1424 et
2954 1372 3105 1425 aliter
3134 1374 3373 1448 intelligi,
3421 1382 3477 1431 ut

1893 1456 2129 1523 spiritum
2159 1454 2250 1510 Dei
2282 1457 2487 1511 vitalem
2525 1473 2835 1527 creaturam,
2865 1480 2964 1532 qua
2989 1466 3253 1521 universus
3281 1470 3374 1521 iste
3398 1472 3480 1524 vi-

1889 1548 2047 1602 sibilis
2071 1550 2286 1603 mundus
2312 1560 2461 1621 atque
2486 1556 2656 1606 omnia
2677 1572 2927 1623 corporea
2953 1562 3275 1615 continentur
3301 1574 3347 1617 et
3369 1581 3503 1617 mar

1893 1650 2070 1694 rentur
2102 1643 2489 1717 intelligamus;
2522 1648 2603 1699 cui
2648 1646 2788 1703 Deus
2821 1653 3138 1720 omnipotens
3166 1656 3343 1707 tribuit
3384 1659 3484 1710 vim

1891 1733 2169 1802 quamdam
2212 1737 2309 1788 sibi
2340 1739 2611 1801 serviendi,
2653 1741 2719 1793 ad
2748 1746 3063 1812 operandam
3103 1748 3155 1798 in
3186 1748 3244 1799 iis
3268 1764 3381 1816 qua?
3410 1749 3484 1819 gi-

1893 1825 2168 1898 gnuntur.]
2222 1824 2346 1881 Haec
2390 1829 2488 1885 fuit
2518 1834 2783 1887 sententia
2824 1834 3104 1906 TheOphili
3137 1840 3481 1909 Antiocheni,

215 1936 266 1981 ut
289 1928 588 1997 apostolum
612 1927 809 1987 Christi
844 1928 1067 1984 munere
1091 1943 1192 1982 suo
1219 1942 1426 1982 summa
1458 1924 1561 1982 fide
1590 1940 1651 1981 ac
1674 1925 1786 1979 for-
1818 1912 1866 1973 Β
1894 1917 1981 1985 aui
2013 1918 2147 1972 libro
2175 1935 2208 1972 ιι
2234 1921 2296 1974 ad
2326 1924 2671 1995 Autolycum,
2704 1928 2781 1982 sic
2810 1929 3044 1999 loquitur
3074 1950 3086 1985 :
3116 1942 3313 2005 Πνεῦμα
3344 1936 3397 1992 δὲ
3426 1940 3485 1994 τὸ

221 2021 430 2077 titudihe
455 2021 789 2081 defunctum.

289 2114 413 2170 Ibid.
460 2114 748 2183 Postquam
791 2110 927 2168 dixit
961 2127 1021 2168 se
1053 2112 1238 2169 Amosi
1274 2110 1390 2167 loca
1428 2110 1786 2181 prolaturum,

234 2205 423 2262 subdit:
453 2222 556 2259 non
584 2217 755 2260 autem
780 2205 1061 2259 secundum
1103 2204 1445 2274 Septuaginta
1466 2203 1786 2271 interpretes,

236 2303 306 2371 qui
336 2315 489 2355 ετιΑκ
521 2306 618 2354 IPSI
650 2301 825 2353 divino
857 2298 1059 2370 Spiritu
1090 2298 1429 2369 interpretati,
1459 2296 1527 2349 ad
1570 2297 1665 2349 Itoc
1695 2296 1791 2347 ati-

238 2406 299 2449 tsr
324 2393 539 2447 ridentur
564 2392 817 2446 nonnulla
857 2392 1068 2455 dixisse,
1101 2402 1157 2444 ut
1178 2392 1245 2443 ad
1275 2388 1562 2455 spiritalem
1590 2402 1791 2442 sensum

241 2488 536 2539 trrutandum
575 2486 939 2538 admoneretur
983 2485 1185 2537 lectoris
1226 2483 1475 2545 intentio,
1525 2492 1631 2536 etc.
1685 2482 1790 2536 Sed

241 2582 346 2631 sicut
370 2594 428 2632 ea:
449 2576 667 2630 Hebraeo
694 2578 748 2630 in
784 2574 1020 2629 Latinum
1048 2575 1307 2645 eloquium
1333 2574 1630 2644 presbytero
1661 2572 1789 2626 Hiec-

238 2684 419 2740 ronymo
444 2670 707 2739 utriusque
738 2669 927 2740 ltngute
954 2670 1116 2737 perito
1150 2669 1515 2736 interpretante
1543 2664 1793 2719 translata

238 2759 374 2831 sunt.]
404 2759 660 2829 SuSpecta
706 2760 836 2813 mihi
885 2766 1009 2812 sunt
1054 2759 1236 2823 verba,
1289 2759 1439 2811 etiam
1479 2757 1577 2824 ipsi
1622 2758 1793 2809 divino

241 2852 411 2918 Spiritu
435 2853 787 2921 interpretati;
810 2852 929 2921 quis
951 2850 1095 2904 enim
1124 2850 1261 2903 alius
1291 2849 1561 2915 interpres
1584 2864 1649 2901 eo
1679 2864 1795 2901 aevo

241 2944 391 2997 divino
430 2944 633 3013 Spiritu
667 2952 815 2998 actus
844 2942 1203 2997 credebatur?
1235 2941 1310 2995 De
1342 2939 1667 3010 Hieronymo
1695 2939 1797 2996 hoc

243 3036 493 3102 instremis
535 3038 741 3089 tantum
790 3035 940 3089 hisce
988 3034 1201 3089 saeculis
1234 3033 1512 3102 jactatum.
1547 3032 1796 3087 Fortasse

251 3138 389 3184 tamen
420 3132 478 3185 τὸ
504 3133 660 3183 etlam
705 3143 810 3183 non
847 3135 951 3182 tam
990 3126 1211 3196 reSpicit
1247 3126 1410 3180 alium
1442 3126 1792 3193 interpretem

254 3236 371 3288 quam
396 3226 685 3292 scriptores
730 3224 873 3290 Ipsos
904 3233 1119 3284 sacros;
1164 3221 1299 3274 adeo
1348 3228 1404 3272 ut
1429 3220 1658 3273 voluerit
1686 3222 1794 3272 Au-

1894 2013 2246 2088 ἑπιφερόμενον
2276 2019 2358 2070 ἐπὶ
2388 2025 2476 2072 τοῦ
2510 2018 2695 2080 ὕδατος
2721 2018 2745 2075 ὃ
2778 2020 2960 2078 ἔδωκεν
2983 2025 3006 2079 ὁ
3032 2029 3156 2086 Θεὸς
3186 2030 3490 2099 Cruor/ornatu

1904 2113 1965 2181 τῇ
1990 2108 2149 2161 κτίσει
2179 2110 2409 2183 καθάπερ
2440 2112 2685 2187 ἀνθρώπῳ
2714 2113 2915 2185 ψυχὴν,
2940 2126 3012 2189 τῷ
3040 2118 3208 2189 λεπτῷ
3234 2123 3291 2174 τὸ
3305 2122 3486 2178 λεπτὸν

1901 2199 2251 2274 συγκεράσας’
2286 2202 2345 2254 τὸ
2374 2201 2472 2274 ’,ἀρ
2500 2210 2702 2274 πνεῦμα
2732 2206 2910 2261 λεπτὸν
2939 2211 3019 2262 καὶ
3053 2209 3254 2279 τὸῦδωρ
3281 2213 3482 2271 λεπτὸν.

1895 2288 2034 2351 ὅπως
2056 2293 2113 2346 τὸ
2146 2295 2234 2366 μὲν
2259 2289 2461 2363 ἕτνεῦμα
2482 2298 2635 2370 τρέφῃ
2666 2300 2722 2352 τὸ
2752 2298 2909 2373 ὕδωρ,
2944 2303 3002 2355 τὸ
3032 2299 3084 2356 δέ
3110 2302 3247 2379 ὕδωρ
3277 2307 3371 2357 σὺν
3409 2315 3484 2377 τῷ

1894 2385 2152 2453 nuncuparit
2198 2389 2353 2459 τρέφῃ
2409 2393 2498 2445 τήν
2548 2392 2711 2445 κτίσιν
2758 2390 3093 2465 διὶκνούμενον
3134 2400 3485 2469 πανταχόσεε

1898 2475 1961 2526 At
1999 2476 2237 2542 spiritum
2276 2478 2363 2546 qui
2394 2478 2651 2547 ferebatur
2694 2499 2847 2551 super
2892 2500 3054 2551 aquas
3086 2485 3299 2554 largitus
3350 2485 3490 2543 Deus

1898 2575 2165 2631 creaturas,
2201 2576 2256 2620 ut
2284 2572 2397 2639 ejus
2425 2587 2579 2635 opera
2612 2574 2767 2641 possit
2806 2576 3088 2644 producere
3116 2577 3352 2642 viventia,
3387 2597 3489 2634 non

1894 2672 2038 2712 secus
2064 2676 2126 2712 ac
2171 2659 2364 2715 homini
2392 2666 2616 2717 animam
2645 2667 2899 2733 attribuit,
2942 2678 3088 2723 tenue
3116 2673 3251 2725 tenui
3279 2676 3491 2725 consmi-

1894 2767 2041 2806 scens
2083 2752 2228 2823 (nam
2260 2758 2471 2826 spiritus
2507 2774 2599 2811 sua
2644 2770 2829 2813 natura
2871 2765 3036 2817 tenuis
3092 2774 3183 2825 est,
3224 2766 3397 2819 itidem
3442 2777 3489 2820 et

1897 2842 2058 2915 aqua)
2086 2856 2102 2909 ;
2132 2856 2188 2899 ut
2223 2849 2438 2915 spiritus
2470 2853 2665 2904 nutriat
2694 2870 2901 2921 aquam,
2933 2865 2981 2907 et
3008 2873 3143 2925 aqua
3174 2858 3352 2911 addita
3380 2860 3486 2929 spi-

1895 2937 2019 2989 ritui
2042 2940 2235 2992 nutriat
2266 2952 2552 2995 creaturam
2580 2946 2893 3011 universam,
2917 2950 3089 3001 omnia
3123 2966 3403 3017 permeans.

1969 3028 2097 3099 Cap.
2130 3030 2184 3095 6,
2217 3030 2244 3101 δ
2284 3033 2373 3088 26.
2411 3033 2572 3089 Omne
2614 3038 2802 3107 quippe
2841 3039 3145 3094 vocabulum
3189 3044 3256 3094 ad
3307 3043 3488 3094 distin-

1899 3123 2115 3175 ctionem
2163 3124 2335 3179 valet.
2376 3124 2524 3181 Unde
2564 3130 2719 3182 etiam
2754 3147 2962 3199 nomen,
3003 3137 3140 3202 quod
3186 3150 3295 3187 rem
3327 3146 3487 3203 nutet,

1900 3216 2221 3281 appellatum
2258 3227 2353 3283 est,
2401 3222 2548 3288 quasi
2590 3223 2873 3297 notamen.]
2908 3226 3019 3279 Imo
3064 3242 3091 3280 a
3125 3245 3280 3282 nosco
3313 3228 3369 3281 fit
3402 3246 3491 3282 no-

247 3287 448 3380 gsstinus
473 3287 579 3369 non
610 3287 814 3368 tantum
847 3326 1029 3367 sacros
1052 3313 1361 3381 scriptores,
1393 3312 1485 3366 sed
1517 3313 1677 3366 etiam
1708 3312 1792 3365 in-
1818 3287 1868 3351 (ἶ
1899 3324 2037 3373 men,
2068 3309 2211 3378 quod
2242 3325 2343 3380 ope
2375 3314 2603 3367 nominis
2647 3331 2731 3369 res
2772 3328 3079 3373 noscantur.
3129 3319 3261 3375 Vide
3296 3321 3393 3375 hac
3424 3322 3492 3376 do‘

248 3415 474 3472 terpretes
491 3407 638 3475 ipsos
659 3405 878 3460 Graecos
896 3419 923 3458 a
943 3405 1143 3474 Spiritu
1168 3412 1353 3456 sancto
1375 3404 1583 3457 amatos
1607 3403 1790 3458 fuisse.

299 3496 413 3565 Cap.
444 3497 536 3563 24,
582 3496 610 3567 §
660 3498 747 3551 55.
786 3494 862 3551 De
901 3495 1338 3550 Caesareensibus
1378 3494 1577 3548 dicenti
1618 3497 1797 3564 Augu-

243 3588 365 3642 stino
385 3588 799 3643 acclamantibus
825 3587 981 3641 :Non
1002 3598 1168 3640 tamen
1193 3588 1353 3659 egisse
1374 3587 1569 3655 aliquid
1594 3603 1672 3640 me
1695 3600 1797 3653 pu-

246 3683 350 3746 tari,
375 3699 481 3736 cum
510 3700 595 3737 eos
624 3684 858 3737 audirem
887 3682 1246 3744 acclamantes,
1289 3682 1377 3733 sed
1405 3696 1522 3732 cum
1554 3696 1636 3734 eos
1664 3684 1797 3749 [leu-

240 3782 301 3826 tes
331 3776 558 3829 viderem.
589 3774 1052 3830 Acclamationibus
1079 3775 1267 3845 quippe
1300 3789 1354 3826 se
1381 3774 1550 3827 doceri
1580 3783 1627 3826 et
1656 3774 1797 3827 dele-

242 3871 377 3931 ctari,
408 3870 538 3937 ﬂecti
581 3879 751 3921 autem
793 3869 1033 3937 lacrymis
1080 3862 1425 3935 indicabant]
1459 3866 1614 3934 Saepe
1656 3867 1799 3934 ejus-

234 3958 367 4011 uiodi
408 3961 849 4014 act-.lnmationum
891 3960 943 4013 iu
998 3957 1379 4013 ecclesiasticis
1436 3959 1799 4013 monumentis

233 4052 418 4104 mentio
438 4051 535 4116 fit;
568 4066 687 4119 qum
720 4066 879 4120 quam
911 4049 1189 4104 aflicerent
1228 4064 1409 4103 sacros
1438 4058 1681 4103 oratores
1704 4065 1797 4103 ne-

233 4142 358 4208 scio,
386 4144 473 4197 sed
505 4142 783 4198 indecoras
822 4142 985 4219 fuisse
1029 4141 1164 4210 scio,
1210 4151 1262 4195 et
1288 4150 1441 4209 aptas
1479 4143 1543 4197 ad
1583 4156 1678 4196 eos
1700 4142 1802 4195 mi-

236 4246 344 4288 rum
388 4234 438 4289 in
484 4235 700 4289 modum
740 4234 1029 4289 inﬂandus.
1082 4234 1238 4290 Plebs
1279 4233 1609 4303 frequentius
1647 4235 1802 4305 nugis

237 4327 515 4394 applaudit,
552 4329 596 4381 si
626 4328 735 4382 sint
759 4338 905 4397 grata
950 4342 1081 4382 voce
1107 4338 1161 4382 et
1196 4327 1390 4383 decora
1436 4328 1647 4383 actione
1680 4344 1800 4398 pro-

240 4422 500 4487 nuntiatae,
554 4437 713 4490 quam
771 4422 927 4476 bonis
977 4422 1503 4487 ratiocinationibus;
1574 4434 1627 4478 et
1679 4439 1800 4479 cum

242 4508 467 4575 plausum
512 4510 693 4567 ferunt
730 4512 966 4581 ineptiae,
1002 4513 1213 4569 meliori
1251 4515 1481 4568 orationi
1527 4526 1799 4585 negatum,

242 4600 350 4656 hinc
384 4604 441 4657 fit
470 4615 529 4659 ut
555 4605 890 4676 negligantur
918 4621 1037 4674 qua:
1070 4606 1210 4675 plebi
1244 4607 1421 4660 minus
1454 4608 1680 4674 placent,
1707 4623 1800 4663 co-

1902 3414 1961 3455 re
1985 3400 2108 3456 Ger.
2133 3399 2355 3456 Joannis
2384 3402 2559 3459 Vossii
2594 3406 3020 3477 Etymologicon.

2374 3526 3019 3601 ANIMADVERSIONES

2154 3669 2204 3709 ΙΝ
2237 3671 2416 3709 LIBROS
2443 3673 2515 3710 XII
2548 3674 2611 3711 DF.
2641 3674 2823 3713 GENESI
2854 3678 2919 3714 AD
2953 3677 3237 3719 ιιττειιιι.

1977 3766 2140 3822 ιιικο
2167 3780 2204 3820 ι.
2235 3766 2365 3837 Cap.
2403 3770 2489 3832 10,
2520 3770 2545 3839 §
2575 3770 2663 3824 2!.
2703 3772 2766 3825 In
2809 3773 2937 3826 libro
2966 3777 3055 3843 qui
3074 3777 3361 3847 appellatur
3392 3776 3495 3832 Ec-

1902 3861 2176 3928 clesiastes,
2221 3863 2294 3915 ita
2340 3864 2586 3935 scriptum
2624 3876 2694 3918 est
2722 3882 2738 3918 :
2765 3866 2834 3920 Et
2868 3868 3038 3921 oritur
3086 3869 3167 3923 sol
3214 3879 3268 3923 et
3299 3871 3495 3925 occidit

1903 3952 2006 4014 sul,
2033 3962 2087 4005 et
2117 3953 2169 4006 in
2194 3954 2369 4009 locum
2400 3970 2555 4008 suum
2589 3956 2824 4017 ducitur,
2857 3956 2954 4010 hoc
2978 3970 3073 4022 est,
3111 3963 3161 4011 in
3186 3976 3301 4014 eum
3323 3961 3494 4014 locant

1906 4046 2042 4097 unde
2062 4054 2204 4099 ortus
2230 4057 2322 4099 est.
2355 4046 2600 4116 Sequitur
2622 4050 2754 4101 enim
2794 4060 2841 4103 et
2865 4052 2987 4104 dicit
3011 4068 3030 4105 :
3057 4052 3174 4120 Ipse
3204 4054 3395 4108 Oriens
3420 4053 3489 4107 il-

1905 4135 1994 4188 lud
2024 4135 2256 4190 vaditad
2292 4139 2550 4192 Austrum
2599 4148 2653 4192 et
2688 4142 2878 4194 circuit
2917 4142 2980 4195 ad
3016 4143 3355 4212 Aquilonem.
3392 4148 3499 4198 Au-

1903 4229 2077 4281 stralis
2100 4244 2219 4299 ergo
2240 4245 2359 4299 pars
2390 4242 2504 4281 cum
2548 4232 2691 4284 habet
2717 4233 2893 4296 solem,
2919 4234 3069 4287 nobis
3097 4235 3205 4287 dies
3237 4246 3308 4289 est
3331 4254 3349 4302 ;
3378 4253 3495 4291 cum

1904 4331 2073 4374 autem
2101 4324 2169 4376 ad
2195 4322 2465 4391 Aquilonis
2494 4335 2687 4389 partem
2732 4328 3032 4379 circumiens
3062 4329 3307 4395 pervenit,
3352 4330 3498 4384 nobis

1903 4431 2009 4469 nos:
2036 4415 2158 4487 est.]
2194 4416 2391 4471 Versus
2423 4416 2642 4484 quidem
2676 4418 2709 4471 5
2738 4432 2858 4484 cap.
2884 4434 2899 4471 ι
2922 4418 3263 4474 Ecclesiasten
3296 4421 3360 4474 de
3384 4422 3501 4477 sole

1906 4512 2036 4579 agit,
2072 4511 2165 4565 sed
2191 4525 2310 4579 cap.
2354 4526 2402 4562 vr
2427 4511 2640 4563 videtur
2671 4510 2737 4563 de
2764 4521 2928 4564 vento
2960 4520 3166 4565 tantum
3199 4512 3501 4582 intelligen-

1908 4603 2029 4667 dus,
2070 4613 2128 4655 ut
2180 4601 2449 4655 docebunt
2501 4606 2863 4654 accuratiores
2904 4602 3245 4670 interpretes.
3300 4603 3498 4657 Verum

246 4698 405 4749 lantur
451 4712 581 4753 vero
619 4714 737 4767 quae
779 4708 906 4753 sunt
954 4709 1115 4754 recta:
1158 4700 1348 4753 rationi
1398 4703 1688 4755 contraria.
1726 4703 1803 4757 Ex
1830 4678 1887 4742 D
1912 4697 2013 4751 hoc
2042 4710 2147 4749 non
2172 4696 2399 4765 agimus,
2443 4709 2615 4763 neque
2656 4696 2797 4747 enim
2840 4697 3283 4751 cummentarium
3310 4699 3503 4752 scribi-

244 4786 347 4842 toro
392 4800 445 4844 et
490 4789 697 4846 theatro
742 4791 865 4845 talia
922 4792 973 4845 in
1026 4790 1320 4846 Ecclesiam
1370 4793 1645 4847 transferri
1698 4810 1801 4848 non

246 4884 479 4952 oportuit.

696 4977 1340 5033 ANIMADVERSIONES

325 5084 369 5124 IN
396 5087 583 5127 LIBRUM
612 5088 989 5128 IHPEBFECTUM
1013 5089 1076 5127 DE
1099 5086 1284 5127 GENESI
1317 5088 1382 5124 Al)
1408 5086 1695 5124 LITTERAM.

308 5160 426 5231 Cap.
464 5166 513 5228 1,
543 5164 571 5235 ς
603 5164 655 5219 5.
684 5163 808 5218 Esse
833 5176 1003 5218 autem
1028 5164 1198 5216 omnia
1224 5179 1336 5231 qua:
1366 5163 1483 5232 fecit
1514 5161 1648 5215 Deus
1675 5162 1806 5218 bona

252 5256 408 5319 valde;
448 5259 582 5310 mala
622 5272 737 5310 vero
778 5274 877 5310 non
906 5274 1013 5311 esse
1053 5256 1333 5317 naturalia,
1376 5256 1465 5309 sed
1497 5273 1645 5310 onme
1672 5258 1806 5327 quod
1845 5255 1850 5261 ’

253 5346 309 5398 dit
324 5350 415 5400 itur
440 5352 651 5412 malum,
684 5359 774 5402 aut
800 5360 1059 5416 peccatum
1084 5364 1211 5413 esse,
1246 5356 1333 5399 aut
1356 5364 1559 5416 poenam
1590 5350 1803 5415 peccati.

256 5435 347 5489 Nec
378 5455 476 5491 esse
503 5450 788 5510 peccatum,
824 5441 921 5491 nisi
961 5455 1169 5509 pravum
1199 5439 1369 5491 liberte
1416 5440 1690 5492 voluntatis
1719 5456 1808 5493 as-

252 5544 453 5594 sensum,
485 5547 599 5584 cum
647 5532 956 5584 inclinantur
996 5532 1061 5584 ad
1105 5548 1162 5583 ea
1204 5547 1317 5601 quae
1345 5532 1549 5602 justitia
1580 5543 1728 5598 vetat,
1763 5542 1810 5586 et

253 5624 365 5673 unde
386 5624 588 5677 liberum
612 5634 680 5678 est
713 5622 1013 5693 abstinete]
1039 5624 1163 5678 Haec
1198 5626 1473 5679 verissima
1512 5636 1594 5678 est
1615 5638 1667 5680 et
1688 5642 1811 5695 pec-

250 5716 339 5766 eati
376 5728 425 5770 et
462 5719 725 5772 libertatis
764 5716 1032 5779 detinitio,
1074 5733 1191 5785 quae
1233 5718 1300 5771 ab
1329 5718 1577 5771 omn-bus
1620 5720 1809 5785 proba-

249 5806 409 5871 batur,
453 5822 505 5863 et
551 5825 767 5878 semper
808 5810 1030 5879 probata
1085 5811 1290 5874 fuisset,
1336 5810 1433 5865 nisi
1496 5810 1812 5866 incidissent

246 5897 620 5958 Controversia:
660 5902 987 5971 Pelagians;
1025 5919 1143 5973 qurc
1176 5904 1525 5973 Augustinum
1575 5918 1603 5965 ι
1636 5905 1813 5957 notio-

1916 4801 2033 4841 mus
2056 4787 2107 4839 in
2137 4787 2250 4841 loca
2273 4788 2341 4841 ab
2368 4786 2667 4855 Augustino
2697 4787 2872 4841 minus
2893 4789 3032 4841 bene
3053 4789 3333 4858 explicata.
3360 4794 3502 4847 Ante

1913 4881 2113 4943 omnia,
2146 4879 2681 4933 animadvertendum
2723 4879 2808 4933 hic
2839 4882 3089 4935 mendum
3124 4896 3243 4936 esse
3283 4885 3335 4937 in
3368 4899 3502 4941 voce

1914 4975 2066 5037 illud,
2091 4984 2144 5027 et
2172 4972 2457 5041 legendum
2482 4973 2610 5038 illic,
2637 4973 2717 5027 sic
2740 4974 2883 5027 enim
2912 4975 3052 5029 hunc
3072 4976 3247 5030 locum
3286 4992 3352 5032 ex
3381 4995 3503 5033 ver-

1912 5065 2065 5119 sione
2093 5066 2313 5133 antiqua
2352 5064 2558 5133 profert
2588 5065 2980 5136 Hieronymus:
3005 5076 3053 5120 et
3083 5068 3245 5121 oritur
3266 5071 3374 5137 ipse
3404 5071 3499 5128 ibi.

1921 5157 2077 5211 Vadit
2116 5159 2184 5209 ad
2212 5158 2477 5225 Austrum,
2512 5170 2619 5212 etc.
2660 5160 2712 5211 In
2749 5158 2985 5212 editione
3017 5160 3220 5214 Erasmi
3248 5174 3327 5215 est
3354 5163 3502 5231 illuc,

1912 5254 2057 5321 quod
2094 5253 2158 5307 ad
2202 5269 2381 5307 veram
2434 5255 2712 5309 lectionem
2766 5257 2985 5324 propius
3020 5257 3246 5311 accedit.
3300 5258 3505 5315 Deinde

1916 5347 2266 5417 quaerendum
2299 5357 2444 5402 esset
2472 5365 2500 5402 a
2533 5363 2639 5417 quo
2670 5357 2982 5401 astronomo
3012 5351 3335 5418 Augustinus
3366 5352 3505 5406 didi-
3538 5344 3547 5367 ”

1916 5441 2101 5505 cisset,
2152 5457 2265 5493 cum
2307 5440 2562 5493 Australis
2606 5456 2728 5508 pars
2770 5440 2918 5493 liabet
2959 5442 3140 5506 solem,
3187 5444 3330 5496 nobis
3372 5446 3507 5497 diem

1919 5549 2059 5597 esse;
2088 5550 2208 5586 cum
2250 5543 2417 5587 autem
2459 5532 2527 5584 ad
2553 5534 2819 5602 Aquilonis
2841 5546 3039 5605 partem
3065 5538 3363 5589 circumiens
3392 5554 3509 5604 per-

1922 5627 2078 5690 vinit,
2115 5624 2260 5678 nobis
2300 5633 2498 5677 noctem
2535 5626 2679 5679 esse?
2718 5627 3050 5680 Crediderim
3076 5643 3197 5682 eum
3232 5629 3444 5681 audisse
3476 5644 3507 5682 a

1915 5718 2166 5786 quopiam
2193 5732 2314 5769 cum
2344 5717 2595 5770 australis
2620 5734 2767 5786 pars,
2794 5718 2895 5773 hoc
2916 5730 3021 5783 est,
3048 5720 3296 5772 australia
3331 5720 3506 5786 signa,

1917 5818 2301 5879 percurruntur
2330 5824 2358 5862 a
2389 5810 2524 5875 sole,
2559 5812 2711 5865 nobis
2746 5812 2977 5867 hiemem
3019 5828 3139 5866 esse
3165 5829 3177 5841 ·
3211 5814 3335 5866 dum
3378 5828 3507 5866 vero

1917 5900 2248 5967 aquilonaria
2278 5896 2426 5970 signi
2463 5914 2729 5973 peragrat.
2751 5913 3028 5969 aestatem;
3063 5902 3155 5959 sed
3182 5919 3300 5958 eum
3333 5916 3506 5959 astro-
