1977 3182
253 168 307 198 345

696 163 975 194 Sl'PPLEMENTUM
995 164 1042 192 AD
1061 163 1175 191 OPEBA
1196 163 1224 192 S.
1246 164 1443 197 AUGUSTINI.
1821 170 1861 200 su

252 227 348 254 nomia:
378 234 488 262 prorsus
511 225 651 261 imperitus
679 228 761 257 esset,
786 224 857 252 diem
883 229 910 251 et
935 227 1041 250 noctem
1057 223 1082 252 Α
1094 223 1170 258 aquis
1184 229 1263 258 supra
1278 222 1375 250 ctelum
1392 221 1580 258 intelligendus
1594 222 1629 251 sit
1643 221 1676 251 de
1694 223 1800 253 nubibus
1812 227 1862 255 infe.

252 274 336 301 .estati
349 278 429 309 atque
443 273 535 306 hiemi,
553 272 693 299 vacillante
706 271 846 304 memoria,
860 269 1042 298 substituisse.

252 322 334 349 Multo
348 321 443 349 melius
459 320 646 356 Hieronymus,
663 319 696 346 ad
712 327 784 347 vers.
800 319 827 352 6,
842 318 864 346 si
881 316 961 355 modo
973 318 998 343 in
1012 323 1044 343 co

252 369 285 396 de
300 368 356 395 sole
373 375 462 395 sermo
483 367 537 394 sit:
554 366 622 393 Hinc
636 374 783 402 possumus,
801 365 897 400 inquit,
919 364 1046 392 wstimare

252 414 341 441 hiemis
354 419 465 447 tempore
482 412 561 440 solent
578 412 612 439 ad
626 412 795 439 meridianam
813 412 917 447 plagam
932 418 1045 443 currere,

252 467 275 488 et
285 470 330 497 per
342 465 453 488 aestatem
464 459 629 495 septentrioni
640 466 693 486 esse
702 458 824 485 uicinum.

287 508 368 535 Liano
382 515 418 541 ιι,
435 514 494 542 cap.
512 507 544 541 5,
559 506 571 541 §
585 506 612 534 9.
630 505 772 541 Postquam
784 504 850 532 dixit
864 504 969 533 Saturni
983 504 1048 532 stel-

252 555 304 582 lam
319 555 439 589 frigidam
454 554 487 580 ab
501 553 642 588 astrologis
656 552 766 586 haberi,
781 552 820 579 sic
835 557 927 580 contra
941 552 1048 579 ratioci-

253 608 331 630 natur
345 611 352 629 :
371 601 498 635 Quteritur
512 602 598 636 itaque
620 600 651 628 ab
674 602 710 628 eis
725 601 793 627 unde
804 601 851 627 illa
863 590 938 627 stella
952 600 984 626 sit
999 600 1048 634 fri-

253 649 312 685 gida
324 669 331 681 ,
346 656 402 683 qua:
416 653 485 675 tanto
499 647 630 674 ardentior
648 655 701 674 esse
720 647 839 679 deberet,
860 650 955 681 quanto
971 645 1050 671 subli-

253 696 333 722 miore
346 694 408 721 coelo
423 694 533 728 rapitur.
559 693 627 720 Nam
651 692 739 727 procul
764 693 839 719 dubio
859 700 917 718 cum
937 691 1051 718 rotunda

254 742 332 768 moles
344 741 462 768 circulari
477 745 545 767 motu
558 740 652 775 agitur,
668 739 791 766 interiora
801 741 857 775 ejus
871 738 969 765 tardius
979 743 1050 771 eunt,

254 788 378 814 exteriora
391 788 506 817 celerius,
523 791 550 812 ut
566 787 666 821 majora
681 786 763 821 spatia
777 793 834 812 cum
850 784 1004 812 brevioribus
1018 785 1052 812 ad

254 835 355 862 eosdem
378 842 454 869 gyros
474 834 569 867 pariter
591 838 741 865 occurrunt;
763 840 819 867 quo:
833 837 918 860 autem
933 833 1050 866 celerius,

255 882 340 915 utique
352 880 510 916 ferventius]
536 880 584 907 llic
599 887 710 907 cernere
728 880 807 907 liceat
819 903 826 914 ,
843 880 905 915 quid
921 881 955 908 sit
970 881 1052 908 ratio-

1097 270 1160 298 riori
1183 271 1238 298 aeri
1264 270 1485 305 imminentibus,
1512 276 1541 298 ut
1563 276 1637 298 recte
1654 270 1749 300 dudum
1771 274 1864 310 coniecit

1096 318 1200 353 quidam
1220 318 1317 353 (neque
1327 318 1398 345 enim
1412 318 1491 345 aliter
1502 318 1667 354 designatur)
1683 320 1755 354 cujus
1766 324 1866 352 meminit

1098 365 1262 401 Augustinus
1285 373 1363 399 supra
1384 372 1443 400 cap.
1459 365 1492 399 4,
1509 370 1535 393 et
1550 373 1629 401 quem
1651 365 1717 394 bene
1737 374 1867 398 monentem

1097 413 1175 446 sequi
1200 413 1283 440 satius
1308 417 1387 445 erat,
1403 420 1481 447 quam
1504 421 1585 447 aquas
1604 413 1648 440 ubi
1664 414 1743 442 nulla:
1761 421 1815 443 sunt
1833 425 1868 445 so-

1098 460 1212 487 mniare.
1226 458 1270 487 Sic
1280 459 1351 487 enim
1364 460 1470 487 tandem
1482 460 1580 487 claudit
1593 460 1661 488 hanc
1669 461 1870 496 disputationem:

1102 508 1287 544 Quoquomado
1307 512 1391 535 autent
1412 512 1435 534 et
1457 507 1605 542 qualeslibet
1623 516 1696 543 aquee
1712 508 1746 536 ibi
1759 510 1819 543 sint,
1831 519 1872 539 esse

1100 564 1142 584 eas
1155 555 1190 582 ibi
1201 555 1304 582 minime
1316 554 1478 587 dubitemus;
1493 556 1576 591 major
1595 559 1630 582 est
1646 556 1739 590 quippe
1754 556 1873 592 Scriptura

1100 602 1178 638 hujus
1193 601 1341 632 auctoritas,
1353 608 1429 635 quam
1443 601 1524 627 omnis
1536 601 1642 627 humani
1652 601 1746 637 ingenii
1757 604 1872 637 capacitas.

1101 648 1171 676 Vere
1178 648 1202 674 di
1208 647 1248 674 xit
1255 647 1402 682 Scripturaa
1410 653 1470 674 esse
1477 646 1564 681 potius
1575 647 1738 675 credendum
1744 656 1816 683 quam
1823 658 1874 678 cou-

1100 695 1223 731 jecturis,
1235 694 1282 722 sed
1300 698 1362 721 ante
1382 694 1470 721 omnia
1486 694 1658 730 intelligenda
1668 695 1748 730 probe
1758 697 1875 732 estScrip-

1103 748 1162 771 tura
1173 763 1180 775 ,
1197 749 1230 769 ne
1242 740 1456 768 commentitium
1470 747 1590 773 sensum,
1605 740 1656 768 hoc
1668 746 1710 769 est
1723 742 1874 774 somnia'nos-

1103 793 1154 821 tra,
1168 795 1216 822 pro
1229 794 1291 815 vera
1303 786 1361 821 ejus
1376 786 1507 814 sententia
1519 787 1653 814 credenda
1671 788 1843 822 obtrudamus,
1854 795 1876 818 ut

1104 835 1165 863 fecit
1174 833 1404 869 hicIHipponensis
1413 832 1564 867 episcopus.
1580 833 1646 861 Vide
1654 838 1751 869 praeter
1761 835 1876 865 Geucesos

1105 883 1264 916 interpretes
1284 880 1393 916 Dionys.
1407 880 1543 907 Petavium
1561 880 1721 915 Dogmatum
1738 882 1877 918 theologica

253 927 337 954 cinari
351 926 386 954 de
400 933 430 954 re
443 934 521 960 quam
536 934 628 961 parum
644 932 807 965 compertam
829 927 936 959 habeas.
953 928 1049 955 Astro-
1063 917 1087 949 Β
1102 937 1161 957 rum
1169 933 1234 958 tom.
1245 927 1277 954 Ill
1291 926 1340 959 ,de
1350 926 1462 961 Opilicio
1485 934 1531 954 sex
1542 926 1644 955 dierum
1654 927 1700 955 lib.
1713 936 1731 959 I,
1743 935 1799 963 cap.
1813 930 1849 958 Η.

254 974 306 1009 logi
322 994 329 1006 ,
344 980 412 1009 quos
427 972 546 1000 confutat
560 973 723 1008 Augustinus
736 970 792 1005 {es
806 972 930 1001 absurdis
945 974 1050 1009 opinio-

254 1021 332 1048 nibus
353 1019 549 1057 consectarium
565 1027 628 1046 casu
643 1027 736 1047 verum
751 1019 935 1052 deduxerunt;
953 1020 1050 1055 [lippo-

255 1067 345 1094 nensis
369 1074 432 1094 vero
455 1066 598 1101 cpiscopus
622 1071 694 1093 recta
729 1067 931 1094 ratiocinatione
956 1074 1049 1095 verum

254 1118 400 1149 oppugnat.
426 1112 555 1141 Nimirum
570 1134 577 1145 ,
601 1113 735 1140 micabant
750 1114 855 1148 utrique
872 1114 898 1141 in
912 1114 1049 1147 tenebris;

255 1168 304 1188 nec
320 1166 407 1187 tamen
433 1161 520 1187 minus
541 1159 709 1188 conﬁdenter
731 1168 779 1187 sua
794 1165 945 1188 commenta
960 1161 1050 1195 profe-

256 1212 326 1234 runt.
344 1207 496 1241 Astrologi,
513 1207 574 1242 quia
589 1206 720 1234 Saturnus
743 1206 905 1234 describitur
919 1215 933 1233 a
948 1207 1050 1242 poetis,

255 1253 331 1288 quasi
347 1260 427 1281 senex
442 1253 588 1287 etquidem
612 1258 735 1280 enectus
749 1273 756 1286 ,
780 1253 841 1280 ideo
865 1252 923 1287 ejus
948 1253 1051 1280 stellam

256 1299 378 1334 frigidam
393 1307 452 1327 esse
467 1299 581 1326 absurde
601 1299 768 1326 dictitabant.
796 1299 862 1326 Vide
880 1299 1003 1326 Servium
1019 1299 1052 1327 ad

255 1346 328 1375 hunc
345 1346 446 1381 Virgilii
461 1354 568 1374 versum
585 1367 592 1379 ,
611 1347 655 1381 qui
671 1352 712 1373 est
727 1346 779 1373 556
792 1354 800 1373 ι
815 1346 863 1373 lib.
879 1345 1027 1381 Georgicon
1045 1356 1051 1374 :

319 1413 415 1444 Frigida
428 1414 527 1439 Saturni
539 1419 597 1438 sese
608 1420 657 1445 quo
666 1413 740 1438 stella
748 1416 868 1445 receptet.

292 1489 416 1517 Attamen
432 1496 467 1516 ex
491 1489 561 1516 veris
576 1493 793 1517 aSIronomorum
809 1493 989 1517 recentiorum
1004 1490 1054 1517 do-

255 1536 389 1571 gmatibus
410 1535 522 1570 frigidus
540 1536 593 1563 dici
617 1541 702 1571 potest
724 1537 828 1571 planeta
853 1537 898 1572 qui
922 1541 1054 1566 Saturnus

255 1587 367 1610 vocatur
379 1603 386 1615 ,
402 1583 463 1617 quia
478 1586 519 1610 est
538 1590 552 1609 a
570 1582 627 1610 sole
640 1603 648 1616 ,
665 1583 737 1610 unde
760 1583 848 1610 omnis
868 1583 960 1611 mundi
976 1583 1054 1617 huius

255 1630 341 1657 nostri
356 1628 439 1661 calor,
457 1628 661 1656 remotissimus.
678 1629 777 1657 Contra
791 1630 931 1665 Augustini
948 1630 1055 1657 ratioci‘

256 1675 331 1702 natio
345 1682 409 1702 vera
425 1674 532 1709 quidem
548 1680 598 1707 est,
613 1675 660 1702 sed
677 1676 746 1703 male
760 1680 847 1710 aptata
864 1697 871 1708 ,
887 1676 948 1710 quia
965 1677 1058 1704 statuit

256 1721 402 1749 Saturnum
414 1743 421 1755 ,
438 1728 499 1748 cum
514 1722 619 1748 caeteris
634 1721 757 1749 omnibus
772 1721 916 1755 sideribus,
933 1722 1002 1749 intra
1019 1723 1057 1750 vi-

256 1768 323 1803 ginti
338 1773 451 1802 quatuor
466 1767 545 1794 horas
559 1768 617 1802 rapi
640 1767 711 1794 circa
731 1771 850 1800 terram;
874 1768 944 1802 quod
961 1768 1057 1796 falsum

258 1821 318 1842 esse
332 1813 385 1848 jam
402 1819 500 1841 norunt
514 1821 617 1841 omnes.
633 1812 763 1846 Proinde,
781 1814 867 1849 inquit
881 1814 925 1842 ille
936 1835 944 1847 ,
962 1823 1058 1842 mento-

258 1866 317 1888 rata
342 1860 416 1887 stella
440 1860 522 1896 magis
546 1859 632 1886 debuit
657 1860 742 1887 calida
770 1868 823 1888 esse
844 1868 920 1895 quam
941 1861 1057 1896 frigida;

258 1907 372 1943 quamvis
386 1907 453 1933 enini
470 1915 517 1933 suo
532 1911 602 1934 motu
614 1927 621 1940 ,
639 1908 759 1941 quoniam
772 1908 869 1943 grande
883 1908 994 1942 spatium
1009 1914 1056 1942 est,

258 1953 364 1989 triginta
376 1953 450 1980 annis
462 1957 542 1980 talum
552 1952 674 1980 ambitum
689 1958 807 1989 permeet,
821 1959 903 1981 tamen
917 1955 972 1981 caeli
988 1960 1058 1981 motu

258 2000 286 2027 in
300 1999 456 2026 contrarium
470 2004 554 2026 rotata
567 1999 688 2033 velocius,
700 2001 768 2035 quod
782 2001 895 2035 quotidie
909 2009 1007 2028 necesse
1021 2006 1058 2028 est

258 2047 372 2082 patiatur
385 2046 527 2081 (quoniam,
539 2047 603 2074 sicut
614 2047 713 2079 dicunt,
730 2048 786 2074 steti
796 2048 906 2084 singula:
916 2049 1059 2075 conuersio-

258 2101 303 2121 nes
322 2094 376 2121 dies
390 2093 506 2129 singulos
520 2093 685 2129 explicant),
704 2094 815 2120 celarent
829 2094 954 2128 majorem
973 2094 1059 2121 debuit

258 2141 322 2168 creto
335 2141 500 2167 concitatiore
508 2141 651 2175 concipere.
667 2141 729 2168 Haec
740 2140 832 2167 habuit
845 2148 860 2167 a
872 2141 974 2175 vulgari
988 2141 1058 2168 illius

258 2187 310 2214 :evi
323 2187 498 2220 astronomia,
514 2186 561 2214 sed
577 2187 601 2214 ei
617 2187 788 2214 astronomia:
802 2186 883 2213 alium
895 2194 1014 2215 errorem
1025 2195 1058 2215 ex

258 2234 319 2263 loco
334 2233 472 2261 Geneseos
489 2241 630 2269 perperam
656 2233 811 2267 intellecto,
837 2233 1004 2269 poeticisque
1029 2235 1059 2262 ti-

259 2280 375 2316 gmentis
396 2285 496 2308 temere
517 2280 661 2315 conjuncta
675 2280 796 2314 addidit,
818 2280 844 2307 in
860 2281 1032 2314 sequentibus
1050 2290 1055 2308 :

258 2327 402 2359 Nimirum,
419 2335 478 2362 ergo
492 2335 546 2354 eam
563 2326 683 2361 frigidam
698 2327 757 2363 facit
770 2335 895 2360 aquarum
912 2335 988 2360 super
1006 2336 1057 2354 cae-

259 2377 314 2403 lum
331 2376 526 2402 constitutorum
546 2374 679 2406 vicinitas;
697 2382 774 2409 quam
794 2374 885 2402 nolunt
900 2374 1001 2401 credere
1014 2375 1058 2408 qui

259 2423 315 2449 [nec
327 2430 383 2457 quin
399 2422 505 2448 breuiter
523 2421 587 2453 dixi,
604 2422 635 2448 de
650 2426 720 2448 motu
733 2421 790 2448 caeli
803 2426 826 2447 et
841 2421 954 2448 siderum
970 2422 1059 2455 dispu-

260 2475 325 2497 tant.
350 2469 444 2496 lilerito
466 2468 614 2501 nolebant,
634 2468 695 2503 quia
718 2468 816 2495 rationi
836 2473 893 2495 erat
913 2468 1057 2500 contraria,

259 2524 321 2544 cum
333 2524 383 2551 qua
396 2522 515 2551 pugnare
530 2522 584 2543 non
597 2519 684 2550 potest
698 2515 844 2549 Scriptura,
860 2520 887 2542 ut
901 2514 959 2549 ipse
970 2515 1058 2549 Augu-

259 2564 347 2590 stinus
361 2562 423 2589 alibi
440 2562 527 2590 docet.

297 2610 364 2637 Ibid.
383 2608 433 2636 His
446 2609 550 2644 quidam
567 2609 647 2636 nostri
659 2616 831 2637 CONJECTURIS
845 2615 925 2644 agunt
939 2610 1059 2636 adversus

260 2666 303 2685 eos
322 2658 365 2692 qui
381 2656 472 2683 nolunt
492 2664 571 2691 aquas
591 2665 667 2691 super
687 2657 777 2684 calum
796 2657 915 2688 credere,
931 2661 955 2683 et
973 2656 1060 2683 uolunt

260 2712 315 2730 eam
328 2702 428 2730 stellam
444 2710 498 2730 esse
512 2703 645 2738 frigidam,
663 2711 719 2739 qum
732 2703 811 2738 juxta
828 2711 955 2729 summanr
971 2703 1060 2728 coelum

262 2750 363 2780 circuit,
377 2754 406 2775 ut
420 2755 452 2775 ea:
466 2748 515 2776 hoc
527 2754 650 2784 cogantur
663 2757 788 2784 aquarunt
801 2754 928 2781 naturam,
945 2756 995 2775 non
1002 2749 1061 2783 jam

253 2798 317 2832 ;illic
333 2797 450 2830 vaporali
468 2797 588 2824 tenuitate
598 2818 605 2830 ,
624 2797 668 2824 sed
681 2797 784 2831 glaciali
799 2796 929 2823 soliditate
943 2795 1061 2830 pendere.

254 2837 346 2871 'Vana:
370 2843 422 2871 ilhc
448 2849 524 2871 erant
543 2845 705 2879 conjectum
731 2843 868 2870 hominum
893 2842 1062 2871 indoctorum

262 2890 429 2924 Scriptorum
450 2897 509 2917 cum
534 2889 638 2925 poetica
653 2890 816 2916 astronomia
839 2894 940 2917 temere
956 2889 983 2915 in
997 2895 1062 2915 con-

264 2936 384 2965 cordiam
401 2936 523 2970 redigere
537 2935 703 2969 conantium,
716 2943 776 2963 cum
793 2936 866 2963 locus
880 2935 1015 2963 Goneseos
1031 2935 1065 2963 de

1137 975 1203 1010 Cap.
1218 974 1245 1006 6,
1263 974 1277 1010 ς
1296 973 1338 1002 lo.
1360 973 1503 1000 Personam
1517 973 1605 1001 Patris
1621 975 1777 1002 declaratum
1790 984 1836 1004 esse
1849 979 1878 1005 di-

1102 1028 1172 1056 cunt,
1187 1023 1214 1050 in
1228 1030 1256 1049 eo
1268 1021 1338 1057 quod
1349 1021 1471 1056 scriptum
1491 1026 1528 1049 est
1543 1029 1552 1049 :
1564 1021 1597 1049 Et
1611 1022 1680 1049 dixit
1695 1022 1775 1056 Deus,
1789 1024 1830 1051 fiat
1843 1025 1877 1052 fir-

1103 1075 1279 1103 mamentum,
1289 1074 1356 1104 etc.,
1366 1077 1397 1096 ac
1408 1068 1500 1096 deinde
1511 1073 1538 1096 ut
1548 1069 1709 1104 intelligatur
1722 1070 1802 1099 Filius
1808 1073 1878 1106 [adut

1103 1118 1171 1154 quod
1188 1126 1203 1144 a
1215 1117 1294 1143 Patre
1304 1116 1401 1143 dictant
1413 1121 1449 1143 est
1461 1121 1489 1142 ut
1505 1116 1585 1150 ﬁeret,
1601 1117 1760 1144 arbitrantur
1774 1126 1822 1145 esse
1834 1120 1877 1146 sub

1104 1172 1196 1191 tinum
1208 1172 1218 1190 :
1229 1168 1255 1190 et
1268 1162 1332 1189 fecit
1344 1162 1416 1189 Deus
1433 1161 1653 1198 ﬁrmamentum]
1671 1162 1735 1190 Haec
1746 1163 1877 1201 λεπτοὶθγία,

1103 1215 1131 1237 et
1144 1210 1197 1237 alia
1212 1208 1345 1244 ejusmodi
1360 1216 1419 1243 quae
1434 1207 1513 1235 habet
1529 1208 1572 1235 hic
1586 1209 1766 1244 Augustinus,
1782 1210 1879 1238 nituntur

1104 1263 1186 1291 prava
1206 1255 1331 1283 versione
1346 1254 1434 1282 Latini
1455 1255 1619 1289 interpretis.
1646 1254 1716 1282 Nam
1732 1256 1757 1283 in
1773 1256 1881 1285 Hebraico

1106 1309 1180 1332 textu
1191 1312 1251 1332 cum
1264 1303 1298 1331 sit
1312 1308 1364 1336 int,
1379 1304 1419 1336 sit,
1433 1307 1573 1331 verterunt
1586 1300 1671 1330 Grtcci
1685 1306 1815 1340 γενηθήτω,
1826 1305 1882 1339 quod

1105 1360 1158 1379 non
1173 1356 1214 1379 est
1228 1351 1289 1385 ﬁat,
1307 1350 1354 1377 sed
1368 1350 1421 1382 sit;
1446 1349 1481 1376 ita
1500 1354 1529 1376 ut
1550 1349 1694 1383 imperium
1714 1349 1764 1377 hoc
1783 1350 1825 1378 Dei
1842 1358 1882 1378 non

1105 1397 1231 1433 respiciat
1242 1396 1274 1424 ad
1288 1396 1367 1423 aliam
1384 1402 1490 1422 causam
1506 1402 1566 1430 quae
1582 1394 1661 1422 faciat
1675 1395 1747 1430 quod
1759 1394 1837 1430 jubet,
1847 1397 1882 1423 sed

1105 1444 1237 1478 signiticet
1250 1443 1332 1470 Deum
1345 1442 1401 1469 sola
1415 1441 1551 1469 voluntate
1564 1448 1611 1468 Sua
1628 1440 1726 1469 fecisse
1741 1446 1769 1468 ut
1781 1450 1822 1470 res
1834 1442 1883 1471 sint.

1143 1490 1224 1517 Lmno
1240 1497 1282 1520 Ill,
1297 1496 1357 1523 cap.
1374 1488 1405 1520 1,
1424 1487 1437 1522 §
1454 1488 1479 1515 i.
1498 1487 1625 1515 Dicuntur
1640 1492 1734 1515 autent-
1746 1488 1800 1515 caeli
1815 1489 1883 1523 plura-

1107 1537 1182 1569 liter,
1196 1536 1223 1563 in
1238 1543 1288 1562 una
1303 1534 1440 1568 cadentque
1459 1542 1504 1566 re,
1520 1542 1577 1568 qua»:
1591 1534 1688 1561 dicitur
1699 1543 1775 1561 unum
1791 1535 1884 1570 cat/unuj

1108 1581 1238 1610 Hebraice
1253 1580 1360 1615 quidem
1374 1587 1481 1615 semper
1495 1583 1591 1614 Dim,
1608 1579 1779 1616 Sclmmajim,
1792 1586 1829 1608 est
1842 1582 1883 1615 plu

1109 1628 1173 1656 ralis
1183 1627 1300 1658 numeri,
1311 1626 1431 1660 quamvis
1447 1633 1518 1661 stepe
1533 1633 1613 1653 sensu
1627 1626 1756 1661 singulari
1770 1632 1885 1660 sumatur;

1109 1674 1155 1701 sed
1176 1673 1261 1701 Grteci
1285 1673 1448 1708 interpretes
1470 1680 1541 1699 nunc
1562 1673 1665 1710 οὐρανὸν
1678 1693 1687 1704 ,
1709 1680 1783 1700 more
1800 1673 1886 1707 Graeco,

1109 1727 1181 1747 nunc
1196 1721 1316 1757 οὐρανοὺς
1336 1718 1466 1746 Hebraico
1486 1718 1628 1750 dixerunt,
1643 1718 1839 1754 imitatoresque
1853 1720 1887 1746 ha-

1108 1769 1226 1796 buerunt
1240 1767 1367 1799 Latinos,
1382 1766 1444 1794 licet
1465 1766 1600 1794 nescirent
1620 1775 1668 1795 cur
1691 1768 1795 1796 numeri
1813 1769 1836 1796 in
1849 1768 1888 1796 hac

1109 1823 1175 1842 voce
1189 1819 1368 1842 mutarentur.

1145 1865 1212 1900 Cap.
1228 1864 1280 1897 9.1,
1302 1864 1315 1899 §
1332 1865 1376 1892 55.
1398 1864 1531 1897 Quomodo
1554 1869 1640 1892 autent
1660 1865 1738 1892 homo
1760 1864 1890 1892 immortalis

1111 1916 1193 1950 factus
1206 1915 1239 1941 sit
1249 1919 1274 1941 et
1287 1915 1411 1948 acceperit
1426 1922 1508 1941 rscam
1525 1922 1582 1940 cum
1600 1914 1659 1941 aliis
1674 1914 1834 1945 animalibus.
1845 1914 1890 1939 Iter-

1111 1962 1170 1988 bam
1187 1962 1274 1993 pabuli
1290 1964 1411 1997 ferentem
1426 1969 1509 1988 semen
1519 1982 1527 1994 ,
1543 1966 1568 1988 et
1579 1961 1677 1996 lignum
1697 1962 1859 1996 frurtiferunt.
1872 1964 1890 1986 et

1112 2008 1216 2035 herbam
1231 2008 1337 2035 uiridem
1348 2030 1355 2041 ,
1372 2008 1474 2042 difﬁcile
1486 2012 1522 2034 est
1538 2007 1643 2042 dicere]
1659 2009 1694 2034 At
1710 2007 1780 2039 hinc,
1792 2011 1819 2033 ut
1831 2011 1854 2033 et
1865 2013 1889 2032 ex

1110 2053 1287 2089 sequentibus
1298 2074 1305 2085 ,
1321 2053 1397 2080 facile
1411 2059 1451 2080 est
1467 2053 1602 2088 intellectu
1620 2053 1738 2080 hominis
1753 2060 1842 2088 corpus
1854 2059 1889 2079 sua

1111 2106 1205 2128 natura
1224 2100 1337 2128 mortale
1351 2104 1490 2132 creatum;
1512 2100 1559 2127 sed
1573 2099 1637 2127 nihi!
1654 2100 1763 2128 vetabat
1776 2100 1860 2132 Deum,
1873 2099 1890 2125 si

1112 2148 1193 2174 homo
1217 2154 1351 2181 nunquam
1375 2151 1532 2180 peccasset,
1555 2146 1707 2174 immortale
1727 2146 1753 2174 id
1773 2151 1889 2180 pra-stare,

1112 2192 1323 2220 extraordinaria
1339 2199 1400 2226 ope.
1416 2192 1481 2225 Quia
1497 2199 1562 2219 vero
1577 2192 1715 2226 peccavit,
1734 2191 1801 2219 Deus
1814 2190 1836 2218 id
1848 2197 1890 2217 sua

1112 2243 1216 2266 natura:
1230 2238 1426 2266 conficiendum
1441 2238 1556 2272 reliquit,
1573 2245 1624 2272 qtta
1639 2238 1743 2265 ratione
1757 2245 1824 2265 tuors
1836 2236 1890 2263 facta

1112 2291 1153 2312 est
1165 2291 1268 2311 merces
1280 2284 1393 2318 peccati.
1410 2284 1465 2311 llos
1477 2284 1562 2318 ipsum
1579 2284 1721 2319 perspicue
1733 2284 1808 2312 docet
1819 2283 1891 2318 Augu-

1112 2331 1198 2358 stinus
1213 2330 1281 2358 infra
1297 2331 1342 2358 lib.
1360 2339 1396 2363 vr,
1413 2338 1472 2364 cap.
1488 2330 1534 2363 25,
1551 2329 1620 2365 §56.

1150 2378 1230 2404 ιιι]ηο
1245 2385 1271 2404 Iv
1281 2397 1288 2409 ,
1308 2377 1321 2412 §
1338 2377 1366 2404 2.
1390 2376 1537 2403 Invenimus
1556 2385 1616 2412 ergo
1631 2379 1763 2404 senarium
1779 2383 1892 2403 numerum

1113 2426 1224 2459 primum
1238 2432 1292 2451 esse
1310 2426 1448 2459 perfectum
1458 2445 1465 2457 ,
1486 2432 1516 2451 ea
1527 2424 1626 2451 ratione
1641 2425 1710 2459 quod
1729 2425 1781 2451 suis
1796 2423 1892 2458 partibus

1114 2471 1287 2506 compleatur;
1304 2471 1354 2499 hoc
1370 2475 1410 2498 est
1421 2492 1427 2502 ,
1447 2470 1486 2498 his
1501 2462 1729 2506 tribtls'constetI]
1752 2471 1892 2505 Quicunque
1941 2490 1942 2493 η

1114 2518 1180 2544 alius
1195 2525 1321 2545 numerus
1337 2525 1350 2544 a
1367 2517 1423 2545 Deo
1435 2517 1520 2545 lectus
1535 2517 1639 2550 fuisset,
1657 2518 1682 2544 in
1698 2525 1732 2545 eo
1744 2516 1892 2545 necessarias

1112 2563 1291 2597 perfectiones
1302 2571 1395 2591 omnes
1406 2563 1551 2591 invenisset
1563 2564 1738 2598 Augustinus.
1750 2563 1819 2590 Talia
1829 2564 1893 2589 erant

1113 2609 1271 2637 Platonismi
1290 2614 1440 2637 commenta
1454 2630 1461 2642 ,
1478 2617 1492 2636 a
1510 2609 1607 2644 quibus
1626 2610 1742 2636 alienum
1761 2617 1810 2636 non
1826 2607 1892 2634 fuisse

1113 2657 1291 2691 Augustinum
1307 2657 1403 2688 miror,
1418 2655 1459 2683 vel
1476 2660 1585 2691 propter
1599 2655 1650 2683 hoc
1664 2656 1735 2690 quod
1750 2654 1811 2682 nihil
1825 2652 1890 2680 habe-

1114 2707 1173 2729 rent
1189 2702 1269 2729 ﬁsum
1285 2709 1316 2729 ac
1327 2706 1440 2730 certum.

1150 2748 1216 2783 Cap.
1233 2749 1278 2780 55,
1295 2747 1309 2783 §
1324 2748 1370 2775 56.
1387 2747 1447 2774 Dies
1462 2755 1521 2782 ergo
1534 2746 1596 2780 ille,
1612 2755 1686 2781 quem
1708 2746 1775 2774 Deus
1792 2745 1891 2781 primitus

1116 2795 1190 2829 fecit,
1206 2795 1228 2821 si
1240 2794 1364 2829 spiritalis
1376 2794 1561 2829 rationalisque
1574 2799 1690 2820 creatura
1703 2798 1750 2826 est,
1764 2794 1790 2819 id
1802 2797 1844 2822 est.
1855 2799 1890 2817 an-

1116 2843 1231 2877 gelorum
1250 2842 1466 2877 supercwlestium
1489 2846 1563 2875 atque
1582 2841 1701 2867 rit-tutum
1714 2863 1720 2874 ,
1742 2841 1891 2874 praesulatus

1117 2893 1154 2916 est
1173 2888 1289 2915 omnibus
1309 2889 1427 2923 operibus
1447 2888 1504 2921 Dei,
1526 2888 1573 2914 hoc
1594 2887 1682 2914 ordine
1701 2884 1834 2921 pra-senio:
1850 2888 1889 2916 qua

1119 2935 1332 2962 ordinescientia:
1342 2955 1349 2967 ,
1365 2943 1415 2969 qua
1431 2939 1454 2961 et
1469 2935 1496 2961 in
1515 2933 1598 2961 Verbo
1616 2933 1664 2960 Dei
1681 2932 1794 2968 facienda
1806 2935 1889 2966 prauo-
