3954 6364
222 364 301 422 515

851 362 1213 423 VARIORUM
1252 365 1880 428 EXEBCI'I‘ATIONES
1920 372 1989 430 IN
2026 374 2082 431 S.
2132 374 2498 436 AEGIIS'I‘INI
2537 379 2784 440 OPERA.
2848 396 2853 407 '

3363 387 3471 447 διο

216 511 364 567 sceret,
397 510 440 556 et
469 502 518 554 in
545 511 781 557 creatura
808 505 946 575 facta
976 519 1327 578 cognosceret,
1360 526 1461 563 non
1493 526 1582 580 per
1603 511 1734 565 inter

1842 522 1854 549 ι
1878 488 2076 547 dentur
2098 494 2374 549 αἰτιατικὸν
2397 498 2560 570 λόγον,
2593 500 2853 554 causalem
2875 500 3152 569 rationem,
3183 515 3286 575 qua
3322 502 3441 561 locu

214 599 419 654 saliorum
458 597 814 664 temporalium
850 616 1027 657 moras
1057 644 1070 667 ,
1116 604 1204 658 sed
1240 606 1383 675 prius
1422 614 1469 660 et
1512 609 1765 675 posterius

213 694 363 749 habens
403 692 451 745 in
502 698 814 747 connexione
862 706 1254 765 creaturarum,
1300 700 1351 752 in
1391 700 1610 769 efficacia
1646 716 1763 755 vero

213 787 422 843 Creatoris
442 787 609 839 omnia
635 786 805 841 simul.
830 786 920 844 Sic
941 790 1073 843 enim
1096 792 1219 862 facit
1242 808 1355 860 qua:
1375 795 1554 863 futura
1574 804 1758 865 essent,

211 893 251 935 ut
272 898 353 934 non
382 884 721 952 temporaliter
750 886 939 955 faceret
977 889 1296 959 temporalia,
1328 889 1416 943 sed
1446 890 1509 943 ab
1537 907 1596 945 eo
1626 896 1764 962 facta

213 984 423 1030 currerent
457 977 733 1049 tempora.]
782 978 905 1033 Haec
945 980 1125 1035 omnia
1151 1023 1163 1044 ,
1217 982 1405 1050 quibus
1452 984 1759 1039 summatim

214 1070 375 1142 profert
413 1069 546 1137 quod
590 1070 950 1140 particulatim
991 1072 1043 1126 in
1075 1071 1178 1128 hoc
1207 1072 1346 1127 libro
1374 1074 1594 1141 docuit,
1640 1076 1762 1145 quis

213 1180 294 1220 non
311 1165 512 1217 miretur
536 1167 712 1219 vorari
737 1165 1209 1233 interpretationes
1234 1170 1303 1220 ad
1322 1168 1593 1224 litteram?
1631 1170 1761 1238 Quis

212 1274 294 1314 non
313 1257 639 1324 Obstupescat
661 1271 781 1311 cum
817 1258 1013 1327 cogitat
1040 1260 1181 1315 serio
1203 1275 1323 1316 esse
1343 1261 1522 1316 dicta?
1555 1262 1759 1329 Quibus

215 1352 307 1407 hac
350 1350 538 1404 somnia
594 1349 948 1407 febricitantis
1005 1352 1197 1407 eximia
1256 1354 1615 1419 videbantur,
1664 1369 1758 1411 eos

219 1451 383 1513 Oportet
408 1441 566 1495 fuisse
603 1451 695 1496 aut
739 1443 894 1498 valde
938 1444 1195 1510 hebetes,
1238 1456 1329 1499 aut
1369 1447 1522 1500 valde
1562 1446 1756 1502 alfectu

227 1540 479 1597 obcacntos.
511 1534 641 1601 Quis
676 1537 943 1607 interpres
969 1538 1126 1593 hodie
1146 1537 1271 1593 talia
1294 1538 1529 1594 scribere
1560 1539 1757 1593 vellet?

285 1630 387 1687 Ibid.
416 1630 476 1681 Ac
506 1644 596 1699 per
619 1629 715 1682 hoc
745 1630 829 1682 isti
862 1631 970 1683 dies
1005 1641 1224 1697 septem,
1257 1647 1383 1699 quos
1414 1634 1503 1686 tua:
1524 1633 1754 1702 corporis

218 1723 755 1779 calestiscircumenndo
781 1724 1003 1794 explicat
1027 1734 1176 1795 atque
1201 1722 1449 1794 replicat,
1474 1726 1755 1779 secundum

208 1817 435 1889 quamdam
458 1816 687 1868 umbram
709 1816 1097 1885 signiﬁcationis
1118 1815 1393 1870 admonent
1417 1835 1507 1871 nos
1528 1833 1753 1887 quaerere

1872 583 2017 639 tione
2037 599 2180 655 saepe
2201 587 2369 641 utitur
2392 588 2445 642 in
2482 589 2627 646 hisce
2653 591 2802 648 libris
2831 592 3178 664 Augustinus.

1939 675 2071 731 Ibid.
2117 677 2407 734 Verendum
2445 695 2517 736 est
2559 693 2769 751 autem,
2812 702 2875 740 ne
2909 704 3024 741 cum
3064 689 3281 744 dicimus
3305 730 3320 756 ,
3364 706 3468 747 non

1866 770 2009 839 ipsas
2033 779 2152 824 tunc
2167 784 2377 828 naturas
2396 784 2546 841 atque
2566 779 2876 834 substantias
2895 798 3011 850 qua:
3031 782 3219 852 futura:
3239 783 3463 853 fuerant,

1866 860 2033 917 Deum
2062 880 2284 931 creas“,
2320 866 2443 919 dum
2473 880 2668 923 crearet
2690 873 2862 925 omnia
2889 873 3065 938 simul,
3096 884 3333 943 putemur
3352 877 3466 930 ina-

1866 954 1955 1009 nia
1982 958 2218 1024 quendam
2257 959 2466 1032 dicere.]
2510 961 2677 1016 Deum
2715 966 2894 1018 omnia
2925 966 3083 1021 simul
3114 983 3328 1023 creasse
3352 971 3462 1038 jam
3530 978 3538 987 ’

1865 1064 2025 1104 nemo
2052 1052 2245 1119 credit,
2280 1053 2376 1108 sed
2405 1055 2559 1110 multi
2586 1056 2812 1113 credunt
2849 1060 3013 1115 Deum
3041 1065 3317 1117 materiam
3338 1078 3459 1118 cor—
3518 1068 3540 1083 "

1864 1156 2202 1229 porumante
2221 1147 2400 1201 omnia
2432 1164 2670 1217 creasse,
2693 1166 2757 1206 ex
2784 1150 2921 1207 Gen.
2951 1168 2989 1219 ι,
3023 1155 3074 1219 1,
3107 1170 3205 1210 nec
3230 1156 3459 1213 absurda

1863 1250 1924 1291 ea
1960 1247 2136 1307 potest
2173 1238 2356 1295 haberi
2389 1243 2675 1299 sententia.
2714 1246 2783 1299 At
2809 1249 3062 1300 causalem
3092 1250 3338 1303 rationem
3368 1258 3460 1305 aut

1862 1334 2125 1403 corporis,
2154 1344 2245 1389 aut
2273 1336 2467 1392 mentis
2489 1338 2577 1407 qui
2608 1337 2812 1405 dicunt,
2841 1339 2913 1395 illi
2940 1341 3115 1394 inania
3138 1344 3335 1407 dicunt,
3360 1359 3458 1399 nec

1861 1427 2189 1482 contrarium
2217 1428 2266 1482 in
2289 1430 2643 1499 sequentibus
2666 1433 2903 1487 OSteudit
2926 1435 3269 1503 Augustinus.
3300 1437 3457 1491 Mirus

1861 1519 2297 1575 ratiocinationes
2335 1536 2470 1590 quas
2529 1533 2712 1592 postea
2772 1523 2929 1605 affert
2984 1540 3087 1578 non
3146 1527 3452 1594 confutabo,

1860 1626 2034 1681 neque
2060 1614 2202 1667 enim
2233 1613 2525 1668 timendum
2557 1623 2639 1669 est
2670 1631 2736 1672 ne
2763 1617 2883 1686 quis
2915 1616 2978 1671 iis
3005 1632 3282 1673 assensum
3321 1635 3455 1689 prae-

1860 1702 2001 1758 beat.
2034 1705 2391 1774 Augustinus,
2432 1717 2677 1761 assuetus
2728 1708 3017 1763 Platonicis
3048 1712 3268 1779 argutiis
3304 1713 3451 1778 plura

1858 1808 2003 1864 saepe
2033 1797 2219 1851 scribit
2264 1812 2422 1867 quam
2455 1813 2574 1868 quae
2613 1800 2895 1869 intelligit,
2933 1803 3452 1872 consequentiasque

205 1876 300 1963 illos
314 1909 407 1961 dies
425 1909 467 1959 in
490 1907 671 1976 quibus
694 1876 785 1961 luat
805 1876 973 1962 creata
994 1908 1239 1978 spiritalis
1260 1908 1489 1962 omnibus
1511 1876 1734 1978 operibat

1857 1891 2055 1960 passim
2082 1891 2315 1946 admittit
2336 1894 2486 1962 quasi
2515 1893 2716 1959 bonas;
2749 1910 2868 1962 qua:
2887 1894 2933 1948 si
2963 1906 3243 1964 negentur,
3268 1896 3446 1949 statim

201 1998 295 2063 Dei,
324 2017 401 2071 per
422 1998 669 2052 senarium
700 2000 898 2053 numeri
930 2000 1292 2071 perfectionem
1326 2004 1625 2069 prtesentari
1654 2021 1745 2073 po-
1773 2008 1783 2016 ‘

199 2095 340 2159 tuerit,
361 2101 493 2162 atque
516 2092 635 2145 inde
666 2093 933 2161 septimam
956 2094 1175 2161 requiem
1203 2092 1299 2148 Dei
1326 2110 1476 2147 mane
1497 2092 1678 2148 habere
1698 2104 1745 2149 et

196 2202 408 2255 mperam
438 2200 533 2237 non
568 2184 771 2249 habere,
798 2181 927 2254 etc.]
964 2184 1183 2240 Placere
1218 2185 1335 2240 haec
1366 2196 1651 2253 potuerunt
1682 2186 1745 2241 iis

193 2279 264 2347 qui
302 2277 512 2331 Platonis
551 2286 641 2331 aut
676 2277 992 2348 Pythagora:
1032 2279 1312 2349 mysticam
1353 2280 1741 2336 arithmeticam

193 2372 341 2440 magni
373 2371 653 2436 faciebant;
696 2372 791 2427 sed
824 2372 914 2442 qui
947 2387 1065 2427 eam
1097 2373 1412 2438 irridebant,
1436 2375 1551 2431 sine
1580 2375 1741 2431 dubio

189 2463 286 2517 lucc
312 2462 468 2517 omnia
492 2464 652 2517 etiam
678 2464 1033 2521 exsibilabant
1053 2507 1067 2532 ,
1099 2474 1154 2521 et
1179 2466 1392 2537 quidem
1425 2468 1650 2535 merito;
1684 2477 1744 2524 ut

189 2558 274 2624 jam
304 2557 450 2626 liquet
475 2557 553 2611 vel
586 2573 650 2612 ex
684 2560 1031 2630 interpretum
1060 2561 1421 2617 recentiorum
1448 2578 1736 2633 consensu,

189 2650 349 2720 quibus
373 2652 466 2706 alia
498 2654 680 2709 omnia
721 2656 1055 2724 placuerunt.
1097 2655 1380 2728 Ignoscere
1410 2658 1558 2715 hisce
1592 2674 1741 2715 com-

192 2746 352 2799 mentis
370 2761 663 2815 possumus,
687 2749 781 2804 sed
805 2748 988 2805 mirari
1018 2764 1112 2805 eos
1136 2751 1230 2821 qui
1262 2760 1368 2805 tam
1400 2766 1542 2823 smpe
1566 2752 1740 2808 indul-

192 2838 335 2905 gentia
364 2849 527 2893 nostra
563 2840 833 2910 indigent,
870 2858 975 2897 non
1006 2857 1306 2912 possumus.

248 2926 381 2983 Ltnno
407 2945 458 2999 ν,
488 2944 607 3000 cap.
650 2934 717 2987 M
741 2973 756 2997 ,
788 2932 815 3001 ᾗ
848 2932 935 2986 52.
986 2933 1097 2987 Nec
1131 2935 1615 3004 prcetermittendum
1639 2947 1735 3002 est,

195 3024 300 3090 quod
326 3024 675 3079 emendatiores
705 3026 902 3080 codices
946 3026 1132 3081 habent
1174 3028 1359 3097 (Joan.
1400 3045 1446 3091 ι,
1466 3030 1515 3096 ,5
1544 3037 1597 3083 et
1626 3030 1692 3098 4)
1720 3047 1733 3083 ;

203 3116 309 3178 quod
328 3116 501 3172 factum
525 3129 606 3172 est
630 3120 683 3173 in
706 3120 799 3174 illo
820 3121 928 3174 vita
953 3130 1098 3185 erat;
1124 3130 1175 3173 ut
1198 3123 1270 3174 sic
1290 3122 1607 3190 intelligatur
1630 3122 1733 3175 vita

204 3219 301 3272 erat,
320 3211 554 3277 quomodo
575 3228 595 3266 :
621 3212 675 3266 In
699 3212 964 3283 principio
986 3222 1102 3268 erat
1129 3213 1383 3279 Verbum,
1416 3225 1469 3267 et
1501 3214 1731 3268 Verbum

1852 1992 2113 2038 corruunt
2134 1998 2322 2040 omnes
2344 1984 2484 2039 enim
2515 1985 2951 2041 ratiocinationes
2970 2002 3140 2056 neque
3162 1986 3269 2041 ullo
3286 1988 3448 2041 modo

1851 2076 2069 2146 probari
2102 2086 2344 2147 possunt.

1920 2170 2052 2224 Ibid.
2090 2166 2156 2223 Et
2180 2172 2407 2241 corporis
2430 2172 2635 2242 quidem
2666 2172 2895 2235 humani,
2931 2173 3131 2226 etiamsi
3156 2173 3250 2240 fuit
3274 2172 3447 2243 aliqua

1846 2262 2046 2315 occulta
2084 2262 2217 2316 ratio
2244 2279 2346 2333 qua
2377 2263 2607 2332 futurum
2646 2273 2753 2316 erat
2792 2272 2845 2316 ut
2882 2265 3191 2333 formaretur
3213 2304 3228 2328 ,
3264 2272 3372 2317 erat
3400 2273 3446 2318 et

1846 2355 2080 2409 materies
2103 2355 2165 2408 de
2192 2372 2295 2425 qua
2325 2355 2655 2427 formantur,
2688 2355 2744 2409 id
2778 2363 2849 2411 est
2878 2365 3035 2419 terra,
3069 2357 3120 2409 in
3153 2372 3256 2425 qua
3288 2356 3445 2410 videri

1847 2456 2044 2517 poterat
2072 2447 2163 2501 illa
2202 2448 2352 2511 ratio,
2391 2446 2545 2501 veluti
2575 2448 2627 2501 in
2657 2447 2849 2501 semine
2871 2445 3133 2517 [σπάσαι]
3168 2446 3440 2501 Docebant

1808 2572 1811 2577 -
1846 2539 2049 2605 Stoici,
2093 2549 2149 2593 ut
2191 2539 2349 2594 habet
2384 2538 2630 2595 Laertius
2662 2540 2754 2593 lib.
2788 2554 2892 2604 vtt,
2938 2538 2965 2609 §
3009 2537 3146 2602 156,
3181 2539 3443 2608 principio

1844 2632 2012 2686 Deum
2038 2676 2051 2699 ,
2085 2646 2207 2687 cum
2248 2642 2389 2687 esset
2419 2633 2557 2701 apud
2583 2647 2672 2698 se,
2710 2630 3060 2685 substantiam
3093 2646 3306 2686 omnem
3346 2646 3441 2701 per

1843 2738 2023 2777 aerem
2054 2723 2107 2777 in
2139 2738 2331 2793 aquam
2358 2723 2712 2778 convertisse.
2746 2725 2840 2777 Καὶ
2869 2725 3044 2798 ὥσπερ
3074 2724 3122 2779 ἐν
3148 2730 3211 2797 τῇ
3238 2730 3359 2798 ’γονῇ
3378 2724 3438 2778 τὸ

1844 2819 2393 2893 σπέρμαπεριέχεται,
2430 2816 2560 2871 οὕτω
2590 2820 2673 2871 καὶ
2715 2823 2893 2871 τοῦτον
2940 2816 3286 2888 σπερματικὸν
3318 2811 3438 2871 ὅντα

1840 2909 1986 2981 λόγον
2014 2915 2105 2965 τοῦ
2142 2910 2331 2982 κόσμου
2360 2907 2550 2964 τοιόνδε
2586 2908 2927 2963 ὑπολιπέσθαι
2955 2908 3003 2961 ἐν
3037 2914 3111 2979 τῷ
3146 2907 3316 2980 ὑγρῷ.
3358 2910 3437 2962 καὶ

1840 3003 1902 3055 τὰ
1932 3003 2041 3066 ἑξῆς
2072 3018 2086 3053 :
2124 3000 2187 3054 Et
2213 3002 2638 3071 quemadmodum
2677 3002 2731 3053 in
2774 3003 2880 3069 fetu
2920 3016 3091 3055 semen
3130 3002 3434 3066 continetur,

1838 3095 1911 3147 ita
1937 3102 1985 3146 et
2010 3093 2143 3147 hanc
2164 3136 2177 3156 ,
2209 3111 2324 3148 cum
2348 3096 2604 3149 seminolis
2634 3095 2765 3147 ratio
2797 3094 2971 3148 mundi
2998 3094 3092 3160 sit,
3123 3094 3349 3149 eamdem
3379 3098 3433 3149 in

1840 3187 2050 3242 humore
2078 3188 2375 3258 reliquisse,
2407 3199 2511 3243 etc.
2561 3188 2708 3243 lianc
2755 3187 3057 3243 Stoicorum
3106 3188 3431 3246 locutionem

195 3312 277 3356 erat
308 3264 430 3373 apud
466 3305 630 3360 Deum
676 3264 731 3362 et
769 3264 911 3362 Deus
950 3317 1064 3362 erat
1112 3307 1367 3363 Verbum.
1422 3310 1571 3374 Quod
1612 3326 1731 3381 ergo
1762 3264 1809 3329 ο
1840 3280 2075 3381 ίωξίθωε
2107 3281 2504 3381 mammia“!
2541 3282 2889 3381 βΡΒίξείίηυες

185 3396 338 3464 factum
368 3407 432 3452 est
456 3439 470 3462 ,
499 3398 613 3468 jam
645 3400 749 3453 vita
779 3410 894 3455 erat
924 3400 977 3454 in
1018 3400 1138 3465 illo,
1174 3410 1228 3455 et
1262 3401 1365 3455 vita
1409 3417 1508 3455 non
1540 3405 1732 3472 qualis-

181 3501 373 3557 cunque,
412 3486 539 3559 etc.]
586 3490 994 3546 Emendatiores
1035 3492 1108 3545 illi
1152 3492 1365 3547 codices
1412 3492 1526 3547 sine
1565 3493 1731 3548 duhio

177 3579 329 3633 vitiosa
352 3582 779 3651 intcrpunctione
805 3582 1143 3648 laborabant,
1177 3592 1234 3638 ut
1256 3582 1522 3638 editiones
1543 3598 1730 3639 omnes

171 3670 406 3728 hodierna:
434 3685 487 3729 et
510 3690 596 3731 res
622 3677 735 3746 ipsa
769 3677 1079 3732 ostendunt.

223 3764 367 3820 LIBBO
400 3783 481 3832 τι,
517 3778 637 3836 cap.
670 3768 739 3823 24
771 3779 823 3823 et
856 3784 1004 3839 seq.,
1044 3769 1071 3840 §
1120 3769 1208 3825 56.
1254 3767 1377 3824 Νοη
1404 3771 1477 3823 ait
1510 3771 1730 3839 Aposto-

160 3860 245 3923 lus,
265 3876 435 3931 corpus
483 3861 687 3930 quidem
710 3863 930 3917 mortale
953 3874 1162 3933 propter
1182 3872 1474 3933 peccatum;
1505 3866 1593 3917 sed
1615 3881 1728 3918 cor-

160 3967 239 4015 pus
263 3960 506 4005 mortuum
534 3964 738 4025 prapter
765 3966 1048 4023 peccatum.
1076 3954 1221 4010 Illud
1258 3957 1445 4027 quippe
1475 3968 1593 4011 ante
1610 3973 1728 4026 pec-

159 4053 303 4096 catum
332 4055 375 4097 et
397 4048 613 4099 utortale
628 4048 908 4101 secundum
943 4048 1104 4102 aliam
1122 4092 1137 4115 ,
1162 4061 1207 4103 et
1228 4050 1515 4102 immortale
1540 4066 1727 4103 secun-

159 4138 258 4189 dum
294 4140 441 4193 aliam
488 4156 695 4194 causam
727 4143 830 4195 dici
850 4150 1092 4213 poterat;
1122 4143 1176 4195 id
1199 4153 1293 4207 est,
1322 4141 1570 4208 mortale,
1608 4143 1729 4211 quia

158 4237 324 4297 poterat
350 4235 497 4297 ntori,
530 4232 663 4305 etc.]
689 4235 931 4290 Nondum
974 4235 1073 4290 hac
1102 4235 1167 4291 de
1191 4251 1252 4291 re
1278 4236 1541 4305 cogitasse
1572 4235 1725 4291 vide-

159 4319 225 4378 lur
242 4326 586 4395 Augustinus,
622 4343 743 4382 cutn
790 4329 1203 4407 scriberetlibri
1241 4345 1329 4394 Ill,
1372 4343 1490 4399 cap.
1523 4328 1617 4395 21,
1664 4340 1722 4385 ut

159 4416 470 4474 indicavimus
497 4421 673 4475 obiter
699 4421 764 4475 ad
792 4437 914 4477 eum
940 4422 1135 4476 locum.

212 4508 353 4566 Btano
384 4517 453 4567 vn
475 4556 491 4579 ,
525 4528 644 4583 cap.
678 4514 741 4579 Et,
782 4513 807 4583 §
845 4516 898 4568 5.
938 4514 1204 4584 Sacrilego
1236 4516 1411 4581 opinio
1442 4526 1514 4569 est
1539 4532 1650 4569 eam
1678 4524 1726 4570 et

160 4598 286 4653 Deum
331 4606 531 4659 credere
584 4607 737 4659 unius
790 4622 895 4660 esse
949 4604 1301 4676 substitutum]
1353 4608 1609 4678 Loquitur
1651 4608 1719 4663 de

158 4697 368 4763 opinione
396 4697 808 4753 Manichaeorum
846 4698 932 4770 qui
972 4699 1221 4753 volebant
1250 4700 1485 4754 animum
1527 4699 1715 4754 huma-

158 4804 253 4843 num
274 4806 386 4846 esse
417 4794 707 4867 ὁμοούάιον,
736 4794 851 4848 sive
881 4792 1392 4849 consubstantialem
1422 4793 1551 4848 Deo.
1578 4792 1712 4849 Vide

158 4879 314 4937 librum
343 4885 407 4939 de
433 4882 740 4939 Hmresibus
760 4900 878 4953 cap.
903 4884 995 4939 46.

206 4973 317 5045 Cap.
347 4976 435 5041 22,
464 4976 491 5047 §
522 4977 612 5031 5‘2.
648 4977 991 5043 Quarreudum
1011 4987 1083 5031 est
1106 4977 1359 5049 quomodo
1383 4977 1540 5043 possit
1559 4976 1711 5031 intel-

157 5065 224 5131 ligi
246 5069 370 5135 quod
400 5068 623 5123 causalis
655 5073 762 5142 ejus
804 5070 1046 5140 (animae)
1086 5070 1220 5123 ratio
1261 5070 1420 5139 fuisse
1447 5069 1712 5122 dicebatur

155 5159 191 5209 in
215 5162 375 5227 primis
402 5178 490 5217 sex
512 5162 710 5215 dierum
740 5163 977 5232 operibus
1009 5161 1128 5229 Dei,
1151 5162 1405 5231 quomodo
1431 5162 1549 5231 fecit
1573 5161 1709 5216 Deus

154 5252 367 5307 hominem
401 5254 470 5307 ad
501 5255 777 5327 imaginem
804 5271 948 5308 suum
966 5296 981 5319 ,
1012 5254 1145 5323 quod
1166 5254 1265 5307 nisi
1286 5255 1563 5307 secundum
1589 5256 1705 5307 ani-

153 5359 255 5397 mam
282 5364 377 5400 non
400 5356 535 5401 recte
557 5346 906 5419 intelligitur.]
944 5347 1197 5416 Sequitur
1230 5348 1556 5416 Augustinus
1591 5356 1707 5417 sty-

150 5434 233 5489 lum
256 5438 708 5509 philosophorum,
731 5442 820 5510 qui
847 5442 1096 5496 omnibus
1127 5440 1425 5494 seminalem
1458 5441 1708 5493 rationem

147 5535 459 5605 σπερματικὸν
502 5534 648 5605 λόγον
700 5533 864 5587 fuisse
904 5533 1212 5596 docebant,
1257 5530 1450 5603 quibus
1488 5527 1707 5588 vdcibus

146 5622 359 5680 videntur
389 5627 716 5681 intellexisse
754 5628 913 5682 veluti
949 5626 1268 5698 principium
1300 5626 1599 5697 quoddam,
1640 5643 1705 5682 ex

116 5726 229 5781 quo
250 5717 479 5772 materiae
510 5718 695 5787 prima:
731 5719 1013 5774 mistioncs
1051 5733 1238 5773 omnes
1275 5717 1519 5772 conﬂatus
1561 5729 1704 5774 sunt.

141 5800 253 5863 Vide
286 5808 492 5866 Justum
539 5810 776 5881 Lipsium
809 5813 861 5867 in
898 5810 1135 5883 Physiol.
1172 5809 1476 5867 Stoicorum
1518 5811 1610 5868 lib.
1644 5828 1703 5878 tt,

137 5896 327 5957 dissert.
361 5902 414 5957 8.
459 5902 622 5959 Iidem
652 5904 957 5976 philosophi
991 5904 1189 5975 aliique
1214 5902 1416 5961 dixisse
1441 5906 1601 5961 etiam
1629 5906 1709 5961 vi-

1905 3376 2070 3431 Lmno
2100 3392 2173 3441 Ix,
2203 3392 2321 3447 cap.
2355 3378 2444 3446 10,
2475 3376 2503 3448 §
2542 3376 2629 3431 16.
2665 3375 2907 3441 Quamvis
2938 3376 3198 3431 honestius
3224 3377 3431 3432 melius-

1829 3488 1928 3543 que
1957 3473 2192 3525 credatur
2231 3473 2305 3525 ita
2336 3472 2493 3541 fuisse
2538 3481 2659 3524 tunc
2695 3471 2902 3524 illorum
2941 3470 3205 3525 hominum
3244 3488 3431 3542 corpus

1831 3564 2056 3618 animale
2082 3565 2471 3617 constitutorum
2495 3563 2549 3616 in
2583 3563 2847 3633 paradiso,
2871 3564 3099 3617 nondum
3121 3565 3298 3618 mortis
3319 3563 3431 3636 lege

1831 3659 2149 3725 damnatum,
2181 3669 2237 3711 ut
2258 3675 2361 3711 non
2382 3657 2623 3712 haberent
2651 3657 2929 3729 appetitum
2952 3656 3175 3711 carnalis
3196 3656 3430 3729 volupta-
3482 3706 3485 3709 .
3564 3676 3571 3687 κ

1831 3752 1919 3816 tis,
1948 3752 2150 3821 qualem
2191 3770 2327 3806 nunc
2366 3752 2549 3806 habent
2581 3754 2678 3807 ista
2721 3768 2958 3823 corpora,
2981 3750 3111 3823 etc.]
3149 3754 3429 3824 Appetitus

1830 3842 1954 3909 ille,
1982 3853 2041 3898 ut
2082 3845 2246 3915 liquet
2280 3848 2362 3900 vel
2388 3861 2453 3901 ex
2486 3846 2685 3913 brutis,
2722 3856 2829 3900 tam
2867 3846 3127 3901 naturalis
3158 3855 3243 3901 est
3268 3862 3425 3916 quam

1829 3936 2135 4005 appetentia
2168 3937 2272 3991 cibi
2293 3978 2309 4003 ,
2343 3947 2433 3992 aut
2475 3947 2658 4008 potus,
2697 3938 3049 4007 voluptasque
3077 3953 3237 4007 quam
3262 3954 3425 4009 expe—

1830 4030 1999 4085 rimur
2024 4046 2145 4085 cum
2172 4032 2507 4088 comedimus
2530 4034 2849 4099 esurientes,
2876 4032 2960 4087 vel
2984 4031 3216 4087 bibimus
3240 4032 3425 4090 sitien-

1829 4135 1931 4179 tes.
1985 4124 2100 4180 Non
2152 4135 2278 4195 puto
2318 4141 2447 4182 sane
2476 4142 2797 4197 quemquam
2828 4126 3090 4180 dicturum
3146 4127 3289 4181 sitim
3334 4138 3423 4183 aut

1830 4217 2047 4284 famem,
2065 4219 2500 4290 voluptatemque
2522 4234 2680 4288 quam
2705 4220 2770 4273 iis
2786 4218 3071 4289 explendis
3091 4220 3421 4289 experimur,

1829 4309 2051 4366 effectus
2077 4325 2198 4366 esse
2229 4312 2453 4381 peccati.
2485 4311 2766 4381 Figmenta
2798 4325 2945 4365 mera
2971 4320 3095 4365 sunt
3117 4326 3234 4380 qua:
3263 4311 3348 4366 hic
3367 4320 3423 4367 et

1828 4403 1952 4457 alibi
1993 4403 2263 4458 dicuntur.
2316 4404 2389 4457 De
2437 4402 2521 4457 bis
2558 4387 2827 4473 copiosius
2856 4404 2965 4473 egit
2997 4404 3326 4475 Augustinus
3352 4403 3423 4461 de

1826 4495 2057 4553 Civilate
2097 4498 2187 4552 Dei
2216 4498 2310 4553 lib.
2346 4513 2456 4564 xtv,
2488 4513 2608 4567 cap.
2643 4497 2711 4551 16
2736 4507 2789 4553 et
2818 4513 2969 4569 seqq.

1902 4592 2065 4647 Lmno
2095 4609 2151 4659 κ,
2188 4607 2306 4662 cap.
2341 4593 2393 4649 6.
2446 4590 2591 4646 Illud
2628 4609 2749 4664 ergo
2779 4595 2884 4662 iam
2912 4594 3189 4660 videamus,
3218 4594 3421 4650 cuinam

1824 4687 1990 4756 potius
2031 4687 2293 4741 sententia:
2337 4686 2510 4740 divina
2553 4687 2841 4740 testimonia
2881 4686 3226 4760 su/fragentur
3251 4730 3267 4753 ,
3309 4691 3421 4745 eine

1820 4798 1923 4851 qua
1966 4782 2151 4834 dicitur
2198 4781 2422 4835 animam
2471 4797 2626 4834 unam
2674 4778 2838 4833 Deum
2886 4780 3084 4851 fecisse,
3126 4791 3172 4836 et
3219 4782 3418 4838 dedisse

1820 4877 1987 4948 primo
2015 4875 2231 4935 homini,
2268 4876 2406 4929 unde
2433 4883 2643 4928 crateras
2677 4875 2895 4945 faceret,
2921 4875 3051 4928 sicut
3077 4890 3140 4929 ea:
3166 4877 3279 4946 ejus
3303 4893 3416 4929 cor-

1820 4984 1945 5040 pore
1969 4979 2152 5023 ccetera
2181 4968 2445 5021 hominum
2467 4983 2718 5033 corpora;
2747 4983 2812 5019 an
2842 4968 2891 5019 ei
2913 4982 3014 5034 qua
3035 4968 3224 5021 dicitur
3242 4969 3416 5038 singu-

1821 5062 1896 5115 las
1919 5060 2134 5130 singulis
2162 5064 2349 5130 facere,
2373 5060 2502 5113 sicut
2524 5060 2604 5113 illi
2628 5074 2805 5121 unam,
2833 5075 2934 5111 non
2962 5074 3026 5112 ea:
3045 5057 3137 5112 illa
3164 5060 3415 5133 σιτία-αι]

1820 5153 1927 5207 llas
1956 5153 2090 5206 duas
2119 5152 2411 5207 sententias
2450 5151 2604 5221 quasi
2641 5150 2950 5221 probabiles
2976 5150 3208 5205 admiuit
3236 5152 3414 5220 Augu-

1816 5246 2010 5309 stinus,
2034 5226 2249 5300 caeteris
2270 5243 2507 5313 rejectis,
2530 5252 2585 5297 et
2606 5243 2658 5297 iu
2691 5242 2922 5311 priorem
2948 5242 3162 5313 quidem
3195 5245 3414 5315 pronior

1818 5347 1919 5402 εει,
1951 5338 2092 5406 quod
2123 5352 2190 5392 ex
2221 5351 2282 5392 ea
2314 5335 2521 5390 facilius
2548 5334 2804 5406 explicari
2836 5349 2995 5405 posse
3040 5345 3189 5404 putet
3229 5346 3284 5392 et
3321 5341 3412 5408 qui

1816 5446 2005 5485 omnes
2031 5432 2083 5483 in
2118 5431 2315 5485 Adamo
2345 5442 2597 5499 peccasse
2631 5428 2898 5493 dicantur,
2930 5439 2983 5485 et
3005 5430 3099 5499 qui
3132 5443 3406 5501 peccatum

1818 5526 2039 5597 originis
2078 5526 2146 5580 ab
2184 5540 2252 5581 eo
2294 5533 2635 5595 propagetur.
2666 5526 2735 5579 At
2766 5524 2945 5579 nescio
2971 5527 3241 5595 quomodo
3274 5526 3407 5582 hanc

1818 5636 1967 5676 suam
1998 5622 2318 5676 sententiam
2368 5636 2489 5677 cum
2540 5635 2607 5675 eo
2636 5619 2777 5689 quod
2809 5621 3071 5676 sentit-bat
3109 5621 3176 5676 de
3216 5633 3402 5676 natura

1818 5716 2131 5786 incorporea
2162 5717 2359 5770 mentis
2388 5722 2533 5771 stare
2562 5728 2718 5785 posse
2741 5714 3075 5784 intelligeret.
3122 5715 3255 5769 Vide
3283 5731 3398 5783 cap.

1815 5813 1908 5870 21.
1940 5812 2124 5882 Itaque
2150 5810 2521 5867 difﬁcultatem
2551 5808 2865 5865 difﬁcultate
2887 5808 3148 5873 solvebat,
3180 5809 3279 5862 hoc
3300 5818 3401 5873 est,

1816 5920 1885 5960 ex
1938 5901 2194 5975 impedito
2242 5902 2635 5975 impeditiorem
2679 5901 2934 5957 lectorem
2984 5899 3271 5967 reddebat;
3311 5898 3405 5957 sed
