  <div class='ocr_page' id='page_1' title='image "/cluster/home/n/w/nwhite01/storage/ocr_20150623/47/hvd.32044015471527/179.png"; bbox 0 0 3954 6364; ppageno 0'>
   <div class='ocr_carea' id='block_1_1' title="bbox 1144 238 1167 263">
    <p class='ocr_par' dir='ltr' id='par_1_1' title="bbox 1144 238 1167 263">
     <span class='ocr_line' id='line_1_1' title="bbox 1144 238 1167 263; baseline 0 0"><span class='ocrx_word' id='word_1_1' title='bbox 1144 238 1167 263; x_wconf 68' lang='lat' dir='ltr'><strong><em>f</em></strong></span> 
     </span>
    </p>
   </div>
   <div class='ocr_carea' id='block_1_2' title="bbox 564 329 665 387">
    <p class='ocr_par' dir='ltr' id='par_1_2' title="bbox 564 329 665 387">
     <span class='ocr_line' id='line_1_2' title="bbox 564 329 665 387; baseline 0 0"><span class='ocrx_word' id='word_1_2' title='bbox 564 329 665 387; x_wconf 73' lang='lat'><strong>3&#39;47</strong></span> 
     </span>
    </p>
   </div>
   <div class='ocr_carea' id='block_1_3' title="bbox 1470 341 2955 413">
    <p class='ocr_par' dir='ltr' id='par_1_3' title="bbox 1470 341 2955 413">
     <span class='ocr_line' id='line_1_3' title="bbox 1470 341 2955 413; baseline 0.009 -13"><span class='ocrx_word' id='word_1_3' title='bbox 1470 341 2030 401; x_wconf 73' lang='lat' dir='ltr'><strong>SUPPLEMENTUM</strong></span> <span class='ocrx_word' id='word_1_4' title='bbox 2069 344 2163 402; x_wconf 76' lang='lat' dir='ltr'><strong>AD</strong></span> <span class='ocrx_word' id='word_1_5' title='bbox 2199 347 2433 407; x_wconf 76' lang='lat' dir='ltr'><strong>OPERA</strong></span> <span class='ocrx_word' id='word_1_6' title='bbox 2469 352 2525 410; x_wconf 78' lang='lat'><strong>8.</strong></span> <span class='ocrx_word' id='word_1_7' title='bbox 2568 353 2955 413; x_wconf 80' lang='lat' dir='ltr'><strong>AUGUSTINI.</strong></span> 
     </span>
    </p>
   </div>
   <div class='ocr_carea' id='block_1_4' title="bbox 3691 378 3767 439">
    <p class='ocr_par' dir='ltr' id='par_1_4' title="bbox 3691 378 3767 439">
     <span class='ocr_line' id='line_1_4' title="bbox 3691 378 3767 439; baseline 0.026 -1"><span class='ocrx_word' id='word_1_8' title='bbox 3691 378 3767 439; x_wconf 65' lang='grc'><strong>543</strong></span> 
     </span>
    </p>
   </div>
   <div class='ocr_carea' id='block_1_5' title="bbox 553 445 3767 555">
    <p class='ocr_par' dir='ltr' id='par_1_5' title="bbox 553 445 3767 555">
     <span class='ocr_line' id='line_1_5' title="bbox 553 445 3767 555; baseline 0.015 -54"><span class='ocrx_word' id='word_1_9' title='bbox 553 445 961 507; x_wconf 82' lang='lat' dir='ltr'><strong>.dillicultatibus</strong></span> <span class='ocrx_word' id='word_1_10' title='bbox 1001 454 1173 511; x_wconf 80' lang='lat' dir='ltr'><strong>bonus</strong></span> <span class='ocrx_word' id='word_1_11' title='bbox 1203 458 1283 511; x_wconf 78' lang='lat' dir='ltr'><strong>vir</strong></span> <span class='ocrx_word' id='word_1_12' title='bbox 1313 473 1418 513; x_wconf 83' lang='lat' dir='ltr'><strong>non</strong></span> <span class='ocrx_word' id='word_1_13' title='bbox 1448 462 1756 517; x_wconf 88' lang='lat' dir='ltr'><strong>terrebatur</strong></span> <span class='ocrx_word' id='word_1_14' title='bbox 1784 509 1798 532; x_wconf 87' lang='lat'><strong>,</strong></span> <span class='ocrx_word' id='word_1_15' title='bbox 1842 479 1941 518; x_wconf 87' lang='lat' dir='ltr'><strong>nec</strong></span> <span class='ocrx_word' id='word_1_16' title='bbox 1968 464 2157 518; x_wconf 86' lang='lat' dir='ltr'><strong>admo-</strong></span> <span class='ocrx_word' id='word_1_17' title='bbox 2180 465 2236 525; x_wconf 74' lang='grc' dir='ltr'><strong>Α</strong></span> <span class='ocrx_word' id='word_1_18' title='bbox 2262 469 2471 538; x_wconf 91' lang='lat' dir='ltr'><strong>possint</strong></span> <span class='ocrx_word' id='word_1_19' title='bbox 2510 483 2721 528; x_wconf 91' lang='lat' dir='ltr'><strong>mentes</strong></span> <span class='ocrx_word' id='word_1_20' title='bbox 2760 478 3004 544; x_wconf 83' lang='lat' dir='ltr'><strong>generari</strong></span> <span class='ocrx_word' id='word_1_21' title='bbox 3030 520 3044 542; x_wconf 90' lang='lat'><strong>,</strong></span> <span class='ocrx_word' id='word_1_22' title='bbox 3086 480 3156 533; x_wconf 90' lang='lat' dir='ltr'><strong>ita</strong></span> <span class='ocrx_word' id='word_1_23' title='bbox 3195 490 3253 535; x_wconf 91' lang='lat' dir='ltr'><strong>ut</strong></span> <span class='ocrx_word' id='word_1_24' title='bbox 3293 493 3412 539; x_wconf 97' lang='lat' dir='ltr'><strong>ante</strong></span> <span class='ocrx_word' id='word_1_25' title='bbox 3438 494 3767 555; x_wconf 73' lang='lat' dir='ltr'><strong>generationem</strong></span> 
     </span>
    </p>
   </div>
   <div class='ocr_carea' id='block_1_6' title="bbox 557 536 2157 623">
    <p class='ocr_par' dir='ltr' id='par_1_6' title="bbox 557 536 2157 623">
     <span class='ocr_line' id='line_1_6' title="bbox 557 536 2157 623; baseline 0.014 -33"><span class='ocrx_word' id='word_1_26' title='bbox 557 536 685 591; x_wconf 91' lang='lat' dir='ltr'><strong>dum</strong></span> <span class='ocrx_word' id='word_1_27' title='bbox 716 546 938 597; x_wconf 86' lang='lat' dir='ltr'><strong>curabat</strong></span> <span class='ocrx_word' id='word_1_28' title='bbox 967 560 1032 598; x_wconf 88' lang='lat' dir='ltr'><strong>an</strong></span> <span class='ocrx_word' id='word_1_29' title='bbox 1064 548 1384 618; x_wconf 81' lang='lat' dir='ltr'><strong>intelligeret</strong></span> <span class='ocrx_word' id='word_1_30' title='bbox 1410 553 1552 621; x_wconf 86' lang='lat' dir='ltr'><strong>quod</strong></span> <span class='ocrx_word' id='word_1_31' title='bbox 1583 553 1814 611; x_wconf 79' lang='lat' dir='ltr'><strong>dicebat.</strong></span> <span class='ocrx_word' id='word_1_32' title='bbox 1846 556 1977 623; x_wconf 83' lang='lat' dir='ltr'><strong>Quis</strong></span> <span class='ocrx_word' id='word_1_33' title='bbox 2003 559 2157 613; x_wconf 79' lang='lat' dir='ltr'><strong>enim.</strong></span> 
     </span>
    </p>
   </div>
   <div class='ocr_carea' id='block_1_7' title="bbox 555 627 2151 719">
    <p class='ocr_par' dir='ltr' id='par_1_7' title="bbox 555 627 2151 719">
     <span class='ocr_line' id='line_1_7' title="bbox 555 627 2151 719; baseline 0.016 -37"><span class='ocrx_word' id='word_1_34' title='bbox 555 627 821 702; x_wconf 74' lang='lat' dir='ltr'><strong>intelligat</strong></span> <span class='ocrx_word' id='word_1_35' title='bbox 846 634 1107 703; x_wconf 84' lang='lat' dir='ltr'><strong>ejusmodi</strong></span> <span class='ocrx_word' id='word_1_36' title='bbox 1139 644 1579 711; x_wconf 90' lang='lat' dir='ltr'><strong>propagationem</strong></span> <span class='ocrx_word' id='word_1_37' title='bbox 1609 661 1677 701; x_wconf 75' lang='lat' dir='ltr'><strong>es</strong></span> <span class='ocrx_word' id='word_1_38' title='bbox 1709 648 1944 713; x_wconf 85' lang='lat' dir='ltr'><strong>traduce,</strong></span> <span class='ocrx_word' id='word_1_39' title='bbox 1978 651 2023 704; x_wconf 97' lang='lat' dir='ltr'><strong>si</strong></span> <span class='ocrx_word' id='word_1_40' title='bbox 2056 664 2151 719; x_wconf 82' lang='lat' dir='ltr'><strong>po-</strong></span> 
     </span>
    </p>
   </div>
   <div class='ocr_carea' id='block_1_8' title="bbox 553 736 1756 809">
    <p class='ocr_par' dir='ltr' id='par_1_8' title="bbox 553 736 1756 809">
     <span class='ocr_line' id='line_1_8' title="bbox 553 736 1756 809; baseline 0.016 -35"><span class='ocrx_word' id='word_1_41' title='bbox 553 736 652 776; x_wconf 91' lang='lat' dir='ltr'><strong>nas</strong></span> <span class='ocrx_word' id='word_1_42' title='bbox 676 736 908 781; x_wconf 85' lang='lat' dir='ltr'><strong>mentem</strong></span> <span class='ocrx_word' id='word_1_43' title='bbox 940 743 1062 784; x_wconf 85' lang='lat' dir='ltr'><strong>esse</strong></span> <span class='ocrx_word' id='word_1_44' title='bbox 1092 747 1310 799; x_wconf 82' lang='lat' dir='ltr'><strong>prorsus</strong></span> <span class='ocrx_word' id='word_1_45' title='bbox 1336 736 1711 809; x_wconf 85' lang='lat' dir='ltr'><strong>ineorpoream</strong></span> <span class='ocrx_word' id='word_1_46' title='bbox 1731 746 1756 793; x_wconf 78' lang='lat' dir='ltr'><strong>&#39;t</strong></span> 
     </span>
    </p>
   </div>
   <div class='ocr_carea' id='block_1_9' title="bbox 623 815 2145 906">
    <p class='ocr_par' dir='ltr' id='par_1_9' title="bbox 623 815 2145 906">
     <span class='ocr_line' id='line_1_9' title="bbox 623 815 2145 906; baseline 0.017 -38"><span class='ocrx_word' id='word_1_47' title='bbox 623 815 751 881; x_wconf 89' lang='lat' dir='ltr'><strong>Cap.</strong></span> <span class='ocrx_word' id='word_1_48' title='bbox 788 816 875 871; x_wconf 77' lang='lat' dir='ltr'><strong>l9.</strong></span> <span class='ocrx_word' id='word_1_49' title='bbox 909 818 1123 878; x_wconf 87' lang='lat' dir='ltr'><strong>Prolato</strong></span> <span class='ocrx_word' id='word_1_50' title='bbox 1151 824 1267 880; x_wconf 92' lang='lat' dir='ltr'><strong>loco</strong></span> <span class='ocrx_word' id='word_1_51' title='bbox 1292 828 1425 882; x_wconf 87' lang='lat' dir='ltr'><strong>Heb.</strong></span> <span class='ocrx_word' id='word_1_52' title='bbox 1455 847 1548 898; x_wconf 90' lang='lat' dir='ltr'><strong>vn,</strong></span> <span class='ocrx_word' id='word_1_53' title='bbox 1577 831 1610 885; x_wconf 75' lang='grc'>4</span> <span class='ocrx_word' id='word_1_54' title='bbox 1635 845 1689 887; x_wconf 86' lang='lat' dir='ltr'><strong>et</strong></span> <span class='ocrx_word' id='word_1_55' title='bbox 1713 849 1888 906; x_wconf 91' lang='lat' dir='ltr'><strong>seqq.,</strong></span> <span class='ocrx_word' id='word_1_56' title='bbox 1920 836 1987 891; x_wconf 91' lang='lat' dir='ltr'><strong>de</strong></span> <span class='ocrx_word' id='word_1_57' title='bbox 2020 838 2145 893; x_wconf 77' lang='lat' dir='ltr'><strong>Levi</strong></span> 
     </span>
    </p>
   </div>
   <div class='ocr_carea' id='block_1_10' title="bbox 550 904 2146 995">
    <p class='ocr_par' dir='ltr' id='par_1_10' title="bbox 550 904 2146 995">
     <span class='ocr_line' id='line_1_10' title="bbox 550 904 2146 995; baseline 0.017 -36"><span class='ocrx_word' id='word_1_58' title='bbox 550 904 605 960; x_wconf 90' lang='lat' dir='ltr'><strong>in</strong></span> <span class='ocrx_word' id='word_1_59' title='bbox 640 908 944 966; x_wconf 81' lang='lat' dir='ltr'><strong>Abrahaino</strong></span> <span class='ocrx_word' id='word_1_60' title='bbox 972 913 1241 972; x_wconf 84' lang='lat' dir='ltr'><strong>deciinato</strong></span> <span class='ocrx_word' id='word_1_61' title='bbox 1284 938 1296 971; x_wconf 91' lang='lat'><strong>:</strong></span> <span class='ocrx_word' id='word_1_62' title='bbox 1333 921 1393 975; x_wconf 90' lang='lat' dir='ltr'><strong>Si</strong></span> <span class='ocrx_word' id='word_1_63' title='bbox 1423 938 1542 993; x_wconf 77' lang='lat' dir='ltr'><strong>ergo</strong></span> <span class='ocrx_word' id='word_1_64' title='bbox 1566 969 1581 992; x_wconf 95' lang='lat'><strong>,</strong></span> <span class='ocrx_word' id='word_1_65' title='bbox 1627 904 1840 995; x_wconf 71' lang='lat' dir='ltr'><strong>inquit,</strong></span> <span class='ocrx_word' id='word_1_66' title='bbox 1873 930 1967 983; x_wconf 82' lang='lat' dir='ltr'><strong>hoc</strong></span> <span class='ocrx_word' id='word_1_67' title='bbox 1992 931 2146 985; x_wconf 89' lang='lat' dir='ltr'><strong>etiam</strong></span> 
     </span>
    </p>
   </div>
   <div class='ocr_carea' id='block_1_11' title="bbox 545 1002 2144 1087">
    <p class='ocr_par' dir='ltr' id='par_1_11' title="bbox 545 1002 2144 1087">
     <span class='ocr_line' id='line_1_11' title="bbox 545 1002 2144 1087; baseline 0.018 -35"><span class='ocrx_word' id='word_1_68' title='bbox 545 1002 679 1055; x_wconf 79' lang='lat' dir='ltr'><strong>ualet</strong></span> <span class='ocrx_word' id='word_1_69' title='bbox 697 1003 764 1056; x_wconf 90' lang='lat' dir='ltr'><strong>ad</strong></span> <span class='ocrx_word' id='word_1_70' title='bbox 790 1005 940 1059; x_wconf 79' lang='lat' dir='ltr'><strong>istaut</strong></span> <span class='ocrx_word' id='word_1_71' title='bbox 960 1010 1278 1080; x_wconf 83' lang='lat' dir='ltr'><strong>distantiam,</strong></span> <span class='ocrx_word' id='word_1_72' title='bbox 1295 1027 1541 1082; x_wconf 86' lang='lat' dir='ltr'><strong>quantum</strong></span> <span class='ocrx_word' id='word_1_73' title='bbox 1562 1024 2144 1087; x_wconf 72' lang='lat' dir='ltr'><strong>prwentineatsacerdo-</strong></span> 
     </span>
    </p>
   </div>
   <div class='ocr_carea' id='block_1_12' title="bbox 546 1094 2145 1180">
    <p class='ocr_par' dir='ltr' id='par_1_12' title="bbox 546 1094 2145 1180">
     <span class='ocr_line' id='line_1_12' title="bbox 546 1094 2145 1180; baseline 0.018 -34"><span class='ocrx_word' id='word_1_74' title='bbox 546 1094 616 1146; x_wconf 90' lang='lat' dir='ltr'><strong>tio</strong></span> <span class='ocrx_word' id='word_1_75' title='bbox 638 1094 861 1151; x_wconf 79' lang='lat' dir='ltr'><strong>Leuitico</strong></span> <span class='ocrx_word' id='word_1_76' title='bbox 882 1104 1229 1159; x_wconf 70' lang='lat' dir='ltr'><strong>sacerdotium</strong></span> <span class='ocrx_word' id='word_1_77' title='bbox 1253 1106 1466 1180; x_wconf 77' lang='lat' dir='ltr'><strong>Christi,</strong></span> <span class='ocrx_word' id='word_1_78' title='bbox 1490 1115 1628 1180; x_wconf 88' lang='lat' dir='ltr'><strong>quod</strong></span> <span class='ocrx_word' id='word_1_79' title='bbox 1653 1118 1891 1170; x_wconf 74' lang='lat' dir='ltr'><strong>sacerdos</strong></span> <span class='ocrx_word' id='word_1_80' title='bbox 1911 1118 2145 1175; x_wconf 82' lang='lat' dir='ltr'><strong>Christus</strong></span> 
     </span>
    </p>
   </div>
   <div class='ocr_carea' id='block_1_13' title="bbox 542 1190 2143 1275">
    <p class='ocr_par' dir='ltr' id='par_1_13' title="bbox 542 1190 2143 1275">
     <span class='ocr_line' id='line_1_13' title="bbox 542 1190 2143 1275; baseline 0.018 -36"><span class='ocrx_word' id='word_1_81' title='bbox 542 1203 634 1258; x_wconf 85' lang='lat' dir='ltr'><strong>per</strong></span> <span class='ocrx_word' id='word_1_82' title='bbox 668 1190 817 1243; x_wconf 84' lang='lat' dir='ltr'><strong>illum</strong></span> <span class='ocrx_word' id='word_1_83' title='bbox 848 1196 1205 1265; x_wconf 72' lang='lat' dir='ltr'><strong>prwﬁguratus</strong></span> <span class='ocrx_word' id='word_1_84' title='bbox 1234 1211 1308 1255; x_wconf 88' lang='lat' dir='ltr'><strong>est</strong></span> <span class='ocrx_word' id='word_1_85' title='bbox 1343 1206 1433 1273; x_wconf 88' lang='lat' dir='ltr'><strong>qui</strong></span> <span class='ocrx_word' id='word_1_86' title='bbox 1468 1208 1736 1263; x_wconf 81' lang='lat' dir='ltr'><strong>decimauit</strong></span> <span class='ocrx_word' id='word_1_87' title='bbox 1774 1200 2058 1275; x_wconf 79' lang='lat' dir='ltr'><strong>Abraham,</strong></span> <span class='ocrx_word' id='word_1_88' title='bbox 2088 1216 2143 1268; x_wconf 82' lang='lat' dir='ltr'><strong>in</strong></span> 
     </span>
    </p>
   </div>
   <div class='ocr_carea' id='block_1_14' title="bbox 542 1284 2141 1367">
    <p class='ocr_par' dir='ltr' id='par_1_14' title="bbox 542 1284 2141 1367">
     <span class='ocr_line' id='line_1_14' title="bbox 542 1284 2141 1367; baseline 0.019 -37"><span class='ocrx_word' id='word_1_89' title='bbox 542 1295 643 1350; x_wconf 89' lang='lat' dir='ltr'><strong>quo</strong></span> <span class='ocrx_word' id='word_1_90' title='bbox 672 1290 717 1333; x_wconf 91' lang='lat' dir='ltr'><strong>et</strong></span> <span class='ocrx_word' id='word_1_91' title='bbox 756 1284 865 1351; x_wconf 89' lang='lat' dir='ltr'><strong>ipse</strong></span> <span class='ocrx_word' id='word_1_92' title='bbox 892 1285 1012 1341; x_wconf 83' lang='lat' dir='ltr'><strong>Levi</strong></span> <span class='ocrx_word' id='word_1_93' title='bbox 1035 1290 1313 1348; x_wconf 90' lang='lat' dir='ltr'><strong>decimatas</strong></span> <span class='ocrx_word' id='word_1_94' title='bbox 1347 1306 1440 1360; x_wconf 88' lang='lat' dir='ltr'><strong>est,</strong></span> <span class='ocrx_word' id='word_1_95' title='bbox 1474 1300 1699 1367; x_wconf 78' lang='lat' dir='ltr'><strong>profecto</strong></span> <span class='ocrx_word' id='word_1_96' title='bbox 1722 1300 1959 1357; x_wconf 80' lang='lat' dir='ltr'><strong>Christus</strong></span> <span class='ocrx_word' id='word_1_97' title='bbox 1991 1305 2053 1358; x_wconf 88' lang='lat' dir='ltr'><strong>ab</strong></span> <span class='ocrx_word' id='word_1_98' title='bbox 2083 1322 2141 1361; x_wconf 90' lang='lat' dir='ltr'><strong>co</strong></span> 
     </span>
    </p>
   </div>
   <div class='ocr_carea' id='block_1_15' title="bbox 542 1376 2137 1468">
    <p class='ocr_par' dir='ltr' id='par_1_15' title="bbox 542 1376 2137 1468">
     <span class='ocr_line' id='line_1_15' title="bbox 542 1376 2137 1468; baseline 0.02 -45"><span class='ocrx_word' id='word_1_99' title='bbox 542 1387 643 1425; x_wconf 85' lang='lat' dir='ltr'><strong>non</strong></span> <span class='ocrx_word' id='word_1_100' title='bbox 666 1384 738 1428; x_wconf 88' lang='lat' dir='ltr'><strong>est</strong></span> <span class='ocrx_word' id='word_1_101' title='bbox 755 1376 1080 1452; x_wconf 85' lang='lat' dir='ltr'><strong>decimatas.]</strong></span> <span class='ocrx_word' id='word_1_102' title='bbox 1102 1382 1217 1437; x_wconf 89' lang='lat' dir='ltr'><strong>Non</strong></span> <span class='ocrx_word' id='word_1_103' title='bbox 1243 1386 1400 1442; x_wconf 87' lang='lat' dir='ltr'><strong>debet</strong></span> <span class='ocrx_word' id='word_1_104' title='bbox 1424 1389 1645 1458; x_wconf 88' lang='lat' dir='ltr'><strong>ﬁgurata</strong></span> <span class='ocrx_word' id='word_1_105' title='bbox 1666 1394 1862 1449; x_wconf 90' lang='lat' dir='ltr'><strong>locutio</strong></span> <span class='ocrx_word' id='word_1_106' title='bbox 1876 1399 2137 1468; x_wconf 84' lang='lat' dir='ltr'><strong>Apostoli,</strong></span> 
     </span>
    </p>
   </div>
   <div class='ocr_carea' id='block_1_16' title="bbox 540 1473 2140 1552">
    <p class='ocr_par' dir='ltr' id='par_1_16' title="bbox 540 1473 2140 1552">
     <span class='ocr_line' id='line_1_16' title="bbox 540 1473 2140 1552; baseline 0.019 -37"><span class='ocrx_word' id='word_1_107' title='bbox 540 1477 701 1532; x_wconf 89' lang='lat' dir='ltr'><strong>quam</strong></span> <span class='ocrx_word' id='word_1_108' title='bbox 727 1484 830 1521; x_wconf 85' lang='lat' dir='ltr'><strong>non</strong></span> <span class='ocrx_word' id='word_1_109' title='bbox 852 1473 1105 1528; x_wconf 87' lang='lat' dir='ltr'><strong>sustinuit</strong></span> <span class='ocrx_word' id='word_1_110' title='bbox 1124 1476 1400 1545; x_wconf 87' lang='lat' dir='ltr'><strong>adhibere,</strong></span> <span class='ocrx_word' id='word_1_111' title='bbox 1421 1483 1519 1535; x_wconf 83' lang='lat' dir='ltr'><strong>nisi</strong></span> <span class='ocrx_word' id='word_1_112' title='bbox 1543 1485 1817 1552; x_wconf 69' lang='lat' dir='ltr'><strong>praemissa</strong></span> <span class='ocrx_word' id='word_1_113' title='bbox 1833 1489 2140 1547; x_wconf 89' lang='lat' dir='ltr'><strong>emolliendi</strong></span> 
     </span>
    </p>
   </div>
   <div class='ocr_carea' id='block_1_17' title="bbox 539 1554 2137 1649">
    <p class='ocr_par' dir='ltr' id='par_1_17' title="bbox 539 1554 2137 1649">
     <span class='ocr_line' id='line_1_17' title="bbox 539 1554 2137 1649; baseline 0.02 -42"><span class='ocrx_word' id='word_1_114' title='bbox 539 1554 795 1625; x_wconf 78' lang='lat' dir='ltr'><strong>formula,</strong></span> <span class='ocrx_word' id='word_1_115' title='bbox 826 1564 896 1622; x_wconf 81' lang='grc' dir='ltr'><strong>ὡς</strong></span> <span class='ocrx_word' id='word_1_116' title='bbox 926 1562 1053 1626; x_wconf 80' lang='grc' dir='ltr'><strong>ἔπος</strong></span> <span class='ocrx_word' id='word_1_117' title='bbox 1084 1570 1264 1634; x_wconf 78' lang='grc' dir='ltr'><strong>εἰπεῖν,</strong></span> <span class='ocrx_word' id='word_1_118' title='bbox 1292 1584 1462 1641; x_wconf 89' lang='lat' dir='ltr'><strong>usque</strong></span> <span class='ocrx_word' id='word_1_119' title='bbox 1488 1574 1622 1630; x_wconf 91' lang='lat' dir='ltr'><strong>adeo</strong></span> <span class='ocrx_word' id='word_1_120' title='bbox 1666 1580 1862 1647; x_wconf 85' lang='lat' dir='ltr'><strong>urgeri,</strong></span> <span class='ocrx_word' id='word_1_121' title='bbox 1893 1584 2044 1649; x_wconf 87' lang='lat' dir='ltr'><strong>quasi</strong></span> <span class='ocrx_word' id='word_1_122' title='bbox 2071 1600 2137 1639; x_wconf 84' lang='lat' dir='ltr'><strong>ex</strong></span> 
     </span>
    </p>
   </div>
   <div class='ocr_carea' id='block_1_18' title="bbox 539 1659 2132 1738">
    <p class='ocr_par' dir='ltr' id='par_1_18' title="bbox 539 1659 2132 1738">
     <span class='ocr_line' id='line_1_18' title="bbox 539 1659 2132 1738; baseline 0.018 -39"><span class='ocrx_word' id='word_1_123' title='bbox 539 1659 604 1700; x_wconf 87' lang='lat' dir='ltr'><strong>ea</strong></span> <span class='ocrx_word' id='word_1_124' title='bbox 642 1659 896 1717; x_wconf 86' lang='lat' dir='ltr'><strong>sequatur</strong></span> <span class='ocrx_word' id='word_1_125' title='bbox 923 1667 1139 1709; x_wconf 90' lang='lat' dir='ltr'><strong>omnem</strong></span> <span class='ocrx_word' id='word_1_126' title='bbox 1166 1661 1387 1716; x_wconf 88' lang='lat' dir='ltr'><strong>omnino</strong></span> <span class='ocrx_word' id='word_1_127' title='bbox 1418 1666 1785 1731; x_wconf 87' lang='lat' dir='ltr'><strong>posteritatem</strong></span> <span class='ocrx_word' id='word_1_128' title='bbox 1818 1670 2132 1738; x_wconf 79' lang='lat' dir='ltr'><strong>Abrahami,</strong></span> 
     </span>
    </p>
   </div>
   <div class='ocr_carea' id='block_1_19' title="bbox 538 1739 2132 1822">
    <p class='ocr_par' dir='ltr' id='par_1_19' title="bbox 538 1739 2132 1822">
     <span class='ocr_line' id='line_1_19' title="bbox 538 1739 2132 1822; baseline 0.019 -30"><span class='ocrx_word' id='word_1_129' title='bbox 538 1739 605 1792; x_wconf 87' lang='lat' dir='ltr'><strong>ad</strong></span> <span class='ocrx_word' id='word_1_130' title='bbox 647 1741 862 1798; x_wconf 90' lang='lat' dir='ltr'><strong>ultimos</strong></span> <span class='ocrx_word' id='word_1_131' title='bbox 912 1760 1081 1815; x_wconf 89' lang='lat' dir='ltr'><strong>usque</strong></span> <span class='ocrx_word' id='word_1_132' title='bbox 1117 1763 1339 1820; x_wconf 87' lang='lat' dir='ltr'><strong>nepotes</strong></span> <span class='ocrx_word' id='word_1_133' title='bbox 1367 1794 1381 1819; x_wconf 94' lang='lat'><strong>,</strong></span> <span class='ocrx_word' id='word_1_134' title='bbox 1416 1757 1466 1810; x_wconf 93' lang='lat' dir='ltr'><strong>in</strong></span> <span class='ocrx_word' id='word_1_135' title='bbox 1496 1773 1559 1811; x_wconf 87' lang='lat' dir='ltr'><strong>eo</strong></span> <span class='ocrx_word' id='word_1_136' title='bbox 1588 1758 1905 1818; x_wconf 88' lang='lat' dir='ltr'><strong>decimatam</strong></span> <span class='ocrx_word' id='word_1_137' title='bbox 1945 1764 2132 1822; x_wconf 80' lang='lat' dir='ltr'><strong>fuisse.</strong></span> 
     </span>
    </p>
   </div>
   <div class='ocr_carea' id='block_1_20' title="bbox 536 1828 2213 1919">
    <p class='ocr_par' dir='ltr' id='par_1_20' title="bbox 536 1828 2213 1919">
     <span class='ocr_line' id='line_1_20' title="bbox 536 1828 2213 1919; baseline 0.019 -34"><span class='ocrx_word' id='word_1_138' title='bbox 536 1828 670 1886; x_wconf 81' lang='lat' dir='ltr'><strong>Nam</strong></span> <span class='ocrx_word' id='word_1_139' title='bbox 694 1848 879 1890; x_wconf 85' lang='lat' dir='ltr'><strong>revera</strong></span> <span class='ocrx_word' id='word_1_140' title='bbox 906 1838 1030 1896; x_wconf 80' lang='lat' dir='ltr'><strong>hinc</strong></span> <span class='ocrx_word' id='word_1_141' title='bbox 1052 1856 1368 1913; x_wconf 87' lang='lat' dir='ltr'><strong>sequeretur</strong></span> <span class='ocrx_word' id='word_1_142' title='bbox 1400 1850 1570 1919; x_wconf 91' lang='lat' dir='ltr'><strong>ipsum</strong></span> <span class='ocrx_word' id='word_1_143' title='bbox 1592 1850 1866 1910; x_wconf 85' lang='lat' dir='ltr'><strong>Christum</strong></span> <span class='ocrx_word' id='word_1_144' title='bbox 1891 1856 2130 1915; x_wconf 79' lang='lat' dir='ltr'><strong>decimas</strong></span> <span class='ocrx_word' id='word_1_145' title='bbox 2161 1846 2213 1908; x_wconf 84' lang='grc' dir='ltr'><strong>Β</strong></span> 
     </span>
    </p>
   </div>
   <div class='ocr_carea' id='block_1_21' title="bbox 534 1922 2132 2022">
    <p class='ocr_par' dir='ltr' id='par_1_21' title="bbox 534 1922 2132 2022">
     <span class='ocr_line' id='line_1_21' title="bbox 534 1922 2132 2022; baseline 0.02 -43"><span class='ocrx_word' id='word_1_146' title='bbox 534 1922 963 1987; x_wconf 74' lang='lat' dir='ltr'><strong>Melchisedecho</strong></span> <span class='ocrx_word' id='word_1_147' title='bbox 1001 1936 1258 2005; x_wconf 86' lang='lat' dir='ltr'><strong>solvisse;</strong></span> <span class='ocrx_word' id='word_1_148' title='bbox 1306 1959 1468 1999; x_wconf 89' lang='lat' dir='ltr'><strong>nemo</strong></span> <span class='ocrx_word' id='word_1_149' title='bbox 1504 1947 1648 2002; x_wconf 90' lang='lat' dir='ltr'><strong>enim</strong></span> <span class='ocrx_word' id='word_1_150' title='bbox 1694 1950 1943 2008; x_wconf 85' lang='lat' dir='ltr'><strong>dubitare</strong></span> <span class='ocrx_word' id='word_1_151' title='bbox 1969 1964 2132 2022; x_wconf 81' lang='lat' dir='ltr'><strong>queat</strong></span> 
     </span>
    </p>
   </div>
   <div class='ocr_carea' id='block_1_22' title="bbox 535 2020 2131 2110">
    <p class='ocr_par' dir='ltr' id='par_1_22' title="bbox 535 2020 2131 2110">
     <span class='ocr_line' id='line_1_22' title="bbox 535 2020 2131 2110; baseline 0.019 -39"><span class='ocrx_word' id='word_1_152' title='bbox 535 2020 663 2086; x_wconf 91' lang='lat' dir='ltr'><strong>quin</strong></span> <span class='ocrx_word' id='word_1_153' title='bbox 691 2020 940 2079; x_wconf 75' lang='lat' dir='ltr'><strong>Christus</strong></span> <span class='ocrx_word' id='word_1_154' title='bbox 965 2069 978 2092; x_wconf 97' lang='lat'><strong>,</strong></span> <span class='ocrx_word' id='word_1_155' title='bbox 1014 2031 1307 2086; x_wconf 89' lang='lat' dir='ltr'><strong>secundum</strong></span> <span class='ocrx_word' id='word_1_156' title='bbox 1339 2050 1579 2104; x_wconf 90' lang='lat' dir='ltr'><strong>carnem,</strong></span> <span class='ocrx_word' id='word_1_157' title='bbox 1617 2040 1719 2093; x_wconf 90' lang='lat' dir='ltr'><strong>hoc</strong></span> <span class='ocrx_word' id='word_1_158' title='bbox 1746 2053 1851 2110; x_wconf 91' lang='lat' dir='ltr'><strong>est,</strong></span> <span class='ocrx_word' id='word_1_159' title='bbox 1887 2044 2131 2101; x_wconf 89' lang='lat' dir='ltr'><strong>humani-</strong></span> 
     </span>
    </p>
   </div>
   <div class='ocr_carea' id='block_1_23' title="bbox 536 2117 2131 2193">
    <p class='ocr_par' dir='ltr' id='par_1_23' title="bbox 536 2117 2131 2193">
     <span class='ocr_line' id='line_1_23' title="bbox 536 2117 2131 2193; baseline 0.019 -30"><span class='ocrx_word' id='word_1_160' title='bbox 536 2117 702 2165; x_wconf 88' lang='lat' dir='ltr'><strong>tatem</strong></span> <span class='ocrx_word' id='word_1_161' title='bbox 727 2154 741 2178; x_wconf 95' lang='lat'><strong>,</strong></span> <span class='ocrx_word' id='word_1_162' title='bbox 793 2128 861 2168; x_wconf 84' lang='lat' dir='ltr'><strong>ex</strong></span> <span class='ocrx_word' id='word_1_163' title='bbox 893 2117 1197 2175; x_wconf 85' lang='lat' dir='ltr'><strong>Abrahamo</strong></span> <span class='ocrx_word' id='word_1_164' title='bbox 1239 2124 1306 2178; x_wconf 90' lang='lat' dir='ltr'><strong>sit</strong></span> <span class='ocrx_word' id='word_1_165' title='bbox 1337 2128 1617 2184; x_wconf 88' lang='lat' dir='ltr'><strong>oriundus.</strong></span> <span class='ocrx_word' id='word_1_166' title='bbox 1665 2131 1846 2191; x_wconf 84' lang='lat' dir='ltr'><strong>Voluit</strong></span> <span class='ocrx_word' id='word_1_167' title='bbox 1871 2135 2131 2193; x_wconf 79' lang='lat' dir='ltr'><strong>duntaxat</strong></span> 
     </span>
    </p>
   </div>
   <div class='ocr_carea' id='block_1_24' title="bbox 532 2204 2127 2289">
    <p class='ocr_par' dir='ltr' id='par_1_24' title="bbox 532 2204 2127 2289">
     <span class='ocr_line' id='line_1_24' title="bbox 532 2204 2127 2289; baseline 0.02 -35"><span class='ocrx_word' id='word_1_168' title='bbox 532 2204 821 2259; x_wconf 86' lang='lat' dir='ltr'><strong>ostendere</strong></span> <span class='ocrx_word' id='word_1_169' title='bbox 865 2210 1100 2279; x_wconf 84' lang='lat' dir='ltr'><strong>scriptor</strong></span> <span class='ocrx_word' id='word_1_170' title='bbox 1127 2214 1194 2269; x_wconf 91' lang='lat' dir='ltr'><strong>ad</strong></span> <span class='ocrx_word' id='word_1_171' title='bbox 1230 2217 1484 2275; x_wconf 82' lang='lat' dir='ltr'><strong>Hebraeos</strong></span> <span class='ocrx_word' id='word_1_172' title='bbox 1510 2265 1524 2289; x_wconf 92' lang='lat'><strong>,</strong></span> <span class='ocrx_word' id='word_1_173' title='bbox 1559 2237 1663 2277; x_wconf 92' lang='lat' dir='ltr'><strong>non</strong></span> <span class='ocrx_word' id='word_1_174' title='bbox 1707 2216 1900 2282; x_wconf 87' lang='lat' dir='ltr'><strong>mirum</strong></span> <span class='ocrx_word' id='word_1_175' title='bbox 1929 2244 2051 2285; x_wconf 88' lang='lat' dir='ltr'><strong>esse</strong></span> <span class='ocrx_word' id='word_1_176' title='bbox 2083 2234 2127 2286; x_wconf 91' lang='lat' dir='ltr'><strong>si</strong></span> 
     </span>
    </p>
   </div>
   <div class='ocr_carea' id='block_1_25' title="bbox 532 2295 2127 2390">
    <p class='ocr_par' dir='ltr' id='par_1_25' title="bbox 532 2295 2127 2390">
     <span class='ocr_line' id='line_1_25' title="bbox 532 2295 2127 2390; baseline 0.018 -41"><span class='ocrx_word' id='word_1_177' title='bbox 532 2295 896 2352; x_wconf 85' lang='lat' dir='ltr'><strong>sacerdotium</strong></span> <span class='ocrx_word' id='word_1_178' title='bbox 936 2299 1135 2357; x_wconf 88' lang='lat' dir='ltr'><strong>Christi</strong></span> <span class='ocrx_word' id='word_1_179' title='bbox 1168 2305 1407 2365; x_wconf 87' lang='lat' dir='ltr'><strong>Levitico</strong></span> <span class='ocrx_word' id='word_1_180' title='bbox 1438 2314 1716 2378; x_wconf 73' lang='lat' dir='ltr'><strong>praeferret</strong></span> <span class='ocrx_word' id='word_1_181' title='bbox 1740 2358 1756 2382; x_wconf 93' lang='lat'><strong>,</strong></span> <span class='ocrx_word' id='word_1_182' title='bbox 1789 2319 2127 2390; x_wconf 89' lang='lat' dir='ltr'><strong>quandoqui-</strong></span> 
     </span>
    </p>
   </div>
   <div class='ocr_carea' id='block_1_26' title="bbox 534 2386 2129 2479">
    <p class='ocr_par' dir='ltr' id='par_1_26' title="bbox 534 2386 2129 2479">
     <span class='ocr_line' id='line_1_26' title="bbox 534 2386 2129 2479; baseline 0.018 -37"><span class='ocrx_word' id='word_1_183' title='bbox 534 2386 658 2444; x_wconf 88' lang='lat' dir='ltr'><strong>dem</strong></span> <span class='ocrx_word' id='word_1_184' title='bbox 696 2393 952 2451; x_wconf 88' lang='lat' dir='ltr'><strong>sacerdos</strong></span> <span class='ocrx_word' id='word_1_185' title='bbox 992 2397 1164 2454; x_wconf 79' lang='lat' dir='ltr'><strong>luerat</strong></span> <span class='ocrx_word' id='word_1_186' title='bbox 1194 2401 1246 2456; x_wconf 89' lang='lat' dir='ltr'><strong>in</strong></span> <span class='ocrx_word' id='word_1_187' title='bbox 1277 2403 1559 2461; x_wconf 76' lang='lat' dir='ltr'><strong>Palaestina</strong></span> <span class='ocrx_word' id='word_1_188' title='bbox 1597 2412 1927 2479; x_wconf 84' lang='lat' dir='ltr'><strong>temporibus</strong></span> <span class='ocrx_word' id='word_1_189' title='bbox 1957 2386 2129 2469; x_wconf 81' lang='lat' dir='ltr'><strong>Abra-</strong></span> 
     </span>
    </p>
   </div>
   <div class='ocr_carea' id='block_1_27' title="bbox 533 2478 2129 2570">
    <p class='ocr_par' dir='ltr' id='par_1_27' title="bbox 533 2478 2129 2570">
     <span class='ocr_line' id='line_1_27' title="bbox 533 2478 2129 2570; baseline 0.018 -37"><span class='ocrx_word' id='word_1_190' title='bbox 533 2478 711 2546; x_wconf 85' lang='lat' dir='ltr'><strong>hami,</strong></span> <span class='ocrx_word' id='word_1_191' title='bbox 755 2485 847 2553; x_wconf 89' lang='lat' dir='ltr'><strong>qui</strong></span> <span class='ocrx_word' id='word_1_192' title='bbox 874 2486 943 2541; x_wconf 89' lang='lat' dir='ltr'><strong>ab</strong></span> <span class='ocrx_word' id='word_1_193' title='bbox 971 2489 1089 2557; x_wconf 91' lang='lat' dir='ltr'><strong>ipso</strong></span> <span class='ocrx_word' id='word_1_194' title='bbox 1128 2492 1435 2551; x_wconf 76' lang='lat' dir='ltr'><strong>Ahrahamo</strong></span> <span class='ocrx_word' id='word_1_195' title='bbox 1475 2498 1631 2555; x_wconf 84' lang='lat' dir='ltr'><strong>Levis</strong></span> <span class='ocrx_word' id='word_1_196' title='bbox 1658 2478 1862 2570; x_wconf 85' lang='lat' dir='ltr'><strong>proavo</strong></span> <span class='ocrx_word' id='word_1_197' title='bbox 1889 2504 2129 2563; x_wconf 82' lang='lat' dir='ltr'><strong>decimas</strong></span> 
     </span>
    </p>
   </div>
   <div class='ocr_carea' id='block_1_28' title="bbox 536 2573 2126 2664">
    <p class='ocr_par' dir='ltr' id='par_1_28' title="bbox 536 2573 2126 2664">
     <span class='ocr_line' id='line_1_28' title="bbox 536 2573 2126 2664; baseline 0.018 -38"><span class='ocrx_word' id='word_1_198' title='bbox 536 2573 857 2644; x_wconf 88' lang='lat' dir='ltr'><strong>accepisset,</strong></span> <span class='ocrx_word' id='word_1_199' title='bbox 885 2590 941 2633; x_wconf 88' lang='lat' dir='ltr'><strong>et</strong></span> <span class='ocrx_word' id='word_1_200' title='bbox 966 2579 1106 2637; x_wconf 88' lang='lat' dir='ltr'><strong>bene</strong></span> <span class='ocrx_word' id='word_1_201' title='bbox 1134 2597 1381 2650; x_wconf 88' lang='lat' dir='ltr'><strong>precatus</strong></span> <span class='ocrx_word' id='word_1_202' title='bbox 1409 2590 1458 2643; x_wconf 90' lang='lat' dir='ltr'><strong>ei</strong></span> <span class='ocrx_word' id='word_1_203' title='bbox 1489 2601 1650 2657; x_wconf 87' lang='lat' dir='ltr'><strong>esset,</strong></span> <span class='ocrx_word' id='word_1_204' title='bbox 1684 2592 1924 2664; x_wconf 91' lang='lat' dir='ltr'><strong>adeoque</strong></span> <span class='ocrx_word' id='word_1_205' title='bbox 1954 2598 2126 2653; x_wconf 88' lang='lat' dir='ltr'><strong>Abra-</strong></span> 
     </span>
    </p>
   </div>
   <div class='ocr_carea' id='block_1_29' title="bbox 534 2663 2127 2756">
    <p class='ocr_par' dir='ltr' id='par_1_29' title="bbox 534 2663 2127 2756">
     <span class='ocr_line' id='line_1_29' title="bbox 534 2663 2127 2756; baseline 0.018 -38"><span class='ocrx_word' id='word_1_206' title='bbox 534 2663 697 2720; x_wconf 86' lang='lat' dir='ltr'><strong>hamo</strong></span> <span class='ocrx_word' id='word_1_207' title='bbox 721 2672 968 2738; x_wconf 88' lang='lat' dir='ltr'><strong>superior</strong></span> <span class='ocrx_word' id='word_1_208' title='bbox 1007 2673 1227 2743; x_wconf 83' lang='lat' dir='ltr'><strong>fuisset;</strong></span> <span class='ocrx_word' id='word_1_209' title='bbox 1276 2680 1366 2749; x_wconf 89' lang='lat' dir='ltr'><strong>qui</strong></span> <span class='ocrx_word' id='word_1_210' title='bbox 1411 2684 1662 2738; x_wconf 88' lang='lat' dir='ltr'><strong>sacerdos</strong></span> <span class='ocrx_word' id='word_1_211' title='bbox 1693 2663 1903 2756; x_wconf 88' lang='lat' dir='ltr'><strong>poterat</strong></span> <span class='ocrx_word' id='word_1_212' title='bbox 1939 2688 2127 2746; x_wconf 86' lang='lat' dir='ltr'><strong>haberi</strong></span> 
     </span>
    </p>
   </div>
   <div class='ocr_carea' id='block_1_30' title="bbox 530 2754 2123 2848">
    <p class='ocr_par' dir='ltr' id='par_1_30' title="bbox 530 2754 2123 2848">
     <span class='ocr_line' id='line_1_30' title="bbox 530 2754 2123 2848; baseline 0.018 -39"><span class='ocrx_word' id='word_1_213' title='bbox 530 2754 732 2812; x_wconf 80' lang='lat' dir='ltr'><strong>Christi</strong></span> <span class='ocrx_word' id='word_1_214' title='bbox 758 2760 1122 2839; x_wconf 77' lang='lat' dir='ltr'><strong>adumbratio.</strong></span> <span class='ocrx_word' id='word_1_215' title='bbox 1146 2768 1261 2824; x_wconf 89' lang='lat' dir='ltr'><strong>Non</strong></span> <span class='ocrx_word' id='word_1_216' title='bbox 1293 2782 1374 2826; x_wconf 90' lang='lat' dir='ltr'><strong>est</strong></span> <span class='ocrx_word' id='word_1_217' title='bbox 1399 2774 1626 2832; x_wconf 87' lang='lat' dir='ltr'><strong>ulterius</strong></span> <span class='ocrx_word' id='word_1_218' title='bbox 1650 2754 2123 2848; x_wconf 82' lang='lat' dir='ltr'><strong>progrediendum,</strong></span> 
     </span>
    </p>
   </div>
   <div class='ocr_carea' id='block_1_31' title="bbox 544 2858 2125 2942">
    <p class='ocr_par' dir='ltr' id='par_1_31' title="bbox 544 2858 2125 2942">
     <span class='ocr_line' id='line_1_31' title="bbox 544 2858 2125 2942; baseline 0.02 -40"><span class='ocrx_word' id='word_1_219' title='bbox 544 2863 632 2903; x_wconf 67' lang='lat' dir='ltr'><strong>nec</strong></span> <span class='ocrx_word' id='word_1_220' title='bbox 660 2858 989 2910; x_wconf 88' lang='lat' dir='ltr'><strong>consectaria</strong></span> <span class='ocrx_word' id='word_1_221' title='bbox 1019 2900 1034 2922; x_wconf 89' lang='lat'><strong>,</strong></span> <span class='ocrx_word' id='word_1_222' title='bbox 1078 2862 1233 2930; x_wconf 90' lang='lat' dir='ltr'><strong>quasi</strong></span> <span class='ocrx_word' id='word_1_223' title='bbox 1272 2879 1335 2917; x_wconf 83' lang='lat' dir='ltr'><strong>ex</strong></span> <span class='ocrx_word' id='word_1_224' title='bbox 1378 2866 1767 2926; x_wconf 87' lang='lat' dir='ltr'><strong>mathematicis</strong></span> <span class='ocrx_word' id='word_1_225' title='bbox 1808 2875 2125 2942; x_wconf 89' lang='lat' dir='ltr'><strong>quibusdam</strong></span> 
     </span>
    </p>
   </div>
   <div class='ocr_carea' id='block_1_32' title="bbox 532 2944 2127 3028">
    <p class='ocr_par' dir='ltr' id='par_1_32' title="bbox 532 2944 2127 3028">
     <span class='ocr_line' id='line_1_32' title="bbox 532 2944 2127 3028; baseline 0.019 -31"><span class='ocrx_word' id='word_1_226' title='bbox 532 2944 792 3003; x_wconf 86' lang='lat' dir='ltr'><strong>doctrinis</strong></span> <span class='ocrx_word' id='word_1_227' title='bbox 819 2952 943 3004; x_wconf 84' lang='lat' dir='ltr'><strong>hinc</strong></span> <span class='ocrx_word' id='word_1_228' title='bbox 982 2954 1148 3023; x_wconf 84' lang='lat' dir='ltr'><strong>rigide</strong></span> <span class='ocrx_word' id='word_1_229' title='bbox 1187 2959 1519 3015; x_wconf 82' lang='lat' dir='ltr'><strong>deducenda.</strong></span> <span class='ocrx_word' id='word_1_230' title='bbox 1573 2963 1714 3020; x_wconf 92' lang='lat' dir='ltr'><strong>Satis</strong></span> <span class='ocrx_word' id='word_1_231' title='bbox 1742 2967 2006 3025; x_wconf 89' lang='lat' dir='ltr'><strong>habebant</strong></span> <span class='ocrx_word' id='word_1_232' title='bbox 2034 2989 2127 3028; x_wconf 85' lang='lat' dir='ltr'><strong>ve-</strong></span> 
     </span>
    </p>
   </div>
   <div class='ocr_carea' id='block_1_33' title="bbox 530 3043 2125 3131">
    <p class='ocr_par' dir='ltr' id='par_1_33' title="bbox 530 3043 2125 3131">
     <span class='ocr_line' id='line_1_33' title="bbox 530 3043 2125 3131; baseline 0.019 -41"><span class='ocrx_word' id='word_1_233' title='bbox 530 3045 674 3092; x_wconf 79' lang='lat' dir='ltr'><strong>teres</strong></span> <span class='ocrx_word' id='word_1_234' title='bbox 721 3053 845 3096; x_wconf 88' lang='lat' dir='ltr'><strong>suas</strong></span> <span class='ocrx_word' id='word_1_235' title='bbox 894 3043 1361 3115; x_wconf 86' lang='lat' dir='ltr'><strong>interpretationes</strong></span> <span class='ocrx_word' id='word_1_236' title='bbox 1396 3054 1708 3123; x_wconf 88' lang='lat' dir='ltr'><strong>allegoricas</strong></span> <span class='ocrx_word' id='word_1_237' title='bbox 1746 3060 1927 3131; x_wconf 90' lang='lat' dir='ltr'><strong>aliquo</strong></span> <span class='ocrx_word' id='word_1_238' title='bbox 1962 3077 2125 3120; x_wconf 89' lang='lat' dir='ltr'><strong>sensu</strong></span> 
     </span>
    </p>
   </div>
   <div class='ocr_carea' id='block_1_34' title="bbox 532 3142 2126 3226">
    <p class='ocr_par' dir='ltr' id='par_1_34' title="bbox 532 3142 2126 3226">
     <span class='ocr_line' id='line_1_34' title="bbox 532 3142 2126 3226; baseline 0.019 -45"><span class='ocrx_word' id='word_1_239' title='bbox 532 3142 654 3183; x_wconf 87' lang='lat' dir='ltr'><strong>esse</strong></span> <span class='ocrx_word' id='word_1_240' title='bbox 684 3146 837 3186; x_wconf 82' lang='lat' dir='ltr'><strong>veras</strong></span> <span class='ocrx_word' id='word_1_241' title='bbox 860 3175 875 3198; x_wconf 95' lang='lat'><strong>,</strong></span> <span class='ocrx_word' id='word_1_242' title='bbox 916 3152 1022 3191; x_wconf 92' lang='lat' dir='ltr'><strong>non</strong></span> <span class='ocrx_word' id='word_1_243' title='bbox 1054 3154 1147 3194; x_wconf 86' lang='lat' dir='ltr'><strong>eas</strong></span> <span class='ocrx_word' id='word_1_244' title='bbox 1171 3145 1321 3210; x_wconf 90' lang='lat' dir='ltr'><strong>quasi</strong></span> <span class='ocrx_word' id='word_1_245' title='bbox 1352 3146 1616 3202; x_wconf 82' lang='lat' dir='ltr'><strong>axiomata</strong></span> <span class='ocrx_word' id='word_1_246' title='bbox 1649 3155 1974 3219; x_wconf 85' lang='lat' dir='ltr'><strong>geometrica</strong></span> <span class='ocrx_word' id='word_1_247' title='bbox 2003 3171 2126 3226; x_wconf 89' lang='lat' dir='ltr'><strong>pro-</strong></span> 
     </span>
    </p>
   </div>
   <div class='ocr_carea' id='block_1_35' title="bbox 528 3216 793 3275">
    <p class='ocr_par' dir='ltr' id='par_1_35' title="bbox 528 3216 793 3275">
     <span class='ocr_line' id='line_1_35' title="bbox 528 3216 793 3275; baseline 0.011 -3"><span class='ocrx_word' id='word_1_248' title='bbox 528 3216 793 3275; x_wconf 78' lang='lat' dir='ltr'><strong>ferebant.</strong></span> 
     </span>
    </p>
   </div>
   <div class='ocr_carea' id='block_1_36' title="bbox 608 3312 2123 3405">
    <p class='ocr_par' dir='ltr' id='par_1_36' title="bbox 608 3312 2123 3405">
     <span class='ocr_line' id='line_1_36' title="bbox 608 3312 2123 3405; baseline 0.021 -42"><span class='ocrx_word' id='word_1_249' title='bbox 608 3312 737 3368; x_wconf 67' lang='lat' dir='ltr'><strong>Ibid.</strong></span> <span class='ocrx_word' id='word_1_250' title='bbox 772 3316 835 3367; x_wconf 82' lang='lat' dir='ltr'><strong>At</strong></span> <span class='ocrx_word' id='word_1_251' title='bbox 864 3320 906 3369; x_wconf 88' lang='lat' dir='ltr'><strong>si</strong></span> <span class='ocrx_word' id='word_1_252' title='bbox 931 3330 1196 3391; x_wconf 82' lang='lat' dir='ltr'><strong>propterea</strong></span> <span class='ocrx_word' id='word_1_253' title='bbox 1225 3326 1508 3384; x_wconf 87' lang='lat' dir='ltr'><strong>decimatas</strong></span> <span class='ocrx_word' id='word_1_254' title='bbox 1536 3340 1608 3384; x_wconf 89' lang='lat' dir='ltr'><strong>est</strong></span> <span class='ocrx_word' id='word_1_255' title='bbox 1634 3332 1755 3387; x_wconf 84' lang='lat' dir='ltr'><strong>Levi</strong></span> <span class='ocrx_word' id='word_1_256' title='bbox 1787 3338 1907 3405; x_wconf 84' lang='lat' dir='ltr'><strong>quia</strong></span> <span class='ocrx_word' id='word_1_257' title='bbox 1935 3348 2044 3393; x_wconf 80' lang='lat' dir='ltr'><strong>erat</strong></span> <span class='ocrx_word' id='word_1_258' title='bbox 2071 3342 2123 3394; x_wconf 89' lang='lat' dir='ltr'><strong>in</strong></span> 
     </span>
    </p>
   </div>
   <div class='ocr_carea' id='block_1_37' title="bbox 527 3404 2123 3499">
    <p class='ocr_par' dir='ltr' id='par_1_37' title="bbox 527 3404 2123 3499">
     <span class='ocr_line' id='line_1_37' title="bbox 527 3404 2123 3499; baseline 0.019 -42"><span class='ocrx_word' id='word_1_259' title='bbox 527 3404 716 3458; x_wconf 83' lang='lat' dir='ltr'><strong>lumbis</strong></span> <span class='ocrx_word' id='word_1_260' title='bbox 750 3408 965 3465; x_wconf 75' lang='lat' dir='ltr'><strong>Abrahae</strong></span> <span class='ocrx_word' id='word_1_261' title='bbox 990 3454 1004 3475; x_wconf 94' lang='lat'><strong>,</strong></span> <span class='ocrx_word' id='word_1_262' title='bbox 1033 3426 1297 3486; x_wconf 69' lang='lat' dir='ltr'><strong>propterea</strong></span> <span class='ocrx_word' id='word_1_263' title='bbox 1329 3436 1429 3475; x_wconf 90' lang='lat' dir='ltr'><strong>non</strong></span> <span class='ocrx_word' id='word_1_264' title='bbox 1456 3432 1528 3476; x_wconf 72' lang='lat' dir='ltr'><strong>est</strong></span> <span class='ocrx_word' id='word_1_265' title='bbox 1554 3404 1833 3482; x_wconf 84' lang='lat' dir='ltr'><strong>decimatas</strong></span> <span class='ocrx_word' id='word_1_266' title='bbox 1872 3428 2123 3499; x_wconf 76' lang='lat' dir='ltr'><strong>Christus,</strong></span> 
     </span>
    </p>
   </div>
   <div class='ocr_carea' id='block_1_38' title="bbox 528 3499 2127 3580">
    <p class='ocr_par' dir='ltr' id='par_1_38' title="bbox 528 3499 2127 3580">
     <span class='ocr_line' id='line_1_38' title="bbox 528 3499 2127 3580; baseline 0.021 -33"><span class='ocrx_word' id='word_1_267' title='bbox 528 3499 648 3566; x_wconf 84' lang='lat' dir='ltr'><strong>quia</strong></span> <span class='ocrx_word' id='word_1_268' title='bbox 680 3516 779 3553; x_wconf 89' lang='lat' dir='ltr'><strong>non</strong></span> <span class='ocrx_word' id='word_1_269' title='bbox 807 3517 916 3557; x_wconf 80' lang='lat' dir='ltr'><strong>erat</strong></span> <span class='ocrx_word' id='word_1_270' title='bbox 951 3507 1001 3559; x_wconf 89' lang='lat' dir='ltr'><strong>in</strong></span> <span class='ocrx_word' id='word_1_271' title='bbox 1039 3507 1220 3563; x_wconf 87' lang='lat' dir='ltr'><strong>lumbis</strong></span> <span class='ocrx_word' id='word_1_272' title='bbox 1249 3511 1486 3568; x_wconf 66' lang='lat' dir='ltr'><strong>Abrahae.</strong></span> <span class='ocrx_word' id='word_1_273' title='bbox 1533 3514 1701 3571; x_wconf 83' lang='lat' dir='ltr'><strong>Porro</strong></span> <span class='ocrx_word' id='word_1_274' title='bbox 1736 3532 1903 3576; x_wconf 90' lang='lat' dir='ltr'><strong>autem</strong></span> <span class='ocrx_word' id='word_1_275' title='bbox 1941 3526 1985 3577; x_wconf 86' lang='lat' dir='ltr'><strong>si</strong></span> <span class='ocrx_word' id='word_1_276' title='bbox 2024 3542 2127 3580; x_wconf 87' lang='lat' dir='ltr'><strong>non</strong></span> 
     </span>
    </p>
   </div>
   <div class='ocr_carea' id='block_1_39' title="bbox 498 3590 2126 3671">
    <p class='ocr_par' dir='ltr' id='par_1_39' title="bbox 498 3590 2126 3671">
     <span class='ocr_line' id='line_1_39' title="bbox 498 3590 2126 3671; baseline 0.02 -31"><span class='ocrx_word' id='word_1_277' title='bbox 498 3648 501 3651; x_wconf 8' lang='grc' dir='ltr'>ἰ</span> <span class='ocrx_word' id='word_1_278' title='bbox 529 3590 810 3644; x_wconf 76' lang='lat' dir='ltr'><strong>secundum</strong></span> <span class='ocrx_word' id='word_1_279' title='bbox 833 3597 1078 3665; x_wconf 88' lang='lat' dir='ltr'><strong>animam,</strong></span> <span class='ocrx_word' id='word_1_280' title='bbox 1112 3602 1202 3654; x_wconf 86' lang='lat' dir='ltr'><strong>sed</strong></span> <span class='ocrx_word' id='word_1_281' title='bbox 1228 3615 1424 3659; x_wconf 87' lang='lat' dir='ltr'><strong>tantum</strong></span> <span class='ocrx_word' id='word_1_282' title='bbox 1455 3611 1733 3663; x_wconf 87' lang='lat' dir='ltr'><strong>secundum</strong></span> <span class='ocrx_word' id='word_1_283' title='bbox 1760 3628 1964 3669; x_wconf 84' lang='lat' dir='ltr'><strong>carnem</strong></span> <span class='ocrx_word' id='word_1_284' title='bbox 1986 3621 2126 3671; x_wconf 74' lang='lat' dir='ltr'><strong>acci-</strong></span> 
     </span>
    </p>
   </div>
   <div class='ocr_carea' id='block_1_40' title="bbox 534 3668 2127 3782">
    <p class='ocr_par' dir='ltr' id='par_1_40' title="bbox 534 3668 2127 3782">
     <span class='ocr_line' id='line_1_40' title="bbox 534 3668 2127 3782; baseline 0.021 -49"><span class='ocrx_word' id='word_1_285' title='bbox 534 3668 702 3749; x_wconf 81' lang='lat' dir='ltr'><strong>pimus</strong></span> <span class='ocrx_word' id='word_1_286' title='bbox 724 3684 846 3739; x_wconf 76' lang='lat' dir='ltr'><strong>Levi</strong></span> <span class='ocrx_word' id='word_1_287' title='bbox 874 3691 1030 3758; x_wconf 70' lang='lat' dir='ltr'><strong>fuisse</strong></span> <span class='ocrx_word' id='word_1_288' title='bbox 1054 3693 1104 3746; x_wconf 85' lang='lat' dir='ltr'><strong>in</strong></span> <span class='ocrx_word' id='word_1_289' title='bbox 1124 3696 1378 3751; x_wconf 80' lang='lat' dir='ltr'><strong>Abraham</strong></span> <span class='ocrx_word' id='word_1_290' title='bbox 1403 3714 1421 3762; x_wconf 90' lang='lat'><strong><em>;</em></strong></span> <span class='ocrx_word' id='word_1_291' title='bbox 1449 3702 1517 3754; x_wconf 86' lang='lat' dir='ltr'><strong>ibi</strong></span> <span class='ocrx_word' id='word_1_292' title='bbox 1535 3713 1643 3757; x_wconf 90' lang='lat' dir='ltr'><strong>erat</strong></span> <span class='ocrx_word' id='word_1_293' title='bbox 1663 3716 1709 3757; x_wconf 89' lang='lat' dir='ltr'><strong>et</strong></span> <span class='ocrx_word' id='word_1_294' title='bbox 1730 3705 1984 3778; x_wconf 79' lang='lat' dir='ltr'><strong>Christus,</strong></span> <span class='ocrx_word' id='word_1_295' title='bbox 2006 3730 2127 3782; x_wconf 81' lang='lat' dir='ltr'><strong>quia</strong></span> 
     </span>
    </p>
   </div>
   <div class='ocr_carea' id='block_1_41' title="bbox 527 3773 2128 3874">
    <p class='ocr_par' dir='ltr' id='par_1_41' title="bbox 527 3773 2128 3874">
     <span class='ocr_line' id='line_1_41' title="bbox 527 3773 2128 3874; baseline 0.02 -44"><span class='ocrx_word' id='word_1_296' title='bbox 527 3773 760 3833; x_wconf 86' lang='lat' dir='ltr'><strong>Christus</strong></span> <span class='ocrx_word' id='word_1_297' title='bbox 780 3824 793 3849; x_wconf 89' lang='lat'><strong>,</strong></span> <span class='ocrx_word' id='word_1_298' title='bbox 821 3788 1098 3842; x_wconf 81' lang='lat' dir='ltr'><strong>secundum</strong></span> <span class='ocrx_word' id='word_1_299' title='bbox 1125 3806 1329 3845; x_wconf 86' lang='lat' dir='ltr'><strong>carnem</strong></span> <span class='ocrx_word' id='word_1_300' title='bbox 1347 3838 1362 3861; x_wconf 90' lang='lat'><strong>,</strong></span> <span class='ocrx_word' id='word_1_301' title='bbox 1391 3811 1454 3848; x_wconf 81' lang='lat' dir='ltr'><strong>ea:</strong></span> <span class='ocrx_word' id='word_1_302' title='bbox 1479 3800 1670 3854; x_wconf 85' lang='lat' dir='ltr'><strong>semine</strong></span> <span class='ocrx_word' id='word_1_303' title='bbox 1699 3812 1771 3855; x_wconf 89' lang='lat' dir='ltr'><strong>est</strong></span> <span class='ocrx_word' id='word_1_304' title='bbox 1800 3804 2019 3861; x_wconf 64' lang='lat' dir='ltr'><strong>Abrahae</strong></span> <span class='ocrx_word' id='word_1_305' title='bbox 2036 3850 2053 3874; x_wconf 95' lang='lat'><strong>,</strong></span> <span class='ocrx_word' id='word_1_306' title='bbox 2081 3821 2128 3864; x_wconf 90' lang='lat' dir='ltr'><strong>et</strong></span> 
     </span>
    </p>
   </div>
   <div class='ocr_carea' id='block_1_42' title="bbox 528 3869 2127 3959">
    <p class='ocr_par' dir='ltr' id='par_1_42' title="bbox 528 3869 2127 3959">
     <span class='ocr_line' id='line_1_42' title="bbox 528 3869 2127 3959; baseline 0.024 -39"><span class='ocrx_word' id='word_1_307' title='bbox 528 3869 635 3938; x_wconf 86' lang='lat' dir='ltr'><strong>ipse</strong></span> <span class='ocrx_word' id='word_1_308' title='bbox 665 3874 835 3943; x_wconf 79' lang='lat' dir='ltr'><strong>itaque</strong></span> <span class='ocrx_word' id='word_1_309' title='bbox 864 3876 1139 3934; x_wconf 88' lang='lat' dir='ltr'><strong>decimatas</strong></span> <span class='ocrx_word' id='word_1_310' title='bbox 1166 3883 1285 3953; x_wconf 87' lang='lat' dir='ltr'><strong>est.j</strong></span> <span class='ocrx_word' id='word_1_311' title='bbox 1337 3886 1443 3941; x_wconf 91' lang='lat' dir='ltr'><strong>Sed</strong></span> <span class='ocrx_word' id='word_1_312' title='bbox 1472 3903 1592 3944; x_wconf 92' lang='lat' dir='ltr'><strong>cum</strong></span> <span class='ocrx_word' id='word_1_313' title='bbox 1635 3892 1877 3951; x_wconf 89' lang='lat' dir='ltr'><strong>dicerent</strong></span> <span class='ocrx_word' id='word_1_314' title='bbox 1920 3901 2127 3959; x_wconf 67' lang='lat' dir='ltr'><strong>Hebraei</strong></span> 
     </span>
    </p>
   </div>
   <div class='ocr_carea' id='block_1_43' title="bbox 527 3974 2129 4057">
    <p class='ocr_par' dir='ltr' id='par_1_43' title="bbox 527 3974 2129 4057">
     <span class='ocr_line' id='line_1_43' title="bbox 527 3974 2129 4057; baseline 0.019 -38"><span class='ocrx_word' id='word_1_315' title='bbox 527 3978 754 4035; x_wconf 88' lang='lat' dir='ltr'><strong>nepotes</strong></span> <span class='ocrx_word' id='word_1_316' title='bbox 781 3974 1031 4039; x_wconf 81' lang='lat' dir='ltr'><strong>prodiisse</strong></span> <span class='ocrx_word' id='word_1_317' title='bbox 1060 3994 1122 4031; x_wconf 79' lang='lat' dir='ltr'><strong>ea:</strong></span> <span class='ocrx_word' id='word_1_318' title='bbox 1156 3980 1336 4033; x_wconf 89' lang='lat' dir='ltr'><strong>lumbis</strong></span> <span class='ocrx_word' id='word_1_319' title='bbox 1374 3985 1635 4052; x_wconf 89' lang='lat' dir='ltr'><strong>majorum</strong></span> <span class='ocrx_word' id='word_1_320' title='bbox 1665 4003 1908 4057; x_wconf 89' lang='lat' dir='ltr'><strong>suorum,</strong></span> <span class='ocrx_word' id='word_1_321' title='bbox 1944 4005 2039 4049; x_wconf 88' lang='lat' dir='ltr'><strong>aut</strong></span> <span class='ocrx_word' id='word_1_322' title='bbox 2074 3997 2129 4050; x_wconf 90' lang='lat' dir='ltr'><strong>in</strong></span> 
     </span>
    </p>
   </div>
   <div class='ocr_carea' id='block_1_44' title="bbox 523 4058 2126 4154">
    <p class='ocr_par' dir='ltr' id='par_1_44' title="bbox 523 4058 2126 4154">
     <span class='ocr_line' id='line_1_44' title="bbox 523 4058 2126 4154; baseline 0.02 -43"><span class='ocrx_word' id='word_1_323' title='bbox 523 4058 590 4111; x_wconf 89' lang='lat' dir='ltr'><strong>iis</strong></span> <span class='ocrx_word' id='word_1_324' title='bbox 620 4062 796 4127; x_wconf 78' lang='lat' dir='ltr'><strong>fuisse,</strong></span> <span class='ocrx_word' id='word_1_325' title='bbox 829 4079 935 4117; x_wconf 93' lang='lat' dir='ltr'><strong>non</strong></span> <span class='ocrx_word' id='word_1_326' title='bbox 960 4066 1028 4120; x_wconf 87' lang='lat' dir='ltr'><strong>ita</strong></span> <span class='ocrx_word' id='word_1_327' title='bbox 1063 4069 1161 4123; x_wconf 88' lang='lat' dir='ltr'><strong>hoc</strong></span> <span class='ocrx_word' id='word_1_328' title='bbox 1192 4072 1590 4144; x_wconf 87' lang='lat' dir='ltr'><strong>intelligebant,</strong></span> <span class='ocrx_word' id='word_1_329' title='bbox 1619 4081 1772 4149; x_wconf 89' lang='lat' dir='ltr'><strong>quasi</strong></span> <span class='ocrx_word' id='word_1_330' title='bbox 1804 4092 1856 4137; x_wconf 89' lang='lat' dir='ltr'><strong>et</strong></span> <span class='ocrx_word' id='word_1_331' title='bbox 1897 4100 2126 4154; x_wconf 91' lang='lat' dir='ltr'><strong>corpora</strong></span> 
     </span>
    </p>
   </div>
   <div class='ocr_carea' id='block_1_45' title="bbox 525 4155 2129 4254">
    <p class='ocr_par' dir='ltr' id='par_1_45' title="bbox 525 4155 2129 4254">
     <span class='ocr_line' id='line_1_45' title="bbox 525 4155 2129 4254; baseline 0.021 -48"><span class='ocrx_word' id='word_1_332' title='bbox 525 4164 582 4208; x_wconf 90' lang='lat' dir='ltr'><strong>et</strong></span> <span class='ocrx_word' id='word_1_333' title='bbox 596 4155 758 4211; x_wconf 89' lang='lat' dir='ltr'><strong>animi</strong></span> <span class='ocrx_word' id='word_1_334' title='bbox 781 4171 1032 4229; x_wconf 89' lang='lat' dir='ltr'><strong>nepotum</strong></span> <span class='ocrx_word' id='word_1_335' title='bbox 1060 4165 1110 4217; x_wconf 89' lang='lat' dir='ltr'><strong>in</strong></span> <span class='ocrx_word' id='word_1_336' title='bbox 1136 4168 1332 4224; x_wconf 91' lang='lat' dir='ltr'><strong>lumbis</strong></span> <span class='ocrx_word' id='word_1_337' title='bbox 1348 4172 1609 4240; x_wconf 88' lang='lat' dir='ltr'><strong>majorum</strong></span> <span class='ocrx_word' id='word_1_338' title='bbox 1628 4180 1842 4247; x_wconf 86' lang='lat' dir='ltr'><strong>proprie</strong></span> <span class='ocrx_word' id='word_1_339' title='bbox 1867 4180 2090 4239; x_wconf 79' lang='lat' dir='ltr'><strong>inissent</strong></span> <span class='ocrx_word' id='word_1_340' title='bbox 2113 4204 2129 4254; x_wconf 83' lang='lat'><strong>;</strong></span> 
     </span>
    </p>
   </div>
   <div class='ocr_carea' id='block_1_46' title="bbox 527 4249 2133 4336">
    <p class='ocr_par' dir='ltr' id='par_1_46' title="bbox 527 4249 2133 4336">
     <span class='ocr_line' id='line_1_46' title="bbox 527 4249 2133 4336; baseline 0.019 -34"><span class='ocrx_word' id='word_1_341' title='bbox 527 4261 634 4302; x_wconf 88' lang='lat' dir='ltr'><strong>non</strong></span> <span class='ocrx_word' id='word_1_342' title='bbox 667 4249 735 4303; x_wconf 87' lang='lat' dir='ltr'><strong>ita</strong></span> <span class='ocrx_word' id='word_1_343' title='bbox 768 4253 1039 4310; x_wconf 87' lang='lat' dir='ltr'><strong>subtiliter</strong></span> <span class='ocrx_word' id='word_1_344' title='bbox 1063 4258 1577 4329; x_wconf 84' lang='lat' dir='ltr'><strong>philos0phabantur</strong></span> <span class='ocrx_word' id='word_1_345' title='bbox 1599 4268 1839 4336; x_wconf 68' lang='lat' dir='ltr'><strong>Hebraei;</strong></span> <span class='ocrx_word' id='word_1_346' title='bbox 1864 4276 1956 4329; x_wconf 89' lang='lat' dir='ltr'><strong>sed</strong></span> <span class='ocrx_word' id='word_1_347' title='bbox 1988 4249 2133 4333; x_wconf 49' lang='lat' dir='ltr'><strong>vale;</strong></span> 
     </span>
    </p>
   </div>
   <div class='ocr_carea' id='block_1_47' title="bbox 527 4340 2133 4425">
    <p class='ocr_par' dir='ltr' id='par_1_47' title="bbox 527 4340 2133 4425">
     <span class='ocr_line' id='line_1_47' title="bbox 527 4340 2133 4425; baseline 0.021 -33"><span class='ocrx_word' id='word_1_348' title='bbox 527 4340 660 4395; x_wconf 84' lang='lat' dir='ltr'><strong>bant</strong></span> <span class='ocrx_word' id='word_1_349' title='bbox 696 4352 899 4399; x_wconf 90' lang='lat' dir='ltr'><strong>tantum</strong></span> <span class='ocrx_word' id='word_1_350' title='bbox 931 4354 1327 4418; x_wconf 86' lang='lat' dir='ltr'><strong>propagationis</strong></span> <span class='ocrx_word' id='word_1_351' title='bbox 1361 4357 1551 4414; x_wconf 90' lang='lat' dir='ltr'><strong>ordine</strong></span> <span class='ocrx_word' id='word_1_352' title='bbox 1594 4362 1661 4415; x_wconf 92' lang='lat' dir='ltr'><strong>ab</strong></span> <span class='ocrx_word' id='word_1_353' title='bbox 1703 4363 1769 4417; x_wconf 92' lang='lat' dir='ltr'><strong>iis</strong></span> <span class='ocrx_word' id='word_1_354' title='bbox 1796 4380 1918 4421; x_wconf 91' lang='lat' dir='ltr'><strong>esse</strong></span> <span class='ocrx_word' id='word_1_355' title='bbox 1947 4370 2133 4425; x_wconf 84' lang='lat' dir='ltr'><strong>Oriun-</strong></span> 
     </span>
    </p>
   </div>
   <div class='ocr_carea' id='block_1_48' title="bbox 530 4431 2128 4529">
    <p class='ocr_par' dir='ltr' id='par_1_48' title="bbox 530 4431 2128 4529">
     <span class='ocr_line' id='line_1_48' title="bbox 530 4431 2128 4529; baseline 0.019 -45"><span class='ocrx_word' id='word_1_356' title='bbox 530 4431 652 4485; x_wconf 89' lang='lat' dir='ltr'><strong>dos.</strong></span> <span class='ocrx_word' id='word_1_357' title='bbox 703 4432 884 4505; x_wconf 87' lang='lat' dir='ltr'><strong>Itaque</strong></span> <span class='ocrx_word' id='word_1_358' title='bbox 934 4438 1033 4494; x_wconf 91' lang='lat' dir='ltr'><strong>hoc</strong></span> <span class='ocrx_word' id='word_1_359' title='bbox 1077 4443 1191 4496; x_wconf 89' lang='lat' dir='ltr'><strong>vult</strong></span> <span class='ocrx_word' id='word_1_360' title='bbox 1239 4455 1427 4500; x_wconf 88' lang='lat' dir='ltr'><strong>auctor</strong></span> <span class='ocrx_word' id='word_1_361' title='bbox 1470 4450 1535 4504; x_wconf 90' lang='lat' dir='ltr'><strong>ad</strong></span> <span class='ocrx_word' id='word_1_362' title='bbox 1586 4452 1841 4510; x_wconf 62' lang='lat' dir='ltr'><strong>Hebraeos</strong></span> <span class='ocrx_word' id='word_1_363' title='bbox 1874 4501 1888 4525; x_wconf 93' lang='lat'><strong>,</strong></span> <span class='ocrx_word' id='word_1_364' title='bbox 1940 4460 2128 4529; x_wconf 85' lang='lat' dir='ltr'><strong>Levin,</strong></span> 
     </span>
    </p>
   </div>
   <div class='ocr_carea' id='block_1_49' title="bbox 526 4529 2131 4610">
    <p class='ocr_par' dir='ltr' id='par_1_49' title="bbox 526 4529 2131 4610">
     <span class='ocr_line' id='line_1_49' title="bbox 526 4529 2131 4610; baseline 0.022 -34"><span class='ocrx_word' id='word_1_365' title='bbox 526 4534 703 4579; x_wconf 88' lang='lat' dir='ltr'><strong>ortum</strong></span> <span class='ocrx_word' id='word_1_366' title='bbox 734 4529 802 4582; x_wconf 91' lang='lat' dir='ltr'><strong>ab</strong></span> <span class='ocrx_word' id='word_1_367' title='bbox 832 4529 1139 4590; x_wconf 80' lang='lat' dir='ltr'><strong>Abrahaino</strong></span> <span class='ocrx_word' id='word_1_368' title='bbox 1162 4577 1176 4602; x_wconf 94' lang='lat'><strong>,</strong></span> <span class='ocrx_word' id='word_1_369' title='bbox 1216 4554 1373 4607; x_wconf 86' lang='lat' dir='ltr'><strong>posse</strong></span> <span class='ocrx_word' id='word_1_370' title='bbox 1408 4548 1615 4600; x_wconf 86' lang='lat' dir='ltr'><strong>censeri</strong></span> <span class='ocrx_word' id='word_1_371' title='bbox 1646 4548 1882 4606; x_wconf 88' lang='lat' dir='ltr'><strong>decimas</strong></span> <span class='ocrx_word' id='word_1_372' title='bbox 1908 4552 2131 4610; x_wconf 73' lang='lat' dir='ltr'><strong>Melchi—</strong></span> 
     </span>
    </p>
   </div>
   <div class='ocr_carea' id='block_1_50' title="bbox 529 4619 2130 4715">
    <p class='ocr_par' dir='ltr' id='par_1_50' title="bbox 529 4619 2130 4715">
     <span class='ocr_line' id='line_1_50' title="bbox 529 4619 2130 4715; baseline 0.024 -46"><span class='ocrx_word' id='word_1_373' title='bbox 529 4619 766 4675; x_wconf 84' lang='lat' dir='ltr'><strong>sedecho</strong></span> <span class='ocrx_word' id='word_1_374' title='bbox 795 4625 1049 4687; x_wconf 84' lang='lat' dir='ltr'><strong>solvisse.</strong></span> <span class='ocrx_word' id='word_1_375' title='bbox 1082 4645 1204 4685; x_wconf 88' lang='lat' dir='ltr'><strong>cum</strong></span> <span class='ocrx_word' id='word_1_376' title='bbox 1244 4633 1585 4695; x_wconf 85' lang='lat' dir='ltr'><strong>Abrahamus</strong></span> <span class='ocrx_word' id='word_1_377' title='bbox 1629 4643 1747 4711; x_wconf 89' lang='lat' dir='ltr'><strong>ejus</strong></span> <span class='ocrx_word' id='word_1_378' title='bbox 1780 4662 2012 4715; x_wconf 88' lang='lat' dir='ltr'><strong>proavus</strong></span> <span class='ocrx_word' id='word_1_379' title='bbox 2036 4668 2130 4708; x_wconf 89' lang='lat' dir='ltr'><strong>eas</strong></span> 
     </span>
    </p>
   </div>
   <div class='ocr_carea' id='block_1_51' title="bbox 529 4715 774 4771">
    <p class='ocr_par' dir='ltr' id='par_1_51' title="bbox 529 4715 774 4771">
     <span class='ocr_line' id='line_1_51' title="bbox 529 4715 774 4771; baseline 0.012 -3"><span class='ocrx_word' id='word_1_380' title='bbox 529 4715 774 4771; x_wconf 87' lang='lat' dir='ltr'><strong>solverit.</strong></span> 
     </span>
    </p>
   </div>
   <div class='ocr_carea' id='block_1_52' title="bbox 600 4805 2127 4904">
    <p class='ocr_par' dir='ltr' id='par_1_52' title="bbox 600 4805 2127 4904">
     <span class='ocr_line' id='line_1_52' title="bbox 600 4805 2127 4904; baseline 0.02 -44"><span class='ocrx_word' id='word_1_381' title='bbox 600 4805 730 4862; x_wconf 80' lang='lat' dir='ltr'><strong>Ibid.</strong></span> <span class='ocrx_word' id='word_1_382' title='bbox 787 4810 925 4874; x_wconf 77' lang='lat' dir='ltr'><strong>Quid</strong></span> <span class='ocrx_word' id='word_1_383' title='bbox 964 4827 1035 4868; x_wconf 90' lang='lat' dir='ltr'><strong>est</strong></span> <span class='ocrx_word' id='word_1_384' title='bbox 1066 4834 1185 4887; x_wconf 79' lang='lat' dir='ltr'><strong>ergo</strong></span> <span class='ocrx_word' id='word_1_385' title='bbox 1215 4823 1353 4889; x_wconf 83' lang='lat' dir='ltr'><strong>quod</strong></span> <span class='ocrx_word' id='word_1_386' title='bbox 1388 4824 1603 4892; x_wconf 58' lang='lat' dir='ltr'><strong>a/I‘ertur</strong></span> <span class='ocrx_word' id='word_1_387' title='bbox 1633 4846 1725 4896; x_wconf 90' lang='lat' dir='ltr'><strong>pro</strong></span> <span class='ocrx_word' id='word_1_388' title='bbox 1754 4850 1937 4901; x_wconf 81' lang='lat' dir='ltr'><strong>magna</strong></span> <span class='ocrx_word' id='word_1_389' title='bbox 1977 4837 2127 4904; x_wconf 81' lang='lat' dir='ltr'><strong>di/fe-</strong></span> 
     </span>
    </p>
   </div>
   <div class='ocr_carea' id='block_1_53' title="bbox 520 4906 2124 4997">
    <p class='ocr_par' dir='ltr' id='par_1_53' title="bbox 520 4906 2124 4997">
     <span class='ocr_line' id='line_1_53' title="bbox 520 4906 2124 4997; baseline 0.018 -42"><span class='ocrx_word' id='word_1_390' title='bbox 520 4906 683 4956; x_wconf 85' lang='lat' dir='ltr'><strong>rentia</strong></span> <span class='ocrx_word' id='word_1_391' title='bbox 723 4908 997 4962; x_wconf 82' lang='lat' dir='ltr'><strong>sacerdotii</strong></span> <span class='ocrx_word' id='word_1_392' title='bbox 1023 4909 1211 4967; x_wconf 85' lang='lat' dir='ltr'><strong>Christi</strong></span> <span class='ocrx_word' id='word_1_393' title='bbox 1255 4932 1287 4969; x_wconf 90' lang='lat' dir='ltr'><strong>a</strong></span> <span class='ocrx_word' id='word_1_394' title='bbox 1327 4921 1612 4975; x_wconf 87' lang='lat' dir='ltr'><strong>sacerdotio</strong></span> <span class='ocrx_word' id='word_1_395' title='bbox 1652 4923 1804 4992; x_wconf 83' lang='lat' dir='ltr'><strong>Levi,</strong></span> <span class='ocrx_word' id='word_1_396' title='bbox 1835 4934 1972 4997; x_wconf 90' lang='lat' dir='ltr'><strong>quod</strong></span> <span class='ocrx_word' id='word_1_397' title='bbox 2006 4929 2124 4984; x_wconf 82' lang='lat' dir='ltr'><strong>Levi</strong></span> 
     </span>
    </p>
   </div>
   <div class='ocr_carea' id='block_1_54' title="bbox 523 4998 2122 5083">
    <p class='ocr_par' dir='ltr' id='par_1_54' title="bbox 523 4998 2122 5083">
     <span class='ocr_line' id='line_1_54' title="bbox 523 4998 2122 5083; baseline 0.023 -36"><span class='ocrx_word' id='word_1_398' title='bbox 523 4998 806 5053; x_wconf 87' lang='lat' dir='ltr'><strong>decimatas</strong></span> <span class='ocrx_word' id='word_1_399' title='bbox 850 5014 919 5055; x_wconf 86' lang='lat' dir='ltr'><strong>est</strong></span> <span class='ocrx_word' id='word_1_400' title='bbox 966 5019 997 5055; x_wconf 90' lang='lat' dir='ltr'><strong>a</strong></span> <span class='ocrx_word' id='word_1_401' title='bbox 1046 5004 1457 5071; x_wconf 79' lang='lat' dir='ltr'><strong>Melchisedech.</strong></span> <span class='ocrx_word' id='word_1_402' title='bbox 1500 5030 1613 5069; x_wconf 85' lang='lat' dir='ltr'><strong>cum</strong></span> <span class='ocrx_word' id='word_1_403' title='bbox 1661 5031 1787 5073; x_wconf 86' lang='lat' dir='ltr'><strong>esset</strong></span> <span class='ocrx_word' id='word_1_404' title='bbox 1836 5024 1886 5076; x_wconf 86' lang='lat' dir='ltr'><strong>in</strong></span> <span class='ocrx_word' id='word_1_405' title='bbox 1937 5026 2122 5083; x_wconf 87' lang='lat' dir='ltr'><strong>lumbis</strong></span> 
     </span>
    </p>
   </div>
   <div class='ocr_carea' id='block_1_55' title="bbox 523 5086 2120 5178">
    <p class='ocr_par' dir='ltr' id='par_1_55' title="bbox 523 5086 2120 5178">
     <span class='ocr_line' id='line_1_55' title="bbox 523 5086 2120 5178; baseline 0.024 -43"><span class='ocrx_word' id='word_1_406' title='bbox 523 5086 740 5141; x_wconf 75' lang='lat' dir='ltr'><strong>Abraha:</strong></span> <span class='ocrx_word' id='word_1_407' title='bbox 764 5128 779 5154; x_wconf 95' lang='lat'><strong>,</strong></span> <span class='ocrx_word' id='word_1_408' title='bbox 822 5092 908 5144; x_wconf 89' lang='lat' dir='ltr'><strong>ubi</strong></span> <span class='ocrx_word' id='word_1_409' title='bbox 933 5104 981 5147; x_wconf 89' lang='lat' dir='ltr'><strong>et</strong></span> <span class='ocrx_word' id='word_1_410' title='bbox 1012 5094 1246 5153; x_wconf 83' lang='lat' dir='ltr'><strong>Christus</strong></span> <span class='ocrx_word' id='word_1_411' title='bbox 1274 5111 1425 5165; x_wconf 86' lang='lat' dir='ltr'><strong>erat;</strong></span> <span class='ocrx_word' id='word_1_412' title='bbox 1471 5108 1606 5160; x_wconf 87' lang='lat' dir='ltr'><strong>unde</strong></span> <span class='ocrx_word' id='word_1_413' title='bbox 1649 5113 1839 5178; x_wconf 87' lang='lat' dir='ltr'><strong>pariter</strong></span> <span class='ocrx_word' id='word_1_414' title='bbox 1884 5116 2120 5173; x_wconf 87' lang='lat' dir='ltr'><strong>decimati</strong></span> 
     </span>
    </p>
   </div>
   <div class='ocr_carea' id='block_1_56' title="bbox 521 5182 2117 5268">
    <p class='ocr_par' dir='ltr' id='par_1_56' title="bbox 521 5182 2117 5268">
     <span class='ocr_line' id='line_1_56' title="bbox 521 5182 2117 5268; baseline 0.024 -41"><span class='ocrx_word' id='word_1_415' title='bbox 521 5188 679 5244; x_wconf 88' lang='lat' dir='ltr'><strong>sunt;</strong></span> <span class='ocrx_word' id='word_1_416' title='bbox 709 5182 809 5232; x_wconf 87' lang='lat' dir='ltr'><strong>nisi</strong></span> <span class='ocrx_word' id='word_1_417' title='bbox 839 5186 958 5249; x_wconf 88' lang='lat' dir='ltr'><strong>quia</strong></span> <span class='ocrx_word' id='word_1_418' title='bbox 992 5203 1191 5243; x_wconf 87' lang='lat' dir='ltr'><strong>necesse</strong></span> <span class='ocrx_word' id='word_1_419' title='bbox 1224 5202 1294 5245; x_wconf 87' lang='lat' dir='ltr'><strong>est</strong></span> <span class='ocrx_word' id='word_1_420' title='bbox 1333 5195 1679 5268; x_wconf 82' lang='lat' dir='ltr'><strong>intelligamus</strong></span> <span class='ocrx_word' id='word_1_421' title='bbox 1711 5206 1989 5260; x_wconf 86' lang='lat' dir='ltr'><strong>secundum</strong></span> <span class='ocrx_word' id='word_1_422' title='bbox 2020 5210 2117 5264; x_wconf 84' lang='lat' dir='ltr'><strong>ali-</strong></span> 
     </span>
    </p>
   </div>
   <div class='ocr_carea' id='block_1_57' title="bbox 521 5273 2121 5359">
    <p class='ocr_par' dir='ltr' id='par_1_57' title="bbox 521 5273 2121 5359">
     <span class='ocr_line' id='line_1_57' title="bbox 521 5273 2121 5359; baseline 0.024 -40"><span class='ocrx_word' id='word_1_423' title='bbox 521 5286 671 5339; x_wconf 83' lang='lat' dir='ltr'><strong>quem</strong></span> <span class='ocrx_word' id='word_1_424' title='bbox 704 5273 911 5327; x_wconf 87' lang='lat' dir='ltr'><strong>modum</strong></span> <span class='ocrx_word' id='word_1_425' title='bbox 943 5277 1009 5330; x_wconf 92' lang='lat' dir='ltr'><strong>ibi</strong></span> <span class='ocrx_word' id='word_1_426' title='bbox 1038 5277 1300 5336; x_wconf 80' lang='lat' dir='ltr'><strong>Christum</strong></span> <span class='ocrx_word' id='word_1_427' title='bbox 1327 5303 1430 5340; x_wconf 91' lang='lat' dir='ltr'><strong>non</strong></span> <span class='ocrx_word' id='word_1_428' title='bbox 1458 5291 1657 5357; x_wconf 74' lang='lat' dir='ltr'><strong>fuisse?</strong></span> <span class='ocrx_word' id='word_1_429' title='bbox 1687 5294 1811 5359; x_wconf 83' lang='lat' dir='ltr'><strong>Quis</strong></span> <span class='ocrx_word' id='word_1_430' title='bbox 1837 5309 2005 5353; x_wconf 89' lang='lat' dir='ltr'><strong>autem</strong></span> <span class='ocrx_word' id='word_1_431' title='bbox 2033 5319 2121 5357; x_wconf 89' lang='lat' dir='ltr'><strong>ne-</strong></span> 
     </span>
    </p>
   </div>
   <div class='ocr_carea' id='block_1_58' title="bbox 522 5370 2122 5457">
    <p class='ocr_par' dir='ltr' id='par_1_58' title="bbox 522 5370 2122 5457">
     <span class='ocr_line' id='line_1_58' title="bbox 522 5370 2122 5457; baseline 0.021 -42"><span class='ocrx_word' id='word_1_432' title='bbox 522 5372 604 5432; x_wconf 82' lang='lat' dir='ltr'><strong>get</strong></span> <span class='ocrx_word' id='word_1_433' title='bbox 643 5380 757 5416; x_wconf 83' lang='lat' dir='ltr'><strong>eum</strong></span> <span class='ocrx_word' id='word_1_434' title='bbox 784 5370 1067 5424; x_wconf 82' lang='lat' dir='ltr'><strong>secundum</strong></span> <span class='ocrx_word' id='word_1_435' title='bbox 1109 5391 1311 5430; x_wconf 84' lang='lat' dir='ltr'><strong>carnem</strong></span> <span class='ocrx_word' id='word_1_436' title='bbox 1339 5380 1407 5433; x_wconf 86' lang='lat' dir='ltr'><strong>ibi</strong></span> <span class='ocrx_word' id='word_1_437' title='bbox 1436 5383 1637 5451; x_wconf 79' lang='lat' dir='ltr'><strong>fuisse?</strong></span> <span class='ocrx_word' id='word_1_438' title='bbox 1678 5385 1816 5457; x_wconf 84' lang='lat' dir='ltr'><strong>Ergo</strong></span> <span class='ocrx_word' id='word_1_439' title='bbox 1844 5394 2122 5450; x_wconf 79' lang='lat' dir='ltr'><strong>secundum</strong></span> 
     </span>
    </p>
   </div>
   <div class='ocr_carea' id='block_1_59' title="bbox 522 5455 2123 5543">
    <p class='ocr_par' dir='ltr' id='par_1_59' title="bbox 522 5455 2123 5543">
     <span class='ocr_line' id='line_1_59' title="bbox 522 5455 2123 5543; baseline 0.024 -40"><span class='ocrx_word' id='word_1_440' title='bbox 522 5455 746 5508; x_wconf 86' lang='lat' dir='ltr'><strong>animam</strong></span> <span class='ocrx_word' id='word_1_441' title='bbox 775 5458 844 5510; x_wconf 82' lang='lat' dir='ltr'><strong>ibi</strong></span> <span class='ocrx_word' id='word_1_442' title='bbox 869 5476 969 5513; x_wconf 88' lang='lat' dir='ltr'><strong>non</strong></span> <span class='ocrx_word' id='word_1_443' title='bbox 1002 5466 1117 5530; x_wconf 82' lang='lat' dir='ltr'><strong>fuit.</strong></span> <span class='ocrx_word' id='word_1_444' title='bbox 1163 5466 1283 5522; x_wconf 87' lang='lat' dir='ltr'><strong>Non</strong></span> <span class='ocrx_word' id='word_1_445' title='bbox 1316 5484 1387 5524; x_wconf 87' lang='lat' dir='ltr'><strong>est</strong></span> <span class='ocrx_word' id='word_1_446' title='bbox 1427 5474 1584 5543; x_wconf 82' lang='lat' dir='ltr'><strong>igitur</strong></span> <span class='ocrx_word' id='word_1_447' title='bbox 1624 5481 1797 5533; x_wconf 90' lang='lat' dir='ltr'><strong>anima</strong></span> <span class='ocrx_word' id='word_1_448' title='bbox 1831 5480 2020 5538; x_wconf 80' lang='lat' dir='ltr'><strong>Citriin</strong></span> <span class='ocrx_word' id='word_1_449' title='bbox 2060 5490 2123 5541; x_wconf 91' lang='lat' dir='ltr'><strong>de</strong></span> 
     </span>
    </p>
   </div>
   <div class='ocr_carea' id='block_1_60' title="bbox 520 5832 2118 5928">
    <p class='ocr_par' dir='ltr' id='par_1_60' title="bbox 520 5832 2118 5928">
     <span class='ocr_line' id='line_1_60' title="bbox 520 5832 2118 5928; baseline 0.021 -44"><span class='ocrx_word' id='word_1_450' title='bbox 520 5844 702 5901; x_wconf 81' lang='lat' dir='ltr'><strong>putum</strong></span> <span class='ocrx_word' id='word_1_451' title='bbox 739 5832 900 5890; x_wconf 75' lang='lat' dir='ltr'><strong>lnis~e</strong></span> <span class='ocrx_word' id='word_1_452' title='bbox 931 5835 982 5890; x_wconf 94' lang='lat' dir='ltr'><strong>in</strong></span> <span class='ocrx_word' id='word_1_453' title='bbox 1013 5837 1345 5910; x_wconf 82' lang='lat' dir='ltr'><strong>majoribus;</strong></span> <span class='ocrx_word' id='word_1_454' title='bbox 1380 5850 1562 5915; x_wconf 85' lang='lat' dir='ltr'><strong>quidni</strong></span> <span class='ocrx_word' id='word_1_455' title='bbox 1594 5854 1758 5919; x_wconf 89' lang='lat' dir='ltr'><strong>enim,</strong></span> <span class='ocrx_word' id='word_1_456' title='bbox 1792 5868 1845 5910; x_wconf 92' lang='lat' dir='ltr'><strong>ut</strong></span> <span class='ocrx_word' id='word_1_457' title='bbox 1868 5874 2118 5928; x_wconf 87' lang='lat' dir='ltr'><strong>corpora,</strong></span> 
     </span>
    </p>
   </div>
   <div class='ocr_carea' id='block_1_61' title="bbox 2258 566 3768 645">
    <p class='ocr_par' dir='ltr' id='par_1_61' title="bbox 2258 566 3768 645">
     <span class='ocr_line' id='line_1_61' title="bbox 2258 566 3768 645; baseline 0.019 -28"><span class='ocrx_word' id='word_1_458' title='bbox 2258 578 2365 618; x_wconf 90' lang='lat' dir='ltr'><strong>non</strong></span> <span class='ocrx_word' id='word_1_459' title='bbox 2419 566 2663 620; x_wconf 81' lang='lat' dir='ltr'><strong>iuerint?</strong></span> <span class='ocrx_word' id='word_1_460' title='bbox 2713 568 2914 625; x_wconf 88' lang='lat' dir='ltr'><strong>Deinde</strong></span> <span class='ocrx_word' id='word_1_461' title='bbox 2962 586 3060 642; x_wconf 90' lang='lat' dir='ltr'><strong>per</strong></span> <span class='ocrx_word' id='word_1_462' title='bbox 3096 575 3341 643; x_wconf 85' lang='lat' dir='ltr'><strong>exiguum</strong></span> <span class='ocrx_word' id='word_1_463' title='bbox 3372 578 3578 635; x_wconf 86' lang='lat' dir='ltr'><strong>duarum</strong></span> <span class='ocrx_word' id='word_1_464' title='bbox 3605 596 3768 645; x_wconf 76' lang='lat' dir='ltr'><strong>:etatuin</strong></span> 
     </span>
    </p>
   </div>
   <div class='ocr_carea' id='block_1_62' title="bbox 2254 657 3772 741">
    <p class='ocr_par' dir='ltr' id='par_1_62' title="bbox 2254 657 3772 741">
     <span class='ocr_line' id='line_1_62' title="bbox 2254 657 3772 741; baseline 0.013 -29"><span class='ocrx_word' id='word_1_465' title='bbox 2254 657 2601 715; x_wconf 90' lang='lat' dir='ltr'><strong>intervallum</strong></span> <span class='ocrx_word' id='word_1_466' title='bbox 2631 702 2646 725; x_wconf 95' lang='lat'><strong>,</strong></span> <span class='ocrx_word' id='word_1_467' title='bbox 2679 662 2822 731; x_wconf 91' lang='lat' dir='ltr'><strong>quod</strong></span> <span class='ocrx_word' id='word_1_468' title='bbox 2860 664 3165 721; x_wconf 88' lang='lat' dir='ltr'><strong>intercessit</strong></span> <span class='ocrx_word' id='word_1_469' title='bbox 3213 670 3350 724; x_wconf 90' lang='lat' dir='ltr'><strong>inter</strong></span> <span class='ocrx_word' id='word_1_470' title='bbox 3392 672 3706 733; x_wconf 83' lang='lat' dir='ltr'><strong>Abrahamum</strong></span> <span class='ocrx_word' id='word_1_471' title='bbox 3736 700 3772 741; x_wconf 77' lang='grc' dir='ltr'><strong>ει</strong></span> 
     </span>
    </p>
   </div>
   <div class='ocr_carea' id='block_1_63' title="bbox 2253 753 3773 829">
    <p class='ocr_par' dir='ltr' id='par_1_63' title="bbox 2253 753 3773 829">
     <span class='ocr_line' id='line_1_63' title="bbox 2253 753 3773 829; baseline 0.007 -22"><span class='ocrx_word' id='word_1_472' title='bbox 2253 753 2445 820; x_wconf 83' lang='lat' dir='ltr'><strong>Levin,</strong></span> <span class='ocrx_word' id='word_1_473' title='bbox 2478 754 2634 823; x_wconf 87' lang='lat' dir='ltr'><strong>licet,</strong></span> <span class='ocrx_word' id='word_1_474' title='bbox 2669 760 2738 819; x_wconf 80' lang='grc' dir='ltr'><strong>ὡς</strong></span> <span class='ocrx_word' id='word_1_475' title='bbox 2768 758 2897 821; x_wconf 78' lang='grc' dir='ltr'><strong>ἔπος</strong></span> <span class='ocrx_word' id='word_1_476' title='bbox 2926 763 3086 816; x_wconf 80' lang='grc' dir='ltr'><strong>εἰπεῖν</strong></span> <span class='ocrx_word' id='word_1_477' title='bbox 3112 803 3127 825; x_wconf 84' lang='grc'>,</span> <span class='ocrx_word' id='word_1_478' title='bbox 3155 762 3337 819; x_wconf 90' lang='lat' dir='ltr'><strong>dicere</strong></span> <span class='ocrx_word' id='word_1_479' title='bbox 3366 764 3524 820; x_wconf 88' lang='lat' dir='ltr'><strong>Levin</strong></span> <span class='ocrx_word' id='word_1_480' title='bbox 3560 771 3605 822; x_wconf 91' lang='lat' dir='ltr'><strong>iu</strong></span> <span class='ocrx_word' id='word_1_481' title='bbox 3649 774 3773 829; x_wconf 77' lang='lat' dir='ltr'><strong>Abra.</strong></span> 
     </span>
    </p>
   </div>
   <div class='ocr_carea' id='block_1_64' title="bbox 2252 847 3775 933">
    <p class='ocr_par' dir='ltr' id='par_1_64' title="bbox 2252 847 3775 933">
     <span class='ocr_line' id='line_1_64' title="bbox 2252 847 3775 933; baseline 0.006 -31"><span class='ocrx_word' id='word_1_482' title='bbox 2252 847 2412 904; x_wconf 88' lang='lat' dir='ltr'><strong>hamo</strong></span> <span class='ocrx_word' id='word_1_483' title='bbox 2436 849 2792 916; x_wconf 88' lang='lat' dir='ltr'><strong>decimatum;</strong></span> <span class='ocrx_word' id='word_1_484' title='bbox 2825 863 2877 906; x_wconf 89' lang='lat' dir='ltr'><strong>at</strong></span> <span class='ocrx_word' id='word_1_485' title='bbox 2906 862 3023 921; x_wconf 91' lang='lat' dir='ltr'><strong>post</strong></span> <span class='ocrx_word' id='word_1_486' title='bbox 3044 858 3393 925; x_wconf 88' lang='lat' dir='ltr'><strong>quadraginta</strong></span> <span class='ocrx_word' id='word_1_487' title='bbox 3414 869 3465 913; x_wconf 91' lang='lat' dir='ltr'><strong>et</strong></span> <span class='ocrx_word' id='word_1_488' title='bbox 3483 862 3662 933; x_wconf 89' lang='lat' dir='ltr'><strong>aliquot</strong></span> <span class='ocrx_word' id='word_1_489' title='bbox 3682 880 3775 922; x_wconf 70' lang='lat' dir='ltr'><strong>aeta.</strong></span> 
     </span>
    </p>
   </div>
   <div class='ocr_carea' id='block_1_65' title="bbox 2250 942 3776 1030">
    <p class='ocr_par' dir='ltr' id='par_1_65' title="bbox 2250 942 3776 1030">
     <span class='ocr_line' id='line_1_65' title="bbox 2250 942 3776 1030; baseline 0.011 -33"><span class='ocrx_word' id='word_1_490' title='bbox 2250 951 2334 998; x_wconf 86' lang='lat' dir='ltr'><strong>tes</strong></span> <span class='ocrx_word' id='word_1_491' title='bbox 2349 942 2489 999; x_wconf 89' lang='lat' dir='ltr'><strong>idem</strong></span> <span class='ocrx_word' id='word_1_492' title='bbox 2514 945 2581 999; x_wconf 91' lang='lat' dir='ltr'><strong>de</strong></span> <span class='ocrx_word' id='word_1_493' title='bbox 2602 943 2816 1000; x_wconf 90' lang='lat' dir='ltr'><strong>Christo</strong></span> <span class='ocrx_word' id='word_1_494' title='bbox 2841 946 3133 1014; x_wconf 77' lang='lat' dir='ltr'><strong>afﬁrmare,</strong></span> <span class='ocrx_word' id='word_1_495' title='bbox 3163 952 3372 1007; x_wconf 91' lang='lat' dir='ltr'><strong>nonnisi</strong></span> <span class='ocrx_word' id='word_1_496' title='bbox 3395 953 3639 1009; x_wconf 87' lang='lat' dir='ltr'><strong>andaciori</strong></span> <span class='ocrx_word' id='word_1_497' title='bbox 3662 974 3776 1030; x_wconf 66' lang='lat' dir='ltr'><strong>aequo</strong></span> 
     </span>
    </p>
   </div>
   <div class='ocr_carea' id='block_1_66' title="bbox 2248 1035 3777 1118">
    <p class='ocr_par' dir='ltr' id='par_1_66' title="bbox 2248 1035 3777 1118">
     <span class='ocr_line' id='line_1_66' title="bbox 2248 1035 3777 1118; baseline 0.012 -29"><span class='ocrx_word' id='word_1_498' title='bbox 2248 1035 2440 1105; x_wconf 89' lang='lat' dir='ltr'><strong>ﬁgura,</strong></span> <span class='ocrx_word' id='word_1_499' title='bbox 2474 1037 2679 1092; x_wconf 87' lang='lat' dir='ltr'><strong>liceret.</strong></span> <span class='ocrx_word' id='word_1_500' title='bbox 2718 1038 2953 1108; x_wconf 88' lang='lat' dir='ltr'><strong>Denique</strong></span> <span class='ocrx_word' id='word_1_501' title='bbox 2982 1042 3029 1095; x_wconf 91' lang='lat' dir='ltr'><strong>si</strong></span> <span class='ocrx_word' id='word_1_502' title='bbox 3056 1042 3336 1109; x_wconf 84' lang='lat' dir='ltr'><strong>vellemus,</strong></span> <span class='ocrx_word' id='word_1_503' title='bbox 3370 1060 3430 1097; x_wconf 79' lang='lat' dir='ltr'><strong>ex</strong></span> <span class='ocrx_word' id='word_1_504' title='bbox 3458 1036 3777 1118; x_wconf 78' lang='lat' dir='ltr'><strong>philosophicis</strong></span> 
     </span>
    </p>
   </div>
   <div class='ocr_carea' id='block_1_67' title="bbox 2246 1128 3775 1215">
    <p class='ocr_par' dir='ltr' id='par_1_67' title="bbox 2246 1128 3775 1215">
     <span class='ocr_line' id='line_1_67' title="bbox 2246 1128 3775 1215; baseline 0.014 -32"><span class='ocrx_word' id='word_1_505' title='bbox 2246 1128 2526 1199; x_wconf 86' lang='lat' dir='ltr'><strong>Augustini</strong></span> <span class='ocrx_word' id='word_1_506' title='bbox 2558 1132 2789 1201; x_wconf 89' lang='lat' dir='ltr'><strong>placitis,</strong></span> <span class='ocrx_word' id='word_1_507' title='bbox 2821 1145 3006 1190; x_wconf 88' lang='lat' dir='ltr'><strong>contra</strong></span> <span class='ocrx_word' id='word_1_508' title='bbox 3036 1151 3155 1192; x_wconf 91' lang='lat' dir='ltr'><strong>eum</strong></span> <span class='ocrx_word' id='word_1_509' title='bbox 3188 1139 3578 1209; x_wconf 88' lang='lat' dir='ltr'><strong>philosophari,</strong></span> <span class='ocrx_word' id='word_1_510' title='bbox 3605 1160 3775 1215; x_wconf 85' lang='lat' dir='ltr'><strong>negare-</strong></span> 
     </span>
    </p>
   </div>
   <div class='ocr_carea' id='block_1_68' title="bbox 2246 1226 3776 1299">
    <p class='ocr_par' dir='ltr' id='par_1_68' title="bbox 2246 1226 3776 1299">
     <span class='ocr_line' id='line_1_68' title="bbox 2246 1226 3776 1299; baseline 0.012 -24"><span class='ocrx_word' id='word_1_511' title='bbox 2246 1237 2368 1277; x_wconf 91' lang='lat' dir='ltr'><strong>mus</strong></span> <span class='ocrx_word' id='word_1_512' title='bbox 2415 1239 2480 1279; x_wconf 81' lang='lat' dir='ltr'><strong>ex</strong></span> <span class='ocrx_word' id='word_1_513' title='bbox 2525 1226 2642 1293; x_wconf 90' lang='lat' dir='ltr'><strong>ejus</strong></span> <span class='ocrx_word' id='word_1_514' title='bbox 2690 1229 2956 1282; x_wconf 87' lang='lat' dir='ltr'><strong>sententia</strong></span> <span class='ocrx_word' id='word_1_515' title='bbox 2984 1270 3000 1295; x_wconf 93' lang='lat'><strong>,</strong></span> <span class='ocrx_word' id='word_1_516' title='bbox 3033 1244 3135 1299; x_wconf 88' lang='lat' dir='ltr'><strong>qua</strong></span> <span class='ocrx_word' id='word_1_517' title='bbox 3165 1233 3349 1286; x_wconf 88' lang='lat' dir='ltr'><strong>statuit</strong></span> <span class='ocrx_word' id='word_1_518' title='bbox 3376 1245 3595 1289; x_wconf 85' lang='lat' dir='ltr'><strong>mentem</strong></span> <span class='ocrx_word' id='word_1_519' title='bbox 3622 1253 3673 1292; x_wconf 77' lang='lat' dir='ltr'><strong>ex</strong></span> <span class='ocrx_word' id='word_1_520' title='bbox 3698 1250 3776 1294; x_wconf 83' lang='lat' dir='ltr'><strong>tra-</strong></span> 
     </span>
    </p>
   </div>
   <div class='ocr_carea' id='block_1_69' title="bbox 2244 1313 3774 1398">
    <p class='ocr_par' dir='ltr' id='par_1_69' title="bbox 2244 1313 3774 1398">
     <span class='ocr_line' id='line_1_69' title="bbox 2244 1313 3774 1398; baseline 0.012 -32"><span class='ocrx_word' id='word_1_521' title='bbox 2244 1313 2382 1368; x_wconf 92' lang='lat' dir='ltr'><strong>duce</strong></span> <span class='ocrx_word' id='word_1_522' title='bbox 2412 1317 2721 1387; x_wconf 82' lang='lat' dir='ltr'><strong>propagari,</strong></span> <span class='ocrx_word' id='word_1_523' title='bbox 2754 1318 3025 1375; x_wconf 89' lang='lat' dir='ltr'><strong>Christum</strong></span> <span class='ocrx_word' id='word_1_524' title='bbox 3055 1335 3174 1376; x_wconf 91' lang='lat' dir='ltr'><strong>esse</strong></span> <span class='ocrx_word' id='word_1_525' title='bbox 3194 1332 3369 1377; x_wconf 91' lang='lat' dir='ltr'><strong>ortum</strong></span> <span class='ocrx_word' id='word_1_526' title='bbox 3400 1339 3461 1379; x_wconf 81' lang='lat' dir='ltr'><strong>es</strong></span> <span class='ocrx_word' id='word_1_527' title='bbox 3488 1324 3774 1398; x_wconf 89' lang='lat' dir='ltr'><strong>Ahrahamo;</strong></span> 
     </span>
    </p>
   </div>
   <div class='ocr_carea' id='block_1_70' title="bbox 2245 1408 3777 1484">
    <p class='ocr_par' dir='ltr' id='par_1_70' title="bbox 2245 1408 3777 1484">
     <span class='ocr_line' id='line_1_70' title="bbox 2245 1408 3777 1484; baseline 0.01 -23"><span class='ocrx_word' id='word_1_528' title='bbox 2245 1408 2348 1462; x_wconf 91' lang='lat' dir='ltr'><strong>nisi</strong></span> <span class='ocrx_word' id='word_1_529' title='bbox 2376 1410 2547 1463; x_wconf 91' lang='lat' dir='ltr'><strong>solum</strong></span> <span class='ocrx_word' id='word_1_530' title='bbox 2579 1424 2774 1481; x_wconf 91' lang='lat' dir='ltr'><strong>corpus</strong></span> <span class='ocrx_word' id='word_1_531' title='bbox 2798 1413 2936 1481; x_wconf 91' lang='lat' dir='ltr'><strong>ejus,</strong></span> <span class='ocrx_word' id='word_1_532' title='bbox 2966 1415 3186 1471; x_wconf 80' lang='lat' dir='ltr'><strong>excluso</strong></span> <span class='ocrx_word' id='word_1_533' title='bbox 3226 1418 3428 1484; x_wconf 91' lang='lat' dir='ltr'><strong>animo,</strong></span> <span class='ocrx_word' id='word_1_534' title='bbox 3458 1417 3678 1475; x_wconf 89' lang='lat' dir='ltr'><strong>Christus</strong></span> <span class='ocrx_word' id='word_1_535' title='bbox 3698 1424 3777 1481; x_wconf 86' lang='lat' dir='ltr'><strong>dici</strong></span> 
     </span>
    </p>
   </div>
   <div class='ocr_carea' id='block_1_71' title="bbox 2245 1502 3777 1581">
    <p class='ocr_par' dir='ltr' id='par_1_71' title="bbox 2245 1502 3777 1581">
     <span class='ocr_line' id='line_1_71' title="bbox 2245 1502 3777 1581; baseline 0.012 -27"><span class='ocrx_word' id='word_1_536' title='bbox 2245 1502 2434 1570; x_wconf 84' lang='lat' dir='ltr'><strong>possit,</strong></span> <span class='ocrx_word' id='word_1_537' title='bbox 2463 1506 2605 1571; x_wconf 90' lang='lat' dir='ltr'><strong>quod</strong></span> <span class='ocrx_word' id='word_1_538' title='bbox 2636 1504 2897 1562; x_wconf 85' lang='lat' dir='ltr'><strong>noluisset</strong></span> <span class='ocrx_word' id='word_1_539' title='bbox 2936 1510 3236 1566; x_wconf 86' lang='lat' dir='ltr'><strong>concedere</strong></span> <span class='ocrx_word' id='word_1_540' title='bbox 3261 1528 3275 1574; x_wconf 91' lang='lat'><strong>;</strong></span> <span class='ocrx_word' id='word_1_541' title='bbox 3309 1527 3408 1567; x_wconf 90' lang='lat' dir='ltr'><strong>nec</strong></span> <span class='ocrx_word' id='word_1_542' title='bbox 3431 1524 3600 1581; x_wconf 88' lang='lat' dir='ltr'><strong>posset</strong></span> <span class='ocrx_word' id='word_1_543' title='bbox 3624 1514 3777 1573; x_wconf 89' lang='lat' dir='ltr'><strong>Christi</strong></span> 
     </span>
    </p>
   </div>
   <div class='ocr_carea' id='block_1_72' title="bbox 2241 1596 3777 1673">
    <p class='ocr_par' dir='ltr' id='par_1_72' title="bbox 2241 1596 3777 1673">
     <span class='ocr_line' id='line_1_72' title="bbox 2241 1596 3777 1673; baseline 0.01 -26"><span class='ocrx_word' id='word_1_544' title='bbox 2241 1596 2550 1665; x_wconf 82' lang='lat' dir='ltr'><strong>exemplum</strong></span> <span class='ocrx_word' id='word_1_545' title='bbox 2582 1596 2738 1651; x_wconf 90' lang='lat' dir='ltr'><strong>nobis</strong></span> <span class='ocrx_word' id='word_1_546' title='bbox 2785 1601 3008 1670; x_wconf 89' lang='lat' dir='ltr'><strong>proponi</strong></span> <span class='ocrx_word' id='word_1_547' title='bbox 3033 1642 3049 1667; x_wconf 94' lang='lat'><strong>,</strong></span> <span class='ocrx_word' id='word_1_548' title='bbox 3078 1606 3201 1672; x_wconf 91' lang='lat' dir='ltr'><strong>quia</strong></span> <span class='ocrx_word' id='word_1_549' title='bbox 3234 1619 3386 1658; x_wconf 89' lang='lat' dir='ltr'><strong>mens</strong></span> <span class='ocrx_word' id='word_1_550' title='bbox 3412 1606 3523 1673; x_wconf 90' lang='lat' dir='ltr'><strong>ejus</strong></span> <span class='ocrx_word' id='word_1_551' title='bbox 3551 1622 3645 1661; x_wconf 90' lang='lat' dir='ltr'><strong>non</strong></span> <span class='ocrx_word' id='word_1_552' title='bbox 3670 1622 3777 1665; x_wconf 82' lang='lat' dir='ltr'><strong>esset</strong></span> 
     </span>
    </p>
   </div>
   <div class='ocr_carea' id='block_1_73' title="bbox 2242 1683 3776 1760">
    <p class='ocr_par' dir='ltr' id='par_1_73' title="bbox 2242 1683 3776 1760">
     <span class='ocr_line' id='line_1_73' title="bbox 2242 1683 3776 1760; baseline 0.011 -23"><span class='ocrx_word' id='word_1_553' title='bbox 2242 1683 2484 1753; x_wconf 90' lang='lat' dir='ltr'><strong>ejusdem</strong></span> <span class='ocrx_word' id='word_1_554' title='bbox 2514 1690 2727 1758; x_wconf 87' lang='lat' dir='ltr'><strong>generis</strong></span> <span class='ocrx_word' id='word_1_555' title='bbox 2756 1704 2820 1744; x_wconf 91' lang='lat' dir='ltr'><strong>ac</strong></span> <span class='ocrx_word' id='word_1_556' title='bbox 2850 1701 3029 1747; x_wconf 89' lang='lat' dir='ltr'><strong>nostra</strong></span> <span class='ocrx_word' id='word_1_557' title='bbox 3056 1709 3071 1759; x_wconf 90' lang='lat'><strong>;</strong></span> <span class='ocrx_word' id='word_1_558' title='bbox 3115 1710 3214 1749; x_wconf 88' lang='lat' dir='ltr'><strong>nec</strong></span> <span class='ocrx_word' id='word_1_559' title='bbox 3237 1707 3401 1760; x_wconf 81' lang='lat' dir='ltr'><strong>esset,</strong></span> <span class='ocrx_word' id='word_1_560' title='bbox 3434 1709 3490 1751; x_wconf 92' lang='lat' dir='ltr'><strong>ut</strong></span> <span class='ocrx_word' id='word_1_561' title='bbox 3517 1699 3643 1753; x_wconf 90' lang='lat' dir='ltr'><strong>idem</strong></span> <span class='ocrx_word' id='word_1_562' title='bbox 3680 1703 3776 1755; x_wconf 82' lang='lat' dir='ltr'><strong>scri-</strong></span> 
     </span>
    </p>
   </div>
   <div class='ocr_carea' id='block_1_74' title="bbox 2242 1780 3776 1859">
    <p class='ocr_par' dir='ltr' id='par_1_74' title="bbox 2242 1780 3776 1859">
     <span class='ocr_line' id='line_1_74' title="bbox 2242 1780 3776 1859; baseline 0.018 -28"><span class='ocrx_word' id='word_1_563' title='bbox 2242 1787 2366 1847; x_wconf 90' lang='lat' dir='ltr'><strong>ptor</strong></span> <span class='ocrx_word' id='word_1_564' title='bbox 2411 1780 2477 1834; x_wconf 90' lang='lat' dir='ltr'><strong>ad</strong></span> <span class='ocrx_word' id='word_1_565' title='bbox 2525 1781 2781 1838; x_wconf 72' lang='lat' dir='ltr'><strong>Hebraeos</strong></span> <span class='ocrx_word' id='word_1_566' title='bbox 2810 1785 3005 1850; x_wconf 87' lang='lat' dir='ltr'><strong>docet,</strong></span> <span class='ocrx_word' id='word_1_567' title='bbox 3059 1804 3155 1856; x_wconf 86' lang='lat' dir='ltr'><strong>per</strong></span> <span class='ocrx_word' id='word_1_568' title='bbox 3193 1792 3371 1845; x_wconf 81' lang='lat' dir='ltr'><strong>omnia</strong></span> <span class='ocrx_word' id='word_1_569' title='bbox 3418 1793 3597 1846; x_wconf 87' lang='lat' dir='ltr'><strong>similis</strong></span> <span class='ocrx_word' id='word_1_570' title='bbox 3638 1796 3776 1859; x_wconf 83' lang='lat' dir='ltr'><strong>nobis.</strong></span> 
     </span>
    </p>
   </div>
   <div class='ocr_carea' id='block_1_75' title="bbox 2236 1876 3776 1951">
    <p class='ocr_par' dir='ltr' id='par_1_75' title="bbox 2236 1876 3776 1951">
     <span class='ocr_line' id='line_1_75' title="bbox 2236 1876 3776 1951; baseline 0.011 -29"><span class='ocrx_word' id='word_1_571' title='bbox 2236 1879 2465 1939; x_wconf 81' lang='lat' dir='ltr'><strong>excepto</strong></span> <span class='ocrx_word' id='word_1_572' title='bbox 2498 1887 2736 1942; x_wconf 84' lang='lat' dir='ltr'><strong>peccato.</strong></span> <span class='ocrx_word' id='word_1_573' title='bbox 2774 1876 2898 1932; x_wconf 63' lang='lat' dir='ltr'><strong>llaec</strong></span> <span class='ocrx_word' id='word_1_574' title='bbox 2923 1888 2977 1934; x_wconf 88' lang='lat' dir='ltr'><strong>et</strong></span> <span class='ocrx_word' id='word_1_575' title='bbox 3003 1880 3129 1934; x_wconf 89' lang='lat' dir='ltr'><strong>talia</strong></span> <span class='ocrx_word' id='word_1_576' title='bbox 3161 1892 3383 1950; x_wconf 91' lang='lat' dir='ltr'><strong>possent</strong></span> <span class='ocrx_word' id='word_1_577' title='bbox 3410 1884 3523 1951; x_wconf 90' lang='lat' dir='ltr'><strong>ejus</strong></span> <span class='ocrx_word' id='word_1_578' title='bbox 3547 1887 3776 1939; x_wconf 65' lang='lat' dir='ltr'><strong>sententia</strong></span> 
     </span>
    </p>
   </div>
   <div class='ocr_carea' id='block_1_76' title="bbox 2232 1962 3775 2048">
    <p class='ocr_par' dir='ltr' id='par_1_76' title="bbox 2232 1962 3775 2048">
     <span class='ocr_line' id='line_1_76' title="bbox 2232 1962 3775 2048; baseline 0.011 -32"><span class='ocrx_word' id='word_1_579' title='bbox 2232 1962 2390 2031; x_wconf 90' lang='lat' dir='ltr'><strong>objici</strong></span> <span class='ocrx_word' id='word_1_580' title='bbox 2416 2005 2431 2029; x_wconf 94' lang='lat'><strong>,</strong></span> <span class='ocrx_word' id='word_1_581' title='bbox 2486 1968 2681 2036; x_wconf 90' lang='lat' dir='ltr'><strong>quibus</strong></span> <span class='ocrx_word' id='word_1_582' title='bbox 2712 1969 2910 2025; x_wconf 80' lang='lat' dir='ltr'><strong>factum</strong></span> <span class='ocrx_word' id='word_1_583' title='bbox 2962 1982 3131 2027; x_wconf 90' lang='lat' dir='ltr'><strong>estut</strong></span> <span class='ocrx_word' id='word_1_584' title='bbox 3174 1990 3201 2025; x_wconf 90' lang='lat' dir='ltr'><strong>a</strong></span> <span class='ocrx_word' id='word_1_585' title='bbox 3248 1973 3516 2045; x_wconf 87' lang='lat' dir='ltr'><strong>plerisque</strong></span> <span class='ocrx_word' id='word_1_586' title='bbox 3561 1979 3775 2048; x_wconf 81' lang='lat' dir='ltr'><strong>theologis</strong></span> 
     </span>
    </p>
   </div>
   <div class='ocr_carea' id='block_1_77' title="bbox 2232 2059 3775 2138">
    <p class='ocr_par' dir='ltr' id='par_1_77' title="bbox 2232 2059 3775 2138">
     <span class='ocr_line' id='line_1_77' title="bbox 2232 2059 3775 2138; baseline 0.011 -30"><span class='ocrx_word' id='word_1_587' title='bbox 2232 2066 2419 2124; x_wconf 86' lang='lat' dir='ltr'><strong>postea</strong></span> <span class='ocrx_word' id='word_1_588' title='bbox 2449 2059 2646 2127; x_wconf 83' lang='lat' dir='ltr'><strong>rcjecta</strong></span> <span class='ocrx_word' id='word_1_589' title='bbox 2677 2061 2764 2115; x_wconf 89' lang='lat' dir='ltr'><strong>sit.</strong></span> <span class='ocrx_word' id='word_1_590' title='bbox 2808 2066 2910 2130; x_wconf 85' lang='lat' dir='ltr'><strong>At,</strong></span> <span class='ocrx_word' id='word_1_591' title='bbox 2940 2066 3145 2133; x_wconf 88' lang='lat' dir='ltr'><strong>inquiet</strong></span> <span class='ocrx_word' id='word_1_592' title='bbox 3174 2065 3308 2121; x_wconf 81' lang='lat' dir='ltr'><strong>forte</strong></span> <span class='ocrx_word' id='word_1_593' title='bbox 3354 2068 3543 2138; x_wconf 88' lang='lat' dir='ltr'><strong>aliquis</strong></span> <span class='ocrx_word' id='word_1_594' title='bbox 3565 2111 3580 2135; x_wconf 94' lang='lat'><strong>,</strong></span> <span class='ocrx_word' id='word_1_595' title='bbox 3610 2071 3775 2125; x_wconf 58' lang='lat' dir='ltr'><strong>rnioei-</strong></span> 
     </span>
    </p>
   </div>
   <div class='ocr_carea' id='block_1_78' title="bbox 2232 2151 3773 2220">
    <p class='ocr_par' dir='ltr' id='par_1_78' title="bbox 2232 2151 3773 2220">
     <span class='ocr_line' id='line_1_78' title="bbox 2232 2151 3773 2220; baseline 0.009 -17"><span class='ocrx_word' id='word_1_596' title='bbox 2232 2151 2451 2204; x_wconf 90' lang='lat' dir='ltr'><strong>natione</strong></span> <span class='ocrx_word' id='word_1_597' title='bbox 2472 2152 2749 2220; x_wconf 88' lang='lat' dir='ltr'><strong>scriptoris</strong></span> <span class='ocrx_word' id='word_1_598' title='bbox 2774 2156 2840 2208; x_wconf 90' lang='lat' dir='ltr'><strong>ad</strong></span> <span class='ocrx_word' id='word_1_599' title='bbox 2867 2156 3121 2211; x_wconf 61' lang='lat' dir='ltr'><strong>Hebraeos</strong></span> <span class='ocrx_word' id='word_1_600' title='bbox 3144 2169 3201 2213; x_wconf 92' lang='lat' dir='ltr'><strong>ut</strong></span> <span class='ocrx_word' id='word_1_601' title='bbox 3222 2160 3291 2213; x_wconf 91' lang='lat' dir='ltr'><strong>ita</strong></span> <span class='ocrx_word' id='word_1_602' title='bbox 3318 2161 3542 2215; x_wconf 92' lang='lat' dir='ltr'><strong>sentiret</strong></span> <span class='ocrx_word' id='word_1_603' title='bbox 3566 2162 3773 2217; x_wconf 82' lang='lat' dir='ltr'><strong>adductus</strong></span> 
     </span>
    </p>
   </div>
   <div class='ocr_carea' id='block_1_79' title="bbox 2231 2245 3772 2321">
    <p class='ocr_par' dir='ltr' id='par_1_79' title="bbox 2231 2245 3772 2321">
     <span class='ocr_line' id='line_1_79' title="bbox 2231 2245 3772 2321; baseline 0.009 -25"><span class='ocrx_word' id='word_1_604' title='bbox 2231 2252 2316 2297; x_wconf 87' lang='lat' dir='ltr'><strong>est</strong></span> <span class='ocrx_word' id='word_1_605' title='bbox 2347 2245 2698 2314; x_wconf 78' lang='lat' dir='ltr'><strong>Augustinus.</strong></span> <span class='ocrx_word' id='word_1_606' title='bbox 2736 2248 2845 2302; x_wconf 91' lang='lat' dir='ltr'><strong>lmo</strong></span> <span class='ocrx_word' id='word_1_607' title='bbox 2877 2251 2983 2306; x_wconf 87' lang='lat' dir='ltr'><strong>illic</strong></span> <span class='ocrx_word' id='word_1_608' title='bbox 3010 2255 3257 2321; x_wconf 66' lang='lat' dir='ltr'><strong>quaesivit</strong></span> <span class='ocrx_word' id='word_1_609' title='bbox 3280 2254 3661 2310; x_wconf 83' lang='lat' dir='ltr'><strong>ﬁrmamentum</strong></span> <span class='ocrx_word' id='word_1_610' title='bbox 3685 2273 3772 2310; x_wconf 85' lang='lat' dir='ltr'><strong>sen-</strong></span> 
     </span>
    </p>
   </div>
   <div class='ocr_carea' id='block_1_80' title="bbox 2232 2337 3770 2417">
    <p class='ocr_par' dir='ltr' id='par_1_80' title="bbox 2232 2337 3770 2417">
     <span class='ocr_line' id='line_1_80' title="bbox 2232 2337 3770 2417; baseline 0.01 -30"><span class='ocrx_word' id='word_1_611' title='bbox 2232 2337 2411 2390; x_wconf 66' lang='lat' dir='ltr'><strong>tentiae</strong></span> <span class='ocrx_word' id='word_1_612' title='bbox 2441 2352 2555 2392; x_wconf 83' lang='lat' dir='ltr'><strong>suae</strong></span> <span class='ocrx_word' id='word_1_613' title='bbox 2579 2380 2593 2403; x_wconf 94' lang='lat'><strong>,</strong></span> <span class='ocrx_word' id='word_1_614' title='bbox 2628 2340 2693 2394; x_wconf 89' lang='lat' dir='ltr'><strong>de</strong></span> <span class='ocrx_word' id='word_1_615' title='bbox 2746 2342 2940 2396; x_wconf 77' lang='lat' dir='ltr'><strong>meritis</strong></span> <span class='ocrx_word' id='word_1_616' title='bbox 2979 2346 3363 2415; x_wconf 84' lang='lat' dir='ltr'><strong>propagatione</strong></span> <span class='ocrx_word' id='word_1_617' title='bbox 3388 2390 3402 2411; x_wconf 93' lang='lat'><strong>,</strong></span> <span class='ocrx_word' id='word_1_618' title='bbox 3456 2349 3590 2417; x_wconf 92' lang='lat' dir='ltr'><strong>quod</strong></span> <span class='ocrx_word' id='word_1_619' title='bbox 3639 2358 3770 2403; x_wconf 84' lang='lat' dir='ltr'><strong>tamen</strong></span> 
     </span>
    </p>
   </div>
   <div class='ocr_carea' id='block_1_81' title="bbox 2231 2428 3237 2493">
    <p class='ocr_par' dir='ltr' id='par_1_81' title="bbox 2231 2428 3237 2493">
     <span class='ocr_line' id='line_1_81' title="bbox 2231 2428 3237 2493; baseline 0.011 -12"><span class='ocrx_word' id='word_1_620' title='bbox 2231 2428 2438 2482; x_wconf 86' lang='lat' dir='ltr'><strong>nullum</strong></span> <span class='ocrx_word' id='word_1_621' title='bbox 2466 2439 2570 2493; x_wconf 91' lang='lat' dir='ltr'><strong>est,</strong></span> <span class='ocrx_word' id='word_1_622' title='bbox 2605 2442 2662 2485; x_wconf 89' lang='lat' dir='ltr'><strong>ut</strong></span> <span class='ocrx_word' id='word_1_623' title='bbox 2693 2446 2849 2489; x_wconf 87' lang='lat' dir='ltr'><strong>antea</strong></span> <span class='ocrx_word' id='word_1_624' title='bbox 2885 2436 3237 2492; x_wconf 86' lang='lat' dir='ltr'><strong>ostendimus.</strong></span> 
     </span>
    </p>
   </div>
   <div class='ocr_carea' id='block_1_82' title="bbox 2301 2512 3775 2607">
    <p class='ocr_par' dir='ltr' id='par_1_82' title="bbox 2301 2512 3775 2607">
     <span class='ocr_line' id='line_1_82' title="bbox 2301 2512 3775 2607; baseline 0.008 -31"><span class='ocrx_word' id='word_1_625' title='bbox 2301 2522 2466 2577; x_wconf 81' lang='lat' dir='ltr'><strong>Llnno</strong></span> <span class='ocrx_word' id='word_1_626' title='bbox 2498 2540 2570 2592; x_wconf 69' lang='lat' dir='ltr'><strong>xu,</strong></span> <span class='ocrx_word' id='word_1_627' title='bbox 2605 2541 2724 2596; x_wconf 89' lang='lat' dir='ltr'><strong>cap.</strong></span> <span class='ocrx_word' id='word_1_628' title='bbox 2769 2529 2822 2597; x_wconf 90' lang='lat'><strong>9,</strong></span> <span class='ocrx_word' id='word_1_629' title='bbox 2856 2512 2996 2600; x_wconf 64' lang='lat'><strong>§12.</strong></span> <span class='ocrx_word' id='word_1_630' title='bbox 3032 2532 3122 2586; x_wconf 89' lang='lat' dir='ltr'><strong>Sic</strong></span> <span class='ocrx_word' id='word_1_631' title='bbox 3148 2549 3232 2588; x_wconf 88' lang='lat' dir='ltr'><strong>eos</strong></span> <span class='ocrx_word' id='word_1_632' title='bbox 3254 2534 3469 2605; x_wconf 86' lang='lat' dir='ltr'><strong>(malos)</strong></span> <span class='ocrx_word' id='word_1_633' title='bbox 3500 2537 3609 2607; x_wconf 80' lang='lat' dir='ltr'><strong>fecit</strong></span> <span class='ocrx_word' id='word_1_634' title='bbox 3634 2536 3775 2607; x_wconf 71' lang='lat' dir='ltr'><strong>(Dm)</strong></span> 
     </span>
    </p>
   </div>
   <div class='ocr_carea' id='block_1_83' title="bbox 2230 2618 3776 2699">
    <p class='ocr_par' dir='ltr' id='par_1_83' title="bbox 2230 2618 3776 2699">
     <span class='ocr_line' id='line_1_83' title="bbox 2230 2618 3776 2699; baseline 0.01 -30"><span class='ocrx_word' id='word_1_635' title='bbox 2230 2626 2286 2670; x_wconf 88' lang='lat' dir='ltr'><strong>ut</strong></span> <span class='ocrx_word' id='word_1_636' title='bbox 2320 2618 2393 2671; x_wconf 88' lang='lat' dir='ltr'><strong>eis</strong></span> <span class='ocrx_word' id='word_1_637' title='bbox 2430 2620 2739 2689; x_wconf 75' lang='lat' dir='ltr'><strong>relinqueiet</strong></span> <span class='ocrx_word' id='word_1_638' title='bbox 2782 2624 2918 2679; x_wconf 88' lang='lat' dir='ltr'><strong>unde</strong></span> <span class='ocrx_word' id='word_1_639' title='bbox 2951 2635 3001 2679; x_wconf 90' lang='lat' dir='ltr'><strong>et</strong></span> <span class='ocrx_word' id='word_1_640' title='bbox 3043 2626 3144 2697; x_wconf 84' lang='lat' dir='ltr'><strong>ipsi</strong></span> <span class='ocrx_word' id='word_1_641' title='bbox 3184 2628 3389 2697; x_wconf 90' lang='lat' dir='ltr'><strong>aliquid</strong></span> <span class='ocrx_word' id='word_1_642' title='bbox 3430 2631 3665 2699; x_wconf 78' lang='lat' dir='ltr'><strong>facerent,</strong></span> <span class='ocrx_word' id='word_1_643' title='bbox 3702 2648 3776 2697; x_wconf 87' lang='lat' dir='ltr'><strong>quo</strong></span> 
     </span>
    </p>
   </div>
   <div class='ocr_carea' id='block_1_84' title="bbox 2230 2711 3774 2789">
    <p class='ocr_par' dir='ltr' id='par_1_84' title="bbox 2230 2711 3774 2789">
     <span class='ocr_line' id='line_1_84' title="bbox 2230 2711 3774 2789; baseline 0.008 -28"><span class='ocrx_word' id='word_1_644' title='bbox 2230 2711 2484 2780; x_wconf 87' lang='lat' dir='ltr'><strong>quidquid</strong></span> <span class='ocrx_word' id='word_1_645' title='bbox 2514 2714 2667 2765; x_wconf 83' lang='lat' dir='ltr'><strong>etiam</strong></span> <span class='ocrx_word' id='word_1_646' title='bbox 2698 2714 3023 2785; x_wconf 88' lang='lat' dir='ltr'><strong>culpabiliter</strong></span> <span class='ocrx_word' id='word_1_647' title='bbox 3050 2718 3315 2789; x_wconf 83' lang='lat' dir='ltr'><strong>eligerent,</strong></span> <span class='ocrx_word' id='word_1_648' title='bbox 3352 2721 3502 2774; x_wconf 88' lang='lat' dir='ltr'><strong>illum</strong></span> <span class='ocrx_word' id='word_1_649' title='bbox 3531 2722 3589 2774; x_wconf 90' lang='lat' dir='ltr'><strong>de</strong></span> <span class='ocrx_word' id='word_1_650' title='bbox 3620 2740 3663 2776; x_wconf 87' lang='lat' dir='ltr'><strong>se</strong></span> <span class='ocrx_word' id='word_1_651' title='bbox 3689 2723 3774 2775; x_wconf 85' lang='lat' dir='ltr'><strong>lan-</strong></span> 
     </span>
    </p>
   </div>
   <div class='ocr_carea' id='block_1_85' title="bbox 2232 2803 3774 2884">
    <p class='ocr_par' dir='ltr' id='par_1_85' title="bbox 2232 2803 3774 2884">
     <span class='ocr_line' id='line_1_85' title="bbox 2232 2803 3774 2884; baseline 0.007 -29"><span class='ocrx_word' id='word_1_652' title='bbox 2232 2803 2469 2857; x_wconf 88' lang='lat' dir='ltr'><strong>dabiliter</strong></span> <span class='ocrx_word' id='word_1_653' title='bbox 2493 2817 2785 2873; x_wconf 86' lang='lat' dir='ltr'><strong>operantem</strong></span> <span class='ocrx_word' id='word_1_654' title='bbox 2818 2810 3119 2866; x_wconf 87' lang='lat' dir='ltr'><strong>invenirent.</strong></span> <span class='ocrx_word' id='word_1_655' title='bbox 3151 2812 3192 2865; x_wconf 83' lang='grc' dir='ltr'><em>Α</em></span> <span class='ocrx_word' id='word_1_656' title='bbox 3226 2830 3278 2866; x_wconf 90' lang='lat' dir='ltr'><strong>se</strong></span> <span class='ocrx_word' id='word_1_657' title='bbox 3304 2814 3498 2884; x_wconf 85' lang='lat' dir='ltr'><strong>quippe</strong></span> <span class='ocrx_word' id='word_1_658' title='bbox 3522 2814 3687 2867; x_wconf 88' lang='lat' dir='ltr'><strong>habent</strong></span> <span class='ocrx_word' id='word_1_659' title='bbox 3711 2832 3774 2866; x_wconf 82' lang='lat' dir='ltr'><strong>vo-</strong></span> 
     </span>
    </p>
   </div>
   <div class='ocr_carea' id='block_1_86' title="bbox 2233 2894 3776 2965">
    <p class='ocr_par' dir='ltr' id='par_1_86' title="bbox 2233 2894 3776 2965">
     <span class='ocr_line' id='line_1_86' title="bbox 2233 2894 3776 2965; baseline 0.007 -19"><span class='ocrx_word' id='word_1_660' title='bbox 2233 2894 2482 2949; x_wconf 83' lang='lat' dir='ltr'><strong>luntatem</strong></span> <span class='ocrx_word' id='word_1_661' title='bbox 2511 2899 2730 2965; x_wconf 88' lang='lat' dir='ltr'><strong>mulam,</strong></span> <span class='ocrx_word' id='word_1_662' title='bbox 2768 2901 2829 2953; x_wconf 90' lang='lat' dir='ltr'><strong>ab</strong></span> <span class='ocrx_word' id='word_1_663' title='bbox 2868 2902 2959 2955; x_wconf 87' lang='lat' dir='ltr'><strong>illo</strong></span> <span class='ocrx_word' id='word_1_664' title='bbox 2994 2914 3160 2957; x_wconf 87' lang='lat' dir='ltr'><strong>autem</strong></span> <span class='ocrx_word' id='word_1_665' title='bbox 3201 2913 3248 2956; x_wconf 88' lang='lat' dir='ltr'><strong>et</strong></span> <span class='ocrx_word' id='word_1_666' title='bbox 3286 2916 3527 2958; x_wconf 87' lang='lat' dir='ltr'><strong>naturam</strong></span> <span class='ocrx_word' id='word_1_667' title='bbox 3557 2906 3715 2959; x_wconf 85' lang='lat' dir='ltr'><strong>bonam</strong></span> <span class='ocrx_word' id='word_1_668' title='bbox 3744 2914 3776 2959; x_wconf 81' lang='lat' dir='ltr'><strong>et</strong></span> 
     </span>
    </p>
   </div>
   <div class='ocr_carea' id='block_1_87' title="bbox 2221 2990 3777 3079">
    <p class='ocr_par' dir='ltr' id='par_1_87' title="bbox 2221 2990 3777 3079">
     <span class='ocr_line' id='line_1_87' title="bbox 2221 2990 3777 3079; baseline 0.008 -39"><span class='ocrx_word' id='word_1_669' title='bbox 2221 2990 2422 3061; x_wconf 85' lang='lat' dir='ltr'><strong>justam</strong></span> <span class='ocrx_word' id='word_1_670' title='bbox 2464 2991 2710 3079; x_wconf 47' lang='lat' dir='ltr'><strong>pinnam]</strong></span> <span class='ocrx_word' id='word_1_671' title='bbox 2748 2992 2915 3049; x_wconf 86' lang='lat' dir='ltr'><strong>Nemo</strong></span> <span class='ocrx_word' id='word_1_672' title='bbox 2952 3009 3056 3048; x_wconf 93' lang='lat' dir='ltr'><strong>non</strong></span> <span class='ocrx_word' id='word_1_673' title='bbox 3089 2994 3231 3049; x_wconf 85' lang='lat' dir='ltr'><strong>videt</strong></span> <span class='ocrx_word' id='word_1_674' title='bbox 3264 2996 3384 3049; x_wconf 67' lang='lat' dir='ltr'><strong>haec</strong></span> <span class='ocrx_word' id='word_1_675' title='bbox 3420 2997 3645 3065; x_wconf 81' lang='lat' dir='ltr'><strong>potuisse</strong></span> <span class='ocrx_word' id='word_1_676' title='bbox 3666 3008 3777 3079; x_wconf 80' lang='lat' dir='ltr'><strong>recte</strong></span> 
     </span>
    </p>
   </div>
   <div class='ocr_carea' id='block_1_88' title="bbox 2230 3061 3777 3155">
    <p class='ocr_par' dir='ltr' id='par_1_88' title="bbox 2230 3061 3777 3155">
     <span class='ocr_line' id='line_1_88' title="bbox 2230 3061 3777 3155; baseline 0.006 -23"><span class='ocrx_word' id='word_1_677' title='bbox 2230 3077 2334 3133; x_wconf 91' lang='lat' dir='ltr'><strong>dici</strong></span> <span class='ocrx_word' id='word_1_678' title='bbox 2368 3094 2396 3131; x_wconf 90' lang='lat' dir='ltr'><strong>a</strong></span> <span class='ocrx_word' id='word_1_679' title='bbox 2428 3061 2665 3152; x_wconf 64' lang='lat' dir='ltr'><strong>Pelagio,</strong></span> <span class='ocrx_word' id='word_1_680' title='bbox 2698 3093 2751 3137; x_wconf 92' lang='lat' dir='ltr'><strong>et</strong></span> <span class='ocrx_word' id='word_1_681' title='bbox 2779 3085 2991 3153; x_wconf 92' lang='lat' dir='ltr'><strong>quidem</strong></span> <span class='ocrx_word' id='word_1_682' title='bbox 3032 3102 3097 3141; x_wconf 91' lang='lat' dir='ltr'><strong>eo</strong></span> <span class='ocrx_word' id='word_1_683' title='bbox 3132 3100 3294 3141; x_wconf 90' lang='lat' dir='ltr'><strong>sensu</strong></span> <span class='ocrx_word' id='word_1_684' title='bbox 3325 3104 3435 3155; x_wconf 88' lang='lat' dir='ltr'><strong>quo</strong></span> <span class='ocrx_word' id='word_1_685' title='bbox 3474 3099 3591 3142; x_wconf 91' lang='lat' dir='ltr'><strong>sunt</strong></span> <span class='ocrx_word' id='word_1_686' title='bbox 3620 3074 3777 3144; x_wconf 85' lang='lat' dir='ltr'><strong>intelli-</strong></span> 
     </span>
    </p>
   </div>
   <div class='ocr_carea' id='block_1_89' title="bbox 2154 3177 3778 3286">
    <p class='ocr_par' dir='ltr' id='par_1_89' title="bbox 2154 3177 3778 3286">
     <span class='ocr_line' id='line_1_89' title="bbox 2154 3177 3778 3286; baseline 0.006 -57"><span class='ocrx_word' id='word_1_687' title='bbox 2154 3222 2203 3286; x_wconf 65' lang='grc' dir='ltr'>Ο</span> <span class='ocrx_word' id='word_1_688' title='bbox 2232 3177 2403 3242; x_wconf 81' lang='lat' dir='ltr'><strong>genda</strong></span> <span class='ocrx_word' id='word_1_689' title='bbox 2458 3188 2512 3230; x_wconf 91' lang='lat' dir='ltr'><strong>ut</strong></span> <span class='ocrx_word' id='word_1_690' title='bbox 2559 3182 2844 3247; x_wconf 56' lang='lat' dir='ltr'><strong>quaestioni</strong></span> <span class='ocrx_word' id='word_1_691' title='bbox 2890 3183 3136 3246; x_wconf 86' lang='lat' dir='ltr'><strong>satisﬁat,</strong></span> <span class='ocrx_word' id='word_1_692' title='bbox 3184 3199 3279 3238; x_wconf 91' lang='lat' dir='ltr'><strong>cur</strong></span> <span class='ocrx_word' id='word_1_693' title='bbox 3313 3184 3455 3239; x_wconf 90' lang='lat' dir='ltr'><strong>Deus</strong></span> <span class='ocrx_word' id='word_1_694' title='bbox 3504 3186 3682 3240; x_wconf 87' lang='lat' dir='ltr'><strong>crearit</strong></span> <span class='ocrx_word' id='word_1_695' title='bbox 3709 3200 3778 3239; x_wconf 83' lang='lat' dir='ltr'><strong>eos</strong></span> 
     </span>
    </p>
   </div>
   <div class='ocr_carea' id='block_1_90' title="bbox 2233 3270 3779 3345">
    <p class='ocr_par' dir='ltr' id='par_1_90' title="bbox 2233 3270 3779 3345">
     <span class='ocr_line' id='line_1_90' title="bbox 2233 3270 3779 3345; baseline 0.007 -28"><span class='ocrx_word' id='word_1_696' title='bbox 2233 3283 2369 3338; x_wconf 86' lang='lat' dir='ltr'><strong>quos</strong></span> <span class='ocrx_word' id='word_1_697' title='bbox 2421 3271 2589 3324; x_wconf 88' lang='lat' dir='ltr'><strong>malos</strong></span> <span class='ocrx_word' id='word_1_698' title='bbox 2638 3270 2754 3327; x_wconf 82' lang='lat' dir='ltr'><strong>fore</strong></span> <span class='ocrx_word' id='word_1_699' title='bbox 2785 3274 3065 3341; x_wconf 74' lang='lat' dir='ltr'><strong>przevidit;</strong></span> <span class='ocrx_word' id='word_1_700' title='bbox 3114 3291 3236 3329; x_wconf 90' lang='lat' dir='ltr'><strong>nam</strong></span> <span class='ocrx_word' id='word_1_701' title='bbox 3281 3292 3352 3330; x_wconf 74' lang='lat' dir='ltr'><strong>ex</strong></span> <span class='ocrx_word' id='word_1_702' title='bbox 3399 3277 3515 3345; x_wconf 90' lang='lat' dir='ltr'><strong>ejus</strong></span> <span class='ocrx_word' id='word_1_703' title='bbox 3559 3278 3779 3332; x_wconf 81' lang='lat' dir='ltr'><strong>sententia</strong></span> 
     </span>
    </p>
   </div>
   <div class='ocr_carea' id='block_1_91' title="bbox 2230 3361 3781 3430">
    <p class='ocr_par' dir='ltr' id='par_1_91' title="bbox 2230 3361 3781 3430">
     <span class='ocr_line' id='line_1_91' title="bbox 2230 3361 3781 3430; baseline 0.006 -16"><span class='ocrx_word' id='word_1_704' title='bbox 2230 3361 2355 3415; x_wconf 92' lang='lat' dir='ltr'><strong>mali</strong></span> <span class='ocrx_word' id='word_1_705' title='bbox 2392 3364 2707 3419; x_wconf 80' lang='lat' dir='ltr'><strong>voluntatem</strong></span> <span class='ocrx_word' id='word_1_706' title='bbox 2746 3368 2935 3421; x_wconf 88' lang='lat' dir='ltr'><strong>malam</strong></span> <span class='ocrx_word' id='word_1_707' title='bbox 2966 3384 2995 3421; x_wconf 92' lang='lat' dir='ltr'><strong>a</strong></span> <span class='ocrx_word' id='word_1_708' title='bbox 3028 3384 3086 3424; x_wconf 90' lang='lat' dir='ltr'><strong>se</strong></span> <span class='ocrx_word' id='word_1_709' title='bbox 3119 3370 3336 3430; x_wconf 84' lang='lat' dir='ltr'><strong>habent.</strong></span> <span class='ocrx_word' id='word_1_710' title='bbox 3372 3387 3400 3424; x_wconf 89' lang='lat' dir='ltr'><strong>a</strong></span> <span class='ocrx_word' id='word_1_711' title='bbox 3448 3372 3554 3426; x_wconf 73' lang='grc' dir='ltr'><strong>Ι)θο</strong></span> <span class='ocrx_word' id='word_1_712' title='bbox 3587 3383 3781 3427; x_wconf 81' lang='lat' dir='ltr'><strong>naturam</strong></span> 
     </span>
    </p>
   </div>
   <div class='ocr_carea' id='block_1_92' title="bbox 2231 3452 3782 3535">
    <p class='ocr_par' dir='ltr' id='par_1_92' title="bbox 2231 3452 3782 3535">
     <span class='ocr_line' id='line_1_92' title="bbox 2231 3452 3782 3535; baseline 0.008 -30"><span class='ocrx_word' id='word_1_713' title='bbox 2231 3452 2415 3507; x_wconf 89' lang='lat' dir='ltr'><strong>bonam</strong></span> <span class='ocrx_word' id='word_1_714' title='bbox 2443 3470 2544 3525; x_wconf 90' lang='lat' dir='ltr'><strong>qua</strong></span> <span class='ocrx_word' id='word_1_715' title='bbox 2592 3468 2818 3522; x_wconf 86' lang='lat' dir='ltr'><strong>possunt</strong></span> <span class='ocrx_word' id='word_1_716' title='bbox 2860 3460 3058 3530; x_wconf 86' lang='lat' dir='ltr'><strong>aliquid</strong></span> <span class='ocrx_word' id='word_1_717' title='bbox 3093 3460 3302 3529; x_wconf 80' lang='lat' dir='ltr'><strong>facere;</strong></span> <span class='ocrx_word' id='word_1_718' title='bbox 3334 3465 3482 3534; x_wconf 87' lang='lat' dir='ltr'><strong>quod</strong></span> <span class='ocrx_word' id='word_1_719' title='bbox 3526 3480 3644 3519; x_wconf 86' lang='lat' dir='ltr'><strong>sane</strong></span> <span class='ocrx_word' id='word_1_720' title='bbox 3667 3479 3782 3535; x_wconf 67' lang='lat' dir='ltr'><strong>qum-</strong></span> 
     </span>
    </p>
   </div>
   <div class='ocr_carea' id='block_1_93' title="bbox 2229 3545 3783 3623">
    <p class='ocr_par' dir='ltr' id='par_1_93' title="bbox 2229 3545 3783 3623">
     <span class='ocr_line' id='line_1_93' title="bbox 2229 3545 3783 3623; baseline 0.009 -26"><span class='ocrx_word' id='word_1_721' title='bbox 2229 3546 2391 3599; x_wconf 88' lang='lat' dir='ltr'><strong>stioni</strong></span> <span class='ocrx_word' id='word_1_722' title='bbox 2426 3545 2499 3600; x_wconf 93' lang='lat' dir='ltr'><strong>illi</strong></span> <span class='ocrx_word' id='word_1_723' title='bbox 2532 3550 2843 3605; x_wconf 89' lang='lat' dir='ltr'><strong>necessario</strong></span> <span class='ocrx_word' id='word_1_724' title='bbox 2871 3552 3327 3618; x_wconf 87' lang='lat' dir='ltr'><strong>respondendum.</strong></span> <span class='ocrx_word' id='word_1_725' title='bbox 3374 3555 3585 3623; x_wconf 86' lang='lat' dir='ltr'><strong>Verum,</strong></span> <span class='ocrx_word' id='word_1_726' title='bbox 3615 3571 3671 3611; x_wconf 82' lang='lat' dir='ltr'><strong>ex</strong></span> <span class='ocrx_word' id='word_1_727' title='bbox 3701 3559 3783 3611; x_wconf 79' lang='lat' dir='ltr'><strong>Au-</strong></span> 
     </span>
    </p>
   </div>
   <div class='ocr_carea' id='block_1_94' title="bbox 2232 3638 3782 3713">
    <p class='ocr_par' dir='ltr' id='par_1_94' title="bbox 2232 3638 3782 3713">
     <span class='ocr_line' id='line_1_94' title="bbox 2232 3638 3782 3713; baseline 0.008 -24"><span class='ocrx_word' id='word_1_728' title='bbox 2232 3638 2432 3704; x_wconf 84' lang='lat' dir='ltr'><strong>gustini</strong></span> <span class='ocrx_word' id='word_1_729' title='bbox 2484 3642 2771 3706; x_wconf 88' lang='lat' dir='ltr'><strong>sententia,</strong></span> <span class='ocrx_word' id='word_1_730' title='bbox 2821 3643 2935 3698; x_wconf 70' lang='lat' dir='ltr'><strong>haec</strong></span> <span class='ocrx_word' id='word_1_731' title='bbox 2980 3662 3083 3698; x_wconf 91' lang='lat' dir='ltr'><strong>non</strong></span> <span class='ocrx_word' id='word_1_732' title='bbox 3118 3658 3365 3713; x_wconf 84' lang='lat' dir='ltr'><strong>possunt.</strong></span> <span class='ocrx_word' id='word_1_733' title='bbox 3402 3650 3502 3704; x_wconf 87' lang='lat' dir='ltr'><strong>nisi</strong></span> <span class='ocrx_word' id='word_1_734' title='bbox 3536 3650 3677 3705; x_wconf 84' lang='lat' dir='ltr'><strong>valde</strong></span> <span class='ocrx_word' id='word_1_735' title='bbox 3705 3649 3782 3702; x_wconf 83' lang='lat' dir='ltr'><strong>im-</strong></span> 
     </span>
    </p>
   </div>
   <div class='ocr_carea' id='block_1_95' title="bbox 2233 3732 3782 3812">
    <p class='ocr_par' dir='ltr' id='par_1_95' title="bbox 2233 3732 3782 3812">
     <span class='ocr_line' id='line_1_95' title="bbox 2233 3732 3782 3812; baseline 0.005 -27"><span class='ocrx_word' id='word_1_736' title='bbox 2233 3732 2452 3800; x_wconf 88' lang='lat' dir='ltr'><strong>proprie</strong></span> <span class='ocrx_word' id='word_1_737' title='bbox 2478 3734 2605 3797; x_wconf 89' lang='lat' dir='ltr'><strong>dici,</strong></span> <span class='ocrx_word' id='word_1_738' title='bbox 2639 3750 2810 3800; x_wconf 87' lang='lat' dir='ltr'><strong>eoque</strong></span> <span class='ocrx_word' id='word_1_739' title='bbox 2842 3751 3001 3790; x_wconf 89' lang='lat' dir='ltr'><strong>sensu</strong></span> <span class='ocrx_word' id='word_1_740' title='bbox 3029 3741 3117 3807; x_wconf 91' lang='lat' dir='ltr'><strong>qui</strong></span> <span class='ocrx_word' id='word_1_741' title='bbox 3158 3741 3448 3807; x_wconf 69' lang='lat' dir='ltr'><strong>quaestioni</strong></span> <span class='ocrx_word' id='word_1_742' title='bbox 3493 3757 3782 3812; x_wconf 84' lang='lat' dir='ltr'><strong>nequaquam</strong></span> 
     </span>
    </p>
   </div>
   <div class='ocr_carea' id='block_1_96' title="bbox 2231 3824 3784 3903">
    <p class='ocr_par' dir='ltr' id='par_1_96' title="bbox 2231 3824 3784 3903">
     <span class='ocr_line' id='line_1_96' title="bbox 2231 3824 3784 3903; baseline 0.005 -27"><span class='ocrx_word' id='word_1_743' title='bbox 2231 3824 2516 3879; x_wconf 83' lang='lat' dir='ltr'><strong>satisfacit.</strong></span> <span class='ocrx_word' id='word_1_744' title='bbox 2566 3826 2673 3882; x_wconf 90' lang='lat' dir='ltr'><strong>Sed</strong></span> <span class='ocrx_word' id='word_1_745' title='bbox 2724 3828 2791 3882; x_wconf 90' lang='lat' dir='ltr'><strong>ita</strong></span> <span class='ocrx_word' id='word_1_746' title='bbox 2845 3829 2984 3884; x_wconf 90' lang='lat' dir='ltr'><strong>solet</strong></span> <span class='ocrx_word' id='word_1_747' title='bbox 3026 3832 3345 3885; x_wconf 86' lang='lat' dir='ltr'><strong>Aristoteles</strong></span> <span class='ocrx_word' id='word_1_748' title='bbox 3380 3826 3592 3903; x_wconf 81' lang='lat' dir='ltr'><strong>Poenus,</strong></span> <span class='ocrx_word' id='word_1_749' title='bbox 3620 3831 3784 3902; x_wconf 84' lang='lat' dir='ltr'><strong>Pelagii</strong></span> 
     </span>
    </p>
   </div>
   <div class='ocr_carea' id='block_1_97' title="bbox 2234 3918 3783 3988">
    <p class='ocr_par' dir='ltr' id='par_1_97' title="bbox 2234 3918 3783 3988">
     <span class='ocr_line' id='line_1_97' title="bbox 2234 3918 3783 3988; baseline 0.004 -19"><span class='ocrx_word' id='word_1_750' title='bbox 2234 3932 2407 3983; x_wconf 86' lang='lat' dir='ltr'><strong>more,</strong></span> <span class='ocrx_word' id='word_1_751' title='bbox 2441 3918 2649 3987; x_wconf 88' lang='lat' dir='ltr'><strong>objecta</strong></span> <span class='ocrx_word' id='word_1_752' title='bbox 2682 3920 2734 3974; x_wconf 90' lang='lat' dir='ltr'><strong>in</strong></span> <span class='ocrx_word' id='word_1_753' title='bbox 2768 3921 3162 3977; x_wconf 79' lang='lat' dir='ltr'><strong>Providentiam</strong></span> <span class='ocrx_word' id='word_1_754' title='bbox 3190 3925 3494 3988; x_wconf 84' lang='lat' dir='ltr'><strong>resolvere;</strong></span> <span class='ocrx_word' id='word_1_755' title='bbox 3527 3927 3644 3980; x_wconf 91' lang='lat' dir='ltr'><strong>dum</strong></span> <span class='ocrx_word' id='word_1_756' title='bbox 3680 3923 3783 3979; x_wconf 89' lang='lat' dir='ltr'><strong>nihil</strong></span> 
     </span>
    </p>
   </div>
   <div class='ocr_carea' id='block_1_98' title="bbox 2234 4009 3783 4078">
    <p class='ocr_par' dir='ltr' id='par_1_98' title="bbox 2234 4009 3783 4078">
     <span class='ocr_line' id='line_1_98' title="bbox 2234 4009 3783 4078; baseline 0.003 -15"><span class='ocrx_word' id='word_1_757' title='bbox 2234 4009 2552 4078; x_wconf 84' lang='lat' dir='ltr'><strong>objicientes</strong></span> <span class='ocrx_word' id='word_1_758' title='bbox 2580 4012 2847 4066; x_wconf 87' lang='lat' dir='ltr'><strong>contraria</strong></span> <span class='ocrx_word' id='word_1_759' title='bbox 2875 4014 3052 4068; x_wconf 90' lang='lat' dir='ltr'><strong>omnia</strong></span> <span class='ocrx_word' id='word_1_760' title='bbox 3077 4016 3253 4070; x_wconf 91' lang='lat' dir='ltr'><strong>docet.</strong></span> <span class='ocrx_word' id='word_1_761' title='bbox 3281 4017 3402 4075; x_wconf 74' lang='lat' dir='ltr'><strong>iam</strong></span> <span class='ocrx_word' id='word_1_762' title='bbox 3430 4019 3667 4073; x_wconf 91' lang='lat' dir='ltr'><strong>nonnulla</strong></span> <span class='ocrx_word' id='word_1_763' title='bbox 3687 4016 3783 4071; x_wconf 77' lang='lat' dir='ltr'><strong>talia</strong></span> 
     </span>
    </p>
   </div>
   <div class='ocr_carea' id='block_1_99' title="bbox 2235 4104 3785 4178">
    <p class='ocr_par' dir='ltr' id='par_1_99' title="bbox 2235 4104 3785 4178">
     <span class='ocr_line' id='line_1_99' title="bbox 2235 4104 3785 4178; baseline 0.003 -22"><span class='ocrx_word' id='word_1_764' title='bbox 2235 4105 2480 4172; x_wconf 87' lang='lat' dir='ltr'><strong>superius</strong></span> <span class='ocrx_word' id='word_1_765' title='bbox 2530 4104 3041 4166; x_wconf 84' lang='lat' dir='ltr'><strong>animadvertimus.</strong></span> <span class='ocrx_word' id='word_1_766' title='bbox 3092 4109 3348 4178; x_wconf 88' lang='lat' dir='ltr'><strong>pluraque</strong></span> <span class='ocrx_word' id='word_1_767' title='bbox 3400 4113 3785 4166; x_wconf 80' lang='lat' dir='ltr'><strong>animadverterit</strong></span> 
     </span>
    </p>
   </div>
   <div class='ocr_carea' id='block_1_100' title="bbox 2235 4199 3785 4268">
    <p class='ocr_par' dir='ltr' id='par_1_100' title="bbox 2235 4199 3785 4268">
     <span class='ocr_line' id='line_1_100' title="bbox 2235 4199 3785 4268; baseline 0.005 -19"><span class='ocrx_word' id='word_1_768' title='bbox 2235 4199 2544 4266; x_wconf 89' lang='lat' dir='ltr'><strong>quicunque</strong></span> <span class='ocrx_word' id='word_1_769' title='bbox 2575 4214 2694 4268; x_wconf 71' lang='lat' dir='ltr'><strong>qua:</strong></span> <span class='ocrx_word' id='word_1_770' title='bbox 2723 4200 2871 4255; x_wconf 86' lang='lat' dir='ltr'><strong>hisce</strong></span> <span class='ocrx_word' id='word_1_771' title='bbox 2898 4200 2967 4256; x_wconf 92' lang='lat' dir='ltr'><strong>de</strong></span> <span class='ocrx_word' id='word_1_772' title='bbox 3000 4203 3163 4258; x_wconf 88' lang='lat' dir='ltr'><strong>rebus</strong></span> <span class='ocrx_word' id='word_1_773' title='bbox 3205 4204 3369 4260; x_wconf 87' lang='lat' dir='ltr'><strong>habet</strong></span> <span class='ocrx_word' id='word_1_774' title='bbox 3405 4206 3691 4261; x_wconf 86' lang='lat' dir='ltr'><strong>accuratius</strong></span> <span class='ocrx_word' id='word_1_775' title='bbox 3713 4220 3785 4258; x_wconf 78' lang='lat' dir='ltr'><strong>ex-</strong></span> 
     </span>
    </p>
   </div>
   <div class='ocr_carea' id='block_1_101' title="bbox 2233 4290 3881 4379">
    <p class='ocr_par' dir='ltr' id='par_1_101' title="bbox 2233 4290 3881 4379">
     <span class='ocr_line' id='line_1_101' title="bbox 2233 4290 3881 4379; baseline -0.001 -37"><span class='ocrx_word' id='word_1_776' title='bbox 2233 4290 2487 4357; x_wconf 87' lang='lat' dir='ltr'><strong>pendent.</strong></span> <span class='ocrx_word' id='word_1_777' title='bbox 2648 4370 2651 4373; x_wconf 22' lang='grc'>.</span> <span class='ocrx_word' id='word_1_778' title='bbox 3880 4318 3881 4379; x_wconf 39' lang='lat'>1</span> 
     </span>
    </p>
   </div>
   <div class='ocr_carea' id='block_1_102' title="bbox 2310 4370 3788 4452">
    <p class='ocr_par' dir='ltr' id='par_1_102' title="bbox 2310 4370 3788 4452">
     <span class='ocr_line' id='line_1_102' title="bbox 2310 4370 3788 4452; baseline 0.004 -17"><span class='ocrx_word' id='word_1_779' title='bbox 2310 4380 2439 4448; x_wconf 84' lang='lat' dir='ltr'><strong>Cap.</strong></span> <span class='ocrx_word' id='word_1_780' title='bbox 2474 4382 2562 4445; x_wconf 80' lang='grc'><strong>16.</strong></span> <span class='ocrx_word' id='word_1_781' title='bbox 2590 4382 2616 4451; x_wconf 88' lang='lat'><strong>§</strong></span> <span class='ocrx_word' id='word_1_782' title='bbox 2645 4370 2734 4437; x_wconf 71' lang='lat'><strong>22.</strong></span> <span class='ocrx_word' id='word_1_783' title='bbox 2774 4384 2851 4439; x_wconf 89' lang='lat' dir='ltr'><strong>De</strong></span> <span class='ocrx_word' id='word_1_784' title='bbox 2875 4388 3169 4452; x_wconf 63' lang='lat' dir='ltr'><strong>quaestione</strong></span> <span class='ocrx_word' id='word_1_785' title='bbox 3204 4404 3268 4443; x_wconf 93' lang='lat' dir='ltr'><strong>an</strong></span> <span class='ocrx_word' id='word_1_786' title='bbox 3300 4390 3489 4445; x_wconf 91' lang='lat' dir='ltr'><strong>beatus</strong></span> <span class='ocrx_word' id='word_1_787' title='bbox 3528 4394 3675 4447; x_wconf 81' lang='lat' dir='ltr'><strong>fuerit</strong></span> <span class='ocrx_word' id='word_1_788' title='bbox 3700 4388 3788 4443; x_wconf 85' lang='lat' dir='ltr'><strong>dia-</strong></span> 
     </span>
    </p>
   </div>
   <div class='ocr_carea' id='block_1_103' title="bbox 2238 4472 3789 4555">
    <p class='ocr_par' dir='ltr' id='par_1_103' title="bbox 2238 4472 3789 4555">
     <span class='ocr_line' id='line_1_103' title="bbox 2238 4472 3789 4555; baseline 0.006 -30"><span class='ocrx_word' id='word_1_789' title='bbox 2238 4472 2392 4528; x_wconf 88' lang='lat' dir='ltr'><strong>bolus</strong></span> <span class='ocrx_word' id='word_1_790' title='bbox 2422 4486 2547 4528; x_wconf 87' lang='lat' dir='ltr'><strong>ante</strong></span> <span class='ocrx_word' id='word_1_791' title='bbox 2576 4485 2853 4544; x_wconf 85' lang='lat' dir='ltr'><strong>peccatum</strong></span> <span class='ocrx_word' id='word_1_792' title='bbox 2881 4497 2892 4530; x_wconf 90' lang='lat'>:</span> <span class='ocrx_word' id='word_1_793' title='bbox 2922 4479 3194 4543; x_wconf 79' lang='lat' dir='ltr'><strong>Quomodo</strong></span> <span class='ocrx_word' id='word_1_794' title='bbox 3215 4485 3371 4549; x_wconf 85' lang='lat' dir='ltr'><strong>enim,</strong></span> <span class='ocrx_word' id='word_1_795' title='bbox 3404 4485 3591 4555; x_wconf 89' lang='lat' dir='ltr'><strong>inquit,</strong></span> <span class='ocrx_word' id='word_1_796' title='bbox 3621 4484 3789 4537; x_wconf 71' lang='lat' dir='ltr'><strong>duxisse</strong></span> 
     </span>
    </p>
   </div>
   <div class='ocr_carea' id='block_1_104' title="bbox 2240 4568 3789 4650">
    <p class='ocr_par' dir='ltr' id='par_1_104' title="bbox 2240 4568 3789 4650">
     <span class='ocr_line' id='line_1_104' title="bbox 2240 4568 3789 4650; baseline 0.003 -27"><span class='ocrx_word' id='word_1_797' title='bbox 2240 4573 2389 4623; x_wconf 88' lang='lat' dir='ltr'><strong>etiam</strong></span> <span class='ocrx_word' id='word_1_798' title='bbox 2435 4573 2589 4624; x_wconf 78' lang='lat' dir='ltr'><strong>vitam</strong></span> <span class='ocrx_word' id='word_1_799' title='bbox 2617 4572 2815 4627; x_wconf 88' lang='lat' dir='ltr'><strong>beatam</strong></span> <span class='ocrx_word' id='word_1_800' title='bbox 2854 4574 2986 4628; x_wconf 87' lang='lat' dir='ltr'><strong>inter</strong></span> <span class='ocrx_word' id='word_1_801' title='bbox 3023 4576 3198 4631; x_wconf 85' lang='lat' dir='ltr'><strong>beatos</strong></span> <span class='ocrx_word' id='word_1_802' title='bbox 3228 4580 3437 4650; x_wconf 84' lang='lat' dir='ltr'><strong>angelos</strong></span> <span class='ocrx_word' id='word_1_803' title='bbox 3476 4568 3607 4633; x_wconf 72' lang='lat' dir='ltr'><strong>credi</strong></span> <span class='ocrx_word' id='word_1_804' title='bbox 3637 4587 3789 4647; x_wconf 78' lang='lat' dir='ltr'><strong>potest,</strong></span> 
     </span>
    </p>
   </div>
   <div class='ocr_carea' id='block_1_105' title="bbox 2240 4664 3789 4739">
    <p class='ocr_par' dir='ltr' id='par_1_105' title="bbox 2240 4664 3789 4739">
     <span class='ocr_line' id='line_1_105' title="bbox 2240 4664 3789 4739; baseline 0.005 -26"><span class='ocrx_word' id='word_1_805' title='bbox 2240 4665 2326 4731; x_wconf 85' lang='lat' dir='ltr'><strong>qui</strong></span> <span class='ocrx_word' id='word_1_806' title='bbox 2354 4664 2515 4733; x_wconf 83' lang='lat' dir='ltr'><strong>futuri</strong></span> <span class='ocrx_word' id='word_1_807' title='bbox 2546 4667 2626 4718; x_wconf 88' lang='lat' dir='ltr'><strong>sui</strong></span> <span class='ocrx_word' id='word_1_808' title='bbox 2667 4667 2863 4734; x_wconf 88' lang='lat' dir='ltr'><strong>peccati</strong></span> <span class='ocrx_word' id='word_1_809' title='bbox 2890 4677 3039 4735; x_wconf 87' lang='lat' dir='ltr'><strong>atque</strong></span> <span class='ocrx_word' id='word_1_810' title='bbox 3069 4669 3332 4739; x_wconf 83' lang='lat' dir='ltr'><strong>supplicii,</strong></span> <span class='ocrx_word' id='word_1_811' title='bbox 3364 4674 3422 4725; x_wconf 90' lang='lat' dir='ltr'><strong>id</strong></span> <span class='ocrx_word' id='word_1_812' title='bbox 3451 4682 3541 4735; x_wconf 86' lang='lat' dir='ltr'><strong>est,</strong></span> <span class='ocrx_word' id='word_1_813' title='bbox 3583 4671 3789 4725; x_wconf 77' lang='lat' dir='ltr'><strong>desertio-</strong></span> 
     </span>
    </p>
   </div>
   <div class='ocr_carea' id='block_1_106' title="bbox 2235 4757 3788 4832">
    <p class='ocr_par' dir='ltr' id='par_1_106' title="bbox 2235 4757 3788 4832">
     <span class='ocr_line' id='line_1_106' title="bbox 2235 4757 3788 4832; baseline 0.002 -23"><span class='ocrx_word' id='word_1_814' title='bbox 2235 4757 2313 4809; x_wconf 89' lang='lat' dir='ltr'><strong>nis</strong></span> <span class='ocrx_word' id='word_1_815' title='bbox 2349 4768 2395 4810; x_wconf 90' lang='lat' dir='ltr'><strong>et</strong></span> <span class='ocrx_word' id='word_1_816' title='bbox 2436 4757 2567 4826; x_wconf 86' lang='lat' dir='ltr'><strong>ignis</strong></span> <span class='ocrx_word' id='word_1_817' title='bbox 2605 4759 2781 4811; x_wconf 69' lang='lat' dir='ltr'><strong>interni</strong></span> <span class='ocrx_word' id='word_1_818' title='bbox 2814 4760 3057 4828; x_wconf 77' lang='lat' dir='ltr'><strong>prwscius</strong></span> <span class='ocrx_word' id='word_1_819' title='bbox 3089 4776 3191 4814; x_wconf 84' lang='lat' dir='ltr'><strong>non</strong></span> <span class='ocrx_word' id='word_1_820' title='bbox 3220 4762 3353 4831; x_wconf 81' lang='lat' dir='ltr'><strong>fuit?</strong></span> <span class='ocrx_word' id='word_1_821' title='bbox 3381 4764 3423 4815; x_wconf 89' lang='lat' dir='ltr'><strong>si</strong></span> <span class='ocrx_word' id='word_1_822' title='bbox 3458 4764 3685 4832; x_wconf 72' lang='lat' dir='ltr'><strong>prwscius</strong></span> <span class='ocrx_word' id='word_1_823' title='bbox 3710 4777 3788 4813; x_wconf 86' lang='lat' dir='ltr'><strong>non</strong></span> 
     </span>
    </p>
   </div>
   <div class='ocr_carea' id='block_1_107' title="bbox 2235 4849 3789 4926">
    <p class='ocr_par' dir='ltr' id='par_1_107' title="bbox 2235 4849 3789 4926">
     <span class='ocr_line' id='line_1_107' title="bbox 2235 4849 3789 4926; baseline 0.003 -25"><span class='ocrx_word' id='word_1_824' title='bbox 2235 4851 2355 4918; x_wconf 79' lang='lat' dir='ltr'><strong>fuit,</strong></span> <span class='ocrx_word' id='word_1_825' title='bbox 2400 4852 2579 4903; x_wconf 85' lang='lat' dir='ltr'><strong>merito</strong></span> <span class='ocrx_word' id='word_1_826' title='bbox 2619 4854 2867 4919; x_wconf 54' lang='lat' dir='ltr'><strong>quaeritur</strong></span> <span class='ocrx_word' id='word_1_827' title='bbox 2897 4868 2986 4903; x_wconf 87' lang='lat' dir='ltr'><strong>cur</strong></span> <span class='ocrx_word' id='word_1_828' title='bbox 3022 4869 3124 4906; x_wconf 90' lang='lat' dir='ltr'><strong>non</strong></span> <span class='ocrx_word' id='word_1_829' title='bbox 3153 4854 3305 4921; x_wconf 82' lang='lat' dir='ltr'><strong>fuerit</strong></span> <span class='ocrx_word' id='word_1_830' title='bbox 3325 4852 3377 4926; x_wconf 74' lang='lat'><strong>?]</strong></span> <span class='ocrx_word' id='word_1_831' title='bbox 3407 4849 3632 4910; x_wconf 88' lang='lat' dir='ltr'><strong>Delenda</strong></span> <span class='ocrx_word' id='word_1_832' title='bbox 3659 4868 3789 4923; x_wconf 81' lang='lat' dir='ltr'><strong>nega-</strong></span> 
     </span>
    </p>
   </div>
   <div class='ocr_carea' id='block_1_108' title="bbox 2235 4942 3787 5017">
    <p class='ocr_par' dir='ltr' id='par_1_108' title="bbox 2235 4942 3787 5017">
     <span class='ocr_line' id='line_1_108' title="bbox 2235 4942 3787 5017; baseline 0.002 -23"><span class='ocrx_word' id='word_1_833' title='bbox 2235 4942 2308 4994; x_wconf 90' lang='lat' dir='ltr'><strong>tio</strong></span> <span class='ocrx_word' id='word_1_834' title='bbox 2340 4942 2392 4995; x_wconf 91' lang='lat' dir='ltr'><strong>in</strong></span> <span class='ocrx_word' id='word_1_835' title='bbox 2425 4942 2622 5008; x_wconf 78' lang='lat' dir='ltr'><strong>verbis,</strong></span> <span class='ocrx_word' id='word_1_836' title='bbox 2655 4946 2785 5016; x_wconf 84' lang='lat' dir='ltr'><strong>ignis</strong></span> <span class='ocrx_word' id='word_1_837' title='bbox 2814 4945 2993 4999; x_wconf 76' lang='lat' dir='ltr'><strong>teterni</strong></span> <span class='ocrx_word' id='word_1_838' title='bbox 3030 4948 3272 5015; x_wconf 55' lang='lat' dir='ltr'><strong>praescius</strong></span> <span class='ocrx_word' id='word_1_839' title='bbox 3303 4964 3405 5001; x_wconf 89' lang='lat' dir='ltr'><strong>non</strong></span> <span class='ocrx_word' id='word_1_840' title='bbox 3436 4949 3553 5017; x_wconf 77' lang='lat' dir='ltr'><strong>fuit,</strong></span> <span class='ocrx_word' id='word_1_841' title='bbox 3584 4958 3634 5001; x_wconf 89' lang='lat' dir='ltr'><strong>ut</strong></span> <span class='ocrx_word' id='word_1_842' title='bbox 3664 4946 3787 5012; x_wconf 85' lang='lat' dir='ltr'><strong>liqui-</strong></span> 
     </span>
    </p>
   </div>
   <div class='ocr_carea' id='block_1_109' title="bbox 2232 5034 3784 5108">
    <p class='ocr_par' dir='ltr' id='par_1_109' title="bbox 2232 5034 3784 5108">
     <span class='ocr_line' id='line_1_109' title="bbox 2232 5034 3784 5108; baseline 0.004 -25"><span class='ocrx_word' id='word_1_843' title='bbox 2232 5034 2358 5085; x_wconf 80' lang='lat' dir='ltr'><strong>dum</strong></span> <span class='ocrx_word' id='word_1_844' title='bbox 2382 5043 2465 5087; x_wconf 89' lang='lat' dir='ltr'><strong>est</strong></span> <span class='ocrx_word' id='word_1_845' title='bbox 2491 5050 2557 5088; x_wconf 77' lang='lat' dir='ltr'><strong>ex</strong></span> <span class='ocrx_word' id='word_1_846' title='bbox 2586 5036 2968 5103; x_wconf 86' lang='lat' dir='ltr'><strong>sequentibus;</strong></span> <span class='ocrx_word' id='word_1_847' title='bbox 2995 5051 3093 5091; x_wconf 92' lang='lat' dir='ltr'><strong>nec</strong></span> <span class='ocrx_word' id='word_1_848' title='bbox 3115 5052 3246 5092; x_wconf 90' lang='lat' dir='ltr'><strong>sane</strong></span> <span class='ocrx_word' id='word_1_849' title='bbox 3273 5038 3460 5093; x_wconf 91' lang='lat' dir='ltr'><strong>beatus</strong></span> <span class='ocrx_word' id='word_1_850' title='bbox 3481 5055 3598 5095; x_wconf 82' lang='lat' dir='ltr'><strong>esse</strong></span> <span class='ocrx_word' id='word_1_851' title='bbox 3622 5047 3784 5108; x_wconf 84' lang='lat' dir='ltr'><strong>potest,</strong></span> 
     </span>
    </p>
   </div>
   <div class='ocr_carea' id='block_1_110' title="bbox 2234 5124 3786 5195">
    <p class='ocr_par' dir='ltr' id='par_1_110' title="bbox 2234 5124 3786 5195">
     <span class='ocr_line' id='line_1_110' title="bbox 2234 5124 3786 5195; baseline 0.003 -19"><span class='ocrx_word' id='word_1_852' title='bbox 2234 5124 2322 5192; x_wconf 85' lang='lat' dir='ltr'><strong>qui</strong></span> <span class='ocrx_word' id='word_1_853' title='bbox 2374 5126 2590 5193; x_wconf 75' lang='lat' dir='ltr'><strong>prmscit</strong></span> <span class='ocrx_word' id='word_1_854' title='bbox 2635 5141 2693 5180; x_wconf 91' lang='lat' dir='ltr'><strong>se</strong></span> <span class='ocrx_word' id='word_1_855' title='bbox 2743 5128 2998 5182; x_wconf 89' lang='lat' dir='ltr'><strong>miserum</strong></span> <span class='ocrx_word' id='word_1_856' title='bbox 3046 5128 3182 5184; x_wconf 82' lang='lat' dir='ltr'><strong>fore.</strong></span> <span class='ocrx_word' id='word_1_857' title='bbox 3227 5130 3281 5184; x_wconf 89' lang='lat' dir='ltr'><strong>In</strong></span> <span class='ocrx_word' id='word_1_858' title='bbox 3314 5130 3551 5186; x_wconf 89' lang='lat' dir='ltr'><strong>editione</strong></span> <span class='ocrx_word' id='word_1_859' title='bbox 3590 5131 3786 5195; x_wconf 84' lang='lat' dir='ltr'><strong>Erasini,</strong></span> 
     </span>
    </p>
   </div>
   <div class='ocr_carea' id='block_1_111' title="bbox 2236 5215 3787 5296">
    <p class='ocr_par' dir='ltr' id='par_1_111' title="bbox 2236 5215 3787 5296">
     <span class='ocr_line' id='line_1_111' title="bbox 2236 5215 3787 5296; baseline 0.005 -28"><span class='ocrx_word' id='word_1_860' title='bbox 2236 5215 2472 5269; x_wconf 88' lang='lat' dir='ltr'><strong>deterius</strong></span> <span class='ocrx_word' id='word_1_861' title='bbox 2503 5218 2757 5274; x_wconf 91' lang='lat' dir='ltr'><strong>mendum</strong></span> <span class='ocrx_word' id='word_1_862' title='bbox 2786 5230 2888 5287; x_wconf 91' lang='lat' dir='ltr'><strong>est,</strong></span> <span class='ocrx_word' id='word_1_863' title='bbox 2925 5236 3045 5274; x_wconf 91' lang='lat' dir='ltr'><strong>nam</strong></span> <span class='ocrx_word' id='word_1_864' title='bbox 3080 5233 3200 5289; x_wconf 92' lang='lat' dir='ltr'><strong>post</strong></span> <span class='ocrx_word' id='word_1_865' title='bbox 3237 5226 3417 5278; x_wconf 71' lang='lat' dir='ltr'><strong>teter-ni</strong></span> <span class='ocrx_word' id='word_1_866' title='bbox 3446 5226 3677 5296; x_wconf 87' lang='lat' dir='ltr'><strong>sequitur</strong></span> <span class='ocrx_word' id='word_1_867' title='bbox 3710 5225 3787 5275; x_wconf 85' lang='lat' dir='ltr'><strong>ah-</strong></span> 
     </span>
    </p>
   </div>
   <div class='ocr_carea' id='block_1_112' title="bbox 2235 5308 3787 5382">
    <p class='ocr_par' dir='ltr' id='par_1_112' title="bbox 2235 5308 3787 5382">
     <span class='ocr_line' id='line_1_112' title="bbox 2235 5308 3787 5382; baseline 0.001 -20"><span class='ocrx_word' id='word_1_868' title='bbox 2235 5308 2402 5363; x_wconf 89' lang='lat' dir='ltr'><strong>surde</strong></span> <span class='ocrx_word' id='word_1_869' title='bbox 2426 5310 2471 5362; x_wconf 90' lang='lat' dir='ltr'><strong>si</strong></span> <span class='ocrx_word' id='word_1_870' title='bbox 2501 5311 2746 5379; x_wconf 76' lang='lat' dir='ltr'><strong>prwscius</strong></span> <span class='ocrx_word' id='word_1_871' title='bbox 2767 5329 2867 5365; x_wconf 89' lang='lat' dir='ltr'><strong>non</strong></span> <span class='ocrx_word' id='word_1_872' title='bbox 2889 5313 3007 5382; x_wconf 82' lang='lat' dir='ltr'><strong>fuit,</strong></span> <span class='ocrx_word' id='word_1_873' title='bbox 3031 5314 3246 5369; x_wconf 90' lang='lat' dir='ltr'><strong>omissis</strong></span> <span class='ocrx_word' id='word_1_874' title='bbox 3270 5317 3439 5371; x_wconf 88' lang='lat' dir='ltr'><strong>tribus</strong></span> <span class='ocrx_word' id='word_1_875' title='bbox 3463 5316 3787 5371; x_wconf 81' lang='lat' dir='ltr'><strong>antecedenti-</strong></span> 
     </span>
    </p>
   </div>
   <div class='ocr_carea' id='block_1_113' title="bbox 2238 5400 3786 5480">
    <p class='ocr_par' dir='ltr' id='par_1_113' title="bbox 2238 5400 3786 5480">
     <span class='ocr_line' id='line_1_113' title="bbox 2238 5400 3786 5480; baseline 0.004 -25"><span class='ocrx_word' id='word_1_876' title='bbox 2238 5400 2333 5455; x_wconf 90' lang='lat' dir='ltr'><strong>bus</strong></span> <span class='ocrx_word' id='word_1_877' title='bbox 2358 5403 2593 5458; x_wconf 84' lang='lat' dir='ltr'><strong>vucibus.</strong></span> <span class='ocrx_word' id='word_1_878' title='bbox 2611 5406 2697 5459; x_wconf 76' lang='lat' dir='ltr'><strong>Sic</strong></span> <span class='ocrx_word' id='word_1_879' title='bbox 2721 5416 2897 5460; x_wconf 91' lang='lat' dir='ltr'><strong>autem</strong></span> <span class='ocrx_word' id='word_1_880' title='bbox 2928 5410 3099 5475; x_wconf 71' lang='lat' dir='ltr'><strong>porgit</strong></span> <span class='ocrx_word' id='word_1_881' title='bbox 3116 5410 3447 5478; x_wconf 86' lang='lat' dir='ltr'><strong>Augustinus</strong></span> <span class='ocrx_word' id='word_1_882' title='bbox 3472 5428 3482 5462; x_wconf 93' lang='lat'><em>:</em></span> <span class='ocrx_word' id='word_1_883' title='bbox 3512 5426 3662 5480; x_wconf 82' lang='lat' dir='ltr'><strong>neque</strong></span> <span class='ocrx_word' id='word_1_884' title='bbox 3680 5407 3786 5461; x_wconf 78' lang='lat' dir='ltr'><strong>enim</strong></span> 
     </span>
    </p>
   </div>
   <div class='ocr_carea' id='block_1_114' title="bbox 2234 5494 3785 5565">
    <p class='ocr_par' dir='ltr' id='par_1_114' title="bbox 2234 5494 3785 5565">
     <span class='ocr_line' id='line_1_114' title="bbox 2234 5494 3785 5565; baseline 0.002 -20"><span class='ocrx_word' id='word_1_885' title='bbox 2234 5494 2397 5546; x_wconf 87' lang='lat' dir='ltr'><strong>sancti</strong></span> <span class='ocrx_word' id='word_1_886' title='bbox 2425 5497 2594 5565; x_wconf 86' lang='lat' dir='ltr'><strong>angeli</strong></span> <span class='ocrx_word' id='word_1_887' title='bbox 2637 5507 2840 5551; x_wconf 70' lang='lat' dir='ltr'><strong>(eterna:</strong></span> <span class='ocrx_word' id='word_1_888' title='bbox 2884 5516 2990 5553; x_wconf 72' lang='lat' dir='ltr'><strong>sua:</strong></span> <span class='ocrx_word' id='word_1_889' title='bbox 3020 5500 3134 5554; x_wconf 75' lang='grc' dir='ltr'><strong>υὶιω</strong></span> <span class='ocrx_word' id='word_1_890' title='bbox 3177 5517 3235 5553; x_wconf 85' lang='lat' dir='ltr'><strong>ac</strong></span> <span class='ocrx_word' id='word_1_891' title='bbox 3279 5502 3602 5555; x_wconf 85' lang='lat' dir='ltr'><strong>beatitudinis</strong></span> <span class='ocrx_word' id='word_1_892' title='bbox 3641 5496 3785 5551; x_wconf 76' lang='lat' dir='ltr'><strong>incerti</strong></span> 
     </span>
    </p>
   </div>
   <div class='ocr_carea' id='block_1_115' title="bbox 2236 5587 3783 5660">
    <p class='ocr_par' dir='ltr' id='par_1_115' title="bbox 2236 5587 3783 5660">
     <span class='ocr_line' id='line_1_115' title="bbox 2236 5587 3783 5660; baseline 0.004 -21"><span class='ocrx_word' id='word_1_893' title='bbox 2236 5598 2373 5639; x_wconf 89' lang='lat' dir='ltr'><strong>sunt.</strong></span> <span class='ocrx_word' id='word_1_894' title='bbox 2426 5587 2562 5642; x_wconf 85' lang='lat' dir='ltr'><strong>Nam</strong></span> <span class='ocrx_word' id='word_1_895' title='bbox 2606 5593 2857 5658; x_wconf 84' lang='lat' dir='ltr'><strong>quomodo</strong></span> <span class='ocrx_word' id='word_1_896' title='bbox 2899 5594 3049 5660; x_wconf 89' lang='lat' dir='ltr'><strong>beati,</strong></span> <span class='ocrx_word' id='word_1_897' title='bbox 3090 5596 3135 5648; x_wconf 86' lang='lat' dir='ltr'><strong>si</strong></span> <span class='ocrx_word' id='word_1_898' title='bbox 3181 5598 3401 5651; x_wconf 86' lang='lat' dir='ltr'><strong>incerti?</strong></span> <span class='ocrx_word' id='word_1_899' title='bbox 3429 5608 3531 5652; x_wconf 90' lang='lat' dir='ltr'><strong>etc.</strong></span> <span class='ocrx_word' id='word_1_900' title='bbox 3560 5597 3691 5651; x_wconf 77' lang='lat' dir='ltr'><strong>Hanc</strong></span> <span class='ocrx_word' id='word_1_901' title='bbox 3715 5611 3783 5646; x_wconf 87' lang='lat' dir='ltr'><strong>ar-</strong></span> 
     </span>
    </p>
   </div>
   <div class='ocr_carea' id='block_1_116' title="bbox 2235 5681 3782 5754">
    <p class='ocr_par' dir='ltr' id='par_1_116' title="bbox 2235 5681 3782 5754">
     <span class='ocr_line' id='line_1_116' title="bbox 2235 5681 3782 5754; baseline 0.004 -25"><span class='ocrx_word' id='word_1_902' title='bbox 2235 5681 2721 5751; x_wconf 82' lang='lat' dir='ltr'><strong>gumentationem,</strong></span> <span class='ocrx_word' id='word_1_903' title='bbox 2763 5694 2819 5737; x_wconf 93' lang='lat' dir='ltr'><strong>ut</strong></span> <span class='ocrx_word' id='word_1_904' title='bbox 2852 5684 2955 5739; x_wconf 89' lang='lat' dir='ltr'><strong>alia</strong></span> <span class='ocrx_word' id='word_1_905' title='bbox 3004 5687 3195 5754; x_wconf 86' lang='lat' dir='ltr'><strong>multa,</strong></span> <span class='ocrx_word' id='word_1_906' title='bbox 3228 5688 3473 5744; x_wconf 87' lang='lat' dir='ltr'><strong>Ciceroni</strong></span> <span class='ocrx_word' id='word_1_907' title='bbox 3496 5706 3590 5744; x_wconf 90' lang='lat' dir='ltr'><strong>suo</strong></span> <span class='ocrx_word' id='word_1_908' title='bbox 3612 5687 3782 5749; x_wconf 79' lang='lat' dir='ltr'><strong>debuit,</strong></span> 
     </span>
    </p>
   </div>
   <div class='ocr_carea' id='block_1_117' title="bbox 2246 5772 3782 5846">
    <p class='ocr_par' dir='ltr' id='par_1_117' title="bbox 2246 5772 3782 5846">
     <span class='ocr_line' id='line_1_117' title="bbox 2246 5772 3782 5846; baseline 0.007 -23"><span class='ocrx_word' id='word_1_909' title='bbox 2246 5772 2333 5840; x_wconf 92' lang='lat' dir='ltr'><strong>qui</strong></span> <span class='ocrx_word' id='word_1_910' title='bbox 2364 5773 2440 5825; x_wconf 91' lang='lat' dir='ltr'><strong>sic</strong></span> <span class='ocrx_word' id='word_1_911' title='bbox 2473 5773 2707 5842; x_wconf 82' lang='lat' dir='ltr'><strong>loquitur</strong></span> <span class='ocrx_word' id='word_1_912' title='bbox 2735 5775 2805 5830; x_wconf 91' lang='lat' dir='ltr'><strong>de</strong></span> <span class='ocrx_word' id='word_1_913' title='bbox 2834 5776 3054 5831; x_wconf 89' lang='lat' dir='ltr'><strong>Finibus</strong></span> <span class='ocrx_word' id='word_1_914' title='bbox 3077 5777 3171 5834; x_wconf 89' lang='lat' dir='ltr'><strong>lib.</strong></span> <span class='ocrx_word' id='word_1_915' title='bbox 3197 5796 3254 5846; x_wconf 82' lang='grc' dir='ltr'><strong>ιι,</strong></span> <span class='ocrx_word' id='word_1_916' title='bbox 3279 5797 3425 5835; x_wconf 91' lang='lat' dir='ltr'><strong>num.</strong></span> <span class='ocrx_word' id='word_1_917' title='bbox 3448 5782 3515 5837; x_wconf 89' lang='lat'><strong>86</strong></span> <span class='ocrx_word' id='word_1_918' title='bbox 3540 5800 3551 5834; x_wconf 90' lang='lat'><strong>:</strong></span> <span class='ocrx_word' id='word_1_919' title='bbox 3576 5775 3782 5835; x_wconf 74' lang='lat' dir='ltr'><strong>Siamilti</strong></span> 
     </span>
    </p>
   </div>
   <div class='ocr_carea' id='block_1_118' title="bbox 2243 5863 3780 5942">
    <p class='ocr_par' dir='ltr' id='par_1_118' title="bbox 2243 5863 3780 5942">
     <span class='ocr_line' id='line_1_118' title="bbox 2243 5863 3780 5942; baseline 0.012 -29"><span class='ocrx_word' id='word_1_920' title='bbox 2243 5863 2345 5916; x_wconf 79' lang='lat' dir='ltr'><strong>rita</strong></span> <span class='ocrx_word' id='word_1_921' title='bbox 2371 5863 2516 5917; x_wconf 84' lang='lat' dir='ltr'><strong>beata</strong></span> <span class='ocrx_word' id='word_1_922' title='bbox 2550 5876 2730 5936; x_wconf 87' lang='lat' dir='ltr'><strong>potest,</strong></span> <span class='ocrx_word' id='word_1_923' title='bbox 2762 5869 2907 5921; x_wconf 86' lang='lat' dir='ltr'><strong>beata</strong></span> <span class='ocrx_word' id='word_1_924' title='bbox 2931 5885 3039 5924; x_wconf 87' lang='lat' dir='ltr'><strong>esse</strong></span> <span class='ocrx_word' id='word_1_925' title='bbox 3057 5888 3158 5925; x_wconf 84' lang='lat' dir='ltr'><strong>non</strong></span> <span class='ocrx_word' id='word_1_926' title='bbox 3189 5884 3373 5942; x_wconf 88' lang='lat' dir='ltr'><strong>potest.</strong></span> <span class='ocrx_word' id='word_1_927' title='bbox 3402 5875 3525 5942; x_wconf 79' lang='lat' dir='ltr'><strong>Quis</strong></span> <span class='ocrx_word' id='word_1_928' title='bbox 3543 5876 3663 5931; x_wconf 80' lang='lat' dir='ltr'><strong>enim</strong></span> <span class='ocrx_word' id='word_1_929' title='bbox 3683 5887 3780 5931; x_wconf 72' lang='lat' dir='ltr'><strong>ron-</strong></span> 
     </span>
    </p>
   </div>
  </div>
