3954 6364
157 380 259 439 549

897 378 1256 437 νΑιιιοιιυιι
1298 372 1739 433 EXERCITATll

1852 372 1911 428 ES
1949 371 2015 429 IN
2051 373 2108 431 S.
2154 372 2523 433 AUGUSTI!"
2564 370 2814 428 OPERA.

3320 359 3432 424 550

154 497 265 565 fidit
292 509 485 565 semper
511 492 607 549 sibi
627 493 762 549 illud
792 494 972 549 stabile
997 503 1044 548 et
1073 493 1279 562 firmum
1310 502 1731 561 permansurum,
1759 488 1815 548 Α
1842 488 2084 553 trieibus,
2119 490 2261 559 quod
2288 490 2591 555 suspicatur
2620 483 2953 555 Augustinus
2992 480 3215 550 intelligi
3249 479 3317 534 de
3343 477 3440 533 (ιιι

153 592 285 658 quod
308 592 489 661 fragile
507 602 553 645 et
574 590 828 645 caducum
855 587 958 641 sit?
997 585 1098 652 Qui
1123 591 1293 638 autem
1322 580 1513 652 diﬂ‘idet
1544 590 1727 649 perpe-

154 686 316 738 tuitati
338 686 584 737 bonorum
613 697 845 745 suorum,
869 679 1037 731 timeat
1058 691 1256 731 necesse
1270 684 1345 729 est
1362 689 1427 727 ne
1451 669 1730 742 aliquando

149 778 345 831 amissis
374 778 480 830 illis
508 776 572 829 sit
599 773 773 828 miser.

612 858 1263 919 ANIMADVERSIONES

605 976 654 1013 ΙΝ
696 973 877 1012 LIBROS
916 971 1175 1011 LOCUTION
1185 970 1211 1008 υ
1221 969 1276 1007 Ι.

204 1055 375 1109 Ltsno
399 1069 436 1107 ι.
466 1052 557 1107 Sic
581 1051 762 1105 titulus
790 1049 1125 1118 concipitur:
1156 1045 1463 1099 Locutiones
1493 1040 1730 1112 Scriptu-

137 1164 333 1211 rarum,
368 1162 482 1215 qua:
502 1144 738 1199 videntur
767 1143 1044 1197 secundum
1064 1140 1424 1213 proprietates,
1455 1150 1569 1206 qua!
1598 1134 1731 1187 idio-

135 1250 276 1291 mata
313 1236 496 1291 Graece
537 1245 812 1299 uocantur,
855 1235 1045 1302 lingua:
1082 1229 1355 1285 ilebraicte
1390 1227 1470 1280 vel
1515 1225 1727 1280 Grazcaz.

133 1333 317 1399 Itaque
352 1331 698 1385 llebraismos
729 1338 890 1399 atque
919 1326 1277 1381 Hellenismos
1307 1323 1393 1377 hic
1423 1332 1611 1376 notare
1640 1335 1732 1389 ag-

132 1438 349 1493 gressus
393 1432 476 1477 est
506 1422 854 1491 Augustinus,
898 1419 1103 1487 optimo
1139 1431 1269 1470 sane
1314 1413 1559 1491 consilio,
1608 1412 1731 1480 quia

140 1517 321 1571 (ἔνεικε
354 1514 643 1569 translatio
684 1528 828 1583 smpe
873 1511 1038 1566 verbo
1078 1519 1234 1564 tenus
1263 1506 1523 1562 Hebraica
1556 1504 1728 1573 sequi-

147 1624 255 1678 tur,
286 1611 524 1666 Grzecam
552 1624 681 1662 vero
717 1607 967 1661 similiter
1007 1610 1353 1673 expresserat
1381 1608 1533 1654 vetus
1568 1598 1729 1660 llala;

144 1706 287 1759 unde
314 1716 538 1758 necesse
564 1710 683 1757 erat
706 1717 848 1770 saepe
882 1714 1128 1769 magnam
1157 1695 1538 1750 obscuritatem
1584 1690 1730 1745 nasci

134 1803 322 1857 Latine
356 1809 566 1873 tantum
591 1797 903 1855 scientibus.
933 1795 1131 1849 Verum
1155 1792 1257 1847 hoc
1283 1792 1351 1846 ab
1381 1789 1727 1859 Hieronymo,

1842 583 1987 638 vitiis
2014 600 2078 638 ex
2110 582 2245 638 Gen.
2279 598 2411 646 xxx,
2439 580 2528 645 51,
2556 596 2672 649 quae
2698 593 2829 633 sane
2854 576 3055 631 absona
3086 589 3194 630 non
3222 581 3307 629 est
3347 574 3431 627 in-

1839 676 2180 745 terpretatio;
2207 674 2389 728 malim
2413 683 2591 727 tamen
2620 671 2687 724 de
2710 670 2893 725 liberis
2918 667 3247 737 intelligere;
3276 666 3347 720 ita
3371 670 3431 719 ut
3456 690 3463 703 λ

1838 770 2011 827 Moses
2034 770 2178 833 velit,
2223 768 2345 838 quia
2378 767 2698 821 obstetrices
2719 770 3071 835 pepercerunt
3100 761 3223 815 vine
3254 757 3429 814 infan-
3464 764 3465 767 ‘

1843 867 1973 921 tium
2000 862 2388 927 lsraelitarum,
2415 860 2478 914 iis
2509 859 2713 928 prolem
2744 871 2865 911 esse
2892 871 2919 908 a
2945 855 3055 909 Deo
3082 865 3426 908 numerosam

1837 972 2174 1012 concessam.
2221 953 2277 1010 Si
2328 953 2610 1018 llebraica,
2644 962 2736 1006 aut
2767 948 3072 1005 versionem
3103 945 3308 1015 Aquilae
3348 944 3429 998 le-

1837 1065 1965 1120 gere
1993 1049 2257 1119 potuisset
2283 1045 2635 1123 Augustinus,
2680 1052 2773 1097 aut
2811 1046 2853 1097 si
2889 1040 3207 1111 inspexisset
3235 1036 3424 1092 Hiero-

1840 1144 2169 1215 nymianam,
2220 1143 2566 1196 observasset
2604 1141 2655 1195 iu
2700 1137 2962 1192 Hebraico
3009 1142 3265 1190 contextu
3304 1145 3428 1186 esse

1838 1237 2004 1291 Deum
2027 1236 2305 1304 (ediﬁcasse
2322 1235 2500 1288 domos
2524 1230 2925 1288 obstetricibus.

1909 1330 2064 1385 Num.
2098 1329 2150 1383 5.
2186 1328 2323 1394 Quid
2352 1329 2417 1381 sit
2446 1326 2614 1381 thibin
2641 1323 2841 1395 (Exod.
2872 1339 2908 1377 ιι
2928 1363 2943 1386 ,
2975 1318 3032 1391 ὅ)
3058 1320 3173 1372 ideo
3213 1316 3428 1386 difﬁcile

1837 1435 1910 1478 est
1940 1436 2107 1489 nosse,
2140 1424 2259 1490 quia
2296 1437 2385 1475 nec
2410 1419 2619 1474 Gram-us
2660 1418 2911 1486 interpres
2947 1430 3010 1468 ex
3048 1412 3290 1476 Hebr-reo,
3338 1423 3429 1462 nec

1839 1514 2055 1567 Latinus
2081 1530 2144 1567 ex
2172 1512 2352 1567 (ἐνίδοι)
2378 1512 2521 1565 vertit
2550 1511 2645 1564 hoc
2673 1525 2876 1571 nomen,
2907 1511 2994 1561 sed
3030 1506 3102 1559 sic
3133 1502 3421 1563 transtulit,

1839 1620 1892 1661 ut
1913 1607 2145 1678 invenit.]
2173 1608 2262 1661 Est
2287 1606 2605 1661 Hebraicum
2628 1611 2768 1663 nam
2791 1601 2995 1664 thebah,
3024 1601 3126 1655 hoc
3154 1606 3257 1659 est,
3281 1610 3424 1660 arca,

1838 1716 1995 1771 quam
2018 1704 2147 1755 θίϐιν
2178 1706 2445 1753 vocarunt
2468 1696 2606 1750 LXX
2638 1686 2992 1762 interpretes,
3025 1690 3255 1746 fortasse
3284 1685 3426 1755 quod

1838 1810 1897 1848 ea
1929 1808 2030 1848 vox
2062 1801 2209 1847 esset
2250 1806 2464 1860 quoque
2495 1791 2547 1844 in
2576 1802 2673 1842 usu
2710 1788 2761 1840 in
2791 1786 3042 1854 Egypto.
3090 1781 3145 1836 Si
3175 1778 3429 1849 Augusti-

136 1897 417 1965 utriusque
449 1872 669 1964 Lingua:
698 1891 975 1946 Hebraicac
1001 1897 1056 1943 et
1084 1888 1286 1943 Graecae
1312 1884 1507 1954 perito,
1544 1881 1734 1935 melius

1852 1903 1941 1943 aus
1961 1887 2026 1941 ad
2059 1900 2273 1940 manum
2300 1894 2427 1938 tunc
2458 1883 2733 1936 habuisset
2757 1879 3059 1934 versionem
3091 1870 3425 1942 Ilieronymi,

140 1992 437 2059 praestitum
505 1988 696 2043 fuisset
739 2002 898 2056 quam
950 1985 1017 2039 ab
1066 1984 1402 2053 Augustino,
1461 1978 1733 2034 llebraicte

142 2083 299 2153 plane
330 2081 606 2150 imperito,
651 2077 856 2134 Graeca:
904 2089 1031 2130 vero
1072 2073 1385 2128 tenuissima
1429 2070 1734 2141 cognitione

151 2176 396 2243 perfuso;
425 2173 517 2244 qui
557 2187 625 2227 ex
671 2171 986 2240 conjectura
1017 2167 1271 2223 idiomata
1302 2180 1455 2220 vocat
1480 2179 1735 2234 quascun-

156 2284 249 2339 que
270 2268 453 2322 Latine
481 2275 635 2320 erant
664 2264 938 2326 inusitata,
961 2270 1014 2315 et
1038 2261 1234 2314 intacta
1259 2258 1423 2312 multa
1457 2257 1730 2325 relinquit.

162 2365 354 2417 Interea
400 2361 529 2414 utile
577 2368 659 2414 est
707 2359 807 2412 hoc
855 2371 1013 2426 opus,
1065 2357 1110 2409 si
1159 2369 1263 2407 non
1306 2353 1358 2407 in
1403 2367 1524 2406 eum
1572 2352 1732 2407 linem

160 2470 305 2523 quem
335 2454 431 2507 sibi
474 2457 830 2521 proposuerat
866 2446 1218 2517 Augustinus,
1259 2454 1313 2499 at
1334 2454 1483 2499 certe
1508 2443 1573 2497 ad
1604 2458 1736 2499 con-

162 2547 437 2603 ﬁrmandas
482 2557 536 2601 et
579 2543 846 2600 eruendas
889 2556 1045 2596 veras
1091 2539 1347 2594 lectiones
1387 2536 1532 2591 LXX
1567 2537 1731 2590 inter-

164 2652 356 2709 pretum
401 2637 922 2704 restituendamque,
970 2642 1232 2704 quatenus
1281 2630 1443 2696 licet,
1492 2638 1730 2683 veterem

165 2732 357 2798 ltalam,
397 2741 451 2783 ut
496 2729 663 2799 liquet
693 2744 755 2783 ex
790 2725 1035 2782 Flaminii
1066 2722 1260 2778 Nohilii
1298 2720 1734 2777 adnutationibus

168 2828 216 2880 in
259 2830 543 2880 versionem
603 2823 844 2877 Latinam
900 2802 1043 2873 LXX
1074 2819 1455 2883 interpretum.
1520 2813 1729 2875 Pauca,

173 2919 378 2987 exempli
422 2916 623 2985 gratia,
671 2912 1055 2983 expendemus,
1102 2924 1223 2963 nam
1271 2922 1378 2962 non
1407 2904 1732 2960 instituimus

177 3012 265 3081 ipsi
288 3011 600 3065 locutionum
630 3023 763 3078 opus
792 3007 1049 3062 scribere.
1500 3052 1511 3062 ,

245 3104 378 3158 Num.
407 3105 456 3158 1.
491 3101 555 3156 Et
579 3102 807 3155 dividant
849 3100 981 3151 inter
1010 3095 1232 3149 medium
1267 3092 1368 3146 diei
1398 3101 1444 3146 et
1476 3092 1605 3145 inter
1628 3106 1734 3143 me-

196 3202 311 3255 disui
346 3202 518 3256 noctis.
570 3200 745 3254 Verba
774 3205 987 3252 exsmnt
1036 3194 1172 3249 Gen.
1213 3208 1262 3256 ι,
1293 3190 1382 3257 14,
1437 3190 1503 3243 de
1541 3187 1732 3257 quibus

1839 1982 2066 2035 vidisset
2094 1980 2344 2049 ﬁscellam
2378 1976 2624 2045 intelligi,
2649 1975 2751 2029 hoc
2776 1982 2860 2028 est
2880 1970 3195 2040 Cophinum.

1911 2075 2067 2127 Num.
2090 2074 2177 2128 51.
2205 2071 2265 2126 Si
2291 2071 2517 2141 loquitur
2540 2067 2676 2121 vobis
2702 2065 2909 2118 Pharao
2937 2064 3109 2117 dicens
3131 2077 3150 2115 :
3180 2060 3308 2114 (late
3338 2075 3429 2112 no-

1839 2168 1914 2221 bis
1951 2168 2152 2236 signum
2187 2173 2275 2217 aut
2310 2170 2631 2234 portentum,
2676 2158 2721 2213 e't
2756 2158 2893 2211 dices
2925 2158 3096 2210 Aaron
3128 2154 3276 2223 fratri
3305 2164 3424 2214 tuo,

1838 2276 1981 2313 smne
2020 2260 2237 2329 virgam.
2270 2255 2346 2309 lta
2393 2253 2553 2308 habet
2601 2254 2777 2307 Moses
2806 2250 2977 2305 Exod.
3023 2263 3115 2311 vn,
3146 2246 3201 2301 9.
3226 2245 3431 2310 Ουιιιιίι

1837 2353 2185 2419 Augustinus,
2222 2346 2345 2415 quid
2380 2346 2449 2398 ibi
2483 2345 2718 2396 additum
2757 2344 2819 2395 sit
2860 2351 2912 2395 et
2941 2341 3089 2411 (ante
3128 2337 3288 2404 dices)
3328 2336 3428 2387 nisi

1837 2444 2010 2513 aliqua
2059 2443 2369 2512 proprietate
2413 2440 2685 2494 locutionis
2734 2436 3031 2490 Hebraicis?
3078 2433 3274 2487 Verum
3320 2442 3425 2498 est,

1838 2558 1961 2596 nam
2008 2542 2061 2596 in
2105 2556 2165 2594 ea
2212 2540 2389 2608 lingua
2430 2536 2625 2607 passim
2669 2532 2903 2587 abundat
2935 2528 3243 2598 conjunctio
3284 2526 3418 2589 Van,

1836 2636 1979 2706 quod
2024 2635 2319 2706 intelligere
2372 2631 2633 2702 potuisset
2673 2645 2741 2684 ex
2792 2626 3134 2694 Hieronymo.
3188 2620 3323 2676 Vide
3375 2629 3430 2674 et

1838 2730 1959 2784 Lib.
1992 2744 2071 2795 ιιι,
2101 2742 2248 2781 num.
2276 2725 2368 2789 25,
2400 2724 2490 2779 50.

1908 2825 2066 2880 Num.
2096 2821 2187 2877 32.
2212 2818 2336 2874 Non
2361 2816 2487 2871 mihi
2510 2816 2762 2877 videntur,
2791 2813 2980 2882 inquit,
3017 2811 3142 2864 satis
3165 2806 3429 2863 commode

1838 2916 2156 2986 interpretati
2186 2912 2356 2967 Latini
2385 2912 2637 2983 σοφιστὰς
2666 2906 2953 2960 Pharaonis
2975 2902 3173 2973 (Exod.
3194 2916 3284 2964 vu,
3311 2899 3424 2967 11),

1839 3024 1892 3066 ιιι
1921 3013 2143 3063 dicerent
2185 3004 2485 3075 sapientes;
2526 3006 2671 3075 σοφοὶ
2708 3001 2842 3055 enim
2883 3000 3133 3068 sapientes
3162 2997 3425 3048 dicuntur.

1839 3101 2015 3155 Potuit
2046 3100 2181 3152 enim
2216 3096 2433 3149 Latinus
2475 3094 2724 3161 interpres
2764 3090 3030 3159 sophistas
3070 3088 3255 3152 dicere,
3298 3098 3425 3154 quo-

1840 3188 1977 3247 niam
2015 3208 2116 3245 non
2145 3200 2216 3243 est
2255 3185 2685 3259 quemadmodum
2726 3181 2908 3236 Latine
2948 3181 3172 3241 dicatur,
3220 3188 3267 3231 et
3313 3178 3428 3230 ideo

190 3293 297 3348 nihil
314 3294 447 3348 addit
469 3292 813 3363 Augustinus.
837 3288 1028 3345 Sermo
1048 3294 1131 3340 εει
1150 3285 1216 3363 de
1236 3279 1733 3363 luminaribuscmli
1763 3260 1808 3322 ο
1838 3288 1937 3342 isto
1977 3286 2124 3340 verbo
2144 3287 2260 3362 jam
2296 3285 2490 3336 utimur
2521 3295 2614 3349 pro
2641 3278 2848 3339 Latino,
2898 3272 3033 3345 etc.]
3070 3273 3175 3329 Sed
3209 3271 3429 3326 auribus

182 3398 283 3452 qua:
307 3385 405 3439 vult
435 3360 748 3450 esseVDeus,
793 3391 846 3435 ut
876 3379 1101 3433 dividant
1141 3360 1305 3434 n‘n‘rn
1343 3382 1447 3460 τω
1489 3380 1616 3431 nun
1652 3379 1736 3457 ΡΞ

179 3477 294 3530 inter
322 3478 441 3530 diem
481 3486 525 3530 et
562 3483 783 3540 noctem,
825 3472 1074 3526 nimirum
1108 3480 1348 3537 tempus;
1379 3464 1461 3519 vel
1494 3475 1550 3517 ut
1576 3479 1734 3517 omne

176 3578 366 3640 tempus
393 3570 628 3625 dividant
656 3571 707 3623 in
740 3567 912 3622 noctis
933 3575 988 3619 et
1014 3565 1118 3620 diei
1152 3564 1318 3617 vices.
1347 3560 1519 3616 Graeci
1551 3570 1728 3644 verse-

171 3674 285 3717 runt
317 3663 619 3734 particulam
646 3670 729 3749 τι
751 3660 866 3723 ben,
897 3658 982 3712 hic
1013 3667 1066 3711 et
1093 3657 1241 3721 alibi,
1271 3658 1363 3711 ἀνὰ
1387 3658 1562 3727 μέσον,
1594 3651 1733 3723 quod

169 3757 315 3810 vertit
339 3755 551 3810 Latinus
578 3746 843 3822 interpres
878 3751 1009 3803 inter
1036 3749 1288 3811 medium,
1317 3761 1439 3801 cum
1465 3746 1737 3800 debuisset

166 3851 464 3919 simpliciter
494 3852 646 3912 inter,
676 3846 816 3901 unde
844 3852 965 3898 nata
998 3844 1320 3898 obscuritas.

228 3943 377 3998 Num.
400 3943 455 3998 2.
497 3940 743 3995 Volatilia
778 3939 1000 3993 volantia
1032 3952 1184 4007 super
1218 3945 1427 3999 terram,
1455 3934 1738 3987 secundum

166 4036 331 4105 (κατὰ)
374 4036 752 4103 ﬁrmamentum
794 4030 964 4100 cwli.j
1017 4030 1111 4082 Est:
1149 4040 1336 4105 versus
1376 4027 1445 4079 20
1496 4024 1734 4093 ejusdem

166 4102 379 4197 capitis,
408 4128 492 4181 ubi
539 4126 799 4180 llehraica
828 4123 1026 4177 habent
1055 4128 1141 4180 ’ΞΕ
1170 4102 1239 4182 5y
1270 4118 1356 4171 hal
1376 4118 1525 4187 ﬁpne,
1554 4117 1618 4171 ad
1660 4116 1740 4169 fa-

170 4221 325 4285 ciem;
348 4220 486 4288 quod
517 4218 719 4287 optime
744 4230 955 4269 versum
982 4214 1133 4279 κατὰ,
1165 4213 1463 4275 secundum,
1507 4210 1607 4264 hoc
1633 4219 1737 4275 est,

172 4312 307 4380 iuxta
346 4311 462 4381 ejus
507 4310 902 4365 evtensionem.
933 4305 1001 4360 At
1034 4302 1358 4373 Augustinus
1396 4300 1587 4371 quaerit
1612 4315 1740 4369 quo-

176 4406 311 4458 modo
348 4404 705 4472 accipiendum
747 4400 813 4454 sit
854 4398 1147 4454 secundum
1190 4399 1607 4461 ﬁrmamentum,
1648 4392 1742 4447 ad-

181 4498 374 4567 ditque:
400 4500 474 4552 sic
506 4499 659 4551 etiam
701 4496 959 4551 faciamus
984 4495 1253 4547 hominem
1282 4490 1575 4546 secundum
1610 4492 1743 4542 ima-

184 4592 336 4660 ginem
369 4603 416 4647 et
453 4590 747 4647 secundum
779 4588 1203 4649 similitudinem,
1228 4587 1361 4653 quod
1392 4585 1537 4638 multi
1566 4583 1739 4637 Latini

1840 3379 2047 3434 Latinis
2074 3378 2300 3444 sophista
2336 3372 2478 3428 aliud
2514 3371 2739 3427 sonabat
2770 3383 2929 3439 quam
2958 3368 3098 3437 quod
3127 3364 3312 3419 Grmce
3343 3364 3430 3417 hic

1840 3474 2106 3544 signiﬁcat
2155 3475 2428 3545 σοφιστήςί
2460 3469 2933 3544 quodusurpatur
2973 3479 3070 3533 pro
3117 3463 3302 3529 magia:
3335 3476 3429 3528 pe-

1842 3567 1963 3620 rito.
2014 3564 2147 3619 Vide
2174 3563 2242 3617 de
2274 3562 2375 3616 hac
2416 3576 2547 3615 voce
2575 3574 2697 3629 quae
2737 3557 3008 3627 congessit
3062 3556 3146 3609 vir
3191 3552 3433 3610 eruditus

1841 3658 1976 3714 Lud.
2008 3655 2321 3719 Cresollius,
2356 3655 2409 3708 in
2450 3652 2687 3707 Theatro
2736 3650 3009 3705 rhetorum
3041 3663 3176 3718 quos
3203 3648 3255 3701 in
3286 3644 3433 3699 Grin-

1841 3754 1922 3804 cla
1955 3747 2307 3803 nominabant
2328 3744 2618 3813 sophistas,
2650 3744 2716 3795 ab
2743 3743 2917 3795 initio.

1914 3842 2076 3896 Ltnno
2104 3856 2180 3895 ιιι.
2216 3838 2372 3893 Νιιιιι.
2405 3836 2496 3890 22.
2526 3835 2655 3890 Haec
2684 3835 3015 3888 usitatissima
3048 3832 3236 3885 locutio
3268 3839 3339 3883 est
3387 3837 3433 3883 et

1841 3934 2145 3988 creberrima
2174 3932 2229 3985 in
2258 3931 2565 3997 Scripturis,
2588 3929 2801 3983 locutus
2816 3935 2898 3981 est
2916 3927 3121 3980 dicens.
3136 3922 3241 3977 Sed
3252 3938 3309 3976 ea
3323 3936 3436 3988 qua!

1843 4027 2071 4096 sequitur
2097 4024 2290 4094 (Levit.
2326 4037 2421 4085 xtl,
2452 4023 2504 4085 ll
2541 4021 2706 4075 rarius
2746 4018 2994 4084 reperitur
3028 4026 3073 4068 et
3117 4013 3286 4067 Ldtini
3330 4030 3438 4065 ser-

1844 4120 2010 4171 monis
2036 4126 2259 4169 coarctat
2282 4115 2544 4184 inopiam;
2577 4108 2785 4165 ercus
2811 4110 2945 4163 enim
2982 4106 3153 4171 habet,
3188 4110 3271 4161 καὶ
3303 4102 3438 4180 ipsi:

1843 4214 1973 4287 πρὸς
2002 4213 2186 4271 αὐτοὺς
2215 4210 2391 4283 λέγων,
2422 4208 2559 4276 quod
2588 4205 2768 4259 Latine
2807 4203 3023 4273 exprimi
3050 4207 3239 4269 posset,
3283 4206 3339 4252 et
3361 4197 3440 4250 di-

1845 4320 1936 4360 ces
1967 4306 2030 4357 ad
2054 4314 2148 4358 eos
2177 4302 2387 4368 dicens,
2422 4300 2590 4353 minus
2622 4308 2791 4352 autem
2820 4294 3033 4362 offendit
3066 4295 3110 4347 si
3141 4294 3364 4356 dicatur,
3388 4298 3443 4344 et

1851 4397 2064 4468 inquies
2093 4396 2158 4450 ad
2192 4410 2286 4450 eos
2307 4395 2522 4459 dicens;
2571 4401 2616 4447 et
2653 4390 2875 4445 similius
2914 4398 2985 4441 est
3018 4387 3219 4449 Gra’co;
3249 4385 3369 4455 quia
3394 4392 3441 4436 et

1846 4490 1937 4545 ille
1982 4506 2083 4543 non
2122 4488 2254 4541 dixit
2282 4504 2300 4541 :
2326 4468 2481 4551 λέξεις
2522 4488 2650 4559 πρὸς
2689 4486 2874 4557 αὐτοὺς
2902 4478 3101 4554 lirium]
3134 4478 3327 4532 Verum
3354 4476 3444 4545 (ne

1850 4583 2026 4637 dicam
2058 4582 2293 4635 futurum
2315 4579 2439 4643 λέξω
2472 4590 2576 4630 non
2611 4576 2681 4629 ita
2711 4575 2963 4628 usitatum
2988 4569 3174 4635 fuisse)
3201 4571 3252 4624 in
3281 4584 3442 4624 sl-nsu

187 4686 357 4738 radices
387 4684 568 4737 habent
604 4683 669 4737 ad
699 4683 1005 4751 imaginem.
1036 4679 1139 4733 Sed
1173 4679 1254 4732 ha:
1286 4678 1583 4731 locutiones
1613 4677 1740 4729 nihil
1773 4648 1826 4710 θ
1852 4675 1970 4744 ipso
2002 4673 2203 4727 nullum
2249 4681 2332 4727 est
2375 4670 2455 4724 vel
2488 4669 2765 4722 minimum
2795 4665 3106 4728 discrimen,
3139 4663 3443 4730 mirumque

191 4774 357 4830 habent
386 4777 579 4841 simile,
617 4789 737 4827 nam
773 4775 915 4843 prius
944 4775 1093 4837 κατὰ,
1121 4773 1424 4835 secundum,
1461 4771 1622 4824 situm
1663 4772 1741 4825 si-

195 4871 393 4938 gniﬁcat,
422 4856 689 4939 posterius
716 4865 1145 4921 similitudinem.

253 4962 388 5018 Num.
421 4964 473 5018 6.
504 4961 766 5017 Observat
796 4959 1040 5015 Graecum
1081 4958 1278 5013 habere
1319 4958 1455 5012 Gen.
1501 4972 1559 5023 tt,
1607 4958 1662 5022 9,
1700 4964 1749 5010 et

206 5058 361 5126 lignum
380 5060 442 5111 ad
467 5058 733 5112 sciendum
761 5053 1101 5125 cognoscibile
1124 5054 1243 5106 boni
1265 5062 1311 5105 et
1339 5053 1483 5118 mali,
1517 5051 1619 5105 hoc
1642 5063 1747 5115 εει,

206 5158 273 5204 τεῦ
294 5151 457 5206 εἰδέναι
478 5152 707 5224 ’γνωστὸν
726 5149 879 5202 καλοῦ
909 5151 992 5200 καὶ
1016 5152 1258 5219 πονηροῦ,
1286 5144 1423 5213 quod
1446 5143 1637 5197 nescio.
1665 5144 1749 5195 in—
1843 5174 1846 5177 λ

211 5244 295 5310 quit
325 5246 663 5313 Augustinus,
698 5249 870 5291 utrum
921 5238 1192 5293 locutionis
1235 5237 1300 5289 sit
1342 5245 1389 5289 et
1438 5251 1538 5288 non
1590 5238 1752 5305 magis

213 5344 360 5386 certum
406 5350 603 5389 sensum
640 5331 864 5402 aliquem
911 5330 1151 5384 insinuet.
1204 5329 1293 5381 Est
1337 5335 1543 5391 tantum
1590 5340 1750 5393 prava

215 5427 349 5481 versio
372 5473 385 5496 ,
425 5444 547 5482 nam
584 5426 842 5481 Hebraica
893 5423 1211 5492 simpliciter
1262 5420 1499 5475 habent:
1528 5423 1754 5475 scientia:

217 5518 298 5570 lani
322 5530 363 5573 et
387 5522 527 5586 mali,
555 5519 699 5590 quod
735 5518 870 5571 verti
901 5533 1004 5571 non
1035 5516 1219 5571 debuit
1248 5517 1314 5585 (si
1344 5514 1503 5569 modo
1531 5515 1601 5568 ita
1636 5530 1754 5567 vcr-

220 5617 352 5664 lenuit
380 5612 515 5667 LXX
546 5609 891 5682 interpretes)
923 5611 1053 5663 scire
1074 5607 1211 5677 quod
1241 5617 1403 5677 potest
1428 5608 1664 5679 cognosci
1694 5608 1758 5660 de

222 5702 311 5754 bona
333 5714 373 5756 et
404 5706 555 5758 mulo.

274 5792 405 5849 Lisso
435 5812 487 5850 ιι.
519 5795 677 5850 Num.
706 5795 762 5849 Ξ.
797 5793 1047 5849 Fecerunt
1078 5793 1175 5847 sibi
1200 5793 1399 5859 domos,
1426 5794 1667 5863 quoniam
1692 5795 1759 5848 ti-

225 5897 405 5942 muerunt
430 5885 637 5959 Deum.)
671 5886 840 5943 Exod.
864 5885 1011 5951 ι,9.1,
1041 5886 1126 5940 ubi
1157 5900 1337 5941 sermo
1366 5895 1447 5941 est
1477 5886 1544 5940 de
1568 5887 1754 5942 obste-

1854 4776 1937 4821 est
1967 4768 2035 4821 ita
2065 4766 2379 4837 λεπτολογεῖν
2413 4761 2789 4831 Augustinum,
2824 4759 2911 4826 qui
2954 4768 3032 4812 tot
3060 4756 3312 4811 idiomata
3346 4756 3445 4809 lin-

1855 4876 1972 4930 gua:
2024 4858 2296 4913 Hebraicse
2345 4856 2538 4925 passim
2591 4852 2811 4908 omittit.
2859 4851 2964 4907 Sed
3005 4850 3246 4922 pluribus
3284 4849 3450 4905 hasce

1860 4953 2110 5007 minutias
2137 4964 2243 5005 non
2278 4958 2689 5019 persequemur.

2326 5036 2983 5096 ANIMADVERSIONES

2144 5150 2193 5190 IN
2234 5149 2574 5197 ρυεετιοιιεε
2615 5149 2664 5187 ΙΝ
2705 5147 3152 5187 HEPTATEUCIIUM.

1935 5230 2099 5284 LIBRO
2125 5245 2161 5282 ι.
2196 5229 2398 5297 Ουιιιει.
2429 5230 2498 5283 5.’
2521 5227 2783 5292 Quwritur
2802 5225 3235 5295 quemadmoaum
3275 5232 3452 5294 potue-

1863 5326 1965 5378 rint
2003 5322 2173 5393 angeli
2213 5339 2331 5376 cum
2370 5321 2577 5390 ﬁliabus
2618 5320 2880 5372 hominum
2919 5318 3277 5380 concumbere,
3321 5318 3453 5369 unde

1864 5418 2091 5490 gigantes
2122 5416 2229 5469 nati
2256 5432 2361 5469 esse
2385 5411 2758 5483 perhibentur.]
2787 5412 2901 5466 Non
2932 5411 3070 5465 male
3100 5410 3453 5479 quaestionem

1866 5511 1933 5564 de
1977 5510 2287 5577 angelorum
2336 5506 2627 5562 concubitu
2678 5504 2867 5569 solvit;
2913 5503 2966 5557 in
2998 5518 3180 5571 quam,
3213 5501 3365 5571 quasi
3402 5503 3454 5554 in

1865 5603 2168 5673 scopulmn,
2204 5604 2533 5670 impegerant
2581 5600 2733 5655 multi
2771 5598 2953 5653 Patres
2981 5597 3188 5659 Grieci;
3225 5596 3317 5649 sed
3352 5596 3457 5646 tru-

1865 5709 1977 5752 stra
2028 5695 2119 5751 dat
2157 5710 2373 5763 operam
2419 5703 2478 5748 ut
2521 5693 2770 5749 ostendat
2818 5692 2984 5746 fuisse
3014 5691 3272 5763 gigantas.
3322 5685 3457 5741 Ante

1866 5791 2068 5858 omnia,
2119 5787 2470 5858 quaerendum
2515 5788 2704 5843 luisset
2757 5798 2823 5842 an
2866 5795 3013 5857 esset
3054 5800 3154 5839 vox
3201 5782 3458 5837 He'iraica

1866 5900 1987 5955 qua:
2036 5884 2271 5956 gigantas
2314 5884 2663 5961 signiﬁcaret,
2696 5881 2831 5939 Gen.
2867 5897 2938 5948 νι,
2991 5881 3045 5937 4.
3094 5877 3262 5935 Voces
3310 5886 3460 5931 certe
