3954 6364
495 312 597 381 ssi

1411 312 1968 373 SUPPLEMENTUM
2012 314 2102 371 AD
2141 312 2372 371 OPERA
2412 314 2466 371 S.
2511 314 2897 375 AUGUSTINI.

503 442 670 498 arma
697 435 914 507 nphilim
953 451 1015 489 ac
1040 444 1229 498 cura:
1259 431 1526 504 gibborim,
1560 431 1724 487 fortes
1752 446 1813 486 ac
1840 431 2099 486 militares
2124 431 2174 492 Α
2203 432 2473 501 gentium;
2503 433 2748 491 maxime.
2783 430 2973 499 inqttit,
3007 432 3127 499 quia
3153 432 3261 487 sine
3290 434 3501 490 articulo
3528 438 3576 491 in
3594 434 3736 499 Graec

504 528 650 583 viros
672 538 887 597 sonant,
916 538 970 584 et
1001 530 1148 597 prior
1175 527 1388 595 quidem
1416 525 1644 579 latrones
1674 523 1899 579 fortasse
1929 524 2098 594 signi-

471 619 663 692 .ﬁcat;
721 621 815 677 sed
864 620 1125 692 gigantas,
1162 620 1262 674 hoc
1312 628 1396 674 est
1445 618 1716 674 inusitata:
1764 616 2099 686 proceritatis

504 709 776 781 homines,
809 714 873 768 iis
901 712 1192 784 significari
1220 729 1381 770 nemo
1402 712 1718 768 ostenderit.
1744 712 1935 767 Fateor
1956 710 2099 767 LXX

504 803 854 876 interpretes,
889 821 1025 877 quos
1072 816 1124 862 et
1168 806 1287 877 ipse
1327 814 1543 861 secutus
1588 814 1670 860 est
1718 804 2096 875 Hieronymus,

505 898 586 956 sic
614 900 873 966 vertisse;
906 899 1002 955 sed
1037 914 1209 969 neque
1240 900 1417 955 nativa
1461 901 1541 956 vis
1569 913 1783 963 vocum,
1817 912 1991 969 neque
2015 900 2100 953 lo-

505 1004 692 1046 corum
724 992 1142 1047 circumstantiae
1170 993 1236 1047 iis
1266 992 1467 1049 favent.
1508 992 1564 1046 1n
1605 992 1741 1047 hanc
1772 1003 1959 1046 vocem
2002 992 2103 1047 ite-

506 1096 625 1138 rum
658 1082 879 1152 impegit
908 1083 1238 1154 Augustinus
1270 1084 1473 1152 Quaest.
1507 1084 1592 1139 18.
1916 1146 1919 1151 ί

581 1172 785 1239 Qumst.
833 1171 886 1227 9.
942 1172 1269 1237 Notandum,
1317 1174 1507 1243 inquit,
1559 1173 1695 1243 quod
1738 1173 1986 1242 scriptum
2029 1182 2105 1227 est

511 1264 670 1337 (Gen.
697 1281 790 1331 vtt,
827 1264 941 1335 15),
976 1266 1029 1319 in
1060 1280 1165 1335 quo
1188 1274 1270 1319 est
1295 1266 1516 1333 spiritus
1539 1265 1683 1330 vitae,
1718 1281 1820 1319 non
1840 1266 2007 1318 solum
2039 1266 2104 1318 de

511 1358 827 1420 hominibus,
846 1358 935 1413 sed
959 1359 1110 1413 etiam
1134 1360 1198 1412 de
1219 1360 1478 1428 pecoribus
1500 1358 1690 1412 dictum
1710 1376 1728 1424 ;
1750 1368 1955 1429 propter
1971 1357 2104 1413 illud

511 1452 647 1523 quod
682 1453 893 1523 quidam
930 1452 995 1508 de
1023 1453 1226 1524 Spiritu
1253 1463 1426 1507 sancto
1463 1452 1641 1506 volunt
1676 1452 1986 1524 intelligere,
2023 1452 2106 1506 ubi

511 1548 759 1617 scriptum
809 1557 884 1601 est
917 1547 1077 1618 (Gen.
1124 1562 1182 1613 tt,
1211 1548 1291 1617 7),
1344 1556 1397 1601 ot
1439 1546 1731 1601 insuftlavit
1772 1545 1913 1600 Deus
1944 1545 1995 1599 in
2029 1546 2106 1599 fa-

513 1637 650 1693 ciem
675 1638 791 1707 ejus
820 1637 1065 1706 spiritum
1100 1638 1251 1702 vitaz;
1284 1638 1422 1709 quod
1455 1638 1633 1691 melius
1664 1637 1873 1707 quidam
1902 1637 2105 1690 codices

515 1734 701 1788 habent
756 1733 937 1788 ﬂatum
983 1731 1154 1805 vitam]
1206 1732 1493 1797 Nimirum,
1537 1747 1670 1786 voce
1699 1734 1907 1803 spiritus
1946 1730 2106 1801 vulgo

2207 524 2400 578 dictum
2414 534 2511 584 est.
2534 540 2634 594 quo
2654 524 2869 577 articulo
2883 524 3251 580 euidentissime
3264 527 3391 580 solet
3405 529 3503 582 veri
3522 528 3603 583 Dei
3620 539 3735 591 unius

2203 616 2317 685 ﬁeri
2340 615 2675 688 signiﬁcatio.
2705 615 2826 670 Non
2867 617 3000 670 enim
3030 617 3160 670 dixit
3184 633 3201 671 :
3226 619 3497 694 πρόσωπον
3518 628 3596 677 τοῦ
3620 634 3735 691 Geo-3,

2203 707 2291 763 sed
2321 707 2455 761 dixit
2485 710 2766 785 πρόσωπον
2788 717 2936 764 Θεοῦ.
2972 707 3152 762 Facile
3178 719 3345 763 autem
3377 711 3469 765 hoc
3496 714 3739 787 intelligunt

2204 819 2303 871 qua
2335 802 2582 855 distantia
2616 803 2839 865 dicatur,
2874 802 2960 871 qui
2983 800 3279 856 Crtecorum
3316 805 3564 874 eloquium
3601 812 3742 865 audire

2205 904 2361 966 atque
2382 894 2667 965 intelligere
2694 893 2903 965 solent.]
2928 894 3126 949 Verum
3149 904 3232 950 est
3256 895 3394 951 hanc
3421 912 3534 953 esse
3561 915 3744 959 consue-

2207 987 2445 1042 tudinem
2481 987 2609 1041 Novi
2644 987 3008 1052 Testamenti,
3056 987 3148 1041 sed
3179 987 3413 1043 Jacobus
3445 1006 3605 1060 neque
3628 1009 3747 1054 more

2206 1081 2339 1137 Novi
2367 1081 2718 1144 Testatnenti,
2757 1096 2927 1150 neque
2959 1080 3148 1135 Griece
3187 1080 3524 1150 loquebatur,
3565 1086 3645 1140 sed
3669 1085 3747 1145 lle-

2207 1177 2387 1232 braica
2420 1177 2635 1247 lingua;
2671 1176 2722 1230 in
2763 1190 2867 1244 qua
2901 1175 3077 1229 nullus
3108 1184 3193 1231 est
3220 1176 3497 1246 articulus,
3524 1192 3608 1233 seu
3633 1190 3681 1244 Π,
3703 1190 3750 1241 ut

2209 1270 2498 1335 loquuntur
2535 1268 2898 1338 grammatici,
2941 1268 3300 1339 emphaticus,
3344 1269 3442 1323 sed
3482 1270 3751 1343 simpliciter

2207 1346 2387 1421 Dtrt‘m
2428 1373 2515 1425 ηε
2547 1365 2680 1432 phne
2707 1363 2910 1417 elo/tim.

2279 1455 2442 1511 Ltuno
2471 1473 2539 1511 vt.
2574 1456 2773 1524 Quzest.
2802 1461 2854 1511 4.
2894 1455 2961 1510 Et
2998 1464 3146 1510 erunt
3175 1457 3315 1511 vobis
3342 1456 3541 1528 lapides
3572 1459 3643 1513 isti
3667 1477 3749 1517 ute-

2208 1550 2421 1603 ntoriale
2465 1548 2587 1617 ﬁliis
2629 1548 2818 1613 Israel,
2869 1559 3020 1619 atque
3062 1553 3114 1603 in
3151 1561 3423 1605 ceternum.
3454 1550 3615 1605 Verba
3657 1566 3752 1612 sunt

2210 1642 2325 1697 los.
2360 1657 2439 1707 tv,
2473 1643 2526 1705 7,
2568 1641 2634 1695 de
2683 1642 2876 1709 quibus
2916 1642 2993 1695 sic
3037 1642 3390 1698 ratiocinator
3427 1646 3750 1716 Augustinus:

2214 1733 2482 1798 Quomodo
2514 1733 2565 1786 in
2596 1740 2879 1797 aeternum,
2910 1751 3023 1788 cum
3050 1735 3233 1788 caelum
3258 1746 3305 1788 et
3341 1744 3475 1789 terra
3502 1744 3755 1797 transeant?

517 1825 807 1881 utebantur
838 1824 1023 1880 Latine
1050 1825 1116 1879 ad
1151 1823 1555 1894 signiﬁcandam
1588 1838 1701 1877 rem
1734 1825 2103 1893 incorpoream
2135 1825 2182 1886 B
2212 1825 2289 1877 An
2335 1826 2576 1893 quoniam
2620 1834 2868 1879 (Blefttttm
2927 1827 3122 1895 aliquid
3163 1828 3459 1897 significant
3500 1830 3550 1884 hi
3579 1832 3754 1902 lapides,

514 1929 572 1976 et
599 1920 1008 1989 intelligentem,
1058 1933 1165 1973 non
1198 1932 1327 1972 vero
1358 1931 1486 1971 voce
1513 1919 1689 1986 ﬂatus.
1723 1917 1970 1969 Attamen
1998 1916 2104 1968 Au-

517 2010 762 2080 gustinus
807 2010 959 2064 initio
1007 2009 1128 2064 libri
1158 2024 1229 2063 vn
1260 2010 1327 2064 de
1349 2008 1543 2063 Genesi
1570 2008 1637 2062 ad
1669 2008 1902 2062 litteram
1932 2007 2101 2062 inter-

519 2113 759 2175 pretatur
800 2104 975 2159 locum
1004 2102 1200 2159 Cenes.
1256 2119 1313 2171 ιι,
1346 2104 1398 2170 Ἰ,
1443 2102 1509 2158 de
1560 2111 1739 2157 mente
1790 2100 2102 2166 immortali,

517 2213 623 2253 non
672 2198 739 2251 de
778 2198 980 2262 anima,
1029 2212 1149 2265 quae
1194 2196 1365 2267 possit
1421 2196 1576 2251 nobis
1605 2211 1725 2251 cum
1768 2196 1942 2250 brutis
1982 2209 2104 2250 esse

517 2293 840 2349 communis.
867 2292 994 2346 Eam
1019 2307 1146 2345 vero
1166 2306 1263 2346 cur
1283 2292 1465 2358 flatum
1487 2290 1666 2359 potius
1688 2304 1845 2359 quam
1865 2290 2104 2359 spiritum

517 2385 625 2440 dici
652 2386 804 2439 malit
843 2399 947 2439 non
982 2383 1244 2453 intelligo.
1276 2382 1411 2438 Gen.
1437 2397 1499 2449 ιι,
1533 2381 1731 2437 habent
1759 2380 1933 2436 Graeci
1976 2385 2103 2439 πνοὴ

516 2484 680 2545 tunc;
713 2476 889 2547 capite
916 2492 1044 2530 vero
1068 2491 1184 2541 vm,
1221 2483 1439 2546 πνεῦμα.
1483 2474 1590 2531 Sed
1631 2473 1700 2528 ad
1749 2473 2102 2543 significatum

516 2573 657 2643 quod
687 2572 899 2633 attinet,
947 2571 1150 2625 nullum
1193 2580 1276 2626 est
1319 2571 1458 2625 inter
1488 2585 1580 2625 eas
1603 2584 1762 2623 voces
1791 2567 2101 2622 discrimen.

517 2667 683 2722 Multa
734 2665 820 2720 hic
865 2674 1178 2736 queruntur
1233 2679 1353 2734 qua:
1421 2662 1646 2733 quaesita
1693 2675 1797 2715 non
1842 2659 2102 2729 fuissent,

516 2759 563 2815 si
608 2758 863 2814 Ilebraice
901 2768 992 2812 aut
1033 2766 1181 2812 certe
1223 2756 1411 2812 Graece
1455 2755 1646 2810 doctus
1692 2753 1881 2808 fuisset
1918 2751 2103 2821 Augu-

517 2850 723 2917 stinus;
765 2851 1037 2921 multaque
1071 2849 1227 2905 aliter
1254 2848 1538 2904 solvuntur
1571 2862 1730 2918 quam
1762 2844 1936 2900 soluta
1977 2845 2105 2899 fuis-

517 2955 659 3001 sent.

589 3036 794 3107 Quaest.
827 3036 915 3092 11.
938 3036 1123 3106 Aquila
1153 3034 1285 3090 dixit
1306 3034 1563 3099 obtinuit;
1592 3033 1933 3104 Symmachus
1970 3045 2109 3102 prte-

523 3130 804 3187 valuerunt
833 3124 1001 3201 (Gen.
1033 3142 1129 3198 vn,
1160 3125 1276 3198 21),
1308 3126 1362 3180 id
1402 3134 1474 3180 est
1509 3121 1712 3196 aquam]
1744 3124 1827 3179 Ab
1861 3124 1966 3178 alio
1997 3123 2109 3177 haec

2210 1936 2323 1972 cum
2353 1919 2455 1987 ipsi
2480 1919 2657 1973 wterni
2679 1936 2785 1973 esse
2812 1937 2913 1973 non
2943 1921 3176 1990 possint?
3195 1920 3307 1975 Cur
3328 1938 3434 1977 non
3458 1939 3649 1979 memor
3670 1940 3756 1984 erat

2208 2012 2598 2067 observationis
2642 2027 2800 2083 quam
2842 2012 2968 2067 alibi
3020 2014 3134 2083 ipse
3188 2029 3293 2068 non
3341 2016 3508 2071 semel
3559 2020 3751 2087 protulit,

2210 2104 2506 2174 praesertim
2554 2105 2607 2159 in
2652 2120 2818 2175 opere
2860 2108 3063 2176 scripto
3106 2107 3296 2162 eodem
3350 2119 3582 2178 tempore
3617 2126 3669 2166 ac
3697 2119 3755 2167 ha:

2208 2198 2574 2266 qutestiones?
2618 2198 2911 2254 Locutione
2941 2200 3010 2254 93
3040 2199 3108 2254 de
3139 2200 3348 2266 Exodo,
3393 2202 3458 2255 ad
3503 2204 3608 2257 tunc
3631 2205 3754 2259 verba

2210 2290 2377 2346 Exodi
2410 2307 2519 2359 χιι,
2568 2291 2621 2356 6,
2658 2292 2857 2347 δεινοῖσι
2900 2293 2947 2344 ei
2981 2292 3033 2345 in
3072 2300 3358 2358 ceternum;
3397 2296 3531 2364 quod
3564 2294 3754 2361 Gratus,

2210 2387 2402 2456 inquit,
2437 2387 2583 2441 habet
2613 2391 2684 2449 εἰς
2707 2390 2791 2443 τὸν
2816 2393 2994 2443 αἰῶνα.
3022 2386 3155 2441 Ecce
3178 2388 3604 2458 quemadmodum
3630 2390 3745 2444 Scri-
3822 2442 3826 2448 ,

2208 2491 2359 2552 plura
2381 2483 2552 2535 multis
2579 2482 2702 2535 locis
2725 2482 2848 2535 dicit
2878 2482 3157 2535 secundum
3178 2482 3273 2535 hoc
3303 2485 3506 2537 verbum
3531 2482 3749 2552 Graecum,

2210 2574 2632 2643 sempiternum,
2700 2573 2779 2626 vel
2842 2582 3123 2627 teternum.
3192 2572 3291 2628 Ubi
3352 2591 3454 2627 non
3502 2576 3757 2646 intelligitur

2209 2667 2462 2720 teternitas
2491 2664 2582 2719 illa
2605 2667 2885 2737 secundum
2914 2682 3067 2735 quam
3103 2665 3247 2721 nobis
3270 2676 3461 2721 a’terna
3489 2670 3757 2735 promittun-

2210 2766 2365 2813 tur...
2404 2773 2563 2827 neque
2601 2757 2734 2809 enim
2782 2773 2955 2811 servus
2995 2759 3110 2822 iste,
3158 2758 3245 2826 qui
3275 2758 3441 2812 vivere
3476 2762 3528 2812 in
3556 2770 3757 2812 mternum

2208 2867 2313 2904 non
2346 2860 2529 2920 posset,
2570 2859 2738 2919 posset
2768 2851 2954 2903 servire
2995 2851 3049 2903 in
3078 2860 3352 2917 (sternunt,
3385 2853 3475 2906 sed
3503 2853 3756 2923 intelligitur

2218 2958 2476 3004 aeternum
2510 2948 2699 3002 dictum
2720 2989 2736 3013 ,
2776 2950 2925 3017 cuius
2955 2948 3196 3014 temporis
3224 2947 3346 3013 ﬁnis
3386 2948 3487 3000 non
3522 2956 3605 2999 est.
3637 2946 3757 3000 Nolat

2217 3041 2378 3094 etiam
2429 3041 2481 3094 in
2529 3038 2889 3095 locutionibus
2930 3038 2998 3092 de
3046 3036 3285 3092 Levitico
3322 3054 3429 3091 xvu
3467 3048 3519 3092 et
3555 3054 3687 3101 xvut,
3717 3038 3752 3092 id

2214 3134 2504 3204 aliquando
2534 3142 2782 3187 wternum
2822 3131 2950 3196 dici,
2991 3129 3131 3200 quod
3172 3131 3357 3199 utique
3405 3145 3505 3185 non
3534 3130 3635 3189 erit
3672 3132 3759 3183 sint:

522 3214 805 3294 acceperat
833 3225 1182 3295 Augustinus,
1232 3219 1327 3278 Sed
1373 3219 1567 3278 lllll‘tllll
1599 3227 1683 3277 est
1718 3233 1847 3277 eum
1885 3217 1987 3276 Silii
2017 3233 2107 3277 eas
2134 3210 2181 3275 C
2220 3232 2350 3284 line,
2382 3226 2588 3283 Similia
2630 3226 2794 3281 habet,
2830 3227 3021 3295 quaest.
3065 3225 3127 3280 51
3173 3223 3226 3277 in
3260 3222 3521 3279 Genesin,
3556 3227 3759 3277 Attamen

526 3317 908 3371 translationes
950 3330 1056 3371 non
1106 3329 1469 3384 comparasse,
1508 3321 1564 3368 et
1600 3312 1790 3369 Latine
1827 3311 2114 3368 vertendae

528 3424 634 3462 non
663 3422 913 3471 curasse;
953 3422 1058 3462 non
1103 3415 1311 3477 poterat
1349 3407 1491 3461 enim
1532 3408 1783 3478 ignorare
1815 3421 1973 3476 quam
2007 3419 2117 3458 ma-

528 3500 621 3571 gni
664 3514 793 3555 usus
834 3514 956 3554 esse
993 3506 1233 3568 possent.
1268 3498 1399 3565 Quis
1446 3512 1553 3553 non
1584 3498 1931 3566 Obstupescat
1969 3511 2115 3561 eum,

531 3606 630 3647 usu
662 3592 779 3660 ipso
800 3590 1207 3662 interpretandi.
1241 3603 1347 3645 non
1371 3589 1696 3645 intellexisse
1724 3590 1914 3661 quibus
1945 3589 2119 3643 subsi-

531 3684 636 3740 diis
667 3684 957 3754 indigeret;
994 3694 1103 3749 aut,
1150 3685 1197 3739 si
1232 3683 1579 3751 intellexerit,
1614 3683 1713 3739 sibi
1742 3692 2004 3754 quatenus
2027 3697 2121 3751 po-

532 3780 635 3835 tuit
661 3794 769 3834 non
797 3794 1139 3849 comparasse
1164 3796 1178 3845 ;
1214 3789 1305 3833 aut
1338 3778 1591 3848 denique,
1620 3778 1664 3832 si
1692 3793 1798 3832 non
1826 3785 2033 3845 poterat
2059 3793 2121 3831 ea

535 3873 805 3939 nancisci,
846 3888 877 3927 a
920 3882 999 3927 tot
1027 3871 1414 3943 quaestionibus
1456 3870 1854 3941 proponendis,
1884 3872 2122 3924 conscri-

538 3966 837 4035 bendisque
861 3974 939 4019 tot
970 3965 1120 4019 libris
1151 3965 1203 4018 in
1225 3963 1390 4019 Vetus
1416 3963 1844 4029 Testamentum,
1879 3973 1933 4017 et
1954 3976 2122 4031 usque

537 4047 674 4112 adeo
725 4058 989 4121 verbosis,
1044 4055 1351 4111 abstinere?
1390 4053 1568 4110 Credo
1616 4055 1902 4110 excitatum
1962 4054 2124 4111 fuisse

538 4147 955 4215 adulationibus,
1002 4158 1095 4203 aut
1136 4149 1298 4203 stulta
1340 4148 1697 4203 admiratione
1717 4147 1968 4202 Alrorum
2002 4163 2127 4203 suo-

539 4259 690 4309 rum;
726 4252 781 4297 ut
816 4258 923 4297 non
965 4242 1235 4298 desineret
1275 4242 1505 4308 dictare,
1530 4241 1656 4296 dum
1688 4242 1774 4297 illa
1806 4242 2002 4297 dictata
2029 4252 2143 4296 sua‘

539 4346 643 4391 tam
673 4334 827 4391 avide
853 4336 1028 4404 excipi
1053 4335 1290 4391 videbat.
1321 4334 1411 4389 Sic
1437 4335 1685 4389 homines
1711 4345 1898 4405 putant
1927 4349 1985 4389 se
2016 4350 2127 4388 ma-

538 4446 675 4502 gnos
703 4445 766 4485 ac
798 4429 1057 4497 eruditos,
1095 4444 1199 4484 non
1243 4429 1367 4499 quia
1409 4438 1555 4495 sunt,
1589 4428 1686 4485 sed
1731 4429 1855 4499 quia
1896 4427 1965 4480 ab
2008 4427 2127 4480 aliis

540 4534 815 4595 putantur,
868 4533 1190 4594 sumuntque
1236 4521 1362 4578 inde
1404 4520 1686 4577 audaciam
1723 4535 1842 4589 quae
1884 4533 2127 4589 persazpe

541 4619 680 4673 male
709 4618 788 4672 eis
816 4616 979 4672 cedit.

608 4711 810 4778 Quaest.
842 4710 965 4767 105.
993 4710 1131 4778 Quid
1151 4712 1246 4765 sibi
1266 4710 1373 4766 vult
1392 4710 1531 4782 quod
1550 4708 1714 4765 Jacob
1734 4708 1806 4762 ait
1827 4711 1979 4778 fratri
1998 4724 2092 4761 suo
2106 4722 2126 4761 :

540 4803 765 4874 Pmpter
795 4803 898 4858 hoc
927 4804 1031 4859 vidi
1063 4804 1252 4860 faciem
1282 4814 1425 4857 tuam
1445 4843 1461 4868 ,
1507 4800 1959 4873 quemadmodum
2001 4814 2125 4854 cum

540 4897 684 4955 videt
726 4896 916 4967 aliquis
970 4895 1157 4952 faciem
1208 4895 1337 4950 Dei?
1370 4893 1556 4948 Utrum
1586 4895 1815 4961 paventis
1842 4900 1890 4946 et
1920 4900 2124 4961 pertur-

542 4990 644 5045 bati
673 4991 833 5043 animi
864 4990 1013 5043 verba
1037 5005 1195 5059 usque
1234 4988 1288 5040 in
1328 4986 1462 5039 hanc
1495 4986 1842 5039 adulationem
1873 5000 2128 5055 prorupe-

539 5086 698 5139 runt?
724 5084 802 5138 An
841 5082 1120 5137 secundum
1162 5080 1384 5149 aliquem
1427 5078 1745 5132 intellectum
1778 5079 1887 5132 sine
1925 5087 2127 5148 peccato

542 5179 677 5231 dicta
705 5177 869 5248 accipi
891 5174 1140 5246 possunt?
1171 5171 1432 5225 Fortassis
1462 5172 1615 5225 etiam
1634 5172 1755 5240 quia
1787 5172 1910 5225 dicti
1936 5180 2053 5225 sunt
2079 5181 2127 5226 et

541 5270 771 5341 gentium
817 5268 931 5335 Dei,
963 5281 1077 5335 qua:
1101 5272 1217 5320 sunt
1248 5263 1520 5326 dmmonia,
1556 5278 1655 5315 non
1678 5263 2043 5332 prtejudicetur
2068 5278 2130 5317 es:

544 5364 622 5417 his
652 5362 809 5416 verbis
834 5359 1028 5414 homini
1055 5357 1171 5412 Dei.
1202 5354 1322 5409 Non
1350 5356 1485 5409 enim
1515 5355 1637 5408 dicit
1661 5370 1679 5407 :
1705 5356 2127 5423 quemadmodum

541 5461 584 5514 si
613 5458 834 5511 viderem
861 5455 1040 5525 {aciein
1071 5450 1187 5516 Dei,
1213 5448 1328 5516 sed,
1362 5464 1483 5503 cum
1514 5448 1661 5503 videt
1690 5447 1926 5519 aliquis]
1956 5448 2130 5517 Opor-

544 5555 737 5605 luisset
768 5548 854 5602 hic
882 5544 1177 5602 consultam
1201 5541 1368 5597 fuisse
1393 5541 1699 5599 versionem
1730 5540 1957 5611 Aquilae,
1986 5543 2126 5595 unde

548 5641 844 5711 intelligere
887 5637 1150 5708 potuisset
1197 5633 1531 5705 Augustinus
1561 5647 1621 5688 se
1654 5632 1852 5687 frustra
1891 5634 2123 5702 argutari

543 5735 595 5790 in
638 5732 859 5788 vocibus
903 5731 949 5784 si
986 5732 1121 5800 quis,
1164 5726 1356 5799 quibus
1401 5725 1562 5782 nullae
1601 5736 1726 5780 sunt
1753 5743 1872 5795 quas
1899 5740 2123 5796 respon-

541 5833 704 5887 deant
734 5829 784 5885 in
817 5825 1114 5885 Hebraicis.
1144 5823 1336 5883 Postea
1370 5830 1521 5893 putat
1549 5836 1707 5890 posse
1738 5821 1963 5889 intelligi
1997 5819 2126 5875 Deos

2220 3322 2396 3396 pergit
2439 3320 2586 3375 hisce
2631 3319 2849 3373 verbis:
2880 3317 3108 3385 quamvis
3151 3318 3312 3388 possit
3356 3319 3491 3387 quod
3534 3318 3581 3369 in
3620 3316 3761 3370 Grato

2219 3427 2314 3482 est,
2343 3420 2438 3479 ἕως
2468 3419 2566 3473 τοῦ
2598 3415 2799 3479 αἰῶνος,
2832 3411 2935 3465 dici
2969 3408 3149 3463 Latine
3187 3418 3234 3462 et
3262 3426 3423 3476 usque
3454 3410 3505 3463 in
3540 3410 3761 3464 strculum.

2220 3512 2359 3582 quod
2388 3526 2490 3563 non
2525 3518 2600 3564 est
2619 3520 2942 3575 consequens
2977 3513 3031 3556 ut
3060 3502 3381 3573 intelligatur
3417 3512 3668 3557 teternum.
3700 3501 3763 3555 Sic

2223 3618 2343 3657 cum
2373 3599 2638 3671 palpando
2670 3614 2853 3654 verum
2884 3601 3112 3668 quant,
3142 3606 3211 3648 an
3237 3592 3289 3647 id
3320 3592 3583 3649 invenerit
3610 3592 3763 3655 nescit,
3864 3640 3865 3671 1

2226 3704 2555 3765 paratusque
2607 3700 2689 3747 est
2736 3690 2991 3746 deserere
3047 3690 3326 3744 inventum
3382 3700 3490 3743 non
3546 3684 3684 3739 aliter
3723 3696 3765 3737 at

2227 3803 2490 3841 errorem.
2523 3784 2676 3853 Quod
2706 3785 2749 3839 si
2776 3782 3051 3838 llebraicte
3078 3783 3277 3853 lingua:
3304 3797 3520 3853 operam
3549 3776 3765 3845 dedisset,

2228 3880 2471 3933 scivisset
2497 3861 2634 3941 DLA?
2662 3876 2833 3931 Italam
2871 3874 3179 3946 signiﬁcare
3219 3876 3437 3944 proprie
3482 3885 3675 3942 tempus
3696 3884 3765 3923 cu-
3864 3864 3865 3893 ³

2222 3972 2309 4040 jus
2344 3971 2586 4025 occultus
2614 3978 2698 4024 est
2736 3969 2889 4038 linis,’
2913 3983 2941 4022 a
2986 3970 3169 4024 radice
3197 3952 3314 4032 D537
3345 3966 3541 4033 halant,
3572 3966 3766 4021 occulta-

2229 4074 2312 4119 tus
2350 4064 2464 4130 fuit,
2508 4062 2684 4117 latuit.
2724 4061 2984 4117 Scivisset
3029 4062 3192 4115 etiam
3242 4058 3483 4125 Graecos,
3513 4073 3626 4113 cum
3665 4055 3767 4109 hanc

2230 4172 2416 4210 vocem
2475 4158 2632 4209 αἰῶνα
2684 4154 3142 4224 interpretantur,
3198 4152 3441 4207 eamdem
3500 4155 3768 4218 potestatem

2233 4250 2499 4320 subjicere
2526 4248 2645 4302 voci
2680 4250 2823 4312 αἰὼν,
2878 4261 2976 4302 nec
3007 4260 3192 4313 passus
3212 4252 3359 4300 esset
3387 4237 3769 4297 ﬂuctuationibut

2234 4340 2552 4397 academicis
2566 4340 2810 4395 animum
2833 4353 2987 4393 suum
3004 4337 3252 4392 distrahi.
3272 4335 3451 4391 Potuit
3471 4347 3613 4397 sane,
3631 4326 3769 4382 hacin

2234 4452 2315 4500 re,
2346 4444 2404 4489 ut
2432 4442 2487 4487 et
2512 4434 2563 4488 in
2596 4433 2738 4497 aliis,
2770 4430 3058 4486 Carneades
3100 4429 3289 4485 Pierius
3318 4428 3493 4499 potius
3512 4440 3657 4498 quam
3686 4420 3770 4476 Ari-

2234 4529 2437 4585 stoteles
2458 4527 2583 4583 dici.

2150 4610 2205 4673 D
2305 4622 2469 4677 Lisso
2500 4637 2596 4676 vn.
2638 4619 2838 4687 Quaest.
2866 4616 2917 4671 1.
2960 4614 3023 4670 In
3066 4616 3168 4685 ﬁne
3212 4615 3330 4670 libri
3369 4613 3491 4670 Jesu
3524 4611 3656 4666 Nave
3684 4608 3772 4661 bre-

2234 4716 2360 4769 viter
2390 4720 2627 4767 narrator
2658 4712 2882 4781 porrexit
2914 4709 3179 4763 historiam
3208 4723 3307 4774 quo
3335 4723 3494 4778 usque
3525 4704 3617 4774 ﬁlii
3643 4698 3772 4755 Israel

2236 4807 2303 4859 ad
2333 4804 2569 4859 colendos
2622 4802 2754 4856 Deos
2790 4802 2981 4855 alienos
3021 4796 3382 4870 desciverunt.)
3420 4795 3658 4866 Quamvis
3692 4792 3770 4845 Au~

2237 4898 2440 4969 gustini
2487 4896 2743 4950 Latinitas
2785 4909 2953 4964 usque
2998 4894 3131 4948 adeo
3158 4904 3305 4949 casm
3336 4907 3441 4947 non
3469 4891 3556 4954 sit,
3595 4883 3766 4942 mallem

2238 5001 2417 5046 tamen
2472 4988 2558 5042 hic
2608 4988 2784 5057 legere
2826 4987 3064 5056 pertexit,
3108 4994 3201 5039 aut
3237 4984 3521 5055 pertexuit;
3549 4981 3629 5035 vix
3659 4973 3768 5031 enim

2241 5082 2453 5139 barbari
2497 5082 2628 5151 ipsi,
2668 5094 2734 5133 ex
2772 5078 2946 5132 media
2988 5077 3191 5146 Africa,
3221 5077 3401 5132 dicant
3440 5075 3682 5147 porrigere
3712 5064 3770 5117 lti-

2234 5177 2465 5232 storiam.

2310 5269 2514 5336 Qutest.
2564 5264 2647 5320 16.
2679 5265 2745 5319 Et
2778 5264 3084 5318 servierunt
3107 5263 3229 5317 Baal
3254 5271 3306 5317 et
3341 5259 3644 5317 Astartibus.
3670 5248 3766 5306 lud.

2238 5380 2303 5429 ll,
2355 5363 2441 5417 15.
2476 5360 2617 5414 Solet
2660 5359 2865 5427 (inquit
2896 5358 3256 5427 Augustinus)
3299 5357 3401 5411 dici
3454 5353 3578 5408 Baal
3620 5360 3765 5403 nomen

2237 5471 2346 5508 esse
2393 5453 2530 5523 apud
2569 5462 2739 5521 gentes
2776 5447 2985 5501 illarum
3020 5450 3241 5518 partium
3279 5447 3443 5511 Jovis,
3488 5446 3667 5499 Astarte
3693 5451 3764 5487 att-

2238 5557 2335 5599 tem
2357 5542 2599 5608 lunonis,
2623 5541 2760 5611 quod
2788 5550 2834 5594 et
2870 5538 3047 5611 lingua
3070 5538 3271 5595 Punica
3299 5548 3502 5610 putatur
3526 5532 3758 5588 ostendere.

2240 5636 2381 5691 Nam
2429 5636 2553 5690 Baal
2612 5634 2797 5688 Punici
2839 5633 3073 5686 videntur
3120 5633 3289 5687 dicere
3344 5617 3761 5690 Dominumﬂﬂd‘

2237 5727 2562 5791 Baalsamin,
2592 5727 2736 5794 quasi
2766 5725 3048 5781 Dominum
3076 5724 3199 5780 caeli
3235 5725 3574 5795 intelliguntur
3601 5716 3757 5771 dicere;

2237 5822 2410 5876 samin
2442 5820 2628 5890 quippe
2658 5818 2795 5889 apud
2828 5833 2913 5873 eos
2950 5818 3061 5872 cali
3103 5818 3446 5889 appellantur.
3480 5813 3605 5867 Juno
3625 5811 3757 5861 σαωση
