3954 6364
145 304 247 363 353

816 298 1171 355 VARIORUM
1212 291 1819 352 EXERCITATIONES
1847 290 1910 349 IN
1954 294 2009 349 S.
2046 290 2418 350 AUGUSTINI
2459 289 2709 347 OPERA.

3318 295 3422 353 554

143 421 250 475 sine
268 416 576 471 dubitatione
604 413 665 468 ab
695 413 798 467 illis
830 415 1041 469 Astarte
1070 410 1323 484 vocatum]
1350 411 1578 481 Egregie
1603 410 1717 464 haec

1861 417 1915 463 ut
1942 411 2181 481 βουπλήξ.
2207 411 2366 466 Plura
2395 410 2449 465 in
2477 409 2620 465 hunc
2644 408 2837 464 librum
2868 424 2972 463 non
3002 408 3218 477 addam,
3244 394 3430 482 neque.

145 512 335 575 omnia,
364 519 525 581 atque
561 508 762 563 utinam
794 508 958 561 multa
981 506 1174 561 similia
1203 504 1343 576 apud
1370 504 1721 575 Augustinum

146 604 517 661 occurrerent!
561 599 810 656 omnibus
842 599 1145 667 allegoricis
1191 596 1726 668 interpretationibus

146 710 295 768 atque
327 695 548 765 argutiis
581 692 866 749 rhetoricis
894 706 955 746 ea
989 690 1389 761 praeferremus.
1418 686 1534 743 Non
1559 686 1727 742 semel

145 790 458 863 signiﬁcavit
495 788 596 844 sibi
645 793 985 857 perspectum
1028 784 1198 839 fuisse
1231 783 1441 853 linguas
1472 779 1726 835 Punicam

142 896 188 939 et
223 884 540 940 llebraicam
572 882 734 937 fuisse
764 881 972 936 afﬁnes.
1015 879 1106 935 Sic
1142 894 1302 949 supra
1351 878 1621 933 locutione
1662 876 1729 931 de

142 976 326 1032 Genesi
359 992 521 1032 xxiv:
558 974 707 1042 Quod
737 974 985 1043 scriptum
1013 982 1107 1042 est,
1147 983 1202 1027 et
1240 972 1471 1027 extendit
1517 986 1729 1025 manuni

140 1086 302 1132 suam,
335 1068 532 1138 accepit
574 1083 687 1121 eam
720 1078 765 1119 et
811 1066 1036 1129 induxit,
1081 1082 1212 1130 eam,
1247 1074 1380 1131 etc.,
1416 1063 1606 1118 locutio
1633 1075 1725 1132 est,

139 1161 326 1232 inquit,
358 1178 512 1232 quam
537 1170 808 1232 propterea
844 1158 1113 1213 Hebr-team
1138 1166 1282 1228 puto,
1305 1158 1425 1227 quia
1445 1165 1490 1210 et
1522 1154 1734 1210 Punica:

140 1259 323 1327 lingua:
346 1254 756 1327 familiarissima
778 1264 875 1319 est,
900 1255 953 1307 in
971 1269 1073 1323 qua
1101 1252 1261 1306 multa
1279 1251 1602 1305 inueniuntur
1622 1249 1730 1303 He—

142 1348 281 1403 breis
297 1349 461 1403 verbis
479 1347 842 1413 consonantia;
859 1362 977 1399 nam
1000 1346 1172 1415 utique
1187 1344 1465 1415 sufﬁceret,
1480 1351 1536 1398 et
1548 1352 1733 1398 exten-

145 1443 217 1497 dit
241 1457 483 1505 manum,
519 1441 612 1494 etsi
657 1457 761 1493 non
793 1440 1002 1494 adderet
1030 1453 1203 1492 suam.
1245 1436 1387 1491 Alibi
1417 1436 1575 1491 etiam
1609 1435 1731 1490 talia

151 1535 319 1598 habet,
347 1549 471 1603 quae
502 1548 670 1601 usque
692 1531 826 1587 adeo
854 1530 1190 1586 conﬁrmavit
1218 1530 1299 1584 vir
1324 1545 1564 1585 summus
1581 1530 1731 1586 Sam.

160 1628 454 1693 Bocbartus,
490 1628 541 1680 in
571 1641 668 1681 suo
695 1623 1009 1690 Chanaane,
1034 1634 1092 1679 ut
1124 1639 1281 1679 nemo
1308 1623 1540 1694 amplius
1570 1624 1640 1679 de
1670 1624 1734 1679 iis

155 1719 388 1774 dubitare
417 1729 599 1788 queat.
635 1718 787 1787 Quod
816 1733 937 1772 eum
972 1718 1046 1772 ita
1077 1716 1177 1783 sit,
1208 1718 1331 1788 quis
1365 1732 1470 1772 non
1510 1718 1735 1772 miretur

1831 501 1973 557 enim
2011 502 2453 558 commentarium
2495 502 2696 567 scribo,
2724 501 2819 558 sed
2854 511 3056 557 tantum
3083 502 3425 560 animadver-

1830 594 2040 662 siones,
2072 594 2125 649 in
2161 595 2352 664 quibus
2384 594 2723 666 potissimum
2767 610 2920 651 usum
2950 604 3005 651 et
3039 596 3263 653 abusum
3294 613 3425 669 ope-

1832 702 1951 743 rum
1981 688 2262 760 Augustini
2306 696 2492 745 notare
2532 689 2817 745 voluimus.
2862 689 3003 745 Nihil
3044 690 3221 747 dicam
3262 692 3423 748 etiam

1832 782 1900 838 de
1922 781 2369 839 Adnotationibus
2399 785 2452 839 in
2482 783 2699 853 Jobum,
2739 799 2872 855 quas
2903 785 3229 858 AuguStinus
3259 787 3426 844 instar

1834 874 2059 930 abortivi
2094 875 2232 931 fetus
2262 874 2465 942 habuit,
2498 891 2599 933 nec
2620 875 2868 947 dignatus
2896 886 2980 934 est
3006 882 3317 936 emendare.
3348 880 3426 935 Ac

1834 982 1967 1025 sane
1991 968 2263 1026 difﬁcilior
2290 981 2373 1027 est
2402 968 2568 1035 Jobus
2604 986 2763 1043 quam
2802 980 2861 1028 ut
2898 975 2967 1031 ab
2995 974 3295 1048 Augustino
3326 992 3424 1033 ex-

1836 1060 2018 1130 plicari
2049 1072 2248 1133 posset.

2129 1156 2454 1216 CENSURA
2494 1159 2840 1220 DE‘FilDERll
2879 1163 3133 1223 ERASMI

2434 1273 2484 1312 lN
2525 1274 2799 1314 SPECULUM
2809 1298 2823 1313 ο

1912 1346 2022 1402 Hoc
2048 1361 2182 1418 opus
2208 1347 2292 1403 vix
2319 1364 2465 1404 eram
2496 1352 2828 1421 ascripturus
2850 1352 3175 1429 Augustino,
3203 1357 3305 1413 nisi
3324 1357 3427 1413 Po-

1839 1438 2079 1496 sidonius
2123 1441 2237 1496 sive
2284 1440 2365 1515 (ut
2390 1441 2607 1513 quidam
2640 1442 2869 1515 malunt)
2898 1445 3172 1501 Possidius
3218 1447 3271 1503 in
3307 1448 3426 1506 Vita

1840 1532 2154 1588 nominatim
2194 1534 2269 1589 illi
2311 1535 2585 1591 tribuisset
2614 1552 2628 1593 :
2658 1546 2714 1593 et
2749 1538 2993 1608 praefatio
3033 1556 3141 1597 non
3173 1542 3430 1611 abhorret

1838 1626 1907 1681 ab
1944 1626 2061 1698 ejus
2091 1627 2250 1698 style.
2298 1628 2549 1684 Versatus
2579 1640 2661 1687 est
2690 1633 2742 1686 in
2774 1632 2935 1688 simili
2967 1638 3181 1706 negotio
3206 1638 3431 1709 Cypria-

1840 1735 1961 1787 nus,
1996 1730 2051 1775 et
2086 1721 2224 1791 apud
2259 1721 2475 1779 Grtecos
2517 1725 2791 1792 nonnulli,
2837 1728 2931 1783 sed
2975 1730 3180 1800 majore
3219 1731 3432 1803 ingenio

148 1810 562 1866 Christianorum
578 1811 865 1867 Ptenorum
889 1808 1734 1880 socordiam,quitlebraiczelin-
1766 1812 1814 1875 B
1839 1827 2093 1883 curaque.
2153 1814 2418 1871 Caeterum
2469 1816 2669 1874 inﬁmis
2715 1821 2877 1877 etiam
2930 1822 3191 1882 inservire
3232 1827 3432 1897 gaudet

149 1918 257 1975 gua:
280 1919 311 1959 e
345 1905 586 1960 tenebris
613 1903 867 1960 eruendae
892 1918 1111 1974 operam
1142 1920 1249 1959 non
1277 1902 1581 1958 dederunt?
1606 1902 1733 1958 Cul-

155 2014 263 2069 pain
291 1999 581 2055 maximam
626 2010 754 2070 puto
798 1998 966 2054 fuisse
1002 2013 1169 2068 penes
1201 1998 1609 2064 declamatores,
1642 1998 1734 2067 qui

160 2110 258 2166 pne
305 2094 787 2150 declamationibus
841 2093 1020 2148 omnia
1077 2092 1435 2163 spernebant,
1492 2107 1592 2147 nec
1639 2092 1734 2147 ulli

166 2188 337 2252 labori,
368 2187 469 2242 nisi
512 2185 788 2259 loquendi,
832 2200 988 2256 pares
1027 2192 1201 2240 erant.
1246 2184 1322 2240 De
1361 2184 1472 2254 ipsa
1518 2199 1576 2238 re
1615 2198 1735 2255 quas

170 2282 245 2337 hic
269 2281 456 2351 agitur,
491 2278 672 2336 multis
700 2281 811 2349 egit
836 2278 994 2334 Joan.
1026 2277 1322 2345 Seldenus,
1372 2278 1424 2333 in
1465 2292 1630 2347 opere
1669 2276 1737 2335 de

175 2373 271 2429 Diis
295 2373 460 2444 Syris.

236 2464 351 2519 Ibid.
385 2462 500 2518 Hoc
524 2471 717 2531 autent,
750 2462 806 2516 id
832 2472 930 2530 est,
960 2463 1166 2518 nomine
1206 2462 1400 2535 plurali
1428 2460 1657 2518 Junones
1684 2462 1739 2517 in

176 2558 343 2615 Grecis
378 2559 653 2614 secundum
674 2558 1013 2629 Septuaginta
1048 2559 1294 2625 novimus,
1321 2558 1377 2611 in
1410 2557 1605 2612 Latinis
1638 2574 1739 2612 au-

178 2658 264 2708 tem
295 2653 614 2725 singulariter
642 2650 799 2723 erat]
838 2652 1093 2718 Quamvis
1158 2650 1464 2707 terminatio
1499 2660 1740 2715 111‘th

180 2744 443 2810 bastarotlt,
490 2745 563 2800 sit
605 2745 827 2816 pluralis
866 2742 1146 2811 feminini,
1187 2744 1321 2799 nihil
1363 2756 1503 2801 vetat
1560 2754 1739 2800 tamen

182 2839 291 2909 quin
334 2839 644 2910 signiﬁcatio
691 2839 762 2893 sit
809 2837 1114 2909 singularis,
1169 2848 1357 2899 Imm
1405 2836 1736 2906 Ithochmotlr,

184 2934 427 3005 sapientia,
451 2945 644 2996 manu
669 2933 926 3000 bhemoth,
954 2932 1391 3004 hippopotamus,
1416 2940 1520 2989 etc.

246 3028 355 3085 Ibid.
389 3028 619 3096 Quorum
658 3028 713 3083 in
752 3027 845 3082 illo
883 3028 970 3099 qui
1012 3044 1116 3082 non
1155 3026 1369 3083 habebat
1397 3027 1740 3101 Septuaginta

198 3120 631 3193 interpretationem,
656 3121 746 3175 sed
768 3137 833 3176 ea:
857 3118 1072 3175 Hebraeo
1093 3129 1202 3175 erat
1222 3119 1476 3175 Astaroth
1502 3119 1734 3191 legimus,

1838 1904 2138 1962 Christiana
2167 1908 2385 1965 caritas.

2242 2034 2245 2037 ’
2304 2022 2953 2086 ANIMADVERSIONES

2445 2112 2491 2151 IN
2526 2111 2813 2153 δρεεοιυκ.

1911 2184 2099 2242 Gravis
2127 2202 2255 2244 sane
2277 2197 2361 2244 est
2385 2204 2543 2245 causa
2567 2192 2846 2249 dubitandi
2876 2212 2943 2251 an
2966 2196 3071 2255 hoc
3097 2213 3251 2271 opus,
3274 2202 3434 2273 quale

1840 2276 1908 2333 ad
1938 2295 2127 2337 manus
2154 2292 2364 2338 nostras
2391 2287 2660 2353 pervenit,
2693 2288 2765 2343 sit
2787 2290 3105 2359 Augustini;
3133 2295 3256 2365 quia
3286 2296 3337 2350 in
3368 2312 3434 2352 eo

1842 2374 2090 2453 laudatur
2118 2376 2319 2445 passim
2350 2394 2456 2434 non
2490 2390 2642 2436 vetus
2674 2382 2799 2437 ltala
2832 2386 3009 2441 versio
3048 2403 3149 2457 qua
3181 2388 3435 2447 Ecclesia:

1840 2464 2215 2524 Occidentales
2255 2485 2320 2526 eo
2369 2487 2483 2526 aevo
2535 2473 2838 2543 utebantur,
2869 2476 2963 2531 sed
2991 2477 3430 2553 Hieronymiana.

1844 2557 1955 2613 Viri
1985 2560 2126 2615 docti
2159 2562 2248 2632 qui
2277 2562 2497 2619 editioni
2527 2565 2817 2622 Parisiensi
2849 2570 3207 2641 praefuerunt,
3246 2575 3299 2630 in
3342 2577 3435 2631 ad-

1843 2656 2139 2713 monitione
2163 2674 2321 2728 quam
2343 2660 2469 2715 huic
2495 2660 2632 2716 libro
2654 2660 3293 2733 praeﬁxerunt,’adnotant
3313 2687 3434 2727 cum

1843 2750 1908 2805 ad
1944 2752 2084 2823 vulgi
2114 2768 2266 2808 usum
2290 2752 2390 2809 hoc
2413 2770 2548 2825 opus
2574 2771 2913 2829 compararet
2935 2752 3295 2833 Hipponensis
3323 2767 3435 2836 epi-

1844 2858 2059 2912 scopus,
2088 2848 2335 2902 versione
2362 2864 2536 2916 usum,
2575 2867 2683 2905 non
2715 2868 2778 2908 ex
2802 2853 2988 2910 Gra:co
3012 2854 3151 2911 LXX
3177 2858 3437 2929 interpre—

1846 2947 1978 3003 tum,
2003 2952 2161 3009 quam
2194 2940 2342 3010 sequi
2374 2941 2609 3010 solebat;
2641 2945 2737 3001 sed
2767 2961 2831 3002 ex
2848 2946 3097 3017 Hebraeo,
3129 2954 3269 3022 quod
3301 2953 3438 3010 hanc

1844 3029 2061 3085 demum
2093 3032 2447 3100 comperisset
2477 3049 2595 3090 esse
2623 3035 2709 3090 illa
2753 3038 2936 3094 multis
2964 3042 3095 3096 locis
3119 3038 3437 3111 planiorem.

1844 3123 1950 3179 Sed
1984 3124 2100 3178 haa'c
2138 3124 2249 3195 ipsa
2284 3139 2443 3181 causa
2472 3126 2748 3185 deterrere
2788 3134 2960 3202 potuit
2987 3133 3337 3205 Augustinum
3371 3152 3439 3194 ne

205 3226 275 3268 tm:
295 3213 417 3285 Baal,
450 3214 539 3269 sed
572 3212 821 3286 Baalim.]
868 3211 1170 3283 intelligere
1215 3212 1424 3267 videtur
1466 3211 1737 3299 Aquilam,
1766 3205 1814 3271 C
1845 3229 1874 3269 a
1908 3216 2153 3270 versione
2183 3226 2399 3285 recepta
2441 3221 2747 3291 recederet,
2781 3223 2921 3294 quod
2960 3224 3012 3279 in
3042 3232 3266 3295 gratiam
3297 3230 3439 3299 vulgi

197 3309 393 3376 quamvis
446 3316 623 3366 textus
678 3306 967 3362 hodiernus
1012 3304 1306 3362 Hebraicus
1361 3305 1557 3361 habeat
1606 3290 1737 3372 5n,

190 3396 355 3468 lto/tul,
391 3400 845 3473 quemadmodum
892 3400 1054 3457 etiam
1105 3399 1353 3471 legerunt
1394 3400 1743 3472 Septuaginta

186 3488 493 3563 interpretes.

244 3587 427 3653 Quaest.
448 3587 540 3645 25.
561 3585 629 3644 Et
654 3590 901 3659 percussit
922 3588 1235 3661 alienigenas
1256 3589 1311 3643 in
1329 3598 1589 3646 sexcentos
1610 3588 1746 3642 viros

180 3693 347 3755 prater
384 3687 571 3741 vitulos
614 3686 786 3741 boum.
841 3685 968 3742 Jud.
1016 3701 1093 3752 ut,
1126 3687 1219 3741 51.
1266 3686 1344 3740 Ad
1393 3701 1516 3757 quae
1560 3685 1743 3749 verba,

180 3789 439 3850 postquam
462 3781 658 3836 frustra
674 3779 1003 3851 Augustinus
1030 3780 1277 3850 quaesivit
1302 3778 1428 3850 quid
1457 3779 1556 3834 sibi
1585 3779 1752 3834 velint

178 3865 306 3939 btec,
336 3882 513 3942 printer
547 3872 734 3927 vitulos
776 3872 949 3939 boum,
980 3871 1128 3927 addit
1165 3890 1180 3926 :
1220 3871 1343 3927 Non
1384 3882 1555 3926 autem
1605 3871 1752 3924 habet

176 3963 499 4037 interpretatio
520 3982 583 4021 ea:
600 3964 842 4032 Hebrum,
865 3976 1060 4037 praeter
1080 3964 1275 4020 vitulos
1298 3965 1482 4030 boum,
1504 3964 1633 4018 sicut
1655 3964 1753 4017 ista

174 4074 279 4128 qua
312 4060 581 4115 secundant
602 4059 941 4131 Septuaginta
977 4070 1049 4114 est
1075 4076 1096 4115 :
1120 4059 1251 4113 sicut
1291 4058 1431 4130 (lege
1458 4058 1572 4129 sed)
1603 4058 1755 4112 habet

175 4151 259 4205 itta
288 4152 592 4219 exHebra’o,
623 4167 841 4208 vomere
872 4152 1083 4208 occisos
1108 4162 1393 4208 sexcentos
1423 4152 1593 4221 viros,
1618 4150 1755 4222 quod

176 4240 264 4296 ista
289 4260 384 4298 non
407 4242 673 4315 habet.Jln
703 4244 975 4301 codicibus
1000 4245 1199 4299 nostris
1227 4244 1506 4300 Hebraicis
1532 4244 1757 4311 legimus

174 4348 320 4418 ᾫΞΠ
358 4322 597 4407 1135121,
646 4338 889 4392 bmilmad
929 4336 1210 4404 Itabbalrar,
1254 4338 1354 4392 hoc
1401 4345 1504 4401 est,
1549 4335 1757 4391 stimulo

176 4428 348 4499 boum,
381 4447 481 4503 pro
515 4446 621 4502 quo
653 4431 850 4503 legisse
889 4433 1112 4487 omnino
1142 4431 1393 4488 videntur
1419 4431 1563 4487 LXX
1589 4431 1757 4487 inter—

176 4534 346 4594 pretes
387 4508 543 4585 ’πέντε
572 4524 785 4591 milbad,
826 4524 931 4580 hoc
959 4532 1074 4594 est,
1114 4527 1281 4592 ἐκτός,
1322 4526 1544 4597 exceptis
1573 4525 1754 4580 bubus.

1847 3309 2183 3364 exscribebat
2209 3310 2323 3365 loca
2348 3311 2638 3383 Scripturae
2662 3316 2997 3387 dignissima,
3020 3335 3139 3390 qua:
3168 3326 3441 3381 memoriae

1846 3404 2232 3460 mandarentur
2258 3412 2314 3461 et
2337 3406 2549 3463 assidua
2576 3409 2927 3468 meditatione
2948 3427 3437 3486 concoquerentur.

1849 3499 2050 3571 Vulgus
2092 3502 2235 3557 enim
2283 3502 2590 3573 imperitum
2642 3522 2745 3563 non
2779 3511 2951 3580 potuit
2994 3528 3101 3568 non
3138 3514 3363 3583 oll‘endi,
3397 3519 3443 3575 si

1848 3593 2124 3665 Scriptura
2155 3595 2202 3651 ei
2232 3594 2486 3653 discenda
2518 3614 2911 3670 proponeretur
2942 3620 3063 3676 qua:
3090 3606 3445 3665 dissentiebat

1851 3684 1918 3740 ab
1943 3701 2004 3741 ea
2033 3703 2152 3754 qua:
2180 3689 2232 3743 in
2261 3690 2504 3746 ecclesiis
2533 3692 2843 3762 legebatur;
2888 3711 2987 3753 nec
3015 3699 3063 3753 ei
3097 3701 3290 3757 saltem
3324 3717 3446 3772 pro.

1852 3780 2102 3851 ponenda
2147 3782 2245 3837 fuit
2272 3799 2413 3840 nova
2446 3787 2623 3841 versio
2658 3789 2779 3844 siue
2808 3792 3245 3862 praemonitione,
3274 3796 3446 3865 qualis

1855 3874 1999 3927 nulla
2030 3873 2115 3929 hic
2143 3878 2397 3933 occurrit.
2443 3878 2664 3934 Addunt
2698 3881 2797 3935 viri
2828 3883 3023 3938 eruditi
3058 3884 3125 3939 ab
3148 3886 3449 3957 Augustino

1855 3967 2139 4038 aliquOties
2180 3972 2484 4028 versionem
2517 3974 3011 4047 Hierunymianam,
3042 3981 3192 4049 quasi
3236 3982 3448 4052 planio-

1857 4076 1970 4115 rem
1998 4061 2225 4130 laudari,
2256 4064 2309 4119 in
2343 4067 2629 4135 postremis
2673 4067 2825 4125 libris
2850 4070 3215 4137 Quaestionum
3263 4075 3314 4131 in
3346 4075 3451 4133 He-

1860 4156 2226 4224 ptateucbum,
2275 4172 2347 4219 ac,
2368 4161 2663 4228 prtesertim
2692 4177 2744 4216 tv
2774 4161 2840 4218 de
2870 4163 3118 4219 Doctrina
3147 4165 3450 4225 Christiana

1861 4246 2018 4317 libro,
2047 4264 2165 4320 cap.
2193 4250 2246 4305 7.
2297 4252 2366 4306 At
2394 4254 2577 4309 nescio
2604 4264 2780 4309 utrum
2821 4255 2999 4311 laudet
3027 4272 3243 4327 semper
3266 4260 3453 4317 Hieroa

1862 4357 2105 4413 nymum,
2134 4359 2199 4398 an
2228 4360 2357 4401 vero
2381 4347 2650 4415 Aquilam,
2680 4364 2803 4404 cum
2835 4351 2887 4405 in
2916 4350 3066 4407 libris
3084 4354 3451 4420 Quaestionum

1863 4438 1989 4492 citat
2038 4437 2383 4507 interpretem
2430 4444 2520 4511 qui
2552 4442 2716 4497 vertit
2746 4459 2811 4499 ex
2853 4443 3114 4513 Hebraeo;
3163 4464 3260 4505 nec
3307 4451 3454 4507 locus

1864 4531 1953 4586 ille
1983 4547 2047 4586 ex
2076 4531 2168 4586 lib.
2200 4547 2255 4585 tv
2279 4534 2345 4588 de
2364 4534 2615 4591 Doctrina
2640 4536 2945 4606 Christiana
2975 4540 3239 4611 ejusmodi
3269 4553 3372 4614 est,
3398 4555 3456 4601 ut

176 4615 316 4683 Quae,
347 4627 405 4671 ut
433 4615 599 4687 liquet
623 4632 690 4674 ex
722 4617 824 4673 hoc
844 4618 1127 4689 Augustini
1157 4620 1295 4682 loco,
1330 4634 1456 4675 vera
1486 4628 1570 4675 est
1595 4619 1755 4673 lectio
1784 4612 1838 4675 D
1861 4638 2076 4679 omnem
2128 4624 2559 4694 interpolationis
2609 4631 2974 4701 suspicionem
3024 4634 3301 4692 excludat.
3349 4612 3457 4693 Sed

177 4700 309 4763 LXX
339 4710 716 4781 interpretum,
764 4727 885 4781 qua:
926 4720 1115 4782 postea
1161 4712 1480 4781 interpolata
1526 4720 1609 4767 est
1636 4727 1757 4767 ver-

177 4802 320 4858 sione
347 4802 584 4874 Aquilaa,
613 4804 702 4875 qui
735 4812 969 4860 verterat
995 4803 1322 4881 ἀροτρόποδι,
1354 4820 1573 4859 vomere.
1626 4803 1759 4861 Hinc

156 4896 230 4958 lin
261 4904 622 4961 Alexandrino
659 4905 846 4962 codice
887 4914 1169 4977 utramque
1198 4906 1480 4963 lectionem
1512 4905 1757 4962 videmus

181 5000 509 5068 conjunctam
536 5014 553 5052 :
584 4998 893 5077 ἁροτρόποδι
921 5001 1061 5061 ἐκτὸς
1090 5002 1325 5073 μόσχων,
1364 5016 1581 5067 vomere,
1612 5015 1757 5054 exce-

184 5092 275 5156 ptis
298 5090 497 5159 vitulis;
525 5093 669 5163 quod
706 5105 828 5147 cum
865 5093 1042 5148 minus
1078 5093 1420 5149 commodum
1460 5094 1754 5160 videretur,

187 5194 236 5250 iu
262 5198 441 5256 codice
472 5199 731 5255 Vaticano
760 5205 843 5253 est
876 5205 1080 5253 tantum
1127 5195 1434 5274 ἀροτρόποδι
1467 5203 1567 5251 τῶν
1607 5196 1757 5267 βοῶν.

187 5286 296 5347 Non
328 5294 499 5349 dicam
539 5292 739 5350 rectius
778 5306 965 5346 vocem
988 5289 1303 5346 Hebraicam
1342 5288 1565 5358 intelligi
1596 5289 1664 5343 ab
1694 5288 1761 5343 iis

190 5386 270 5455 qui
302 5387 562 5443 stimulum
601 5387 1047 5456 interpretantur;
1088 5398 1262 5454 neque
1306 5383 1448 5438 enim
1487 5383 1590 5437 hoc
1618 5395 1761 5437 nunc

195 5478 367 5546 agitur,
401 5481 495 5539 sed
525 5496 590 5536 ex
619 5479 722 5535 hoc
748 5479 867 5535 loco
893 5478 1197 5550 Augustini,
1228 5477 1433 5548 liquere
1461 5491 1620 5549 quam
1642 5491 1763 5533 cor-

202 5563 335 5639 rupta
374 5572 531 5628 fuerit
566 5573 745 5628 versio
770 5570 914 5625 LXX
940 5571 1324 5641 interpretum,
1362 5579 1418 5625 et
1454 5570 1670 5641 quidem
1704 5580 1764 5626 ut

179 5672 342 5720 ‘recta:
358 5666 547 5723 rationi
567 5665 951 5722 convenienter
969 5665 1196 5720 vertisse
1217 5663 1548 5720 viderentur.
1569 5664 1760 5735 Aquila

209 5765 358 5814 autem
385 5769 617 5817 verterat
647 5757 976 5835 ἀροτρὸποδι,
1005 5758 1148 5830 quod
1176 5772 1239 5814 ea
1271 5773 1394 5828 pars
1417 5759 1579 5814 aratri
1610 5757 1763 5814 vide-

212 5851 333 5911 t'stur
352 5855 520 5927 aptior
548 5856 615 5915 ad
642 5853 965 5915 occidendos
992 5851 1263 5924 homines.
1290 5866 1454 5927 quam
1480 5852 1759 5923 Stimulusi

1604 5951 1665 5981 “'1’.
1685 5968 1718 5984 ι.
1787 5960 1828 5979 -ι

1861 4726 2000 4784 esto,
2031 4719 2273 4789 probarit
2298 4720 2398 4775 sub
2437 4722 2560 4778 vitae
2605 4722 2765 4779 ﬁnem
2807 4725 3126 4798 Hieronymi
3170 4729 3457 4785 consilium

1862 4809 2223 4881 Augustinus,
2257 4812 2309 4867 in
2342 4813 2491 4870 libris
2533 4815 2587 4871 in
2617 4816 2919 4874 doctiorum
2950 4820 3175 4890 gratiam
3204 4820 3455 4891 scriptis;

1864 4904 1916 4959 in
1944 4905 2084 4962 libro
2110 4906 2266 4977 quale
2294 4918 2371 4965 est
2399 4909 2709 4980 Speculum,
2743 4914 2795 4969 in
2827 4930 2982 4971 usum
3009 4916 3303 4987 plebecula:
3326 4933 3459 4975 con-

1864 5000 2095 5070 scripto,
2135 5017 2326 5058 novam
2374 5005 2782 5063 translationem
2830 5009 2933 5075 vir,
2994 5014 3292 5081 praesertim
3341 5015 3459 5071 sine

1864 5092 2252 5162 admonitione,
2280 5096 2419 5166 plebi
2454 5100 2824 5169 propositurus
2851 5100 3016 5159 fuisse
3044 5102 3291 5161 videtur?
3321 5105 3460 5175 Quid

1864 5188 2027 5259 ergo?
2070 5188 2309 5261 inquies,
2338 5206 2406 5248 an
2437 5193 2737 5265 Augustino
2768 5194 2931 5266 igitur
2962 5198 3064 5254 hoc
3089 5214 3225 5271 opus
3252 5200 3461 5273 abjudi-

1864 5283 1990 5337 cas?
2032 5282 2411 5356 Nequaquam,
2439 5286 2533 5343 sed
2564 5288 2808 5357 suspicor
2853 5290 3137 5348 citationes
3166 5293 3461 5364 Scriptum

1869 5379 1994 5434 olim
2035 5395 2157 5437 esse
2192 5391 2424 5438 mutatas
2469 5398 2500 5439 a
2528 5383 2794 5442 monacho
2838 5388 3089 5457 quopiam
3120 5404 3183 5444 ex
3213 5390 3461 5446 versione

1872 5474 2310 5553 llieronymiana.

1944 5566 2021 5621 De
2051 5567 2297 5639 Psalmis,
2327 5570 2379 5625 in
2408 5569 2545 5641 psal.
2580 5585 2637 5626 li.
2670 5571 2898 5628 Adorate
2924 5590 3071 5644 pure,
3102 5592 3163 5630 ne
3191 5575 3324 5646 forte
3350 5577 3461 5632 ira-

1870 5662 2087 5733 scatur.]
2134 5663 2263 5730 Quis
2299 5663 2483 5718 credat
2514 5663 2871 5735 Augustinum
2905 5667 3210 5737 spirituales
3249 5685 3460 5736 sensus,

1869 5759 2030 5814 etiam
2059 5757 2147 5814 ubi
2181 5757 2311 5812 nulli
2341 5768 2488 5827 sunt,
2507 5759 2818 5817 avidissime
2846 5770 3161 5838 sectantem,
3191 5762 3327 5818 hunc
3356 5775 3461 5819 tam

1869 5851 2132 5924 insignem
2165 5851 2341 5911 locum
2366 5868 2433 5911 ex
2460 5853 2775 5913 Hieronvmi
2807 5857 3057 5914 versione
3087 5856 3309 5925 citasse,
3340 5870 3464 5918 cum

2441 6021 2664 6037 κ--οαννυ-.
