3954 6364
473 268 582 373 iss

1382 304 1939 370 SUPPLEMENTUM
1978 305 2070 363 AD
2109 294 2339 363 OPERA
2376 305 2431 362 S.
2478 293 2875 361 aUGUSTlNl.

3654 286 3744 363 εει

477 431 780 507 praesertim
829 430 1157 500 Hieronymo
1199 431 1472 501 ingentem
1519 427 1773 493 invidiam
1820 424 2064 481 crearit?
2091 427 2145 487 Α
2174 423 2430 491 apostolis
2468 422 2681 491 probari
2723 431 2777 476 et
2802 431 3021 475 veraces
3052 415 3276 480 haberi,
3308 412 3512 483 partim
3538 425 3657 469 suas
3679 412 3746 468 ιιι-

479 524 591 580 Nec
621 522 876 579 Ecclesia:
912 522 1126 589 quidem
1175 521 1530 591 posteriorum
1575 519 1919 584 saeculorum,
1949 530 2072 581 cum

480 614 828 673 admisissent
863 614 1163 688 versionem
1190 612 1532 684 Hieronymi;
1564 611 1619 666 in
1652 610 1905 679 Psalmis.
1950 606 2074 678 quia

480 706 638 781 vulgo
664 705 976 771 memoriter
1003 707 1346 785 tenebantur,
1379 706 1666 777 vpluerunt
1696 702 1895 765 veteris
1926 700 2077 771 itala:

481 813 638 854 usum
670 798 950 870 abrogare.

556 891 631 946 De
662 892 792 945 libro
822 891 1129 963 Sapientia},
1169 890 1255 961 cui
1286 892 1402 946 haec
1432 888 1782 963 praefiguntur
1828 906 1839 940 :
1879 886 1992 943 Ista
2016 886 2079 941 de

481 982 624 1039 libris
663 983 948 1052 posuimus,
978 999 1108 1051 quos
1155 992 1200 1036 et
1226 980 1401 1035 Judaei
1431 982 1701 1035 canonicos
1728 978 1944 1047 habent,
1973 988 2078 1034 etc.

482 1076 612 1132 Haec
636 1091 704 1129 ex
733 1074 1047 1149 Hieronymi
1071 1074 1361 1149 sententia,
1387 1074 1571 1149 nescio
1596 1090 1664 1135 an
1687 1088 1755 1135 ex
1778 1070 2079 1141 Augustini.

484 1168 620 1224 Vide
645 1168 740 1223 lib.
784 1183 820 1221 ιι
842 1148 917 1222 de
942 1167 1094 1224 Doct.
1123 1148 1450 1243 Christiana,
1482 1148 1600 1234 cap.
1632 1164 1687 1219 8.

966 1298 1613 1357 AMMADVERSIONES

678 1427 729 1467 II
768 1424 951 1469 ιιιιιιοε
990 1428 1055 1466 DE
1094 1426 1358 1467 CONSENSU
1400 1425 1903 1466 EVANGELISTARUM.

561 1524 725 1580 Lieno
754 1542 793 1593 ι,
827 1540 944 1595 cap.
989 1524 1045 1593 2,
1081 1523 1108 1595 §
1150 1523 1203 1578 4.
1241 1524 1480 1590 Quamvis
1506 1522 1699 1595 singuli
1727 1539 1877 1578 suum
1903 1537 2083 1595 quent-

491 1622 611 1673 dam
655 1619 905 1674 narrandi
938 1619 1166 1672 ordinem
1210 1619 1430 1671 tenuisse
1471 1619 1726 1685 videntur,
1774 1632 1879 1670 non
1916 1624 2087 1668 tamen

492 1716 837 1785 unusquisque
878 1728 1051 1767 eorum
1085 1713 1218 1766 velut
1263 1711 1475 1766 alterius
1506 1709 1842 1783 praecedentis
1874 1708 2087 1780 ignarus

2176 518 2374 577 εισι-ιη
2399 516 2737 587 collegerint.
2774 514 2887 569 lino
2918 512 3051 567 nihil
3080 518 3228 566 vetat
3253 509 3436 578 ipsum
3466 504 3748 563 Mattbaum

2177 611 2359 680 aliquo
2385 626 2540 669 usum
2583 624 2708 665 esse
2736 606 3147 667 commentario,
3180 617 3342 673 quem
3377 613 3624 654 veracem
3650 614 3753 656 esse

2178 705 2411 761 videbat.
2450 703 2627 758 Facile
2671 712 2851 759 autem
2884 699 3198 765 contingere
3228 696 3411 762 potuit
3436 690 3664 747 Marcum
3690 693 3755 747 iu-

2180 796 2362 851 cidere
2393 795 2445 848 in
2473 792 2892 849 commentarios
2922 789 3129 844 similes
3168 786 3409 841 maxima
3447 798 3517 843 ex
3545 792 3683 850 parte
3706 784 3757 836 iis

2181 886 2377 957 quibus
2401 900 2529 941 usus
2555 885 2727 945 fuerat
2750 882 3052 943 Mattbmus.
3077 878 3186 935 Nec
3210 876 3261 933 id
3288 876 3477 932 obstat
3500 873 3760 943 quominus

2184 994 2369 1033 eorum
2412 976 2691 1045 scriptioni
2724 983 2980 1044 praeesset
3005 971 3241 1042 Spiritus
3280 978 3537 1034 sanctus,
3564 981 3630 1020 ne
3656 968 3761 1035 quid

2184 1072 2299 1127 falsi
2326 1069 2653 1131 scriberent.

2257 1161 2389 1219 Ibid.
2423 1160 2594 1215 Lucas
2641 1169 2811 1214 autem
2840 1158 2975 1212 circa
3012 1151 3392 1217 sacerdotalem
3426 1150 3633 1205 Domini
3662 1149 3762 1202 stir-

2184 1272 2299 1326 pem
2328 1264 2476 1324 atque
2506 1270 2776 1323 personam
2816 1252 2979 1320 magis
3015 1260 3294 1319 occupatus
3335 1241 3606 1317 apparet]
3642 1243 3765 1299 Cur?

2187 1347 2402 1403 Duabus
2431 1346 2501 1401 de
2528 1346 2734 1409 causis,
2770 1346 2815 1401 si
2845 1344 3119 1400 credimus
3148 1342 3485 1411 Augustino.
3532 1338 3676 1397 Prior
3700 1348 3767 1394 est

2186 1441 2308 1513 quia
2349 1441 2458 1511 ipse
2488 1438 2676 1505 David,
2700 1454 2997 1509 quanquam
3035 1445 3212 1505 aperte
3252 1450 3349 1487 rea:
3394 1433 3529 1501 fuit,
3563 1430 3770 1499 ﬁguravit

2189 1544 2357 1601 tamen
2394 1542 2437 1587 et
2463 1532 2743 1585 sacerdotis
2776 1545 3083 1600 personam,
3112 1526 3324 1597 quando
3366 1538 3527 1591 panes
3557 1524 3767 1592 proposi-

2190 1625 2345 1689 tionis
2376 1623 2733 1686 manducavit,
2773 1636 2896 1688 quos
2943 1636 3045 1673 non
3086 1617 3268 1681 licebat
3308 1613 3659 1675 manducare,
3692 1613 3769 1663 nisi

2188 1714 2312 1768 solis
2345 1713 2729 1791 sacerdotibus;
2766 1711 2940 1771 Lucas
2981 1720 3161 1767 autem
3199 1710 3267 1762 ad
3297 1709 3478 1774 ipsum
3510 1704 3666 1757 I'arid
3692 1720 3770 1755 non

491 1806 707 1861 uoluisse
742 1805 961 1861 scribere
999 1806 1273 1876 reperitur,
1315 1805 1388 1857 vel
1424 1804 1660 1873 ignorata
1704 1801 2085 1873 pratermisisse
2115 1799 2163 1860 Β
2192 1807 2383 1876 regium
2418 1816 2629 1863 stemma
2662 1813 2866 1859 secutus
2897 1804 3148 1867 ascendit,
3181 1801 3271 1865 sed
3298 1817 3396 1871 per
3427 1814 3516 1852 eos
3543 1796 3627 1866 qui
3658 1813 3772 1866 reges

491 1913 607 1966 qua:
634 1897 893 1966 scripsisse
918 1896 1052 1950 alius
1094 1896 1377 1960 invenitur;
1406 1895 1493 1947 sed
1525 1895 1654 1948 sicut
1696 1892 1965 1960 unicuique
2000 1891 2084 1943 iu-

492 1990 742 2059 spiratum
767 1997 863 2055 est,
889 2004 991 2041 non
1015 1987 1332 2057 superﬂuam
1364 1984 1767 2056 cooperationem
1789 1982 1869 2036 sui
1898 1981 2085 2035 laboris

494 2080 781 2153 πέυπει]
808 2078 911 2133 Vix
925 2078 1139 2149 quidem
1173 2077 1417 2131 dubitare
1444 2088 1734 2145 possumus
1760 2088 1829 2127 an
1855 2071 2088 2133 Joannes

496 2171 596 2223 tria
640 2169 743 2223 alia
782 2168 1067 2238 Evangelia
1110 2166 1335 2231 viderit;
1382 2166 1503 2236 quia
1544 2180 1665 2219 cum
1712 2164 1779 2218 ad
1821 2177 2087 2225 summam

496 2269 825 2316 senectutem
862 2261 1201 2329 pervenerit,
1235 2259 1287 2312 in
1320 2272 1417 2313 suo
1453 2257 1615 2311 etiam
1645 2256 1933 2325 Evangelia
1963 2269 2093 2323 ope-

499 2369 613 2410 ram
638 2352 806 2418 dedit,
830 2368 896 2407 ne
922 2360 1191 2421 repeteret
1210 2366 1330 2420 quae
1353 2350 1421 2404 ab
1441 2350 1560 2403 aliis
1581 2358 1835 2419 occupata
1856 2338 2089 2412 fuerant,

500 2454 700 2514 prieter
726 2458 915 2512 pauca,
947 2456 1119 2511 eaque
1152 2442 1490 2506 necessaria;
1523 2439 1662 2511 quod
1694 2455 1758 2493 ex
1788 2437 2093 2493 llarmoniis

502 2536 872 2606 Evangelicis,
926 2545 979 2589 et
1029 2533 1326 2603 praesertim
1374 2532 1591 2602 quidem
1648 2546 1733 2593 ex.
1776 2546 1836 2584 ea
1886 2545 2005 2600 quae
2063 2542 2092 2581 a

505 2628 711 2684 Joanne
735 2627 946 2682 Clerico
978 2626 1123 2682 edita
1150 2634 1261 2689 est,
1288 2624 1472 2693 liquet.
1517 2623 1622 2678 Sed
1652 2637 1758 2677 non
1801 2621 1958 2675 video
2005 2618 2095 2689 qui

506 2736 606 2791 pro
635 2728 911 2788 comperto
949 2716 1051 2772 dici
1086 2724 1247 2788 queat
1277 2717 1486 2771 Marcus
1530 2716 1750 2770 scivisse
1789 2731 1815 2768 ιι
1844 2712 2095 2768 Matthzeo

506 2813 764 2883 scriptum
809 2811 971 2865 fuisse
1002 2809 1375 2880 Evangelium,
1429 2819 1521 2863 aut
1548 2808 1720 2862 Lucas
1751 2806 1819 2860 ab
1848 2815 2092 2874 utroque.

507 2908 564 2962 Si
594 2906 803 2965 Marcus
830 2902 1061 2959 Matthxi
1095 2902 1335 2957 laborem
1370 2900 1627 2965 vidisset,
1662 2900 1829 2954 multo
1860 2897 2096 2953 credibi-

509 2998 611 3053 lius
638 3007 719 3052 est
745 3011 868 3052 eum
899 2995 954 3049 in
985 2994 1169 3049 labore
1188 2993 1418 3063 apostoli
1441 2991 1666 3056 Christi,
1692 2993 1795 3045 hoc
1817 2999 1920 3057 est,
1948 2988 2100 3044 testis

510 3089 727 3155 oculati,
752 3088 1121 3157 acquieturum
1146 3084 1344 3149 fuisse;
1376 3099 1475 3140 nec
1493 3084 1685 3151 Lucas,
1714 3082 1825 3153 qni,
1855 3090 1910 3136 ut
1935 3082 2101 3151 liquet

509 3198 576 3240 ex
618 3181 770 3237 initio
806 3179 921 3250 ejus
973 3178 1289 3250 Evangelii,
1330 3178 1513 3247 plures
1542 3177 1609 3232 de
1649 3176 1804 3231 dictis
1848 3184 1903 3229 et
1954 3173 2103 3227 lactis
2131 3174 2179 3239 ο

514 3273 711 3331 Christi
755 3270 1173 3327 commentarios
1227 3268 1454 3334 viderat,
1498 3267 1768 3322 omisisset
1808 3277 2108 3319 memorare

516 3373 816 3444 apostolum
848 3370 1020 3439 qualis
1066 3376 1185 3423 erat
1230 3368 1533 3423 Matth-auus.
1587 3364 1717 3432 Quis
1756 3361 1941 3417 credat
1982 3374 2105 3414 cum

518 3481 709 3527 novatn
727 3462 926 3519 Christi
946 3461 1311 3531 genealogiam
1335 3459 1617 3513 allaturum
1644 3454 1830 3520 fuisse,
1855 3467 1922 3507 ne
1941 3452 2108 3507 verbo

519 3559 734 3630 quidem
758 3562 1056 3617 memorata
1083 3551 1394 3623 genealogia
1426 3564 1456 3603 a
1482 3548 1731 3604 Matthaeo
1757 3554 1913 3600 antea
1941 3545 2108 3609 edita,

519 3667 639 3707 cum
667 3650 960 3719 praesertim
991 3646 1056 3701 ad
1079 3661 1172 3701 eos
1202 3646 1255 3698 in
1282 3640 1625 3699 concordiam
1655 3637 1978 3709 redigendos
2004 3651 2111 3690 non

522 3744 655 3801 levis
682 3740 972 3797 difﬁcultas
1001 3738 1273 3794 exoritura
1320 3734 1507 3791 esset?
1554 3731 1844 3801 luspiratos
1893 3728 2110 3799 quidem

520 3850 682 3897 nemo
717 3835 1037 3896 diltiteatur;
1069 3840 1123 3884 at
1153 3844 1260 3883 non
1293 3828 1361 3881 ita
1396 3836 1452 3879 ut
1489 3824 1698 3879 ratione
1726 3838 1822 3879 sua
1855 3823 1929 3875 uti
1969 3819 2113 3875 desi-

522 3934 717 3984 nerent
757 3923 1001 3994 inspirati
1050 3921 1294 3983 luerunt,
1331 3926 1385 3973 et
1420 3917 1573 3988 quasi
1622 3914 1971 3984 inspiratione
2014 3926 2114 3966 sua

523 4018 684 4083 ﬁdem
722 4014 956 4071 historiae
989 4014 1129 4083 apud
1170 4009 1505 4074 incredulos,
1538 4008 1732 4081 quibus
1766 4004 1977 4076 probari
2007 4018 2115 4058 non

526 4116 737 4181 poterat
779 4106 870 4161 ille
916 4104 1167 4168 amatus,
1216 4101 1402 4157 facturi
1452 4108 1654 4156 essent.
1709 4098 1873 4153 Multo
1918 4097 2118 4151 rectius

524 4200 731 4261 sentire
776 4196 1025 4257 videntur
1055 4194 1144 4264 qui
1176 4192 1539 4262 evangelistas
1590 4200 1697 4245 tres
1728 4189 1939 4259 priores
1982 4188 2117 4242 scri-

528 4290 704 4361 psisse
733 4302 858 4343 suas
906 4286 1158 4345 historias
1202 4293 1455 4351 censent,
1487 4296 1607 4335 cum
1656 4287 1845 4334 neuter
1891 4278 2117 4332 aliorum

527 4379 741 4437 consilii
769 4377 1019 4433 conscius
1046 4384 1211 4441 esset,
1238 4373 1377 4428 unde
1406 4373 1565 4433 etiam
1596 4386 1781 4426 eorum
1815 4371 2118 4424 testimonio

527 4472 701 4543 majus
729 4469 936 4531 accudil
963 4465 1196 4537 pondus.
1241 4466 1373 4520 Cum
1407 4464 1550 4527 enim
1579 4461 1923 4517 consentiunt
1955 4470 2119 4517 testes

2189 1916 2292 1955 non
2312 1900 2519 1969 {uerunt
2550 1914 2610 1952 ea;
2638 1900 2701 1954 iis
2722 1900 2789 1951 ad
2809 1897 2860 1952 Ν
2869 1896 3025 1959 athon
3054 1896 3221 1964 ﬁlium
3244 1892 3443 1959 Dauid,
3469 1890 3560 1962 qui
3587 1890 3771 1954 necipse

2188 2008 2280 2047 rea:
2300 1992 2420 2062 fuit.
2447 1990 2637 2046 Nullus
2665 2005 2769 2053 non
2800 1990 2947 2043 videt
2973 1986 3380 2057 commentitias
3409 1983 3511 2043 has
3536 1996 3651 2037 esse
3676 1995 3773 2034 con-

2192 2082 2531 2157 sequentias;
2556 2097 2689 2151 quas
2723 2081 2769 2136 si
2793 2082 2915 2151 quis
2944 2090 3123 2151 neget,
3158 2092 3322 2134 nemo
3349 2075 3589 2159 probare
3617 2083 3764 2144 queat.

2193 2178 2300 2237 Sed
2322 2177 2474 2239 hisee
2499 2175 2808 2247 rhetoribus
2829 2175 2960 2245 satis
2984 2184 3101 2249 erat
3122 2171 3407 2243 quidpiam
3434 2184 3543 2227 non
3566 2182 3678 2224 esse
3697 2168 3773 2220 im-

2195 2271 2475 2341 possibile,
2508 2280 2568 2325 ut
2598 2272 2749 2341 quasi
2785 2267 3060 2339 probabile
3090 2268 3141 2321 in
3181 2267 3427 2321 medium
3456 2264 3768 2333 proferretur.

2194 2364 2310 2419 Non
2341 2364 2543 2419 ﬁrmior
2570 2372 2656 2425 est
2683 2364 2850 2423 altera
2879 2363 3039 2429 ratio,
3068 2376 3189 2431 quae
3220 2360 3301 2429 sic
3329 2358 3540 2419 habet:
3570 2355 3677 2409 Huc
3702 2370 3769 2405 ac.

2196 2456 2327 2508 cedit
2354 2455 2491 2527 quod
2536 2455 2675 2510 solus
2714 2456 2867 2521 etiam
2887 2452 3055 2507 Lucas
3085 2450 3312 2523 Mqriam
3341 2455 3697 2517 commemorat
3722 2444 3769 2497 ab

2196 2544 2381 2619 angelo
2426 2546 2804 2618 manifestatum
2845 2553 3115 2616 cognatam
3163 2542 3325 2615 fuisse
3352 2538 3640 2609 Elizabetb,
3681 2550 3771 2603 quin

2198 2654 2329 2692 uxor
2356 2637 2759 2703 eratZachariaa
2800 2637 3110 2707 sacerdotis;
3151 2633 3216 2689 de
3258 2649 3363 2711 quo
3400 2634 3539 2693 idem
3582 2630 3771 2701 scripsit,

2199 2733 2333 2803 quod
2354 2750 2463 2807 eam
2489 2734 2552 2807 de
2570 2732 2776 2803 ﬁliabus
2794 2734 2988 2793 Aaron.
3008 2729 3107 2785 hoc
3122 2739 3219 2796 est,
3237 2728 3301 2781 de
3324 2729 3470 2799 tribu
3487 2724 3773 2797 sacerdotum

2205 2824 2417 2878 habebat
2474 2839 2707 2889 uxorem.
2756 2824 2997 2899 Ergone,
3042 2820 3164 2893 quia
3212 2818 3384 2885 Maria
3432 2823 3650 2887 cognata
3686 2822 3773 2887 (τρι

2205 2914 2447 2991 mulieris
2477 2930 2549 2983 es
2583 2913 2900 2989 sacerdotali
2936 2910 3204 2982 prosapia,
3238 2907 3367 2983 ideo
3399 2923 3467 2981 es
3496 2902 3773 2985 sacerdotali

2204 3006 2372 3074 stirpe
2414 3015 2469 3061 et
2515 3005 2630 3074 ipsa
2675 3003 2806 3081 fuit?
2839 3006 2922 3079 An
2968 3003 3129 3079 igitur
3164 3001 3404 3075 Aarpnis
3446 2998 3640 3073 posteri
3681 3008 3773 3049 cum

2207 3098 2350 3153 nulla
2384 3098 2486 3159 ala
2516 3097 2657 3161 tribu
2688 3097 2955 3157 connubia
2982 3094 3360 3171 miscuerunt?
3392 3091 3547 3146 Nulla
3574 3089 3683 3165 lege
3702 3088 3776 3145 hoc

2212 3192 2275 3246 iis
2306 3190 2646 3259 impositum,
2682 3190 2829 3266 nulla
2865 3188 3257 3263 consuetudine
3284 3186 3652 3259 observatum.
3677 3179 3778 3263 Quae

2212 3298 2342 3354 ergo
2379 3283 2505 3337 hinc
2546 3281 2872 3367 colliguntur
2916 3280 2983 3336 de
3023 3281 3238 3357 diverso
3284 3278 3525 3355 Matthrei
3562 3284 3617 3343 _et
3653 3274 3779 3337 Luca:

2211 3372 2438 3427 oonsilio
2485 3366 2677 3427 inania
2714 3381 2856 3427 sunt.
2904 3370 3020 3426 Non
3065 3369 3291 3428 melioi-e
3343 3371 3592 3437 nituntur
3630 3366 3780 3437 funda-

2214 3472 2396 3518 mento
2426 3479 2547 3534 qua:
2572 3472 2756 3532 postea
2804 3464 3057 3539 dicuntur
3086 3463 3152 3535 de
3178 3465 3393 3539 Joanne
3434 3460 3638 3545 quidem
3668 3457 3778 3510 circa

2214 3558 2461 3611 virtutem
2501 3547 2997 3626 contemplativum,
3038 3556 3251 3613 caeteris
3295 3570 3437 3610 vero
3472 3547 3781 3621 evangelistis

2215 3649 2355 3703 circa
2387 3649 2615 3702 activam
2646 3648 3016 3713 versantibus;
3053 3656 3165 3701 tum
3196 3628 3363 3702 etiam
3397 3645 3464 3700 de
3498 3640 3777 3711 animalibus

2216 3742 2445 3812 singulis
2489 3741 2833 3811 evangelistis
2878 3740 3173 3795 attributis.
3204 3740 3338 3807 Qum
3372 3751 3549 3795 tamen
3579 3751 3674 3790 non
3700 3734 3777 3786 oli-

2216 3849 2507 3895 servarem,
2529 3833 2632 3887 nisi
2659 3834 2895 3888 viderem
2918 3833 3144 3888 somniis
3169 3831 3545 3902 hujuscemodi
3568 3825 3777 3899 applaudi

2218 3942 2249 3981 a
2290 3926 2595 3993 nonnullis,
2628 3928 2715 3997 qui
2748 3939 2931 3981 contra
2960 3927 3181 3983 meliora
3208 3927 3670 3995 vehementissime
3704 3935 3777 3989 op-

2221 4026 2459 4088 pugnant
2487 4034 2501 4072 :
2530 4018 2679 4087 quasi
2714 4018 2860 4072 mille
2887 4019 3010 4072 anni
3042 4018 3251 4089 pondus
3279 4019 3545 4075 adderent
3570 4012 3774 4075 somniis,

2218 4125 2306 4164 res
2348 4125 2477 4165 vero
2533 4110 2939 4166 accuratissime
2982 4110 3386 4170 demonstratas
3442 4111 3557 4167 sola
3607 4106 3776 4164 novitas

2219 4212 2401 4272 posset
2430 4202 2661 4257 elevare.

2290 4293 2422 4362 Cap.
2458 4294 2540 4359 l5,
2578 4294 2605 4363 ᾗ
2636 4293 2724 4349 23.
2757 4295 2977 4363 Quidam
3015 4295 3311 4368 philosOphi
3355 4310 3559 4355 eorum,
3589 4292 3703 4347 sicut
3735 4288 3774 4345 in
3868 4276 3869 4283 ‘

2222 4386 2363 4439 libris
2402 4386 2508 4437 suis
2538 4382 2858 4456 Porphyrius
2889 4386 3098 4440 Siculus
3141 4387 3405 4458 prodidit,
3449 4383 3775 4453 consuluerunt

2223 4476 2343 4529 deus
2369 4492 2487 4530 suos
2514 4477 2636 4544 quid
2662 4476 2724 4527 de
2743 4474 2946 4529 Christo
2976 4479 3377 4547 responderent;
3407 4475 3483 4529 illi
3510 4481 3665 4547 autem
3686 4482 3777 4520 ora-

527 4564 620 4635 qui
664 4565 801 4618 inter
829 4576 889 4615 se
916 4558 1094 4628 capita
1134 4558 1511 4625 contulerunt,
1544 4554 1779 4619 susnecti
1811 4554 1989 4623 potius
2026 4554 2117 4607 ha-

2223 4567 2352 4620 culis
2376 4568 2481 4621 suis
2502 4564 2761 4620 Christum
2790 4569 3004 4621 laudare
3025 4570 3273 4639 compulsi
3294 4556 3457 4641 sunt]
3493 4561 3774 4639 Porphyrius

528 4660 761 4723 bentur;
793 4652 888 4709 sed
921 4661 1084 4709 testes
1112 4651 1204 4723 qui
1262 4650 1403 4703 idem
1447 4655 1708 4705 testantur
1735 4647 1993 4711 seorsim,
2024 4661 2119 4701 ne-

528 4753 629 4809 scii
661 4749 886 4813 aliorum
924 4742 1239 4813 testimonii,
1278 4741 1470 4803 merito
1512 4755 1698 4799 verum
1726 4739 1907 4795 dicere
1934 4738 2120 4795 viden-

533 4859 637 4901 illi”.
1804 4888 1807 4889 ν

604 4935 734 4991 lhid.
774 4933 984 4997 Marcus
1022 4946 1137 4985 eum
1165 4928 1487 4995 subsecutus,
1525 4925 1671 4994 quasi
1712 4926 2042 4996 pedissequus
2073 4934 2120 4980 et

529 5030 783 5084 breviatur
810 5028 918 5098 ejus
938 5019 1183 5091 videtur.]
1210 5018 1371 5090 Miror
1401 5017 1470 5072 ita
1503 5014 1643 5085 loqui
1667 5016 2019 5086 Augustinum
2049 5016 2116 5071 de

530 5124 793 5189 scriptore
824 5118 1035 5183 afﬂatu,
1082 5128 1254 5181 neque
1285 5110 1430 5171 enim
1471 5110 1820 5178 inspiratione
1866 5126 2000 5180 opus
2036 5120 2119 5167 est

534 5226 591 5271 ut
619 5214 883 5283 quispiam
916 5213 985 5269 sit
1010 5208 1340 5283 pedissequus
1368 5214 1415 5259 et
1440 5203 1687 5260 breviator
1715 5206 1894 5275 operis
1938 5205 2117 5260 alieni.

533 5305 866 5362 Crediderim
896 5303 1071 5373 potius
1112 5302 1180 5355 iis
1206 5300 1295 5371 qui
1332 5299 1567 5355 Marcum
1597 5314 1624 5351 a
1654 5298 1813 5354 Petro
1854 5297 2122 5368 evangeli-

535 5414 651 5454 cam
694 5395 969 5450 historiam
1011 5392 1285 5462 accepisse
1322 5400 1571 5455 censent;
1618 5405 1717 5446 nec
1756 5390 1943 5459 dubito
1967 5390 2117 5459 quin,

535 5505 656 5544 cum
690 5487 864 5551 multi,
894 5496 948 5539 ut
978 5483 1211 5556 prodidit
1249 5481 1422 5543 Lucas
1462 5482 1617 5537 initio
1648 5482 1941 5553 Evangelii,
1973 5497 2121 5537 com-

538 5582 828 5640 mentarios
859 5579 1122 5635 dictorum
1153 5586 1208 5633 et
1236 5575 1493 5631 factorum
1519 5575 1718 5632 Christi
1751 5575 2117 5646 scripsissent,

540 5676 752 5733 Marcus
787 5684 840 5732 et
865 5674 1059 5741 Lucas,
1101 5670 1189 5743 qui
1227 5678 1392 5727 testes
1419 5686 1605 5726 eorum
1649 5686 1757 5725 non
1784 5669 2018 5737 fuerant,
2052 5685 2117 5726 ex

542 5766 1043 5828 commentariorum
1069 5763 1281 5820 illorum
1311 5763 1585 5822 nonnullis
1608 5776 1739 5833 quos
1770 5761 2020 5823 videbant
2053 5762 2118 5818 ah

2223 4673 2329 4714 non
2369 4658 2582 4714 Siculus
2624 4658 2743 4726 fuit,
2778 4658 2872 4714 sed
2902 4659 3115 4732 Tyrius,
3150 4668 3209 4713 ut
3250 4660 3361 4729 jam
3412 4653 3771 4713 observavimus

2221 4752 2287 4805 ad
2302 4751 2752 4806 Retractationum
2777 4752 2867 4808 lib.
2885 4768 2944 4819 ιι,
2968 4768 3086 4823 cap.
3105 4753 3192 4809 52.
3210 4752 3492 4824 Porphyrii
3513 4747 3658 4803 verba
3679 4742 3771 4795 vide

2224 4843 2364 4912 apud
2395 4843 2685 4899 Eusebium
2719 4844 2996 4898 Demonst.
3033 4844 3356 4912 evangelica:
3385 4844 3477 4900 lib.
3506 4857 3578 4907 ιιι,
3608 4851 3708 4906 cap-
3730 4832 3767 4893 6,

2225 4943 2281 4990 et
2306 4934 2372 4989 de
2397 4932 2555 4990 Civit.
2579 4934 2671 4990 Dei
2705 4936 2796 4992 lib.
2834 4952 2946 5002 nx,
2978 4950 3096 5004 cap.
3119 4935 3211 4991 25.

2296 5026 2429 5095 Cap.
2463 5026 2554 5090 22,
2587 5027 2614 5093 ξ
2642 5028 2729 5081 30.
2772 5028 2876 5081 Alii
2903 5028 3077 5081 dicunt
3106 5028 3369 5082 Saturnus
3398 5035 3490 5091 est,
3520 5020 3656 5078 credo
3677 5028 3772 5087 pro-

2224 5126 2334 5187 pter
2351 5116 2544 5172 sabbati
2560 5120 3038 5187 sanctiﬁcationem,
3057 5120 3177 5190 quia
3198 5120 3283 5173 isti
3306 5135 3420 5174 eum
3440 5117 3563 5171 diem
3580 5111 3770 5167 Saturno

2224 5206 2551 5278 tribuerunL]
2581 5208 2683 5263 Alii
2708 5208 2974 5263 Bacchum
2996 5210 3064 5262 ab
3092 5210 3160 5263 iis
3181 5210 3285 5264 coli
3306 5208 3565 5270 dicebant,
3585 5203 3769 5272 ιιι-οριετ

2226 5299 2407 5359 nescio
2443 5315 2576 5369 quas
2610 5300 2806 5355 rituum
2845 5301 3258 5366 similitudines,
3292 5311 3351 5357 ut
3380 5302 3542 5371 liquet
3577 5308 3634 5348 ex
3661 5287 3765 5343 Plu-

2229 5392 2411 5448 tarcho
2431 5393 2902 5461 Symposiacorum
2927 5393 3021 5449 lib.
3049 5409 3120 5457 tv,
3145 5395 3346 5461 Quaest,
3371 5395 3424 5450 5.
3448 5389 3617 5446 Atboc
3636 5382 3759 5449 nes“

2227 5484 2439 5545 Tacitus
2472 5484 2665 5539 Hister.
2707 5484 2803 5540 lib.
2830 5500 2884 5549 v,
2918 5502 3036 5554 cap.
3057 5487 3122 5549 5;
3157 5486 3249 5540 sed
3283 5495 3494 5556 propter
3519 5472 3757 5534 absurdam

2227 5576 2488 5640 Υίιιίοίιεῐη
2528 5592 2542 5628 ε
2579 5576 2763 5647 quippe
2788 5575 2956 5641 Liber,
2991 5577 3193 5645 inquit,
3227 5581 3380 5646 festos
3409 5578 3625 5640 latosque
3656 5562 3752 5616 nm

2227 5670 2423 5738 posuit;
2452 5668 2752 5727 Judreorum
2782 5687 2888 5725 tuos
2918 5671 3169 5727 absurdus
3191 5671 3530 5737 sordidusque.
3577 5662 3667 5713 lmo
3690 5665 3753 5705 sa‘

2228 5762 2380 5830 Ρίθηε
2430 5770 2482 5819 ει
2512 5759 2727 5833 Stultius
2774 5777 2894 5823 mus
2915 5760 3219 5821 Judazerum
3242 5804 3256 5830 ,
3298 5762 3427 5817 ritus
3456 5768 3568 5814 vero
3598 5738 3747 5803 Bacchi
