3954 6364
107 387 195 447 357

759 377 1111 441 VARIOllUM
1152 376 1744 441 EX-ERCITATIONES
1786 376 1850 438 IN
1892 384 1950 439 S.
1993 376 2362 441 AUGUSTINI
2403 380 2654 440 OPEliA.

3234 376 3344 444 558

107 501 481 559 temulentorum
512 513 575 553 ac
606 497 928 553 furiosorum
960 499 1255 553 hominum.
1304 498 1394 553 Sic
1423 497 1657 553 absurde
1685 501 1741 561 Α
1765 499 1987 552 ationem
2023 499 2167 552 illam
2190 516 2303 569 qum
2325 500 2512 553 dicitur
2545 500 2904 570 Septuaginta,
2929 501 2982 553 in
3011 499 3273 556 nonnullis
3290 517 3347 559 se

110 594 273 649 ethnici
310 592 464 646 etiam
496 591 594 643 viri
624 604 815 660 graves
844 598 897 643 et
938 590 1110 655 docti,
1144 589 1211 643 de
1257 589 1419 643 rebus
1454 586 1649 642 divinis

110 684 393 757 judicabant,
424 691 479 737 et
503 683 630 737 dum
660 698 725 736 ex
758 683 995 736 moribus
1024 683 1136 736 suis
1166 681 1232 735 de
1263 680 1486 735 aliarum
1514 695 1647 747 gen-

113 786 217 838 tium
237 781 329 835 diis
356 781 663 849 loquuntur,
688 778 892 832 alienas
913 778 992 831 eis
1015 776 1295 845 opiniones
1321 773 1649 828 tribuebant.

118 875 222 929 Vide
247 887 353 943 quae
383 871 482 925 hac
504 871 573 925 de
604 885 663 924 re
692 870 898 924 notavit
917 868 1074 924 Joan.
1101 866 1343 923 Clericus
1369 869 1514 921 Artis
1535 865 1656 919 Cri-

118 970 212 1025 tieae
237 974 359 1035 part.
380 964 435 1031 2,
462 974 595 1018 sect.
622 964 676 1029 l,
709 976 829 1032 cap.
855 962 943 1015 15.

180 1063 313 1115 Lino
348 1073 411 1120 tt,
449 1072 565 1125 cap.
591 1058 646 1121 4,
684 1054 788 1125 δε.
838 1056 994 1107 Acuta
1026 1054 1213 1123 quippe
1246 1052 1655 1105 animadversum

123 1161 183 1207 est
211 1149 505 1211 Halthteum,
536 1148 623 1217 qui
650 1147 843 1216 regiam
873 1145 927 1198 in
951 1143 1153 1199 Christo
1181 1144 1475 1199 instituerat
1517 1141 1650 1194 insi-

130 1262 250 1300 nuare
272 1257 544 1314 personam,
577 1248 786 1309 excepto
812 1238 924 1307 ipso
945 1236 1168 1303 Christo,
1198 1234 1537 1306 quadraginta
1563 1233 1657 1286 ho-

141 1340 257 1391 mines
284 1337 330 1387 in
361 1333 738 1403 generationum
776 1330 904 1383 serie
947 1326 1278 1397 nominasse.]
1312 1325 1494 1380 Voluit
1526 1325 1656 1380 Mat-

141 1434 269 1488 theus
298 1426 559 1481 nominare
586 1423 939 1493 quadraginta
970 1423 1105 1475 duos
1134 1420 1381 1473 homines
1408 1462 1421 1485 ,
1457 1432 1657 1488 eosque

142 1525 393 1584 nominarat,
433 1527 492 1573 ut
523 1518 686 1587 liquet
724 1531 793 1571 ex
821 1530 966 1571 vers.
1002 1515 1087 1579 l7,
1127 1513 1216 1568 ubi
1246 1526 1435 1567 omnes
1466 1509 1658 1566 dividit

150 1620 198 1671 in
215 1627 290 1669 tres
306 1609 745 1672 tessarsdecadas;
771 1622 995 1677 quarum
1021 1606 1209 1676 primae
1233 1605 1474 1659 dwimns
1494 1617 1658 1673 quar-

144 1701 470 1768 tusestDavid,
503 1701 755 1756 secunda:
784 1699 1073 1754 Jechonias
1095 1697 1259 1753 Josisa
1290 1695 1456 1760 ﬁlius,
1483 1696 1656 1749 tertiae

134 1796 345 1865 Iosephus
380 1793 456 1847 vir
486 1794 690 1847 Mariae.
737 1788 846 1846 Sed
886 1789 1008 1844 dum
1050 1788 1236 1859 prima:
1281 1786 1656 1857 generationes

1758 592 1910 645 aliter
1939 590 2122 644 habere
2177 608 2329 661 quam
2351 593 2606 646 inveniunt
2659 594 2710 646 in
2763 591 2983 647 Hebrwo
3007 593 3094 660 qui
3114 611 3224 648 eam
3246 594 3349 650 lin-

1756 700 1910 755 gnam
1930 694 2194 746 noverunt,
2222 693 2268 738 et
2286 686 2375 754 qui
2402 688 2716 753 interpretati
2764 695 2878 741 sunt
2922 688 3113 758 singuli
3144 688 3350 745 eosdem

1758 776 1915 831 libros
1934 776 2200 831 Hebrteos.
2224 775 2394 847 Hujus
2412 779 2528 831 item
2545 778 2802 832 distantia:
2816 795 2970 834 causa
3001 782 3045 834 si
3065 792 3348 849 quaeratur,

1758 886 1847 923 cur
1869 878 2011 922 tanta
2041 869 2317 923 auctoritas
2339 870 2777 937 interpretationis
2804 870 3143 942 Septuaginta
3173 871 3349 925 multis

1757 961 1809 1013 in
1844 960 1970 1014 locis
2001 962 2149 1014 distet
2177 960 2239 1014 ab
2260 977 2319 1014 ea
2348 961 2555 1014 veritate
2574 977 2686 1030 qua:
2734 961 2788 1014 in
2818 960 3049 1015 Hebran's
3094 960 3349 1015 codicibus

1758 1053 2034 1117 invenitur,
2059 1051 2190 1105 nihil
2213 1069 2475 1107 occurrere
2490 1054 2798 1123 probabilius
2813 1056 3043 1109 existimo
3062 1072 3214 1126 quam
3232 1057 3351 1111 illos

1760 1144 2097 1215 Septuaginta
2122 1162 2179 1199 eo
2203 1147 2389 1215 spiritu
2409 1146 2765 1210 interpretatos
2777 1163 2874 1216 quo
2898 1157 2944 1201 et
2964 1148 3056 1201 illa
3070 1165 3181 1219 quia
3198 1150 3353 1204 inter-

1757 1239 2088 1310 pretabantur
2115 1241 2252 1293 dicta
2282 1243 2525 1311 fuerunt;
2552 1241 2686 1309 quod
2714 1257 2778 1295 ea:
2828 1244 2937 1311 ipsa
2982 1258 3158 1297 eorum
3186 1245 3347 1299 mira-

1759 1332 1873 1398 bili,
1902 1350 2015 1403 qute
2039 1334 2368 1403 prwdicatur,
2399 1335 2725 1388 consensione
2754 1334 3015 1402 ﬁrmatum
3041 1335 3159 1409 cst.]
3186 1339 3343 1404 Atqui

1759 1419 1875 1476 haec
1895 1424 2182 1479 consensio
2208 1424 2385 1493 putida
2412 1434 2493 1479 est
2523 1424 2723 1493 l‘abula,
2743 1440 2900 1494 quam
2918 1426 3077 1482 doleo
3100 1443 3250 1499 neque
3273 1432 3350 1483 fa-

1757 1516 1857 1571 cile
1890 1516 2146 1571 creditam
2174 1532 2235 1571 ac
2258 1532 2377 1587 quae
2408 1517 2565 1572 iidem
2596 1517 2696 1571 sibi
2733 1518 2982 1572 omnibus
3016 1522 3345 1589 argumentis

1758 1608 1951 1677 quibus
1974 1622 2161 1662 verum
2188 1623 2217 1660 a
2259 1606 2393 1661 falso
2429 1608 2747 1672 secernitur,
2779 1608 3010 1673 faciunt;
3043 1600 3162 1664 cum
3213 1625 3350 1679 prte-

1756 1699 1939 1752 sertim
1982 1698 2106 1753 inde
2130 1699 2273 1752 aliud
2313 1699 2501 1754 falsum
2549 1709 2763 1754 enatum
2810 1700 2879 1755 sit
2924 1703 3351 1769 consectarium,

1758 1804 1865 1857 quo
1898 1788 2154 1857 putabant
2174 1797 2268 1843 aut
2296 1789 2433 1845 bene
2456 1790 2681 1845 vertisse
2705 1790 2846 1844 LXX
2876 1792 3217 1862 interpretes,
3258 1804 3352 1849 aut

129 1888 285 1942 desunt
324 1885 371 1939 in
414 1884 570 1939 tertia
610 1880 1044 1944 tessaradeeade,
1097 1880 1227 1934 vitio
1275 1879 1649 1940 librariorum;
1687 1892 1732 1953 Β
1759 1880 1959 1949 Spiritu
1982 1891 2130 1935 actos
2164 1882 2266 1935 alia
2302 1881 2529 1946 dixisse,
2561 1897 2680 1951 quae
2730 1882 2794 1936 iis
2838 1885 3158 1953 suggerebat
3186 1885 3353 1955 Spiri-

129 1979 237 2038 nihil
257 1978 375 2033 enim
407 1984 580 2046 pptest
608 1975 893 2031 absurdius
920 1972 1047 2041 tingi
1072 1986 1230 2040 quam
1261 1972 1307 2025 si
1337 1970 1484 2026 dicas
1516 1969 1651 2022 Mat-

138 2073 283 2126 theum
308 2071 499 2139 ipsum,
534 2066 866 2123 recensendo
890 2064 1155 2134 singulos,
1192 2074 1503 2121 numerasse
1533 2069 1651 2115 tan,

144 2174 219 2219 tum
251 2162 574 2232 quadraginta
618 2159 892 2223 homines;
938 2156 1288 2217 subducenda
1329 2169 1459 2210 vero
1503 2168 1651 2209 sum-

145 2269 258 2320 mam,
281 2252 537 2307 invenisse
564 2249 916 2320 quadraginta
948 2247 1102 2303 duos.
1136 2244 1368 2303 Perinde
1392 2253 1478 2300 est
1504 2259 1567 2298 ac
1604 2242 1653 2297 si

145 2348 227 2418 quis
263 2346 518 2401 recensitis
567 2344 751 2401 decem
801 2343 1023 2412 digitis,
1071 2341 1297 2411 singulis
1349 2338 1653 2397 nominibus

144 2442 238 2504 suis,
267 2438 489 2501 undecim
522 2448 705 2506 postea
742 2434 845 2493 sibi
884 2449 1004 2491 esse
1028 2433 1251 2495 diceret.
1284 2433 1437 2488 Absit
1464 2438 1523 2487 ut
1550 2430 1657 2486 tale

147 2532 235 2602 quid
264 2532 580 2601 evangelistae
625 2529 953 2587 tribuamus!
1005 2528 1311 2599 Mysterium
1358 2527 1415 2585 in
1460 2526 1657 2581 mendo

148 2625 413 2678 librariorum
443 2624 637 2681 [rustra
666 2622 907 2691 quaesivit
928 2618 1278 2689 Augustinus,
1302 2619 1353 2675 in
1381 2617 1657 2688 sequenti-

149 2714 217 2768 bus
237 2714 402 2771 verbis.

197 2807 298 2861 lbid.
327 2806 573 2861 Numerus
600 2814 768 2859 autem
790 2805 883 2857 iste
904 2804 1033 2857 illud
1057 2814 1253 2872 tempus
1280 2801 1536 2872 signiﬁcat
1559 2815 1660 2869 quo
1684 2803 1693 2812 ‘

152 2901 186 2952 in
202 2903 273 2954 hoc
287 2900 454 2954 sucula
480 2908 525 2953 et
552 2900 605 2952 in
625 2897 719 2951 hac
741 2907 877 2951 terra
899 2897 1006 2967 regi
1040 2912 1131 2955 nos
1168 2901 1364 2965 oportet
1386 2909 1418 2945 a
1437 2891 1657 2957 Christo,

150 2995 360 3046 secundum
401 2992 728 3061 disciplinam
776 2990 1082 3055 laboriosam
1120 3004 1221 3058 qua
1248 2988 1473 3057 ﬂagellat
1504 2986 1659 3051 Deus,

150 3091 189 3133 ut
204 3083 393 3150 scriptum
411 3092 504 3148 est,
533 3097 732 3135 omnem
753 3081 917 3149 ﬁlium
939 3096 1085 3149 quem
1113 3080 1325 3148 recipit,
1356 3073 1486 3145 etc.]
1516 3076 1571 3135 Si
1597 3075 1665 3145 ab

155 3177 371 3244 Augustino
397 3185 547 3245 petas
572 3191 667 3229 cur
695 3176 766 3233 ita
794 3188 1076 3237 numerum
1108 3170 1455 3241 quadraginta
1489 3172 1659 3237 inter-

1759 1982 1863 2026 tus.
1893 1972 2045 2038 Quod
2068 1986 2225 2040 quam
2256 1972 2450 2027 falsum
2484 1974 2554 2027 sit
2583 1982 2780 2027 norunt
2815 1974 2850 2027 ii
2882 1975 2971 2043 qui
3002 1992 3118 2030 eam
3153 1979 3354 2032 versio—

1759 2079 1883 2118 nem
1905 2078 2025 2118 cum
2075 2064 2340 2119 Hebraico
2389 2075 2533 2119 textu
2584 2067 2946 2132 contulerunt,
2978 2079 3032 2123 et
3057 2070 3144 2136 qui
3166 2084 3348 2125 eorum

1755 2156 2196 2211 allucinationum
2245 2164 2438 2211 causas
2487 2167 2831 2226 aperuerunt.
2894 2160 3089 2215 Verum
3137 2162 3202 2218 iis
3253 2150 3349 2233 qui

1757 2251 2011 2306 nolebant
2037 2250 2349 2306 Hebraicam
2372 2251 2607 2322 linguam
2626 2252 2835 2308 discere
2872 2256 3189 2324 expediebat
3205 2244 3349 2312 credi

1758 2344 1898 2414 quod
1928 2345 2088 2399 habet
2112 2348 2459 2415 Augustinus,
2492 2361 2558 2399 ne
2579 2344 2807 2400 inscitiae
2829 2356 2921 2401 aut
2937 2348 3254 2418 arrogantia:
3274 2352 3353 2404 in-

1760 2438 2159 2504 simularentur,
2188 2435 2330 2507 quod
2362 2453 2456 2507 per
2492 2446 2654 2492 totam
2695 2441 2853 2492 vitam
2911 2455 2974 2495 ex
3006 2443 3194 2496 vitiosi
3231 2458 3352 2497 ver-

1761 2528 1912 2582 sione
1937 2528 2267 2598 Scripturam
2302 2528 2510 2583 Veteris
2542 2528 2870 2584 Testamenti
2926 2544 3126 2587 temere
3174 2542 3353 2588 essent

1762 2620 2116 2688 interpretati.
2150 2619 2238 2675 Sic
2260 2628 2313 2674 et
2342 2621 2509 2673 multa
2552 2621 2754 2675 credita
2786 2624 3192 2685 sunt,antcredi
3218 2623 3351 2691 visa,

1763 2713 1903 2783 quod
1935 2712 2076 2783 plebi
2115 2728 2237 2767 vera
2272 2713 2439 2768 videri
2464 2713 2750 2768 interesset
2775 2729 2963 2768 eorum
2993 2716 3083 2784 qui
3112 2730 3227 2771 eam
3268 2732 3352 2771 re-

1764 2808 1991 2880 gendam
2022 2818 2391 2876 susceperant.
2419 2808 2625 2862 Interea
2656 2808 2779 2863 hinc
2825 2809 3170 2863 conﬁrmatur
3213 2811 3352 2880 quod

1766 2902 1831 2954 ad
1859 2900 2145 2969 Speculum
2188 2900 2607 2969 conjiciebamus
2630 2915 2659 2952 a
2690 2899 2953 2954 monacho
2992 2901 3239 2970 quopiam
3271 2917 3371 2975 re-r

1767 2994 2008 3047 centiore
2037 2994 2338 3048 versionem
2363 2991 2830 3061 llieronymianam
2859 3005 2977 3047 esse
3018 2992 3185 3048 veteri
3214 2993 3355 3049 Itala:

1770 3087 1823 3140 in
1848 3100 1915 3141 eo
1944 3085 2082 3139 libro
2102 3085 2467 3139 subsututam.
2974 3100 2989 3117 ε

1842 3176 2005 3230 Lisso
2034 3191 2111 3230 tu.
2136 3168 2266 3244 Cap.
2302 3176 2356 3240 7,
2384 3174 2411 3245 §
2446 3177 2531 3230 29.
2553 3176 2631 3229 Ad
2656 3176 2843 3229 Matth.
2868 3191 3033 3245 xxvii,
3062 3176 3145 3231 l0.
3163 3177 3223 3232 Si
3246 3194 3356 3247 quis

150 3278 347 3336 pretetur;
386 3268 506 3337 quia
552 3282 691 3336 ergo,
744 3266 941 3334 inquit,
1000 3278 1243 3321 numerus
1290 3263 1382 3315 iste
1422 3258 1666 3314 laboriosi
1692 3278 1742 3342 ρ
1769 3278 1958 3335 autent,
1989 3269 2181 3339 inquit,
2211 3258 2438 3323 mareiur
2457 3268 2592 3339 quod
2617 3268 2712 3321 hoc
2739 3271 3073 3323 testimonium
3099 3287 3200 3323 non
3222 3273 3357 3324 inve-

148 3356 256 3426 hujus
279 3357 498 3430 (stuporis
531 3365 908 3410 sacramentum
941 3364 1203 3421 est,.......
1228 3355 1379 3407 etiam
1410 3352 1541 3405 illud
1576 3351 1639 3405 de

139 3446 257 3502 claret
277 3450 395 3519 quod
416 3450 761 3523 quadraginta
791 3448 987 3501 dierum
1006 3446 1291 3518 jejunium,
1320 3443 1415 3497 hoc
1446 3452 1540 3510 est,
1572 3442 1666 3496 Itu-

134 3547 406 3601 miliationem
430 3547 618 3600 animle
645 3545 992 3608 consecravit;
1018 3551 1063 3597 et
1087 3542 1168 3597 lea:
1195 3549 1243 3595 et
1272 3539 1547 3617 prophetae,
1576 3554 1666 3608 per

134 3637 315 3706 Moysen:
340 3648 384 3691 et
404 3637 610 3702 Eliam,
648 3636 735 3705 qui
777 3634 1124 3705 quadragenis
1172 3632 1348 3699 diebus
1394 3633 1663 3703 jejunave-

130 3742 247 3796 runt;
282 3743 322 3785 et
346 3731 677 3802 Evangelium
708 3745 799 3799 per
822 3729 981 3797 ipsius
1006 3724 1211 3779 Domini
1231 3724 1513 3796 jejunium,
1551 3723 1668 3793 qui-

128 3820 192 3874 bus
211 3823 367 3876 diebus
392 3822 735 3892 quadraginta
758 3822 911 3873 etiam
938 3817 1227 3871 tentabatur
1254 3834 1285 3870 a
1307 3817 1535 3877 diabolo,
1560 3825 1664 3869 etc.

126 3914 203 3969 Sed
229 3919 267 3969 si
294 3920 405 3987 quis
435 3915 580 3970 dicat
614 3915 714 3968 hoc
750 3926 869 3967 esse
900 3912 1168 3977 somnium
1198 3907 1481 3978 vigilantis,
1517 3907 1670 3977 quid-

124 4010 177 4063 ris
202 4012 453 4065 somniare
483 4011 653 4080 parati
681 4007 750 4062 de
777 4007 967 4077 quovis
993 4006 1100 4060 alio
1132 4002 1392 4061 numero?
1422 4002 1669 4057 Profecto

122 4102 403 4157 contrarium
430 4116 699 4169 nunquam
727 4098 1053 4169 probabilius
1082 4097 1179 4151 hac
1198 4094 1557 4157 afﬁrmatione
1585 4095 1666 4149 Vi?

123 4190 315 4246 debitur.
358 4191 717 4259 Quamobrem
766 4189 932 4243 miror
956 4188 1334 4257 Augustinum,
1384 4186 1473 4255 qui
1521 4194 1667 4240 utos

122 4288 310 4341 ethnicis
337 4287 612 4341 obturaret
634 4285 735 4337 hoc
760 4300 896 4354 opus
922 4298 1113 4354 magno
1142 4282 1318 4338 studio
1347 4281 1665 4344 elaboravit,

122 4377 275 4430 tilibus
305 4375 656 4430 arithmeticis
702 4374 969 4443 allegoriis
1014 4373 1333 4427 sustinuisse
1376 4371 1472 4426 uti.
1516 4369 1667 4437 Quod

122 4465 165 4519 de
191 4448 529 4536 sequentibus
559 4468 719 4521 etiam
762 4466 1029 4535 allegoriis
1068 4465 1267 4519 dictum
1299 4464 1477 4518 velim.
1527 4461 1668 4517 Nihil

124 4556 204 4611 hac
231 4575 485 4615 excusare
526 4568 701 4630 potest
740 4567 935 4629 praeter
964 4557 1160 4612 bonum
1202 4558 1438 4613 animum
1479 4571 1664 4615 eorum

1768 3370 1905 3422 nitur
1922 3371 1975 3423 in
2004 3368 2269 3439 Scriptura
2297 3366 2534 3447 Ieremia;
2560 3366 2842 3438 prophetat,
2867 3379 2913 3421 et
2968 3369 3080 3421 ideo
3121 3378 3261 3435 putat
3289 3371 3356 3438 ﬁ-

1767 3463 1849 3515 dei
1902 3462 2222 3531 euangelista
2267 3460 2462 3528 aliquid
2531 3460 2914 3528 derogandum;
2953 3461 3115 3527 prima
3163 3462 3359 3516 noverit

1767 3571 1867 3607 nan
1899 3570 2071 3607 omnes
2109 3553 2303 3604 codices
2334 3551 2727 3621 Evangeliorum
2759 3552 2940 3605 habere
2961 3555 3096 3621 quod
3153 3570 3246 3622 per
3273 3554 3360 3609 J89

1769 3631 1992 3701 remiam
2025 3644 2217 3698 dictum
2234 3634 2318 3709 sit,
2344 3654 2827 3708 sealantummoao,
2877 3659 2971 3714 per
3018 3647 3355 3715 prophetam.

1770 3738 2043 3792 Possemus
2073 3754 2193 3806 ergo
2215 3738 2378 3790 dicere
2397 3735 2480 3789 his
2498 3737 2665 3805 potius
2711 3738 2966 3792 codicibus
3006 3755 3112 3792 esse
3147 3741 3360 3793 creden-

1770 3830 1893 3882 dum
1921 3829 2010 3897 qui
2039 3827 2284 3882 Jeremite
2314 3843 2494 3880 nomen
2520 3843 2618 3879 non
2660 3827 2876 3893 habent;
2906 3829 3093 3881 dictum
3125 3840 3195 3882 est
3224 3830 3361 3884 enim

1770 3920 1863 3974 hoc
1886 3936 1978 3989 per
2000 3918 2339 3987 prophetam,
2362 3917 2453 3985 sed
2474 3916 2954 3981 Zachariam,unde
2979 3929 3187 3987 putatur
3214 3922 3361 3977 codi-

1771 4028 1851 4067 ces
1874 4027 1976 4065 esse
1999 4010 2261 4063 utendosos
2292 4009 2379 4078 qui
2400 4008 2581 4063 habent
2614 4025 2796 4062 nomen
2829 4008 3097 4072 Jeremiee.
3122 4012 3243 4079 quia
3284 4013 3362 4068 vel

1770 4103 2046 4158 Zachariae
2066 4101 2248 4157 habere
2271 4103 2570 4165 debuerunt,
2596 4103 2672 4155 vel
2692 4102 2902 4164 nullius,
2953 4103 3083 4154 sicut
3120 4104 3362 4173 quidam;

1769 4194 1859 4248 sed
1880 4194 2101 4259 tantum,
2129 4208 2222 4262 per
2248 4194 2560 4262 prophetam
2590 4193 2880 4258 dicentem,
2903 4195 2991 4263 qui
3013 4196 3182 4263 utique
3209 4197 3363 4251 intel-

1771 4285 1947 4357 ligitur
1965 4282 2298 4355 Zachariam]
2350 4284 2555 4340 Revera
2603 4288 2693 4354 qui
2745 4297 3029 4355 propterea
3074 4291 3364 4358 carpebant

1770 4380 2098 4445 Matthaeum,
2120 4381 2225 4434 hoc
2258 4381 2432 4448 potius
2448 4380 2669 4434 credere
2691 4380 2989 4436 debuerunt
3011 4396 3168 4453 quam
3194 4384 3364 4440 homi-

1771 4471 2170 4536 nemJudaeum,
2216 4481 2475 4541 perpetuo
2502 4472 2807 4527 audientem
2840 4474 3128 4543 prophetas
3168 4477 3217 4530 in
3274 4492 3364 4547 sy-

1771 4565 1992 4634 nagogis
2021 4562 2282 4629 lectitati,
2310 4572 2366 4619 et
2411 4564 2654 4632 privatim
2706 4565 2867 4619 etiam
2904 4552 3169 4635 legentem
3203 4579 3363 4639 atque

124 4651 180 4712 qui
207 4651 468 4722 θηρευτῇς
520 4650 874 4713 indulserunt,
905 4659 958 4703 et
1002 4650 1089 4719 qui
1142 4665 1245 4703 non
1289 4650 1538 4704 viderunt
1567 4654 1904 4717 proDinter
1926 4656 2061 4710 alios
2115 4656 2194 4710 sui
2251 4656 2455 4710 similes
2492 4668 2816 4724 versantem,
2850 4658 2902 4711 in
2949 4659 3037 4712 tali
3089 4675 3146 4712 re
3203 4662 3359 4715 aber-

124 4738 281 4796 dirinae
325 4742 608 4813 sapientia:
653 4739 888 4796 consiliis
928 4741 1005 4794 sic
1043 4740 1277 4795 credula:
1318 4740 1484 4794 turba:
1516 4755 1660 4799 mera

127 4829 356 4897 ingeniose
402 4836 746 4889 delirantium
791 4844 1092 4889 commenta
1130 4834 1354 4904 prepnni
1398 4834 1657 4890 miranda.

129 4923 236 4985 Quod
271 4928 313 4980 si
358 4928 497 4981 serio
528 4928 885 4999 cogitassent,
925 4925 1039 4980 haec
1074 4927 1254 4980 omnia
1290 4926 1663 4997 praetermisis-

125 5025 234 5081 sent;
264 5034 361 5073 nec
399 5019 796 5073 commisissent
824 5024 883 5071 ut
912 5018 1277 5086 loquerentur,
1312 5016 1413 5072 nisi
1445 5016 1661 5073 habuis-

124 5114 210 5159 sent
235 5107 440 5164 silentio
470 5108 696 5179 potiora.

171 5196 232 5253 De
282 5202 465 5255 ordine
496 5210 550 5255 et
583 5201 954 5257 conciliatione
980 5201 1217 5256 locorum
1274 5201 1414 5257 inter
1432 5216 1493 5257 se
1534 5201 1662 5257 nihil

120 5280 183 5341 hic
220 5291 470 5358 dicemus,
515 5292 941 5362 quandoquidem
1003 5302 1108 5348 tam
1167 5294 1360 5348 multas
1408 5294 1664 5351 habemus

120 5372 386 5438 lIarmonias
410 5400 476 5438 ex
505 5382 697 5453 quibus
733 5385 842 5455 peti
881 5394 1097 5452 queant.
1130 5385 1262 5439 Vide
1310 5385 1393 5439 vel
1443 5386 1667 5440 Hanno-

120 5470 230 5528 niam
247 5480 600 5548 evangelicam
634 5494 659 5529 a
683 5478 884 5532 Joanne
906 5477 1114 5532 Clerico
1136 5471 1354 5532 editam.
1382 5480 1429 5531 ls
1452 5479 1539 5532 ubi
1560 5489 1666 5533 tra-

122 5559 392 5624 dllCanones
422 5570 783 5635 Harmonicos,
815 5570 1010 5638 quibus
1040 5581 1146 5624 tnta
1177 5572 1298 5639 ejus
1321 5571 1505 5626 nititur
1529 5570 1663 5625 Har-

124 5661 286 5723 monia,
315 5676 452 5731 saepe
477 5662 643 5716 utitur
692 5662 969 5731 Augustini
1011 5662 1210 5733 verbis,
1269 5680 1331 5718 ex
1382 5663 1480 5719 hoc
1531 5664 1665 5720 libro

123 5752 289 5806 l’etitis.

179 5843 290 5914 Cap.
313 5846 396 5912 66,
449 5847 475 5916 §
530 5847 647 5901 428.
695 5847 1026 5915 Manifestum
1078 5857 1148 5901 est
1204 5858 1370 5902 autem
1420 5860 1668 5922 interpre-

1764 4764 1915 4806 rasse
1937 4765 1953 4816 ;
1976 4764 2097 4805 cum
2143 4750 2437 4818 praesertim
2471 4749 2600 4803 nihil
2619 4750 2733 4819 ejus
2764 4751 3050 4806 interesset
3071 4752 3358 4809 Jeremiam

1764 4844 1943 4912 potius
1971 4843 2075 4897 dici
2101 4857 2259 4912 quam
2293 4842 2626 4897 Zachariam.

1839 4936 1965 5005 Sed,
2012 4936 2185 5004 inquit
2238 4936 2585 5004 Augustinus,
2614 4945 2783 4989 utatur
2813 4937 2909 4991 ista
2938 4937 3229 5003 defensione
3281 4940 3362 4992 cui
3416 4938 3421 4945 ’

1766 5028 1943 5097 placet,
1979 5026 2105 5081 mihi
2132 5034 2301 5080 autem
2325 5042 2414 5079 cur
2446 5043 2546 5081 non
2575 5029 2772 5097 placeat
2814 5027 2921 5081 luce
2948 5045 3101 5081 causa
3125 5039 3217 5094 est,
3243 5032 3362 5098 quia

1768 5130 1813 5171 et
1833 5118 2006 5189 plures
2030 5117 2227 5171 codices
2244 5116 2426 5171 habent
2452 5114 2688 5171 Jeremia;
2712 5134 2911 5184 nomen,
2946 5127 2991 5171 et
3026 5119 3114 5188 qui
3143 5121 3361 5191 diligen-

1769 5210 1867 5264 tius
1880 5210 1933 5262 in
1948 5209 2138 5271 Grauis
2153 5209 2522 5276 exetnplaribus
2542 5208 2875 5279 Evangelium
2894 5211 3357 5275 consideraverunt,

1770 5301 1823 5353 in
1849 5301 2215 5368 antiquioribus
2243 5300 2436 5354 Graecis
2466 5304 2537 5354 ita
2584 5318 2638 5355 se
2693 5302 2953 5371 perhibent
2992 5303 3271 5370 invenisse;
3317 5315 3363 5361 et

1772 5396 1916 5449 nulla
1944 5395 2039 5464 fuit
2060 5411 2219 5463 causa
2241 5412 2333 5448 cur
2353 5395 2627 5448 adderetur
2659 5396 2752 5449 hoc
2769 5412 2951 5450 nomen
2972 5405 3027 5449 ut
3052 5398 3362 5451 mendositas

1773 5489 1942 5551 fieret;
1971 5505 2061 5541 cur
2078 5498 2246 5551 autem
2268 5488 2334 5551 de
2365 5488 2620 5555 nonnullis
2663 5489 2919 5551 codicibus
2959 5488 3240 5555 tolleretur,
3266 5492 3362 5561 fuit

1773 5580 1943 5647 utique
1963 5595 2118 5632 causa
2140 5589 2192 5632 ut
2223 5580 2317 5632 hoc
2336 5579 2513 5632 audax
2534 5579 2793 5648 imperitia
2811 5582 3022 5651 faceret,
3050 5599 3164 5636 cum
3194 5584 3363 5636 turba-

1773 5683 1911 5726 retur
1934 5673 2210 5749 quazstione
2229 5673 2367 5742 quod
2392 5675 2489 5726 hoc
2511 5675 2849 5743 testiinonium
2894 5676 3037 5743 apud
3088 5675 3363 5731 Jereminm

1774 5782 1876 5819 non
1900 5765 2225 5819 inveniretur.
2252 5766 2349 5820 Hic
2374 5766 2530 5837 plane
2579 5770 2823 5837 criticum
2860 5770 2967 5839 agit
3010 5771 3352 5838 Augustinus,

1775 5872 1872 5913 nec
1901 5860 2017 5912 sine
2043 5856 2220 5926 specie
2251 5857 2474 5911 rationis
2498 5858 2760 5931 vulgatam
2798 5861 3079 5917 lcetionem
3098 5862 3354 5920 defendit.
