3954 6364
613 316 718 375 359

1496 318 2053 378 SUPPLEMENTUM
2093 320 2185 376 AD
2222 319 2453 380 OPERA
2491 325 2549 383 8.
2593 324 2979 384 AUGUSTINI.
3732 345 3803 408 πο

610 433 717 491 Sed
747 433 1003 506 quidquid
1032 433 1177 490 dicat
1203 434 1336 491 nihil
1364 444 1505 491 vetat
1529 440 1753 493 credere
1780 443 1835 492 in
1885 440 2195 509 antiquissi-
2223 445 2272 503 Α
2301 440 2570 499 intellecta
2624 444 3060 514 pulcherrimam
3106 455 3163 503 et
3229 448 3603 510 sanctissimam
3648 472 3805 525 senm“.

610 544 699 582 mo
723 527 970 599 quopiam
999 528 1184 584 codice
1211 527 1262 583 id
1288 529 1453 585 fuisse
1505 532 1788 598 mendum,
1840 530 1980 602 quod
2014 541 2198 601 postea

604 635 665 677 in
708 623 845 679 alios
920 623 1220 687 transierit;
1281 639 1399 678 cum
1436 628 1542 679 non
1584 626 1843 681 auderent
1895 625 2098 681 librarii
2149 624 2203 680 id

607 716 915 784 emendare,
971 725 1064 771 aut
1110 717 1381 773 nescirent
1428 718 1590 774 etiam
1648 736 1716 773 an
1752 728 1897 775 esset
1925 719 2201 776 mendum.

606 808 773 877 Quam
799 807 853 863 in
882 809 1203 865 sententiam
1226 808 1623 878 descendimus,
1653 814 1797 883 quia,
1832 812 2085 868 omnibus
2106 828 2200 869 ac-

603 908 788 957 curate
817 902 1128 972 pensitatis,
1164 918 1269 958 non
1311 903 1555 959 videmus
1603 905 1693 976 qui
1744 905 1901 960 verba
1933 905 2203 961 Zacharias

604 994 809 1065 possint
831 994 1081 1052 .leremiac
1105 998 1297 1063 tribui;
1322 1013 1445 1053 nam
1475 998 1610 1053 ratio
1637 1014 1796 1069 quam
1830 999 1992 1060 habet
2021 1000 2073 1055 in
2114 1018 2199 1057 se-

603 1088 891 1157 quentibus
921 1089 1251 1160 Augustinus
1279 1090 1566 1147 versimilis
1624 1108 1729 1147 non
1783 1092 2010 1149 videtur.
2063 1095 2203 1163 Quid

601 1192 720 1250 ergo
746 1177 1133 1251 intelligendum
1153 1190 1248 1247 est,
1273 1180 1462 1252 inquit,
1516 1183 1617 1237 nisi
1638 1181 1735 1237 hoc
1770 1194 1938 1238 actum
1985 1202 2092 1240 esse
2121 1202 2203 1241 se-

600 1271 809 1324 cretiore
836 1273 1049 1327 consilio
1074 1273 1404 1343 providentia:
1428 1271 1544 1340 Dei,
1572 1292 1675 1345 qua
1715 1283 1901 1330 mentes
1942 1276 2199 1348 evangeli-

601 1371 793 1416 starum
810 1375 928 1417 sunt
945 1364 1236 1436 θυὸεηιαιαε
1252 1367 1275 1419 ?
1292 1365 1484 1421 Postea
1500 1366 1619 1437 conj
1631 1367 1718 1422 icit
1734 1368 2061 1423 insinuatum
2080 1385 2201 1426 esse

602 1456 704 1512 hac
729 1437 985 1513 citatione
1036 1459 1108 1513 ita
1130 1475 1299 1513 omnes
1324 1470 1527 1515 sanctos
1575 1462 1848 1532 praphetas
1881 1480 1984 1515 uno
2015 1465 2200 1534 spiritu

602 1546 819 1616 locutos,
843 1549 1068 1604 mirabili
1094 1554 1225 1605 inter
1255 1570 1307 1606 se
1326 1554 1658 1607 consensione
1705 1565 1935 1609 constare
1957 1595 1973 1621 ,
2018 1568 2071 1610 ut
2105 1558 2201 1612 hoc

602 1641 763 1696 multo
782 1641 1006 1709 amplius
1031 1644 1096 1697 sit
1123 1660 1275 1713 quam
1303 1645 1347 1699 si
1377 1646 1601 1700 anmium
1631 1647 1801 1700 omnia
1830 1652 2200 1717 prop/telarum

599 1750 700 1790 una
726 1736 873 1791 unius
894 1736 1111 1791 hominis
1140 1754 1225 1790 ore
1255 1736 1564 1805 dicerentur,
1603 1749 1647 1793 et
1697 1740 1811 1795 ideo
1852 1740 2199 1797 indubitanter

2310 535 2435 591 tiam
2488 538 2933 607 complectantur.
2979 539 3226 610 Exempli
3277 557 3433 600 causa
3460 587 3476 611 ,
3504 546 3609 617 quis
3631 565 3717 609 non
3754 559 3807 615 vi.

2305 630 2397 686 det
2422 635 2766 709 εἰρηνοποιοὺς
2787 633 2913 701 dici,
2941 635 3063 690 belli
3092 636 3433 707 rixarumque
3476 650 3527 695 et
3566 642 3708 701 litium
3729 665 3807 709 om.

2307 723 2451 779 nium
2498 728 2720 783 osores?
2768 728 2945 797 Quam
2990 729 3044 783 in
3092 744 3204 785 rem
3250 730 3413 786 multa
3435 733 3741 802 pulcherrima
3773 751 3810 803 et

2305 817 2655 873 saluberrima
2702 819 2807 876 dici
2852 829 3134 892 poterant;
3185 839 3304 895 qua:
3352 826 3452 881 dici
3499 844 3747 902 nequeunt,
3780 838 3809 897 si

2306 908 2447 962 illata
2478 910 2531 965 vi
2558 911 2678 965 usui
2706 912 2902 983 lingua:
2930 912 3135 970 Grtecaz
3162 955 3179 980 ,
3214 915 3478 988 intelligas
3528 919 3589 975 de
3626 937 3733 991 pace
3757 926 3819 986 31.~

2304 1004 2560 1062 fectuum.
2592 1007 2699 1065 Sed
2744 1020 2927 1066 noster
2956 1022 3217 1083 perpetuo
3242 1024 3422 1083 captat
3461 1021 3706 1084 generales
3725 1023 3809 1082 allo-

2302 1102 2504 1171 gorias,
2535 1119 2657 1174 qua:
2684 1121 2793 1161 non
2846 1107 3028 1173 docto,
3066 1108 3160 1164 sed
3190 1108 3382 1164 cuivis
3430 1109 3622 1181 loquaci
3663 1131 3812 1189 semper

2304 1205 2428 1249 sunt
2451 1196 2502 1250 in
2533 1208 2809 1268 promptu,
2832 1200 2948 1255 sine
2979 1201 3327 1258 meditatione
3343 1202 3483 1264 ulla;
3507 1206 3696 1263 omissis
3723 1213 3813 1267 ethi-

2302 1289 2381 1344 cis
2414 1292 2774 1359 peculiaribus
2802 1297 3105 1365 praeceptis,
3139 1312 3259 1366 qua:
3288 1297 3540 1368 explicari
3558 1301 3718 1369 ordine
3746 1320 3815 1363 non

2305 1392 2551 1452 poterant
2584 1389 2700 1441 sine
2751 1388 2931 1443 studio
2967 1398 3022 1443 ct
3070 1389 3271 1446 labore.
3307 1390 3731 1465 Putabantvulgo,
3767 1398 3815 1469 ig-
3876 1388 3877 1463 ξ

2304 1477 2450 1530 naris
2478 1478 2587 1532 illis
2613 1479 2849 1547 suculis,
2880 1480 3101 1551 majoris
3125 1497 3249 1538 esse
3277 1485 3471 1553 ingenii
3503 1485 3708 1542 incertas
3729 1490 3815 1547 alle-
3876 1508 3877 1519 ι

2301 1571 2481 1638 gorias
2511 1570 2684 1625 ubivis
2708 1612 2725 1638 ,
2780 1572 2959 1627 invitis
2985 1575 3332 1644 grammatica
3363 1592 3427 1633 ac
3477 1576 3814 1646 dialectica,au-

2301 1662 2506 1730 cupari,
2532 1678 2691 1731 quam
2710 1667 3063 1735 grammatice
3086 1677 3142 1723 et
3168 1668 3448 1725 dialectice
3467 1670 3813 1742 Scripturamin-
3876 1728 3877 1747 η

2303 1758 2585 1825 terpretari
2608 1774 2624 1823 ;
2649 1766 2725 1824 at,
2748 1760 2792 1814 si
2818 1776 3005 1816 verum
3058 1776 3324 1832 amamus,
3354 1764 3522 1823 multo
3547 1767 3734 1823 minoris
3757 1772 3814 1828 iuil

600 1828 764 1897 accipi
790 1828 969 1883 debere
992 1846 1304 1901 quwcunque
1336 1847 1422 1899 per
1441 1850 1525 1886 eos
1557 1832 1783 1903 Spiritus
1804 1843 2007 1889 sanctus
2029 1837 2159 1890 dixit
2177 1878 2193 1904 ,
2228 1847 2278 1909 Β
2304 1845 2501 1917 ingenii
2533 1848 2773 1905 futilibus
2801 1853 3127 1923 conjecturis
3152 1828 3463 1933 ἀεροδοιτεῖν,
3509 1874 3653 1929 quam
3674 1861 3807 1917 littera.

598 1929 643 1973 et
664 1920 867 1989 singula
890 1938 997 1977 esse
1020 1925 1248 1977 omnium
1268 1934 1317 1977 et
1343 1926 1512 1979 omnia
1538 1926 1880 1997 singulorum.
1936 1928 2044 1984 Sed
2097 1930 2198 1987 hoc

596 2014 793 2082 posito,
825 2013 957 2069 Mosi
1000 2026 1181 2084 posset
1217 2015 1377 2072 tribui
1417 2012 1556 2087 quod
1598 2017 1730 2073 dixit
1783 2019 2091 2089 Zacharias,
2143 2031 2200 2079 et

594 2106 764 2162 cuivis
793 2107 885 2161 alii
926 2108 1205 2179 prapheta:
1254 2109 1395 2181 quod
1445 2111 1582 2165 alius
1627 2111 1802 2182 quivis
1855 2115 2192 2184 scripsisset;

595 2198 737 2269 quod
794 2214 1065 2271 nunquam
1098 2210 1273 2256 tamen
1322 2202 1550 2270 factum,
1597 2220 1768 2274 neque
1818 2206 1929 2260 liet.
1955 2208 2010 2262 Si
2055 2208 2197 2263 Deus

605 2306 703 2361 per
731 2293 1112 2363 evangelistam
1147 2296 1249 2351 tale
1272 2295 1543 2366 quidpiam
1572 2313 1670 2354 nos
1690 2300 1885 2355 docere
1913 2301 2191 2372 voluisset,

601 2394 844 2439 curasset
875 2393 929 2439 ut
953 2385 1056 2441 hoc
1080 2388 1362 2456 perspicue
1385 2388 1452 2444 ab
1479 2405 1546 2444 eo
1573 2390 1862 2461 diceretur,
1906 2408 2012 2447 non
2040 2393 2111 2447 ita
2140 2402 2196 2449 ut

593 2474 875 2531 vacillante
891 2492 988 2531 con
991 2477 1197 2547 jecmra
1215 2488 1268 2534 et
1285 2480 1438 2535 facile
1462 2482 1702 2553 neganda
1720 2484 2092 2541 deducendum
2122 2502 2191 2541 ex

592 2568 711 2638 ejus
728 2572 910 2627 verbis
938 2581 1099 2629 esset.
1132 2572 1276 2629 ldem
1303 2575 1591 2631 dicendum
1622 2576 1689 2632 de
1728 2576 1846 2632 aliis
1869 2578 2054 2634 multis
2074 2594 2195 2650 qua:

590 2661 737 2717 velut
761 2662 990 2719 fidiculis
1007 2682 1073 2720 ex
1099 2666 1370 2737 Scriptura
1390 2668 1707 2724 hauriuntur
1725 2670 1792 2726 ab
1807 2670 2107 2741 Augustino
2127 2681 2193 2729 et

590 2755 709 2810 aliis
731 2758 1025 2826 veteribus,
1053 2769 1266 2815 coactas
1325 2761 1663 2831 conjecturas
1710 2778 1809 2833 pro
1858 2763 2052 2819 divinas
2097 2780 2191 2821 sa-

590 2850 804 2921 pientiae
834 2853 1076 2909 consiliis
1104 2854 1520 2912 venditantibus.
1549 2856 1709 2927 Atqui
1742 2873 1804 2912 ea
1828 2857 2046 2913 demum
2093 2875 2191 2929 pro

590 2944 769 3000 divina
790 2946 1127 3003 revelatione
1155 2947 1400 3004 habenda
1430 2958 1556 3005 sunt
1587 2964 1706 3019 quae
1731 2949 1933 3006 diserte
1953 2951 2009 3006 in
2048 2950 2190 3008 Scri-

591 3036 764 3108 pturis
794 3038 1029 3095 revelata
1051 3040 1317 3110 leguntur,
1342 3049 1435 3095 aut
1486 3042 1791 3097 necessaria
1839 3057 2026 3098 eorum
2054 3057 2189 3099 con-

592 3130 820 3186 sectaria
842 3149 854 3186 :
880 3132 1328 3201 quemadmodum
1357 3134 1501 3205 leges
1520 3134 1571 3189 in
1597 3134 1872 3205 republica
1898 3136 2183 3205 habentur,

594 3224 786 3294 quibus
816 3225 1017 3281 diserte
1043 3227 1319 3298 quidpiam
1347 3228 1653 3334 praecipitur
1674 3238 1767 3283 aut
1797 3239 2037 3296 vetatur;
2099 3239 2191 3335 ant
2214 3244 2260 3308 ς
2294 3266 2419 3309 sum
2465 3224 2872 3326 quidem'vbces
2904 3224 3131 3335 ιζθιέιξεξ

593 3334 713 3388 quae
740 3336 807 3376 ex
838 3320 945 3377 illis
968 3321 1039 3377 ita
1067 3322 1260 3388 ﬂuunt,
1287 3329 1364 3388 ut,
1392 3322 1581 3393 positis
1624 3325 1848 3394 legibus,
1881 3326 2192 3382 necessario

590 3422 904 3483 sequantur.
930 3411 1049 3470 Uno
1108 3414 1272 3470 verbo
1325 3430 1389 3473 ea
1428 3415 1642 3471 demum
1687 3418 2025 3490 suscipienda
2066 3427 2191 3477 sunt

592 3507 748 3576 quasi
777 3507 1035 3564 divinitus
1058 3510 1292 3565 revelata
1309 3525 1429 3580 qua:
1450 3526 1514 3565 ex
1537 3511 1846 3583 cognitione
1868 3513 2065 3585 linguae
2086 3534 2188 3585 qua

592 3609 859 3670 concepta
890 3610 973 3658 est
997 3602 1277 3669 revelatio,
1320 3618 1591 3671 sensuque
1637 3607 2042 3675 communi,toti
2082 3610 2186 3666 huo

591 3708 753 3749 manu
775 3696 979 3764 generi,
1006 3699 1379 3767 grammatica,
1412 3708 1467 3753 ut
1498 3680 1569 3753 ita
1596 3698 1801 3770 loquar,
1822 3717 1884 3756 ac
1905 3703 2184 3760 dialectica

590 3788 914 3843 necessitate
942 3788 1294 3859 colliguntur;
1329 3792 1402 3845 ita
1440 3800 1498 3845 ut
1525 3795 1641 3847 sine
1693 3796 1983 3863 pertinacia
2033 3796 2184 3867 rejici

586 3888 873 3950 nequeant.
940 3879 1092 3949 Quod
1132 3898 1347 3951 semper
1396 3885 1511 3939 lieri
1557 3885 1739 3951 debet,
1766 3902 1887 3942 cum
1918 3898 1977 3941 ut
2026 3890 2182 3944 nobis

586 3974 708 4044 ipsi,
732 3986 839 4029 tum
871 3980 1032 4029 etiam
1056 3984 1113 4029 ut
1138 3977 1461 4046 incredulis,
1496 3980 1694 4051 alioqui
1734 3981 2007 4036 licentiam
2047 3999 2179 4039 con-

584 4066 813 4139 jectandi
842 4068 1033 4123 merito
1059 4068 1320 4138 irrisuris,
1348 4071 1773 4141 satisfaciamus;
1800 4075 1903 4130 nisi
1927 4076 2068 4132 forte
2098 4077 2181 4132 in-

585 4162 961 4229 terdum,cum
991 4162 1146 4219 nobis
1195 4180 1282 4221 res
1324 4177 1406 4221 est
1461 4182 1581 4221 cum
1634 4169 1997 4237 pertinacibus
2045 4186 2180 4241 prae-

584 4254 965 4325 conceptisque
1033 4257 1372 4326 opinionibus
1426 4258 1697 4314 mordicus
1754 4260 2175 4331 adhaerentibus,

583 4348 1042 4415 argumentatione
1069 4349 1137 4402 ad
1194 4350 1449 4405 hominem
1503 4360 1752 4418 utamur;
1827 4354 1985 4409 sicuti
2034 4353 2178 4411 fece-

582 4448 709 4494 runt
732 4440 954 4508 apostoli
1005 4455 1127 4497 cum
1154 4442 1256 4497 illis
1280 4458 1363 4498 res
1385 4453 1527 4499 esset
1556 4459 1676 4499 cum
1707 4444 1905 4500 JUdiBiS
1935 4488 1950 4515 ,
1985 4447 2174 4517 placita

582 4530 858 4588 doctorum
890 4535 1066 4605 potius
1116 4550 1275 4605 quam
1302 4546 1501 4592 rectam
1560 4540 1820 4594 rationem
1854 4539 2040 4598 audire
2092 4556 2179 4599 as-

580 4637 765 4682 mm'
897 4699 1891 4783 EJUSDEM‘ANIMADVERSIONES

814 4808 862 4848 l.\'
895 4807 1075 4848 LIBROS
1100 4810 1166 4847 DE
1196 4808 1438 4850 SEllIONE
1468 4813 1648 4853 DOMINI
1670 4814 1719 4853 ΙΝ
1744 4815 1940 4856 IONTE.

656 4906 814 4963 [anno
855 4924 900 4979 ι,
927 4924 1044 4979 cap.
1076 4910 1132 4977 ‘2,
1166 4910 1268 4982 §9.
1293 4912 1373 4968 Ad
1402 4916 1563 4970 verba
1622 4933 1635 4969 :
1683 4916 1827 4972 Beati
1849 4920 2068 4990 paciﬁci.
2102 4919 2169 4974 In

581 4999 724 5071 pace,
758 5001 947 5071 inquit,
999 5004 1345 5072 perfectioest,
1370 5007 1455 5060 ubi
1483 5009 1613 5063 nihil
1650 5022 1915 5084 repugnat,
1959 5023 2004 5067 et
2055 5016 2170 5068 ideo

574 5091 669 5161 ﬁlii
696 5091 788 5146 Dei
816 5093 1037 5161 paciﬁci,
1064 5096 1188 5165 quia
1224 5098 1352 5151 nihil
1380 5102 1565 5155 resistit
1585 5101 1712 5157 Deo.
1753 5103 1968 5175 Paciﬁci
1997 5120 2167 5162 autem

573 5184 626 5238 in
648 5185 965 5255 semeptipsis
994 5197 1111 5241 sunt
1138 5189 1249 5258 qui,
1271 5205 1443 5245 omnes
1480 5194 1639 5247 animi
1666 5196 1747 5249 sui
1770 5209 1938 5252 motus
1964 5216 2170 5268 compo-

574 5289 747 5332 nentes
784 5286 832 5331 et
876 5279 1200 5351 subjicientes
1227 5284 1440 5351 rationi,
1464 5287 1518 5339 id
1553 5296 1625 5341 est
1672 5292 1827 5344 menti
1864 5299 1910 5343 et
1940 5294 2163 5362 spiritui,

520 5356 523 5359 ’
574 5371 900 5440 carnalesque
949 5374 1383 5445 concupiscentiae
1428 5380 1663 5437 habentes
1715 5385 2003 5452 edomitus,
2038 5388 2168 5457 ﬁunt

569 5478 781 5533 regnum
821 5462 937 5531 Dei,
979 5465 1113 5539 etc.]
1147 5469 1334 5527 Merito
1374 5472 1440 5527 ab
1464 5474 1615 5530 initio
1646 5476 1802 5547 hujus
1832 5479 1951 5533 libri
1982 5480 2170 5538 obser-

568 5556 713 5609 vavit
774 5558 1103 5628 Augustinus
1139 5603 1155 5630 ,
1217 5564 1287 5619 ain
1332 5564 1481 5623 hisce
1566 5571 1905 5626 sermonibus
1966 5574 2161 5632 Christi

567 5658 832 5719 precepts
874 5665 992 5708 esse
1035 5656 1214 5711 omnia
1261 5674 1380 5730 quae
1449 5662 1515 5718 ad
1561 5660 1966 5723 informandam‘
1998 5670 2159 5727 vitam

567 5741 857 5812 pertinent.
878 5745 983 5801 Sed
1012 5746 1181 5806 miror
1198 5750 1454 5826 pleraque
1504 5756 1790 5828 allegorice
1836 5761 1903 5815 ab
1940 5778 2008 5818 eo
2034 5777 2159 5821 esse

563 5833 859 5907 explicata,
908 5854 1029 5900 cum
1085 5844 1154 5899 ad
1177 5845 1441 5916 litteram,
1512 5860 1569 5907 ut
1624 5853 1857 5924 loquitur
1922 5866 2106 5917 noster
2137 5900 2153 5924 .

2303 1939 2409 1995 lem
2453 1956 2671 1997 sensum
2699 1947 2935 2015 aperire,
2964 1958 3124 2019 atque
3146 1965 3211 2004 ex
3262 1965 3330 2007 eo
3379 1953 3452 2007 ita
3482 1954 3764 2023 ratiocinari,
3784 1971 3812 2013 ut

2301 2033 2433 2089 nihil
2474 2036 2579 2091 nisi
2615 2052 2642 2090 a
2676 2040 3039 2106 pertinacibus
3078 2044 3257 2113 negari
3292 2055 3486 2115 queat;
3520 2062 3581 2102 ne
3608 2048 3748 2103 dicam
3764 2052 3814 2121 ju-

2299 2127 2422 2183 dicii
2456 2129 2558 2186 hoc
2584 2145 2705 2187 esse
2736 2133 2907 2189 multo
2927 2136 3168 2207 majoris,
3200 2153 3322 2193 cum
3348 2140 3570 2196 alterum
3600 2143 3708 2199 illud
3733 2147 3815 2202 nihil

2299 2224 2368 2279 sit
2392 2225 2493 2280 nisi
2526 2226 2579 2281 in
2612 2244 2670 2283 re
2696 2230 2838 2284 seria
2871 2232 3137 2302 nuganti's.
3183 2233 3541 2293 Conferantnr
3590 2255 3693 2295 cum
3719 2240 3817 2298 hisce

2298 2317 2704 2389 Angustinianis
2732 2338 2854 2394 quae
2873 2325 2940 2379 ad
2984 2340 3105 2394 cap.
3131 2326 3321 2383 Matth.
3356 2347 3409 2398 v,
3445 2348 3498 2387 vt
3522 2340 3572 2386 ct
3602 2349 3682 2397 vn,
3710 2335 3817 2391 habet

2302 2408 2453 2479 Hugo
2472 2410 2692 2470 Grotius
2726 2414 2778 2469 in
2808 2416 3266 2491 adnotationibus,
3308 2433 3402 2478 aut
3446 2424 3687 2482 Henricus
3710 2428 3819 2483 Ham-

2299 2504 2527 2559 mondus
2555 2506 2607 2561 in
2638 2507 2979 2565 Catechismo
3026 2513 3285 2582 practico,
3346 2518 3417 2584 et}
3442 2517 3649 2587 liquebit
3672 2531 3818 2578 tantum

2297 2606 2418 2648 esse
2438 2596 2581 2649 inter
2614 2597 3089 2667 interpretationes
3116 2603 3436 2675 allegoricas
3467 2618 3519 2664 et
3536 2612 3818 2667 verasdiscri.

2297 2703 2419 2745 men
2439 2731 2453 2757 ,
2479 2704 2734 2762 quantum
2756 2706 2838 2752 est
2866 2699 3009 2755 inter
3036 2703 3425 2762 somniantium
3464 2716 3518 2764 et
3561 2709 3817 2780 vigilantium

2297 2785 2753 2847 ratiocinationes.

2367 2878 2497 2951 Cap.
2526 2883 2579 2949 9,
2632 2883 2659 2956 ᾗ
2694 2886 2785 2941 23.
2814 2886 2988 2943 Unum
3037 2902 3205 2948 autem
3257 2894 3339 2949 hic
3371 2898 3572 2951 verbum
3618 2898 3817 2955 obscurum

2296 2974 2519 3042 positum
2544 2987 2639 3044 est,
2674 2981 2797 3050 quia
2834 2999 2925 3037 nec
2954 2981 3196 3040 ercum
3221 3005 3313 3043 nec
3341 2989 3575 3046 Latinum
3596 3003 3660 3048 est
3683 2994 3815 3060 racha,

2295 3078 2477 3123 cetera
2522 3086 2638 3126 vero
2662 3074 2714 3128 in
2738 3091 2972 3132 sermone
2993 3088 3169 3136 nostra
3197 3084 3391 3139 usitata
3410 3085 3578 3159 sunt]
3623 3087 3817 3142 Judicim

2296 3168 2351 3214 et
2407 3163 2699 3230 consilium,
2734 3183 2852 3237 quae
2882 3169 2984 3226 hoc
3012 3171 3133 3228 loco
3151 3174 3342 3232 Matth.
3370 3195 3420 3244 v,
3457 3179 3546 3247 22,
3598 3180 3817 3243 habentur.

3175 3271 3269 3325 sed
3320 3288 3456 3343 quas
3494 3283 3659 3331 tamen
3701 3275 3819 3331 bonus

2298 3351 2625 3418 Augustinus
2658 3368 2762 3410 non
2798 3356 3091 3427 intellexit;
3122 3364 3212 3433 qui
3244 3380 3314 3422 ne
3350 3370 3641 3438 suspicatus
3664 3370 3817 3439 quidem

2296 3451 2379 3495 est
2407 3441 2473 3497 ad
2501 3443 2755 3501 Judaicos
2788 3463 2968 3506 mores
2999 3454 3215 3523 respici,
3270 3467 3330 3513 ut
3384 3459 3599 3528 pulchre
3636 3461 3817 3517 ostende

2293 3542 2418 3588 runt
2446 3539 2776 3595 recentiores
2800 3541 2994 3598 critici.

2307 3629 2311 3632 ’
2363 3625 2494 3681 Ibid.
2528 3629 2786 3686 Nonnulli
2824 3645 2996 3689 autem
3039 3637 3102 3690 de
3137 3636 3319 3695 Greco
3376 3645 3573 3699 trahere
3622 3647 3819 3701 voluerunt

2288 3718 2749 3789 interpretationem
2776 3725 2931 3799 hujus
2958 3731 3112 3797 vocis,
3162 3743 3403 3801 putantes
3452 3746 3723 3808 pannosum
3754 3738 3821 3797 diri

2289 3812 2468 3877 racha,
2502 3818 2745 3885 quoniam
2770 3818 2947 3875 Graece
2968 3838 3176 3892 pannus
3206 3830 3361 3904 ῥάκος
3388 3832 3613 3899 dicitur;
3640 3851 3667 3887 a
3691 3835 3822 3905 quibus

2286 3912 2453 3959 tamen
2480 3924 2593 3961 cum
2614 3912 2861 3980 quwt'itur
2885 3916 2973 3981 qui
3001 3916 3131 3986 (non
3154 3920 3297 3989 quid)
3340 3922 3539 3979 dicatur
3564 3925 3716 3981 Grece
3733 3940 3821 3994 pan-

2284 4011 2467 4061 nosus,
2522 4015 2623 4054 non
2654 4005 2960 4075 respondent
3000 4008 3200 4083 rae/1a.]
3242 4012 3593 4072 Scribendum
3625 4016 3817 4082 estralu,

2282 4098 2336 4142 et
2365 4088 2551 4146 Graece
2577 4094 2724 4169 ρακα,
2769 4111 2863 4169 per
2887 4098 3080 4169 kappa,
3103 4117 3207 4158 non
3241 4120 3336 4174 per
3364 4108 3469 4174 chi,
3522 4125 3635 4165 nam
3662 4123 3726 4165 est
3750 4111 3819 4179 Sy-

2284 4181 2426 4236 riace
2464 4196 2584 4271 κρῆ
2634 4186 2760 4240 raka
2792 4203 2887 4259 per
2933 4190 3091 4263 kaph,
3127 4198 3210 4250 cui
3260 4202 3551 4270 respondet
3599 4205 3767 4274 origine
3786 4210 3820 4256 et

2280 4286 2413 4327 sono
2433 4277 2490 4330 τὸ
2515 4275 2704 4350 kappa.
2735 4280 2842 4337 Nec
2864 4284 2953 4354 qnl
2976 4299 3192 4354 pravam
3232 4289 3373 4347 hanc
3403 4294 3636 4351 Graecam
3667 4308 3819 4368 etymo-

2280 4365 2472 4435 logiam
2525 4371 2891 4443 proferebant,
2948 4380 3259 4438 retulissent
3310 4386 3377 4441 ad
3431 4365 3819 4463 p'aixo;.pannunz.

2278 4459 2370 4514 sed
2392 4461 2458 4516 ad
2487 4464 2679 4537 ράχος,
2711 4468 2851 4524 unde
2898 4472 3182 4546 ῥαχίστης,
3242 4459 3473 4550 perditus
3520 4484 3705 4538 nebulo.
3748 4482 3818 4538 Sed

2282 4564 2428 4611 recte
2485 4556 2615 4612 fecit
2663 4558 2990 4632 Augustinus
3016 4568 3160 4637 quod
3190 4572 3256 4625 ad
3304 4572 3615 4631 Hebraicam
3643 4576 3816 4645 linguam

2201 4638 2256 4700 Ῑ)
2284 4649 2606 4719 COnfugerit.

2356 4742 2689 4801 Probabilius
2719 4757 2793 4803 est
2824 4767 2965 4820 ergo,
3019 4752 3211 4825 inquit,
3250 4763 3389 4829 quod
3416 4740 3634 4818 a‘udivia
3653 4759 3818 4834 quodam

2285 4833 2521 4907 Hebrteo,
2549 4856 2666 4894 cum
2693 4842 2746 4895 id
2768 4844 3202 4919 interrogassent;
3231 4851 3367 4908 dixit
3394 4857 3529 4911 enim
3556 4874 3660 4913 esse
3699 4869 3819 4912 vocem

2279 4946 2378 4985 non
2401 4933 2771 5002 signiﬁcantem
2792 4937 3015 5008 aliquid,
3049 4943 3138 4996 sed
3160 4943 3481 5018 indignantis
3502 4951 3654 5004 animi
3678 4959 3818 5003 motum

2277 5026 2658 5095 exprimentem.
2679 5027 2794 5084 Has
2815 5030 3195 5106 interjectiones
3219 5043 3544 5110 grammatici
3559 5051 3719 5098 vocant
3735 5056 3820 5110 par-

2280 5116 2463 5172 ticulas
2495 5122 2740 5176 orationis
2768 5125 3119 5196 signiﬁcantes
3137 5136 3376 5188 commoti
3400 5136 3558 5190 animi
3593 5135 3818 5203 a/fectunt;

2278 5214 2409 5266 velut
2432 5230 2548 5267 cum
2568 5215 2757 5270 dicitur
2784 5235 2816 5271 a
2842 5220 3063 5290 dolente,
3097 5223 3197 5279 heu
3216 5226 3327 5282 !oel
3345 5229 3409 5283 ab
3431 5231 3682 5297 irascente,
3708 5223 3817 5283 hem!

2282 5305 2409 5372 Qua:
2432 5324 2573 5362 voces
2601 5327 2915 5382 quarumque
2963 5314 3258 5386 linguarum
3303 5332 3419 5377 sunt
3440 5325 3667 5397 propria’,
3692 5338 3764 5375 nec
3781 5320 3816 5370 in

2277 5400 2432 5453 aliam
2464 5402 2691 5473 linguam
2734 5407 2889 5475 facile
2907 5411 3319 5481 transferuntur;
3354 5433 3471 5488 qum
3508 5434 3653 5471 causa
3691 5412 3814 5476 υιίιιιιθ

2277 5496 2439 5566 coegit
2471 5505 2574 5550 tam
2603 5497 2840 5554 Gra’cum
2862 5504 3189 5574 interpretem
3218 5508 3363 5580 (quia
3384 5511 3650 5568 Mattltmus
3667 5508 3813 5565 crede-

2276 5586 2433 5642 batur
2457 5589 2718 5647 Hebraice
2747 5595 3053 5668 scripsisse)
3075 5617 3230 5669 quam
3271 5602 3530 5673 Latinum,
3576 5618 3719 5658 vocem
3756 5600 3812 5665 ἐρ’

2269 5697 2381 5735 sam
2408 5700 2618 5754 ponere,
2644 5703 2761 5741 cum
2780 5692 3036 5758 quomodo
3064 5710 3179 5748 eam
3210 5697 3614 5769 interpretaretur
3656 5711 3735 5748 non
3753 5692 3811 5743 iu-

2266 5775 2502 5847 veniret]
2540 5778 2739 5835 Vereor
2767 5793 2824 5837 ut
2856 5784 2985 5840 satis
3013 5799 3161 5843 recte
3203 5786 3808 5860 intellexeritAuguStitIUS

2262 5864 2392 5938 'qutd
2411 5869 2511 5928 sibi
2540 5872 2701 5931 vellet
2720 5873 2936 5936 Judqu
2974 5878 3085 5937 ille.
3114 5881 3273 5941 Certe
3301 5883 3571 5943 siludaaus
3598 5877 3806 5940 Hebraice

2364 6046 2423 6055 νυ..
