3954 6364
196 396 294 452 361

188 522 256 563 ac
276 506 490 577 Syriaco
516 504 690 571 scivit,
715 517 821 559 non
847 502 1016 574 potuit
1038 501 1220 558 dicere
1249 512 1366 588 Np't
1392 499 1517 553 raka
1541 511 1661 552 esse
1686 497 1771 552 in-
1799 496 1855 557 Α

188 600 562 669 terjectionem
602 594 947 666 indignantis,
979 594 1124 648 nulla
1154 592 1296 648 enim
1324 600 1408 646 est
1448 589 1569 643 talis
1615 590 1781 644 inter-

185 690 350 761 jectio
379 689 431 742 in
472 688 536 742 iis
563 686 782 754 linguis;
812 685 906 740 sed
942 694 1087 773 κρυ-ι
1131 682 1271 747 reka,
1328 691 1386 737 ut
1430 680 1671 735 scribunt
1718 694 1782 734 ac

184 782 540 853 pronuntiant
564 779 893 845 thalmudici,
924 787 1016 833 aut
1066 788 1187 865 κρῆ
1231 775 1378 844 raka,
1434 783 1491 828 ut
1530 773 1783 865 Syri,eSt

183 875 518 937 cnnvicium;
551 873 692 943 quod
720 886 825 926 non
876 871 945 925 ita
1004 864 1164 923 facile
1218 867 1272 921 in
1335 865 1493 919 aliam
1548 864 1780 933 linguam

183 965 611 1030 transfundatur,
641 963 799 1017 siculi
843 977 942 1018 nec
1001 961 1225 1015 aliarum
1258 957 1555 1028 linguarum
1600 954 1785 1009 convi-

182 1060 291 1114 cia.
316 1057 477 1125 Quod
508 1066 632 1127 puto
654 1056 856 1111 dictum
885 1053 1053 1109 fuisse
1077 1069 1109 1107 a
1130 1052 1318 1108 ludaeo
1339 1050 1657 1120 Augustino,
1690 1047 1782 1116 qui

182 1165 292 1204 non
320 1157 600 1203 assecutus
632 1157 717 1203 est
743 1146 885 1218 quod
914 1145 1145 1201 volebat.
1192 1144 1249 1200 Si
1291 1143 1589 1197 scribamus
1639 1146 1783 1227 Rpl't

184 1240 328 1304 reita,
356 1240 464 1294 hac
492 1254 626 1294 voce
654 1237 1053 1309 signiﬁcabatur
1081 1237 1241 1291 homo
1290 1250 1477 1288 vacuus
1525 1230 1785 1301 sapientia

184 1346 250 1386 ac
280 1332 499 1396 virtute,
533 1345 654 1384 nam
686 1329 836 1383 radix
890 1335 1033 1406 pt'trt
1056 1326 1198 1380 herik
1242 1334 1326 1380 est
1350 1322 1641 1387 evacuavit;
1685 1334 1784 1376 nec

192 1432 275 1477 est
302 1421 687 1477 contumeliosa
716 1435 819 1474 vox
840 1418 1023 1473 Graeca
1065 1423 1159 1471 aut
1182 1415 1367 1470 Latina
1398 1428 1499 1482 qua
1548 1413 1648 1464 hoc
1694 1425 1787 1465 ex-

200 1515 473 1584 primatur.
502 1512 559 1568 Si
584 1524 713 1567 vero
738 1510 1035 1565 scribamus
1082 1517 1200 1594 NP'a
1225 1504 1369 1575 raka,
1401 1505 1505 1560 erit
1548 1518 1577 1557 a
1606 1503 1787 1573 Syria-

214 1622 275 1661 ca
303 1606 469 1662 radice
520 1615 639 1692 κρῆ
667 1602 813 1671 raka,
845 1616 965 1673 quae
992 1610 1074 1656 est
1102 1609 1334 1669 sputare,
1358 1597 1791 1668 signiticabitque

216 1701 465 1754 hominem
488 1697 705 1767 dignum
765 1696 854 1765 qui
903 1703 1248 1764 conspuatur.
1296 1693 1467 1760 Quam
1527 1691 1786 1761 originem

208 1793 389 1862 probat
410 1791 717 1847 Edmondus
742 1788 1031 1856 Castellus,
1067 1791 1121 1844 in
1152 1788 1354 1843 Lexico
1376 1786 1693 1858 polyglotto,
1718 1784 1790 1839 af-

208 1887 411 1955 fertque
435 1885 610 1941 obiter
648 1884 1081 1959 TbeOphylaCtus
1126 1883 1179 1936 in
1228 1884 1372 1935 hunc
1398 1880 1571 1934 locum
1607 1896 1619 1933 :
1658 1881 1790 1941 τινὲς
1816 1864 1866 1927 Β

210 1977 258 2033 δέ
278 1980 335 2034 τὸ
354 1979 505 2032 Ῥάκα
530 1979 736 2053 Συριστὶ
759 1972 1111 2031 κατάπτυστόν
1139 1995 1264 2047 φασι
1288 1974 1549 2046 σημαίνειν
1598 1986 1613 2025 :
1667 1970 1786 2039 qui-

211 2069 326 2122 dam
352 2084 465 2122 vero
495 2067 641 2121 Raka
672 2066 885 2136 Syriace
905 2066 1050 2119 aiunt
1078 2063 1374 2133 signiﬁcare
1409 2061 1784 2131 despuendum.

214 2159 313 2215 Sed
340 2174 441 2214 non
463 2169 590 2229 puto
641 2159 997 2215 κατάπτυστον
1047 2155 1249 2211 dictum
1298 2154 1487 2210 eodem
1516 2169 1678 2209 sensu
1727 2167 1790 2209 ac

220 2251 383 2316 Ralm;
402 2266 521 2305 nam
538 2251 720 2306 Graeca
742 2264 840 2304 vos
863 2249 1278 2312 abominandum,
1296 2247 1600 2318 fugiendum
1622 2257 1789 2301 trans-

223 2344 378 2398 latitio
416 2356 577 2397 sensu
616 2351 789 2409 sonat,
817 2340 1074 2395 Hebraica
1127 2355 1257 2394 vero
1296 2353 1401 2393 vox
1445 2349 1794 2392 contemnen-

227 2437 357 2491 dum.
407 2435 578 2490 Priori
643 2435 925 2489 allatarum
982 2433 1099 2500 ejus
1145 2431 1413 2503 originum
1458 2430 1603 2484 favet
1663 2446 1793 2486 usus

230 2526 682 2595 thalmudicorum,
728 2525 1011 2595 posteriori
1058 2523 1288 2595 prolatio
1329 2525 1441 2590 ipsa
1484 2522 1652 2576 vocis.
1687 2521 1791 2577 Sed

232 2619 461 2690 quidquid
490 2618 544 2673 id
572 2627 674 2684 est,
726 2617 869 2672 Raka
919 2631 1021 2671 non
1072 2627 1154 2672 est
1203 2616 1523 2686 interjectio.
1570 2615 1670 2669 Adi
1727 2612 1794 2669 ad

232 2712 509 2769 Matthazutn
532 2712 686 2767 .loan.
722 2711 996 2779 Drusiunt,
1019 2719 1076 2765 et
1102 2709 1239 2780 Hug.
1273 2708 1541 2765 Grotium.

290 2805 409 2875 Cap.
442 2806 527 2869 11,
567 2805 594 2876 §
629 2805 719 2874 3I,
750 2804 817 2859 ad
854 2804 1043 2859 Matth.
1078 2819 1133 2870 v,
1162 2804 1253 2857 25'.
1316 2802 1443 2856 Esto
1501 2801 1795 2857 adversario

242 2909 314 2952 tuo
335 2897 614 2962 benevolus,
645 2895 774 2967 etc.]
797 2897 1128 2965 Augustinus
1152 2892 1239 2962 hic
1267 2907 1543 2962 perperam
1580 2900 1799 2963 argutus

239 2994 437 3065 iudicem
468 2992 849 3060 interpretatur
867 2988 1123 3043 Christum
1143 2996 1197 3042 et
1220 2986 1586 3042 adversarium
1608 2985 1795 3051 Deum,

245 3100 331 3155 quo
353 3083 475 3140 nihil
519 3082 804 3138 absurdius
847 3080 970 3149 ﬁngi
1017 3081 1207 3151 potuit.
1260 3079 1484 3150 Dignum
1540 3094 1669 3133 sane
1699 3079 1800 3134 hoc

256 3188 347 3234 erat
364 3186 666 3239 retractatu,
698 3182 755 3229 ut
783 3183 839 3229 et
878 3173 1135 3245 pleraque
1160 3173 1263 3228 alia
1316 3187 1437 3243 qua}
1467 3172 1555 3227 hic
1602 3172 1800 3226 haben-

866 383 1219 445 VARIORUM
1257 378 1857 443 EXERCI’I‘ATIONES
1896 380 1962 436 IN
2000 381 2057 437 S.
2102 380 2468 439 AUGUSTINI
2506 381 2754 439 OPERA.

3356 385 3462 443 562

2342 484 2987 556 ANIMADVERSIONES

2130 603 2178 640 ΙΝ
2211 605 2389 644 LIBROS
2414 606 2753 652 ριιιεετωκυιι
2785 610 3208 653 EVANGELIORUI.

1956 678 2119 732 LIBRO
2148 695 2183 732 I.
2209 680 2408 746 Qumst.
2440 682 2494 735 2.
2523 684 2672 748 Quod
2692 687 2932 752 discipuli
2954 688 3161 743 Domini
3186 700 3469 757 coeperunt

1884 769 2271 840 vellerespicas
2293 780 2347 826 et
2369 774 2721 841 manducare;
2739 777 2873 845 quod
2897 778 2997 832 nisi
3016 783 3354 851 confricantes
3386 799 3469 836 eas

1884 865 2051 935 facere
2078 880 2180 918 non
2208 874 2430 934 possent.
2457 865 2596 920 Hinc
2615 877 2710 932 est,
2742 869 3057 927 mortiﬁcate
3105 874 3342 929 membra
3376 891 3467 928 ve-

1884 968 1994 1014 stra
2025 976 2187 1030 super
2214 970 2439 1027 terram;
2468 962 2525 1015 id
2545 972 2638 1028 est,
2662 966 2784 1033 quia
2816 967 3021 1037 quisque
3046 984 3148 1022 non
3195 972 3376 1024 transit
3416 973 3468 1025 in

1886 1066 2071 1122 corpus
2101 1051 2314 1119 Christi,
2345 1054 2442 1107 nisi
2471 1056 2759 1110 carnalibus
2794 1032 3104 1125 exspoliatus
3135 1062 3287 1123 fuerit
3316 1032 3490 1116 indu:

1885 1143 2111 1216 mentis.]
2133 1143 2291 1201 Tales
2319 1155 2445 1200 sunt
2470 1147 2737 1218 pleraeque
2761 1152 3109 1220 quaestiones,
3138 1154 3278 1208 unde
3315 1155 3467 1209 intel-

1887 1236 2051 1306 ligere
2078 1237 2202 1293 licet
2232 1238 2390 1293 ﬁnem
2410 1240 2690 1310 Augustini
2716 1242 2767 1296 in
2802 1243 2946 1298 hisce
2977 1245 3129 1299 libris
3158 1261 3263 1300 non
3303 1248 3467 1303 fuisse

1887 1327 2285 1395 inquisitionem
2314 1332 2424 1385 veri
2451 1347 2661 1397 sensus,
2690 1334 2782 1389 sed
2814 1338 3297 1392 commentitiarum
3340 1339 3469 1396 alte.

1887 1421 2175 1489 goriarum,
2205 1423 2269 1476 ad
2301 1439 2434 1494 quas
2490 1426 2638 1479 inviti
2681 1428 3019 1497 evangelista:
3078 1438 3469 1500 torquerentur.

1888 1512 1933 1567 Ο
1956 1514 2162 1568 cerebri
2186 1512 2397 1569 felices!
2427 1517 2515 1585 qui
2536 1518 2585 1571 in
2618 1526 2725 1570 tam
2750 1519 2955 1573 levibus
2977 1520 3201 1590 argutiis
3230 1522 3471 1592 acquies-

1888 1604 2097 1659 cebant.

1963 1697 2124 1753 LtBno
2147 1714 2200 1752 ιι.
2263 1700 2463 1766 Quaest.
2495 1700 2584 1767 '58,
2614 1702 2654 1771 ς
2686 1706 2738 1757 5.
2798 1704 3099 1774 Quanquam
3130 1707 3223 1761 illa
3260 1711 3474 1779 receptio

1892 1790 1969 1861 (in
2000 1790 2339 1845 tabernacula
2368 1803 2600 1858 mterna,
2642 1794 2771 1849 Luc.
2798 1811 2904 1861 xvr,
2932 1797 3043 1867 19.)
3077 1807 3251 1853 utrum
3306 1804 3475 1855 statim

1892 1893 2005 1954 post
2032 1884 2187 1937 istam
2212 1885 2364 1937 vitam
2386 1885 2498 1953 ﬁat,
2546 1902 2611 1938 an
2666 1888 2717 1939 in
2771 1888 2873 1955 ﬁne
2928 1890 3124 1953 swculi,
3172 1892 3224 1943 in
3254 1908 3477 1947 resurre-

1892 1976 2055 2031 ctione
2095 1984 2435 2040 mortuorum,
2472 1987 2620 2045 atque
2668 1979 2849 2031 ultima
2904 1981 3231 2036 retributione
3267 1985 3478 2050 judicii,

1892 2082 1994 2119 non
2023 2065 2232 2119 minima
2252 2068 2461 2134 quwstio
2500 2066 2619 2139 est.]
2650 2068 2837 2137 Digna,
2865 2069 2967 2124 hac
2988 2071 3053 2125 de
3086 2088 3167 2137 re,
3207 2074 3347 2127 lectu
3399 2084 3478 2131 est

1893 2159 2195 2214 dissertatio
2242 2160 2340 2214 viri
2388 2160 2683 2216 doctissimi
2737 2162 2991 2218 Ludovici
3024 2165 3281 2236 Cappelli,
3321 2183 3480 2237 quam

1894 2252 2166 2322 inscripsit
2213 2252 2543 2308 Mortuorum
2574 2253 2768 2307 Vitam.
2822 2255 2971 2310 Edita
3020 2267 3103 2311 est
3150 2258 3201 2312 in
3228 2260 3480 2326 operibus

1894 2344 2012 2413 ejus
2074 2345 2275 2400 criticis
2350 2360 2469 2415 quae
2520 2347 2835 2415 prodierunt
2905 2348 3290 2405 Amstelodami
3342 2367 3480 2407 anno

1897 2437 2059 2493 1689.

1968 2532 2167 2598 ριιειιει.
2193 2531 2283 2585 51.
2318 2527 2439 2583 Non
2462 2546 2608 2583 omne
2628 2533 2764 2599 quod
2780 2533 3017 2604 ﬁngimus
3034 2537 3350 2591 mendacium
3387 2526 3497 2607 est,‘

1898 2623 2134 2693 quando,
2167 2637 2379 2691 nempe,
2396 2638 2493 2691 pro
2513 2638 2639 2678 vero
2670 2625 2719 2677 id
2744 2640 2848 2678 non
2872 2626 3117 2681 dicimus.
3136 2628 3243 2683 Sed
3256 2633 3482 2700 quando,

1898 2716 2091 2787 inquit,
2125 2717 2178 2770 id
2208 2716 2448 2787 ﬁngimus
2474 2716 2612 2786 quod
2641 2715 2769 2771 nihil
2795 2718 3072 2790 signiﬁcat,
3100 2729 3218 2775 tunc
3237 2730 3312 2776 est
3346 2739 3482 2778 men-

1900 2809 2124 2861 dacium.
2156 2807 2268 2861 Imo
2293 2808 2506 2876 quando
2535 2823 2716 2861 verum
2738 2822 2856 2864 esse
2883 2809 3109 2865 dicimus
3160 2814 3301 2881 quod
3332 2814 3485 2885 ﬁngi-

1901 2914 2038 2953 mus.
2065 2898 2118 2954 Si
2147 2897 2265 2965 quis
2294 2898 2598 2965 parabolam
2645 2898 2941 2954 habendam
2983 2917 3101 2957 esse
3154 2904 3354 2960 diceret
3394 2923 3484 2975 pro

1901 3008 2026 3047 vera
2059 2991 2303 3055 historia,
2356 2992 2688 3046 mendacium
2721 2993 2940 3058 diceret,
2974 3011 3301 3067 quaecunque
3330 3011 3484 3055 crete-

1903 3085 2056 3154 roqui
2082 3083 2400 3153 signiﬁcatio
2444 3084 2581 3138 foret
2602 3086 2887 3152 paraboiaz.
2912 3086 3018 3142 Sed
3044 3098 3099 3143 ut
3124 3091 3295 3144 omnis
3325 3094 3485 3147 simu-

1905 3177 2034 3231 latio
2065 3185 2276 3232 nonest
2302 3176 2673 3244 vituperanda,
2702 3178 2875 3246 qualis
2915 3194 2975 3233 ea
3007 3188 3090 3235 est
3139 3182 3206 3237 de
3226 3199 3329 3253 qua
3357 3185 3486 3239 Luc.

258 3281 339 3338 tur,
363 3280 408 3326 et
432 3284 553 3340 qua:
576 3269 685 3323 fere
709 3276 836 3323 sunt
855 3242 1099 3322 contorta
1125 3274 1180 3321 et
1227 3242 1422 3321 aliena.
1468 3264 1644 3319 Satius
1670 3264 1801 3319 luis-
1829 3242 1876 3306 Ο
1908 3285 2051 3333 xxiv,
2081 3268 2152 3324 28
2179 3288 2192 3321 :
2231 3268 2309 3323 sic
2336 3242 2474 3322 forte
2504 3283 2603 3322 nec
2659 3242 2818 3323 omne
2859 3270 3214 3327 damnandum
3242 3242 3487 3330 amanda.

250 3376 315 3421 set
335 3364 623 3434 Augustino
644 3361 845 3417 diutius
872 3371 1049 3415 tacere
1070 3374 1229 3429 quam
1253 3360 1415 3413 cruda
1445 3357 1619 3413 studia
1636 3358 1686 3412 iu
1705 3372 1805 3427 pu-

244 3461 411 3516 blicam
464 3459 635 3513 lucem
682 3455 1019 3527 protrudere.
1065 3455 1193 3509 Erat
1227 3455 1372 3509 enim
1429 3463 1630 3508 tantum
1684 3468 1803 3521 pre-

240 3555 422 3625 sbyter,
447 3568 567 3608 cum
600 3551 701 3607 hoc
732 3566 866 3621 opus
887 3548 1055 3605 edidit
1088 3590 1104 3616 ,
1160 3562 1260 3604 nec
1312 3549 1381 3603 ita
1425 3548 1628 3617 pridem
1653 3548 1805 3603 theo-

237 3646 379 3715 logia:
430 3642 745 3700 Christianae
801 3649 857 3697 et
910 3640 1302 3710 Scripturarum
1352 3638 1528 3692 studio
1583 3653 1802 3709 operam

234 3740 467 3797 dederat.

293 3834 421 3904 Cap.
447 3832 537 3898 16,
574 3827 1031 3902 §50.Acyndinus
1054 3835 1172 3882 tunc
1214 3831 1504 3897 praefectus,
1550 3825 1807 3904 quietiam

224 3901 402 3982 consul
444 3926 562 3994 fuit,
585 3901 732 3991 etc.]
779 3921 1004 3990 Insignis
1054 3930 1137 3975 est
1173 3920 1423 3986 historia,
1464 3928 1518 3974 et
1557 3901 1656 3987 qua
1694 3932 1807 3972 sar-

220 4020 318 4074 ciri
347 4019 682 4087 aliquatenus
704 4014 870 4082 possit
900 4013 1104 4081 jactura
1126 4013 1399 4081 temporis,
1427 4025 1545 4081 qua:
1570 4011 1627 4063 ﬁt
1649 4009 1701 4064 in
1735 4009 1809 4064 Ie-

218 4109 415 4181 gendis
482 4105 783 4177 allegoricis
859 4104 1387 4175 interpretationibus
1457 4102 1613 4171 hujus
1679 4115 1811 4170 opu-

218 4202 383 4257 sculi.

292 4293 459 4346 Lteno
490 4306 546 4344 ιι.
570 4288 702 4359 Cap.
730 4288 783 4353 2,
818 4288 845 4359 §
879 4288 930 4344 5.
990 4286 1120 4342 Cum
1167 4289 1235 4341 ad
1275 4288 1554 4342 orationem
1595 4294 1809 4348 stamus,

221 4384 288 4436 ad
314 4382 577 4436 Orientem
619 4382 983 4448 convertimur,
1016 4380 1150 4432 unde
1196 4381 1377 4433 caelum
1435 4378 1617 4446 surgit,
1671 4374 1810 4444 etc.]

223 4472 401 4528 Credo
422 4472 616 4527 factum
637 4481 693 4525 ut
716 4472 986 4525 contrario
1009 4472 1113 4525 ritu
1135 4470 1333 4525 ludatis
1349 4478 1638 4536 ,uterentur
1658 4467 1815 4523 Chri-

228 4563 407 4618 stiani.
430 4564 797 4619 Sanctuarium
841 4564 1001 4629 enim,
1038 4563 1088 4616 in
1139 4562 1338 4631 templo
1375 4560 1427 4615 in
1466 4558 1814 4629 Jerosolymi-

233 4663 381 4719 tano,
407 4656 471 4710 ad
497 4655 841 4710 Occidentem
872 4654 1161 4722 spectavit;
1191 4668 1253 4708 ac
1310 4651 1531 4721 proinde
1574 4650 1640 4705 ad
1693 4664 1810 4704 eam

234 4748 355 4801 ωειί
399 4747 603 4817 plagam
625 4746 869 4800 conversi
890 4746 1114 4799 orabant
1160 4744 1351 4799 Judrei.
1412 4743 1546 4799 Vide
1597 4750 1712 4796 not.
1743 4740 1812 4796 ad

237 4840 412 4896 Exod.
452 4857 595 4902 xxvi,
624 4842 715 4905 55,
742 4855 770 4893 a
799 4839 1003 4895 Joanne
1027 4838 1260 4895 Clerico.

298 4933 436 5004 Cap.
468 4935 521 4997 7,
556 4932 587 5004 ς
618 4931 709 4994 ‘25,
736 4931 802 4986 de
831 4946 967 5001 pane
985 4932 1315 5001 quotidiano,
1347 4930 1399 4984 in
1437 4929 1681 4985 oratione
1710 4927 1815 4982 Do-

229 5026 453 5082 minica.
484 5024 649 5078 Panis
676 5024 1000 5093 quotidianus
1034 5034 1122 5078 aut
1149 5042 1241 5094 pro
1282 5024 1513 5078 omnibus
1540 5025 1601 5077 iis
1649 5023 1814 5077 dictus

225 5129 298 5170 est
347 5135 466 5186 quae
508 5118 666 5190 hujus
708 5113 822 5171 vita:
865 5119 1229 5170 necessitatent‘
1259 5124 1659 5170 sustentant.....
1724 5122 1814 5168 aut

221 5224 322 5277 pro
356 5220 673 5264 sacramento
703 5210 928 5281 corporis
955 5206 1163 5270 Christi,
1212 5207 1345 5275 quod
1368 5206 1594 5275 quotidie
1626 5206 1818 5275 accipi-

220 5312 370 5353 mus.
396 5300 415 5372 ]
443 5304 711 5367 Attamen,
745 5312 801 5355 ut
830 5301 905 5354 ait
934 5299 961 5369 §
1007 5299 1100 5366 26,
1131 5298 1339 5369 plurimi
1376 5299 1431 5351 in
1472 5296 1818 5352 Orientalibus

218 5391 469 5453 partibus
513 5408 617 5446 non
660 5391 881 5460 quotidie
918 5389 1083 5445 Caeam
1112 5389 1375 5444 dominica
1422 5388 1812 5443 communicant.

218 5477 284 5532 In
315 5481 502 5538 Africa
526 5485 637 5553 jam
662 5498 690 5535 a
720 5482 1048 5553 temporibus
1095 5479 1345 5552 Cypriani
1400 5496 1465 5537 ea
1514 5482 1818 5536 obtinuerat

218 5576 595 5641 consuetudo,
624 5585 683 5630 ut
710 5574 876 5645 liquet
896 5589 961 5628 ex
990 5573 1107 5642 ejus
1132 5574 1269 5629 libro
1298 5575 1350 5628 in
1390 5574 1684 5629 orationem
1723 5573 1819 5627 do-

217 5667 492 5723 minicam
522 5685 537 5723 :
568 5667 950 5723 Eucharistiam
976 5667 1204 5736 quotidie
1228 5666 1294 5719 ad
1320 5666 1486 5720 cibum
1513 5666 1693 5720 solutis
1734 5681 1821 5718 ac-

221 5758 480 5827 cipimus.
509 5759 589 5815 Ad
610 5774 769 5829 quem
800 5758 973 5812 locum
988 5759 1121 5837 .vide
1162 5758 1317 5815 Joan.
1375 5758 1583 5816 Fellum
1615 5758 1821 5829 episco-

224 5866 370 5921 pum
402 5855 775 5910 Oxoniensem.

484 5947 757 6009 Panos.
801 5943 1031 6006 XLVII

1905 3363 2070 3415 cium.
2119 3362 2224 3418 Sed
2279 3363 2379 3416 hac
2436 3361 2503 3416 de
2542 3376 2601 3416 re
2622 3361 2884 3434 integrum
2912 3379 3046 3435 opus
3085 3367 3488 3439 scripsitAugu~

1907 3455 2099 3509 stinus.

2369 3545 3013 3603 ANIMADVERSIONES

2298 3653 2349 3694 IN
2395 3654 2703 3694 TRACTATUS
2747 3656 2796 3691 IN
2842 3655 3099 3695 JOA‘NNEM.

1981 3730 2231 3784 Tractatu
2266 3732 2319 3798 1,
2352 3731 2381 3801 §
2413 3730 2498 3793 15,
2527 3730 2592 3784 ad
2621 3730 2777 3785 Joan.
2809 3746 2847 3799 t,
2886 3734 2939 3786 5.
2981 3732 3105 3786 Sine
3144 3734 3256 3801 ipso
3302 3740 3491 3806 factum

1909 3830 1980 3877 est
2010 3820 2159 3875 nihil.
2192 3820 2572 3889 Interpretatur
2610 3822 2960 3889 Augustinus.
2993 3840 3303 3894 quaecunque
3344 3839 3493 3883 natu-

1909 3914 2088 3967 raliter
2113 3913 2249 3983 facta
2276 3922 2413 3975 sunt,
2440 3928 2752 3983 quwcunque
2780 3922 2896 3965 sunt
2945 3914 2998 3967 in
3026 3908 3295 3982 creaturis,
3326 3923 3492 3974 omnia

1912 4005 2116 4058 omnino
2141 4020 2256 4070 qua:
2275 4003 2381 4073 ﬁxa
2411 4005 2465 4057 in
2494 4003 2619 4058 ctelo
2664 4013 2805 4070 sunt,
2847 4020 2963 4074 qua:
3010 4007 3205 4077 fulgent
3256 4010 3493 4082 desuper,

1911 4112 2026 4168 quae
2048 4094 2258 4149 volitant
2298 4098 2389 4147 sub
2428 4099 2574 4161 caelo,
2622 4105 2670 4149 et
2709 4112 2821 4163 qua:
2864 4098 3124 4150 movenlur
3166 4099 3219 4151 in
3260 4102 3494 4156 universa

1912 4205 2084 4242 rerum
2110 4195 2365 4242 natura...
2395 4187 2457 4241 ab
2480 4188 2660 4256 angelo
2700 4203 2855 4256 usque
2880 4190 2946 4241 ad
2974 4190 3327 4245 vermiculum.
3347 4190 3365 4262 Ἰ
3398 4193 3495 4249 Ni-

1914 4283 1989 4339 hil
2017 4285 2233 4349 verius;
2259 4283 2347 4349 qui
2371 4283 2514 4338 enim
2533 4282 2768 4337 divinam
2793 4283 3179 4352 providentiam
3206 4288 3493 4356 negabant,

1916 4378 2077 4433 iidem
2111 4377 2363 4431 nolebant
2406 4378 2603 4430 insecta
2626 4389 2655 4428 a
2688 4375 2798 4429 Deo
2826 4375 2983 4431 facta.
3016 4376 3191 4433 Multis
3213 4378 3312 4433 hac
3340 4380 3406 4433 de
3436 4396 3498 4435 re

1916 4470 2041 4539 egit,
2077 4469 2129 4522 in
2160 4467 2299 4522 notis
2328 4466 2393 4520 ad
2438 4465 2581 4520 hunc
2628 4465 2824 4530 locum,
2855 4466 3089 4521 Joannes
3118 4468 3377 4531 Clericus.
3405 4486 3496 4525 ea-

1917 4580 2022 4636 que
2046 4563 2179 4619 dixit
2202 4561 2394 4630 quibus
2424 4560 2629 4629 possint
2657 4560 3040 4630 Augustiniana
3073 4561 3345 4617 illustrari.
3378 4565 3497 4618 Uti-

1917 4670 2038 4711 nam
2071 4652 2427 4723 Hipponensis
2456 4652 2759 4720 episcopus,
2810 4651 2989 4706 missis
3018 4653 3266 4707 omnibus
3294 4654 3497 4725 frigidis

1914 4747 2207 4817 allegoriis,
2230 4744 2535 4814 coactisque
2558 4744 3083 4813 interpretationibus
3105 4746 3297 4815 quibus
3327 4756 3498 4803 scatet

1914 4837 2171 4911 quidquid
2203 4837 2254 4891 in
2280 4836 2612 4907 Scripturam
2640 4836 2992 4899 elucubravit,
3023 4836 3157 4891 tales
3182 4851 3395 4907 semper
3418 4841 3499 4893 in.

1917 4928 2726 5001 terpretationes.protulissetl
2774 4928 2877 4983 Pro
2923 4930 3154 4997 querelis
3192 4940 3243 4983 et
3270 4932 3499 5001 castiga-

1918 5025 2173 5093 tionibus,
2195 5021 2382 5077 Iaudes
2405 5031 2458 5076 et
2482 5022 2770 5091 gratiarum
2798 5019 3037 5074 actiones
3064 5020 3151 5074 hic
3171 5021 3495 5091 legerentur.

1924 5116 2211 5172 Verissime
2230 5115 2291 5169 in
2326 5114 2353 5186 §
2385 5115 2452 5169 M
2480 5115 2749 5178 observat,
2777 5114 2820 5168 si
2851 5113 3208 5168 concedamus
3234 5131 3445 5172 muscas
3469 5134 3501 5174 a

1922 5210 2035 5265 Deo
2056 5223 2160 5263 non
2192 5222 2311 5263 esse
2336 5208 2518 5270 factas,
2544 5221 2641 5261 nos
2663 5220 2821 5276 posse
2854 5206 3050 5259 sensim
3091 5206 3279 5262 deduci
3308 5208 3374 5262 ad
3402 5224 3503 5265 ne-

1922 5300 2153 5370 gandum
2182 5298 2519 5368 elephantem
2546 5308 2707 5366 atque
2735 5295 3004 5351 hominem
3038 5296 3133 5352 Dei
3164 5313 3324 5367 opera
3358 5314 3500 5355 esse.

1925 5393 1995 5449 Ut
2024 5394 2163 5448 enim
2194 5392 2501 5461 gradatione
2530 5406 2593 5445 ex
2629 5391 2743 5459 ipso
2769 5390 3046 5458 desumpta
3070 5398 3209 5457 utar,
3242 5390 3290 5445 si
3320 5407 3503 5449 musca

1924 5485 1994 5541 sit
2014 5483 2260 5539 fortuitus
2289 5483 2484 5537 caloris
2506 5482 2662 5546 fetus,
2691 5481 2872 5553 quidni
2911 5492 2964 5537 et
2998 5482 3200 5537 locusta
3223 5484 3247 5537 ?
3274 5483 3328 5538 Si
3358 5484 3505 5541 Iocu-

1923 5585 2029 5641 sta,
2057 5574 2239 5645 quidni
2269 5583 2322 5629 et
2344 5574 2572 5628 lacertus
2590 5576 2614 5623 ἰ
2658 5572 2715 5628 Si
2758 5577 3009 5639 lacertus,
3051 5574 3245 5651 quidni
3265 5575 3419 5630 avis?
3447 5576 3505 5635 Si

1926 5667 2062 5731 avis,
2092 5665 2273 5735 quidni
2321 5665 2520 5735 pecus?
2570 5664 2626 5719 Si
2679 5679 2864 5736 pecus,
2918 5666 3103 5737 quidni
3134 5668 3270 5722 bos?
3298 5667 3352 5721 Si
3385 5667 3510 5737 bos,.

1928 5757 2111 5827 quidni
2143 5755 2392 5825 elephas?
2421 5755 2477 5813 Si
2506 5756 2744 5825 elephas,
2793 5757 2974 5827 quidni
3025 5758 3186 5811 homo
3207 5757 3231 5810 7
3256 5759 3502 5815 Attamen

1930 5850 2111 5906 nescio
2139 5848 2407 5919 quomodo
2436 5847 2763 5919 Augustinus
2792 5848 3044 5907 concedit
3082 5866 3273 5905 vermes
3324 5850 3503 5923 (unde
