3954 6364
567 348 668 403 565

1468 343 2010 405 SUPPLEMENTUM
2047 345 2139 403 AD
2177 345 2409 406 OPERA
2447 349 2505 407 S.
2550 349 2937 424 AUGUSTINI.

2247 253 2347 268 μ.ηο

3681 362 3753 420 ’564

566 456 798 529 muscae)
827 455 891 512 ea:
913 456 1179 527 putredine
1203 457 1364 512 nasci.
1422 456 1535 511 Non
1585 460 1744 514 viden
1792 461 1918 529 quid
1968 470 2154 531 posset
2177 466 2233 525 Δ
2256 477 2473 534 gmenta
2510 466 2667 522 avide
2706 476 2831 522 sunt
2854 474 3063 537 arrepta
3108 466 3263 522 abiis
3289 469 3375 536 qui
3403 470 3631 537 putabant
3648 475 3759 535 facile

566 548 889 618 respondere
918 547 1209 617 gradationi
1238 563 1301 601 ex
1330 547 1448 616 ipso
1478 548 1673 603 allatae.
1711 550 1907 604 Verum
1933 552 1983 605 hi
2013 552 2146 606 Tra-

561 650 735 695 ctatus
761 638 1041 709 populares
1067 646 1190 691 sunt
1223 638 1515 704 orationes,
1547 638 1688 706 quod
1721 655 1914 695 nomen
1966 642 2143 710 ipsum

562 729 833 794 ostendit;
866 730 1059 799 quibus
1101 742 1277 797 neque
1321 727 1543 783 Joannis
1597 730 1780 796 verba,
1834 746 2007 799 neque
2054 747 2143 787 res

561 824 706 893 ipsas
735 827 802 877 ad
830 823 1087 877 amussim
1144 822 1547 891 interpretatur,
1604 822 1701 877 sed
1749 823 1877 877 dicit
1916 823 2141 891 quodin

559 924 793 972 mentem
818 916 1087 971 veniebat.
1130 916 1309 985 Itaque
1338 914 1537 969 frustra
1565 916 1656 981 sit,
1708 916 1797 983 qui
1841 915 1962 971 hinc
1985 918 2141 986 quid-

558 1024 716 1078 quam
750 1009 997 1078 exquisiti
1021 1016 1313 1075 exSpectet.
1888 1042 1891 1043 ν
1947 1068 1949 1071 η

625 1100 875 1154 Tractatu
907 1099 995 1163 26,
1028 1113 1173 1151 num.
1211 1098 1295 1152 11.
1346 1095 1539 1150 Panem
1567 1097 1813 1163 caelestem
1845 1098 2141 1169 spiritaliter

555 1192 880 1258 manducate,
910 1191 1253 1243 innocentiam
1300 1190 1366 1242 ad
1397 1189 1561 1241 altare
1590 1198 1873 1258 apportata.
1917 1188 2140 1243 Peccata

554 1284 648 1335 etsi
677 1292 793 1335 sunt
838 1282 1156 1350 quotidiana,
1198 1282 1271 1333 rel
1303 1296 1403 1333 non
1438 1281 1539 1332 sint
1565 1282 1850 1349 mortifera.
1877 1278 1897 1351 ]
1929 1284 2035 1334 Aut
2062 1282 2139 1334 vel

556 1373 642 1427 hic
668 1372 894 1426 sumitur
921 1388 1015 1440 pro
1041 1372 1218 1425 saltem
1248 1380 1337 1429 aut
1369 1380 1452 1425 est
1506 1371 1781 1435 mendum,
1823 1372 2140 1441 legendum-

553 1482 660 1537 que
692 1468 856 1521 l'orte:
888 1477 941 1519 at
972 1484 1072 1519 non
1113 1468 1212 1518 sint
1264 1465 1547 1533 mortifera,
1586 1464 1729 1533 quod
1757 1473 1939 1533 postea
1966 1477 2139 1520 muta-

556 1567 666 1609 tum
700 1558 751 1609 in
778 1566 888 1621 aut,
921 1554 1114 1608 deinde
1139 1554 1187 1606 in
1220 1555 1315 1607 vel.

627 1651 804 1704 Tract.
836 1650 927 1711 28,
962 1648 1101 1719 δη,
1134 1648 1185 1700 in
1211 1646 1366 1701 Joan.
1406 1661 1522 1708 vnt,
1576 1645 1665 1709 25,
1726 1646 1816 1701 ubi
1868 1646 2135 1710 Christus,

553 1742 859 1810 principium
885 1744 1003 1809 quia
1031 1749 1075 1791 et
1101 1739 1284 1807 loquor
1308 1737 1466 1790 vobis.
1502 1736 1652 1803 Ecce,
1685 1737 1857 1807 inquit
1888 1740 2138 1807 Augusti-

2250 558 2637 614 admittendum
2666 559 2925 629 quidquid
2977 560 3153 613 facere
3197 561 3505 615 censebatur
3528 564 3587 615 ad
3612 569 3759 623 contir-

2249 650 2538 703 mationem
2561 647 2881 704 Christiana
2922 649 3067 709 lidei.
3120 664 3218 704 nec
3258 652 3509 705 curiosius
3535 668 3595 706 an
3619 671 3761 715 verum

2248 749 2387 794 esset
2408 740 2813 809 expendeudum
2839 757 2853 798 :
2879 742 3022 794 unde
3050 753 3188 795 natae
3210 755 3329 796 sunt
3358 742 3630 800 innumera:
3651 747 3763 803 [θδιιε

2246 830 2332 896 lae,
2362 840 2417 884 et
2445 833 2857 899 superstitiones
2884 832 3076 901 quibus
3098 833 3371 901 religionis
3398 832 3683 891 Christiana:
3702 858 3767 893 na-

2244 924 2350 976 tiva
2368 923 2708 992 pulchritudo
2731 939 3043 992 nonparum
3066 925 3345 978 obscurata
3368 936 3468 979 est.
3485 927 3767 987 Multosatius

2245 1014 2451 1076 fuisset.
2484 1015 2727 1071 homines
2766 1017 2837 1071 de
2887 1015 3109 1072 veritate
3162 1028 3217 1071 et
3264 1016 3534 1071 divinitate
3560 1019 3770 1077 doctrina:

2242 1104 2562 1161 Christiana:
2588 1107 2806 1161 minime
2827 1108 3153 1169 dubitantes,
3184 1107 3473 1161 abhorrere
3491 1109 3555 1162 ab
3573 1114 3771 1168 omnibus

2242 1200 2573 1267 argumentis
2599 1214 2705 1254 non
2738 1207 2943 1253 tantum
2995 1199 3163 1262 falsis,
3198 1199 3292 1253 sed
3323 1199 3483 1253 etiam
3516 1202 3697 1255 levibus
3728 1222 3771 1259 ac

2242 1290 2490 1354 incertis;
2536 1291 2749 1346 veritati
2802 1290 2942 1345 enim
2993 1291 3285 1359 explorata.
3336 1290 3478 1344 nulla
3506 1302 3663 1357 potest
3682 1309 3774 1350 esse

2241 1380 2551 1449 coniunctio
2570 1388 2664 1434 aut
2688 1396 2808 1435 cum
2832 1380 3132 1446 mendacio,
3157 1389 3249 1435 aut
3270 1396 3395 1435 cum
3417 1383 3624 1436 incertis
3641 1400 3774 1438 rumo-

2240 1471 2413 1536 ribus,
2444 1487 2563 1536 quaa
2589 1488 2709 1527 eam
2743 1487 2849 1526 non
2896 1472 3167 1540 obscuret,
3222 1482 3313 1525 aut
3364 1474 3522 1527 etiam
3561 1474 3775 1530 dedecore

2240 1562 2459 1617 alliciat.
2492 1563 2622 1629 Quis
2653 1578 2758 1618 non
2790 1564 2951 1618 etiam
2982 1564 3289 1631 indignetur
3321 1567 3573 1618 incertam
3605 1566 3773 1630 tamam,

2239 1664 2332 1710 aut
2356 1655 2516 1710 etiam
2548 1654 2757 1720 falsam,
2782 1670 2887 1709 non
2911 1654 3067 1709 aliter
3107 1655 3394 1707 admissam
3423 1654 3488 1708 ab
3526 1655 3775 1709 hominibus

2242 1750 2506 1818 religiosis
2550 1764 2611 1803 ac
2640 1750 2811 1818 ipsam
2864 1748 3131 1817 Evangelii
3170 1748 3496 1801 veritatem?
3543 1748 3660 1813 Quis
3700 1765 3776 1804 non

552 1849 672 1898 llllS,
725 1834 859 1904 quod
889 1842 959 1886 εει
1007 1848 1133 1886 €888.
1188 1831 1511 1899 Principium
1562 1830 1749 1883 mutari
1796 1846 1898 1883 non
1943 1841 2137 1899 potest;
2166 1826 2218 1891 Β
2246 1843 2579 1908 suspicetur,
2631 1855 2931 1910 quanquam
2979 1840 3197 1895 minime
3252 1839 3543 1906 suspicacis
3600 1839 3775 1905 ingenii.

552 1925 857 1993 principium
885 1925 937 1976 in
958 1941 1009 1978 se
1038 1932 1225 1988 manet,
1259 1934 1303 1975 et
1336 1923 1539 1975 innovat
1567 1922 1770 1988 omnia;
1820 1922 2133 1992 principium

551 2028 621 2071 est
655 2018 735 2070 cui
758 2018 950 2069 dictum
978 2024 1081 2070 est:
1109 2015 1187 2068 Tu
1215 2025 1385 2068 autem
1419 2014 1554 2066 idem
1583 2016 1691 2082 ipse
1723 2030 1773 2067 es
1818 2024 1866 2067 et
1915 2017 2036 2067 anni
2058 2015 2133 2067 tui

551 2128 650 2163 non
682 2110 935 2177 deﬁcient.
964 2107 983 2179 ]
1017 2108 1105 2161 Hae
1136 2117 1261 2161 sunt
1288 2105 1507 2177 argutiae
1541 2107 1770 2160 hominis
1809 2104 1995 2159 Graece
2039 2120 2135 2160 ne-

550 2202 790 2265 scientis,
824 2212 879 2252 ut
906 2200 1090 2267 Optimi
1134 2200 1331 2267 quique
1372 2199 1693 2267 interpretes
1724 2196 1924 2250 dudum
1953 2204 2136 2250 osten-

551 2293 762 2345 derunt.
797 2290 1013 2359 Accepit
1036 2301 1209 2344 tamen
1244 2291 1566 2359 Augustinus
1593 2291 1766 2368 ἀρχὴν
1797 2304 1915 2344 εεεε
1943 2289 1995 2343 in
2042 2305 2134 2344 ac-

552 2386 791 2439 cusativo
816 2400 831 2447 ;
855 2384 1197 2452 quamobrem
1222 2390 1373 2451 putat
1392 2381 1665 2436 Christum
1698 2382 1768 2435 ita
1792 2382 1957 2450 loqui,
1983 2384 2137 2452 quasi

551 2474 928 2529 antecessisset
958 2475 1145 2528 credite
1198 2489 1294 2537 me,
1348 2474 1620 2539 nimirum,
1664 2473 1995 2542 principium.
2029 2474 2136 2528 Sed

552 2572 641 2640 qui
671 2570 856 2624 Graece
898 2568 1071 2622 sciunt
1100 2578 1297 2623 norunt
1323 2566 1550 2621 solemni
1598 2566 1716 2636 ejus
1759 2565 1953 2636 lingua:
2005 2581 2134 2621 con—

552 2662 859 2725 suetudine,
916 2658 1336 2714 subaudiendum
1368 2660 1521 2723 κατὰ,
1570 2657 1715 2727 quod
1745 2672 1850 2711 non
1879 2672 2013 2727 opus
2057 2666 2143 2712 est

552 2755 797 2824 pluribus
848 2754 1094 2816 ostendi;
1129 2768 1232 2806 non
1283 2752 1426 2805 enim
1479 2751 1763 2806 scribimus
1791 2751 1844 2805 in
1874 2750 2136 2805 Joannem

552 2848 647 2902 sed
695 2846 869 2901 obiter
911 2846 1242 2901 ostendimus
1293 2845 1409 2899 sine
1455 2843 1760 2913 cognitione
1814 2842 2135 2910 linguarum,

554 2942 711 2996 inane
741 2956 860 2995 esse
886 2954 1110 2993 acumen
1138 2938 1467 3005 Scripturam
1498 2937 1989 3005 interpretantium.

627 3034 876 3089 Tractatu
898 3034 983 3089 45,
1009 3032 1037 3103 §
1064 3030 1300 3107 l7..Non
1321 3030 1471 3094 dixit,
1496 3038 1778 3097 antequam
1803 3027 2139 3082 Abrahamus

556 3138 719 3195 esset,
749 3143 847 3198 ego
895 3142 1081 3191 eram;
1133 3126 1262 3178 sed:
1321 3134 1606 3193 antequam
1637 3122 1907 3176 Abraham
1963 3121 2138 3185 ﬁeret,

2240 1934 2437 1989 multos
2466 1931 2800 1993 Christianos
2842 1931 3027 1995 fuisse,
3058 1947 3164 1985 non
3215 1930 3339 1999 quia
3379 1929 3627 1983 doctrina:
3663 1928 3777 1983 Chr:-

2239 2028 2426 2083 stianaa
2456 2026 2683 2082 veritate
2736 2026 3060 2094 introspecta
3089 2035 3273 2080 essent
3304 2024 3555 2092 perculsi,
3585 2024 3671 2076 sed
3691 2025 3779 2090 quia

2242 2120 2373 2176 utile
2398 2129 2535 2189 erat,
2572 2130 2853 2190 postquam
2882 2117 3176 2174 Christiani
3214 2131 3397 2171 rerum
3439 2115 3585 2183 potiti
3632 2126 3777 2177 erant;

2241 2229 2367 2268 cum
2399 2211 2645 2280 turpibus
2672 2211 2867 2266 fabulis
2920 2210 3065 2265 illico
3108 2222 3389 2263 assensum
3432 2206 3721 2275 przeberent,
3748 2205 3779 2258 si

2242 2306 2403 2360 modo
2433 2303 2795 2374 prodessent?
2853 2302 3278 2356 Dehonestarunt
3331 2298 3637 2365 religionem
3664 2296 3779 2350 Chri-

2242 2399 2495 2461 stianam,
2561 2396 2654 2465 qui
2715 2393 2874 2448 ﬁdem
2938 2394 2987 2447 ei
3046 2392 3148 2446 soli
3201 2390 3503 2445 habendam
3558 2387 3781 2457 quibusvis

2242 2488 2507 2557 ﬁgmentis
2536 2487 2782 2541 labentes
2810 2482 3303 2540 accommodat-unt.
3340 2480 3399 2535 Si
3426 2479 3678 2534 contraria
3691 2493 3780 2531 ont-

2243 2580 2330 2634 nia
2353 2579 2709 2633 credidissent
2733 2579 2908 2632 inesse
2937 2574 3271 2637 revelationi,
3296 2573 3461 2640 quam
3492 2570 3783 2641 proterebant

2243 2669 2554 2735 Christiani,
2588 2681 2691 2721 non
2724 2667 2884 2720 aliter
2905 2680 2968 2719 ea
2996 2673 3178 2719 essent
3209 2663 3467 2732 amplexi.

2316 2761 2566 2815 Tractatu
2594 2760 2718 2823 1‘20,
2740 2759 2804 2811 ad
2836 2756 3055 2811 Joannis
3084 2769 3203 2823 cap.
3228 2769 3319 2821 xx,
3359 2752 3451 2817 42,
3477 2751 3503 2822 §
3533 2752 3584 2806 5.
3609 2749 3781 2814 Quando

2234 2861 2350 2929 jam
2377 2863 2582 2925 prapter
2613 2868 2951 2921 parasceven,
2996 2866 3149 2919 quam
3197 2864 3397 2902 caenam
3440 2862 3614 2915 puram
3652 2842 3783 2898 Judai

2243 2946 2428 3000 Latine
2472 2944 2710 2998 usitatius
2739 2941 2879 3010 apud
2921 2957 3012 2994 nos
3058 2950 3261 3002 vocant,
3310 2940 3483 3007 facere
3513 2937 3606 2989 tale
3631 2932 3783 3000 aliquid

2246 3054 2348 3091 non
2377 3034 2620 3105 licebat.]
2658 3034 2834 3089 Multis
2855 3032 2921 3086 de
2967 3045 3256 3101 parasceve
3303 3031 3416 3098 egit
3459 3029 3568 3083 Jos.
3598 3026 3784 3093 Scaliger

2246 3128 2314 3184 de
2339 3127 2565 3182 Emend.
2597 3127 2785 3193 Temp.
2816 3124 2911 3179 lib.
2942 3139 3016 3184 νι,
3058 3138 3179 3191 pag.
3212 3121 3342 3187 564,
3376 3120 3463 3174 ed.
3498 3120 3784 3174 Roveriaua.

556 3222 642 3291 qui
668 3222 769 3273 ηἱδὶ
819 3236 907 3289 per
937 3233 1017 3271 me
1060 3234 1161 3271 ηοη
1199 3217 1364 3286 ﬁeret.
1419 3230 1519 3283 ego
1570 3211 1753 3283 ευιιιο]
1801 3213 1900 3277 Qui
1953 3211 2140 3266 Graece
2167 3195 2219 3265 (ἶ
2247 3218 2461 3273 Prolato
2492 3216 2593 3271 hoc
2616 3214 2894 3283 Augustini
2921 3214 3040 3268 loco
3065 3211 3280 3266 subdit:
3320 3230 3340 3261 ι
3384 3212 3546 3265 Vetus
3575 3211 3786 3277 interpres

556 3315 734 3369 sciunt
764 3320 959 3366 norunt
1001 3310 1222 3363 verbum
1249 3310 1480 3378 γενέσθαι
1506 3304 1726 3374 perinde
1755 3318 1874 3359 esse
1903 3318 1964 3356 ac
1992 3298 2140 3369 εἶναι,

558 3420 619 3458 ac
661 3404 883 3472 proinde
940 3402 1143 3471 argutia
1196 3400 1310 3452 hate
1368 3398 1553 3451 Latine
1606 3404 1809 3450 tantum
1855 3394 2142 3449 scientibus

560 3496 870 3560 tolerabilis,
898 3510 925 3546 a
954 3494 1155 3549 Graecis
1176 3492 1457 3547 exsibilata
1509 3492 1699 3546 luisset
1726 3503 1739 3546 :
1792 3490 2141 3557 quematlmo-
2169 3474 2173 3482 ’

559 3592 682 3643 dum
713 3587 895 3643 Fausti
922 3587 1101 3642 Sociui
1155 3583 1523 3653 interpretatio
1556 3582 1710 3648 hujus
1743 3580 1842 3634 loci
1870 3580 1937 3633 ab
1963 3578 2137 3632 omni—

560 3682 658 3735 bus
685 3681 941 3749 rejicitur,
969 3678 1057 3747 qui
1086 3677 1251 3730 voluit
1279 3676 1439 3729 etiam
1488 3673 1624 3728 verti
1680 3686 1946 3741 antequam
1977 3672 2141 3723 Abra-

559 3777 678 3825 ham
709 3773 870 3839 ﬁeret,
893 3783 1192 3837 quanquam
1224 3766 1330 3819 alio
1355 3765 1511 3834 plane
1540 3777 1717 3818 sensu.

629 3862 879 3916 Tractatu
910 3861 998 3921 47,
1032 3857 1058 3927 §
1100 3856 1153 3911 4.
1180 3854 1301 3925 Ipse
1327 3853 1577 3907 Dominus
1602 3854 1671 3906 ibi
1694 3854 1813 3922 fuit,
1842 3854 1909 3905 ibi
1934 3861 2142 3905 matrem

560 3953 729 4025 elegit,
775 3952 843 4003 ibi
886 3950 1107 4016 concipi,
1147 3948 1217 3999 ibi
1268 3947 1430 4009 nasci,
1472 3946 1539 3998 ibi
1579 3944 1875 4013 sanguinem
1929 3943 2144 4011 fundere

559 4048 736 4112 voluit,
763 4046 831 4098 ibi
860 4053 974 4097 sunt
1004 4041 1209 4111 vestigia
1238 4043 1370 4111 ejus,
1402 4032 1561 4091 modo
1591 4036 1892 4097 adorantur,
1927 4034 2010 4086 ubi
2051 4050 2145 4085 no-

561 4139 759 4192 vissime
801 4137 954 4201 stetit,
1015 4134 1148 4186 unde
1196 4130 1457 4184 adscendit
1514 4132 1568 4181 in
1621 4129 1818 4181 cmlum.
1848 4124 1867 4197 ]
1901 4126 2143 4179 Editorcs

561 4228 890 4284 Parisienses
916 4227 1201 4279 observant
1245 4223 1311 4275 de
1338 4220 1577 4288 vestigiis
1616 4219 1669 4272 in
1721 4219 1912 4272 Oliveti
1960 4226 2144 4271 monte

562 4323 725 4375 humo
779 4317 1051 4386 impressis
1102 4315 1429 4369 mentionem
1478 4312 1595 4364 ﬁeri
1652 4310 1886 4363 etiamin
1917 4309 2053 4363 libro
2076 4309 2144 4363 de

563 4412 695 4467 locis
724 4409 1018 4473 Hebraicis,
1048 4408 1185 4460 inter
1216 4403 1525 4473 Hieronymi
1547 4417 1732 4470 opera.
1768 4402 1932 4455 Recte
1960 4401 2144 4454 dicunt

562 4506 614 4560 itl
642 4520 776 4582 opus
801 4518 919 4557 esse
958 4502 1087 4553 inter
1146 4498 1449 4567 Hieronymi
1503 4510 1677 4563 Opera,
1730 4508 1851 4547 nam
1902 4508 2007 4547 non
2061 4503 2144 4547 est

2246 3309 2403 3364 Joan.
2436 3306 2831 3378 Chrysostomi,
2858 3320 3109 3359 sermone
3139 3306 3189 3357 in
3220 3304 3456 3357 natalem
3485 3302 3690 3373 Joannis
3712 3301 3787 3353 Ba-

2247 3402 2459 3469 ptistzr:
2492 3399 2604 3464 Qua
2650 3399 2783 3450 enim
2823 3397 2905 3449 die
2950 3407 3218 3465 conceptus
3244 3404 3315 3447 est
3356 3393 3622 3455 Dominus,
3651 3391 3789 3442 eadem

2246 3493 2327 3547 die
2354 3502 2400 3546 et
2430 3508 2608 3562 passus
2637 3499 2728 3544 est.
2762 3487 2959 3541 Eadem
2981 3490 3091 3557 ipsa
3121 3487 3227 3540 dies
3262 3500 3421 3540 caena
3455 3499 3580 3554 pura
3619 3484 3721 3551 fuit,
3747 3482 3787 3532 in

2245 3603 2345 3655 qua
2375 3594 2419 3637 et
2446 3586 2568 3637 luna
2595 3592 2775 3653 quarta
2811 3581 3011 3634 decima
3041 3579 3284 3633 occurrit.
3335 3577 3503 3632 Vides
3540 3588 3789 3645 parauerat

2246 3677 2460 3746 proprie
2486 3676 2590 3728 dici
2630 3684 2839 3740 tempus
2885 3671 3026 3740 quod
3080 3670 3584 3738 advesperationnm
3616 3667 3733 3719 inter
3752 3671 3791 3716 et

2246 3770 2413 3825 solem
2452 3782 2700 3823 occasum
2732 3764 3067 3833 interiectum
3105 3771 3255 3817 est...
3318 3761 3530 3830 Alioqui
3568 3775 3791 3827 καταχρη-

2246 3871 2434 3920 στικῶς
2461 3860 2539 3912 vel
2569 3858 2853 3921 ἰδιωτικῶς,
2884 3866 2999 3931 tota
3022 3856 3182 3908 etiam
3234 3853 3348 3908 dies
3386 3851 3604 3907 Veneris
3636 3847 3789 3901 dicitur

2246 3957 2566 4027 παρασκευὴ,
2599 3950 2784 4003 saltem
2818 3948 2884 4001 ab
2914 3947 3044 4001 hora
3081 3955 3254 4014 sexta,
3282 3954 3339 3999 ut
3369 3954 3453 3999 est
3483 3943 3617 4012 apud
3662 3939 3790 3993 Joan-

2250 4060 2391 4097 nem.
2428 4044 2607 4111 ltaque
2655 4056 2714 4095 ea
2743 4040 2937 4093 dicitur
2964 4043 3264 4114 παρασκευὴ
3294 4046 3579 4106 antequam
3608 4028 3789 4089 venerit,

2246 4150 2365 4189 cum
2397 4134 2608 4203 proprie
2640 4134 2855 4186 iniverit
2892 4135 2990 4187 ἀπὸ
3021 4133 3197 4191 ἐνάτης
3221 4132 3379 4204 ὥρας,
3408 4145 3527 4198 qua:
3567 4124 3791 4179 dicebatur

2251 4238 2408 4288 mm
2432 4268 2445 4291 ,
2476 4227 2527 4279 id
2556 4234 2638 4280 est
2661 4225 2878 4279 oblatio.
2901 4224 3035 4277 llinc
3056 4222 3308 4288 deinceps
3330 4235 3364 4272 a
3385 4233 3522 4273 nona
3547 4218 3665 4271 liora
3688 4225 3789 4282 opus

2248 4323 2422 4375 facere
2455 4332 2559 4372 non
2586 4317 2779 4370 licebat
2807 4317 2859 4395 in
2886 4315 3227 4387 προεορτίοις,
3262 4319 3319 4363 ut
3347 4309 3552 4364 diserte
3579 4313 3732 4360 exstat
3752 4302 3789 4355 in

2247 4413 2542 4468 canonibus
2573 4410 2915 4463 Hebrmorum
2942 4424 2955 4459 :
2992 4405 3293 4473 Quicunque
3344 4402 3472 4473 facit
3499 4416 3618 4472 opus
3652 4398 3699 4450 in
3732 4409 3793 4447 vt-

2248 4506 2405 4575 speris
2442 4504 2787 4563 sabbatorum,
2837 4511 2884 4554 et
2934 4500 3131 4551 dierum
3179 4498 3429 4565 festorum
3476 4495 3537 4547 ab
3582 4491 3793 4545 oblatione

563 4558 729 4669 ipsitis
760 4568 1090 4663 Hieronymi,
1123 4590 1215 4659 qui
1264 4587 1315 4641 in
1363 4602 1427 4641 eo
1457 4587 1617 4640 etiam
1649 4586 1913 4638 laudatur.
1958 4584 2140 4638 Exstat

2247 4599 2609 4669 vespertina,et
2634 4596 2791 4659 ultra,
2818 4610 2919 4646 non
2948 4592 3133 4645 videbit
3162 4606 3390 4658 unquam
3422 4589 3603 4641 bonum
3628 4584 3794 4652 signum

564 4702 693 4745 tom.
757 4688 822 4742 lll
865 4700 1088 4755 operum
1151 4679 1458 4750 Hieronymi
1517 4679 1572 4731 in
1621 4678 1854 4733 editione
1903 4676 2143 4742 Erasmi,

565 4781 954 4852 subjiciturque
982 4775 1120 4829 libro
1147 4773 1212 4828 de
1242 4772 1374 4825 locis
1417 4769 1708 4834 Hebraicis,
1741 4777 1795 4824 et
1816 4768 2142 4834 inscribitur,

566 4878 631 4932 de
666 4870 815 4931 Actis
843 4868 1231 4941 apostolorum.
1273 4864 1343 4920 Ut
1394 4864 1566 4918 dicam
1592 4863 1732 4933 quod
1771 4863 1998 4929 videtur,
2030 4875 2147 4914 cre-

566 4973 791 5028 diderim
816 4967 973 5037 paulo
998 4972 1121 5017 ante
1144 4961 1261 5014 hazc
1286 4968 1546 5027 tempora,
1576 4972 1680 5011 non
1708 4957 1763 5011 in
1792 4955 1973 5011 Iudaea
2004 4957 2139 5023 ipsa,

567 5083 664 5123 nec
696 5068 745 5119 in
776 5061 963 5116 vicinis
1011 5054 1319 5127 provinciis,
1370 5051 1465 5107 sed
1503 5051 1709 5120 procul,
1740 5049 1969 5118 cmpisse
2020 5045 2145 5113 ﬁngi

569 5159 707 5231 quod
730 5156 988 5225 jactatum
1037 5156 1222 5220 postea
1250 5153 1354 5206 est,
1406 5152 1549 5197 tanta
1588 5143 1872 5196 verborum
1929 5151 2141 5209 pompa,

569 5229 635 5307 de
665 5248 971 5304 inventione
1014 5241 1188 5299 crucis
1236 5239 1435 5292 Christi
1485 5236 1551 5291 ab
1582 5235 1775 5290 Helena
1805 5229 2145 5288 Constantini

570 5352 757 5408 matre,
787 5340 958 5410 deque
983 5336 1129 5389 hisce
1157 5331 1391 5401 vestigiis
1419 5330 1665 5385 abeuntis
1681 5326 1899 5382 Christi.
1928 5323 2143 5391 Alioqui

572 5451 677 5489 non
708 5432 866 5487 modo
914 5428 1171 5484 Eusebius
1215 5426 1326 5478 hac
1357 5425 1406 5476 in
1437 5424 1544 5475 vita
1574 5416 1927 5482 Constantini,
1959 5417 2008 5468 in
2038 5429 2141 5483 qua

573 5541 739 5597 usque
783 5523 916 5578 adeo
966 5536 1090 5575 eum
1138 5519 1499 5585 Helenamque
1550 5513 1784 5578 extollit,
1835 5508 2045 5578 agitque
2076 5506 2144 5561 de

574 5616 905 5674 Ecclesiisin
936 5612 1209 5669 Palaestina
1238 5612 1305 5664 ab
1332 5611 1431 5662 hac
1456 5606 1752 5669 aediﬁcetis,
1779 5616 1886 5655 non
1930 5600 2143 5652 omisis-

574 5723 687 5777 set;
714 5710 807 5765 sed
851 5723 947 5763 nec
993 5706 1152 5762 etiam
1186 5704 1552 5771 Hieronymus,
1586 5716 1689 5753 non
1721 5696 1959 5751 modicus
1991 5694 2138 5746 loco-

576 5822 691 5860 rum
724 5803 1003 5873 iusignium
1033 5800 1225 5855 Judatae
1273 5796 1611 5862 prmdicator.
1668 5792 1792 5845 Haec
1842 5801 2018 5843 autem
2074 5785 2138 5839 ﬁ-

2246 4689 2626 4745 bcnedictiom‘s.
2662 4687 2738 4739 Ex
2760 4684 2950 4754 quibus
2975 4693 3124 4751 potes
3154 4680 3434 4750 percipere
3464 4690 3623 4747 quare
3643 4676 3792 4741 Augu-

2248 4786 2419 4837 stinus
2447 4779 2658 4834 dicebat
2701 4777 3055 4831 acceleratum
3112 4782 3324 4841 tempus
3373 4769 3682 4837 sepultura);
3722 4775 3788 4823 ne,

2249 4874 2473 4936 scilicet,
2496 4884 2588 4924 eos
2619 4869 2708 4937 qui
2731 4867 2999 4921 Christum
3031 4863 3097 4917 de
3126 4877 3286 4916 cruce
3314 4860 3685 4930 deposui-rant,
3714 4865 3788 4919 op-

2253 4969 2505 5037 primeret
2536 4965 2565 5022 ri
2595 4961 2765 5025 ἐνάτη,
2819 4959 2935 5012 sive
2965 4967 3159 5015 rit-utan
3186 4965 3267 5018 ny
3292 4964 3504 5021 tempus
3550 4941 3791 5001 oblationis

2251 5056 2594 5124 vespertinae,
2625 5069 2653 5106 a
2684 5067 2789 5122 quo
2821 5060 3061 5118 tempore
3099 5062 3235 5114 Opus
3284 5048 3461 5101 facere
3506 5044 3646 5098 nelas
3683 5044 3788 5093 erat.

2251 5152 2377 5206 Haec
2406 5149 2488 5203 vir
2507 5162 2745 5202 summus
2786 5160 2852 5201 ex
2877 5143 3118 5198 doctrina
3140 5140 3470 5201 Judteorum,
3500 5150 3614 5205 quae
3652 5128 3794 5185 falsis-

2254 5244 2386 5295 sima
2410 5247 2516 5303 est,
2545 5246 2600 5291 ut
2623 5236 2791 5306 liquet
2810 5250 2876 5289 ex
2897 5232 3084 5286 Matth.
3128 5244 3296 5292 xxvn,
3325 5228 3415 5293 46,
3450 5236 3502 5279 et
3544 5224 3689 5277 Marc.
3718 5228 3788 5275 XV.

2254 5334 2344 5401 54,
2375 5332 2517 5387 unde
2545 5331 2714 5399 liquet
2739 5337 2859 5398 post
2884 5340 3078 5380 nonam
3109 5323 3325 5377 demum
3361 5321 3521 5375 luisse
3558 5313 3786 5401 sepultura

2254 5396 2541 5479 Christum.
2574 5396 2777 5477 bierunt
2796 5417 2955 5473 etiam
2989 5422 3353 5469 commentum
3382 5417 3486 5475 est,
3511 5404 3641 5477 quod
3687 5396 3787 5451 dicit

2254 5516 2466 5584 proprie
2494 5514 2687 5569 dictam
2712 5508 3137 5579 prwparationem
3163 5504 3327 5562 fuisse
3354 5510 3575 5570 quatuor
3610 5491 3785 5546 ultimas

2253 5608 2414 5662 horas
2435 5606 2539 5661 diei
2568 5602 2793 5657 Veneris
2818 5617 2833 5665 ;
2864 5613 2987 5653 cum
3016 5612 3120 5650 non
3149 5602 3418 5655 occurrat,
3452 5589 3552 5667 nisi
3587 5600 3672 5654 pro
3702 5584 3787 5631 ιοιλ

2251 5698 2337 5752 die
2368 5693 2607 5750 Veneris.
2637 5690 2905 5746 Caeterum
2941 5687 3235 5757 Augustino
3267 5697 3478 5753 quoque
3520 5679 3653 5747 prius
3690 5680 3786 5732 ρετ·

2255 5782 2741 5841 suaseruntJudmi.
2782 5781 2845 5834 Hi
2889 5789 3065 5833 autem
3117 5792 3312 5831 ccenam
3359 5788 3541 5845 puram
3568 5760 3787 5821 vocab:mi
