3954 6364
267 353 352 411 565

909 343 1268 405 VARIORUM
1310 333 1909 400 EXERCITATIONES
1945 336 2010 393 IN
2050 336 2106 392 S.
2150 325 2516 394 AUGUSTI!“
2551 331 2799 389 OPERA.

3385 325 3488 385 366

265 483 559 539 parasceven,
585 464 727 538 quod
767 463 964 521 ethnici
991 477 1188 518 omnem
1217 473 1399 530 puram
1428 459 1672 512 dicerent
1697 462 1822 526 qute‘
1843 457 1890 516 Α
1921 453 2020 506 bus
2049 451 2137 520 qui
2159 445 2258 520 pro
2278 448 2490 519 scriptis
2519 455 2724 518 postea,
2749 451 2998 516 tanquam
3015 432 3119 512 pro
3149 439 3255 497 aris
3276 449 3329 497 et
3356 437 3495 497 focis

263 563 606 635 apponebatur
627 560 692 615 iis
712 561 800 630 qui
823 557 945 613 festi
967 556 1192 624 alicujus
1214 565 1374 607 causa
1397 552 1449 604 in
1472 558 1618 603 casto
1643 554 1817 612 erant,

262 657 386 728 quod
415 655 586 712 Graeci
635 653 886 708 dicebant
915 651 1138 724 ἁγνεύειν
1177 655 1232 702 et
1275 647 1623 719 προτί-δεύειν,
1653 648 1732 694 ιη’
1755 637 1823 692 ad

1923 555 2173 613 pugnant.

1995 634 2254 701 Proposit.
2285 633 2374 689 44.
2424 631 2504 686 Ad
2556 632 2708 685 Rom.
2738 642 2832 696 vtt,
2882 634 2969 694 l9,
3009 627 3100 684 20‘.
3157 626 3316 682 Nunt:
3366 628 3501 681 enim

262 719 667 804 έειθδηιίοῃθπι
697 743 820 800 festi
864 757 926 797 se
956 719 1247 810 pararent;
1298 737 1440 791 unde
1486 736 1679 788 factum
1711 738 1827 784 erat
1923 725 2074 778 homo
2104 723 2404 777 describitur
2429 722 2522 774 sub
2551 720 2662 790 lege
2695 721 2888 792 positus
2915 729 3034 773 ante
3062 721 3303 793 gratiam.
3355 719 3502 772 Tunc

263 853 311 894 ut
333 839 495 895 διιάωὶ
529 838 666 891 idem
689 850 808 890 esse
833 839 1120 888 censerent
1140 843 1336 883 caenam
1365 835 1545 896 puram
1576 833 1629 878 et
1663 835 1826 890 appa-
1923 818 2058 871 enim
2079 816 2296 885 peccatis
2344 815 2583 879 vincitur,
2626 815 2750 866 dum
2801 813 2989 868 viribus
3037 815 3144 867 suis
3174 816 3315 883 juste
3345 814 3504 866 vivere

261 945 418 986 ratum
449 928 590 993 festi,
617 941 787 996 eoque
821 926 1038 979 nomine
1083 923 1224 976 diem
1258 918 1482 975 Veneris
1507 916 1823 971 vocitarent.

262 1027 312 1080 ln
354 1025 472 1078 aliis
527 1023 657 1077 nihil
712 1020 886 1074 simile
941 1029 1096 1085 erat,
1147 1023 1206 1070 ut
1256 1021 1403 1070 recte
1449 1010 1844 1065 animadvertit’

262 1115 717 1180 ls.Casaubonus,
757 1111 1041 1166 Exercitui.
1098 1115 1283 1162 contra
1333 1103 1649 1168 Baronium,
1700 1109 1827 1165 ιη,

262 1221 395 1261 num.
419 1206 506 1273 l6,
525 1219 680 1273 quem
711 1204 850 1256 vide.
876 1199 978 1255 Adi
1001 1210 1056 1252 et
1082 1197 1300 1252 Festum
1320 1196 1374 1249 in
1400 1209 1531 1249 voce
1555 1204 1754 1262 penem,
1775 1195 1848 1244 et‘

264 1299 489 1354 Fulvium
516 1295 764 1352 Ursinum
794 1296 842 1346 in
868 1289 1162 1361 appendice
1194 1287 1314 1343 libri
1336 1287 1450 1342 Pet.
1480 1282 1743 1339 Ciacconii
1764 1281 1838 1336 de'

265 1389 527 1445 Triclinia.

720 1469 1366 1530 ANIMADVEBSIONES

392 1609 440 1646 IN
469 1605 782 1644 TBACTATUS
819 1604 871 1642 IN
901 1601 1098 1641 ΡιιιιιΑιί
1131 1591 1422 1638 ΕΡΙΒΤὈΙΔΙΙ
1455 1593 1687 1634 ιοΔΝΝιε.

338 1706 575 1760 Tractatu
599 1703 652 1766 5,
678 1702 710 1773 ς’
735 1702 784 1757 1.
812 1699 1054 1770 Profiteri
1083 1699 1126 1752 si
1154 1715 1261 1752 esse
1285 1697 1393 1750 sine
1412 1705 1614 1766 peccato
1639 1696 1836 1762 pericu-

270 1800 416 1852 losum
437 1808 508 1852 est
533 1813 552 1860 ;
596 1807 643 1850 et
672 1812 770 1848 non
800 1802 964 1848 solum
1013 1790 1384 1862 periculosum,

265 1888 645 1960 domm.]-HOC
680 1898 764 1941 est
795 1884 1074 1940 mendacio
1124 1884 1359 1953 plenum,
1417 1890 1476 1935 ut
1516 1882 1646 1936 satis
1673 1880 1838 1946 liquet

263 1998 376 2036 cum
400 1998 463 2035 ex
491 1981 860 2050 sequentibus,
891 1988 998 2031 tum
1028 1992 1097 2031 ex
1140 1976 1465 2046 proprietate
1493 1975 1639 2029 vocis
1665 1989 1679 2036 ;
1715 1988 1837 2025 nam

262 2072 569 2130 deducenda
600 2087 629 2125 a
657 2071 916 2137 mendum,
941 2068 1083 2138 quod
1124 2067 1386 2121 interdum
1423 2064 1612 2118 falsum
1640 2061 1842 2131 signill-

262 2177 363 2220 cat.
393 2165 525 2218 Vide
549 2171 724 2216 notata
765 2177 796 2216 a
828 2161 982 2214 Joan.
1011 2158 1223 2213 Clerico
1265 2157 1322 2211 in
1367 2156 1525 2225 epist.
1586 2155 1844 2208 Barnabas

262 2273 378 2326 cap.
405 2256 464 2309 2.
494 2254 673 2308 Multis
703 2252 756 2306 in
788 2252 890 2304 hoc
920 2251 1038 2305 loco
1069 2250 1178 2319 agit
1211 2246 1538 2316 Augustinus
1559 2255 1614 2299 ut
1639 2244 1848 2312 redigat.

264 2351 316 2404 in
346 2347 684 2405 concordiam
716 2345 976 2401 Joannem
1001 2344 1270 2398 dicentem
1297 2343 1315 2394 l
1341 2339 1514 2409 Epist.
1554 2353 1674 2407 cap.
1707 2353 1741 2401 ι,
1771 2338 1869 2392 8:.

264 2444 324 2496 Si
348 2444 631 2496 dixerimus
666 2441 788 2509 quia
829 2446 1087 2505 peccatum
1136 2453 1238 2489 non
1285 2434 1546 2497 habemus,
1579 2448 1669 2484 nos
1711 2433 1850 2499 ipsas

263 2536 556 2589 seducimus
583 2542 631 2587 et
651 2533 834 2586 veritas
857 2532 910 2583 in
935 2530 1080 2584 nobis
1105 2545 1208 2582 non
1233 2536 1325 2592 est,
1351 2535 1402 2580 et
1429 2539 1548 2593 cap.
1576 2539 1656 2587 tu,
1679 2524 1733 2587 9,
1758 2537 1852 2576 ne-

260 2637 479 2697 gantem
521 2635 699 2679 natum
736 2639 797 2676 ea:
827 2623 933 2675 Deo
972 2636 1200 2691 peccare,
1249 2619 1571 2686 tandemque
1618 2617 1731 2669 haec
1754 2629 1852 2682 po-

261 2731 470 2772 strema
489 2715 651 2770 verba
697 2713 1043 2782 intelligenda
1072 2718 1257 2764 censet
1301 2708 1366 2761 de
1399 2716 1614 2774 peccato
1665 2719 1852 2760 contra

261 2814 545 2867 caritatem
600 2809 854 2879 proximi.
904 2805 1068 2860 Multo
1112 2805 1308 2858 melius
1356 2800 1688 2869 interpretati
1729 2807 1858 2852 sunt

262 2906 528 2958 Joannem
560 2902 652 2971 qui
688 2911 869 2954 natum
900 2914 968 2953 ex
997 2898 1108 2952 Deo
1139 2896 1327 2950 habitu
1377 2893 1634 2962 peccandi
1681 2891 1856 2944 delin-

266 3011 432 3064 quere
458 3000 677 3063 negant,
705 2991 801 3046 sed
825 3000 1026 3044 tantum
1051 2987 1225 3043 subita
1249 2987 1562 3052 tentatione,
1586 2991 1676 3036 aut
1702 2984 1856 3036 imir-

275 3091 480 3142 mitate.
511 3086 604 3140 Sic
631 3085 686 3139 in
713 3084 984 3154 plerisque
1007 3081 1281 3144 omnibus,
1305 3078 1496 3146 siquid
1529 3076 1684 3145 paulo
1713 3074 1858 3128 difﬁ-

286 3183 426 3235 cilius
454 3187 720 3243 occurrat,
759 3179 990 3244 cespitat
1042 3175 1212 3228 bonus

290 3274 460 3326 sertim
492 3271 639 3326 dicta
683 3268 799 3338 ejus
826 3283 948 3322 cum
986 3265 1349 3320 recentiorum
1399 3259 1862 3317 lucubrationibus

288 3362 642 3418 conferantur.

753 3444 1400 3506 ANIMADVERSIONES

493 3579 543 3618 ιιι
577 3576 963 3616 EXPOSI’I‘IONEI
992 3573 1260 3614 EPISTOLE
1297 3575 1374 3614 AD’
1393 3572 1653 3614 ΒΟΜΑΝΟΒ.

364 3673 466 3729 Hoc
494 3689 630 3743 opus
657 3673 971 3741 conscripsit
1022 3672 1302 3741 presbyter
1348 3670 1674 3740 Augustinus
1725 3670 1866 3724 circa

303 3778 480 3818 annum
519 3763 645 3828 594,
697 3778 818 3817 cum
851 3777 915 3816 ex
945 3761 1316 3816 communibus
1362 3758 1664 3814 notionibus
1719 3757 1868 3813 Scri-

305 3863 496 3920 pturam
520 3856 977 3922 interpretaretur.
1002 3853 1179 3919 Quare
1206 3851 1258 3904 in
1289 3865 1356 3906 eo
1380 3851 1544 3904 multa
1569 3849 1728 3904 habet
1749 3864 1871 3918 quae
1895 3840 1897 3842 ’

304 3962 441 4000 mere
462 3947 737 4015 Pelagiana
769 3953 912 4008 sunt,
942 3953 1001 3998 ut
1028 3944 1111 3998 vel
1133 3957 1200 3997 ex
1245 3941 1700 3997 Retractationum
1751 3941 1872 3996 loco

304 4036 511 4104 praeﬁxo
538 4035 837 4104 intelligere
866 4041 966 4088 est.
994 4033 1184 4087 Mirum
1216 4041 1298 4086 est
1320 4031 1588 4086 hominem
1611 4031 1700 4101 qui
1731 4045 1870 4084 nun-

301 4141 797 4197 quamaquoquam
851 4135 1133 4196 propterea
1187 4125 1468 4179 damnatus
1527 4124 1697 4178 fuerat
1721 4123 1873 4193 quasi

303 4220 595 4286 haereticus,
640 4221 750 4273 imo
773 4231 906 4272 vero
935 4217 1010 4273 ab
1026 4215 1274 4271 omnibus
1304 4217 1570 4283 laudatus,
1603 4225 1787 4285 postea
1816 4216 1870 4270 in

300 4314 479 4367 eadem
504 4313 748 4382 dogmata
773 4312 1037 4366 invectum
1069 4325 1208 4372 esse,
1254 4310 1403 4377 quasi
1451 4321 1571 4363 cum
1619 4309 1876 4376 religione

299 4403 588 4458 Christiana
618 4403 917 4457 consistere
968 4416 1070 4455 non
1117 4409 1353 4470 possent.
1383 4399 1439 4456 Si
1472 4413 1740 4470 nunquam
1793 4409 1874 4452 ta-
1911 4399 1915 4404 ’

301 4510 424 4549 men
449 4506 648 4550 exorta
678 4493 902 4548 fuissent
947 4494 1078 4548 rixae
1106 4494 1423 4562 Pelagianae,
1457 4495 1507 4546 in
1553 4493 1620 4547 iis
1661 4500 1874 4546 senten-

1927 920 2162 974 conatur,
2184 908 2292 961 sine
2313 907 2578 978 adjutorio
2605 903 2868 959 liberantis
2897 907 3077 975 gratia:
3106 904 3218 958 Dei.
3249 904 3315 957 In
3346 902 3504 956 libero

1927 1011 2094 1053 autem
2121 997 2331 1051 arbitrio
2352 996 2501 1050 habet
2546 1006 2599 1048 ut
2653 996 2825 1048 credat
2854 995 3134 1061 liberatori,
3182 1003 3230 1048 et
3285 995 3510 1062 accipiat

1928 1093 2168 1163 gratiam,
2200 1097 2277 1156 ut,
2299 1092 2413 1160 jam
2451 1086 2544 1142 illo
2577 1087 2664 1156 qui
2691 1102 2801 1140 eam
2830 1086 2988 1138 donat
3012 1085 3256 1139 liberante
3280 1093 3327 1138 et
3352 1086 3526 1152 artjua'

1929 1192 2092 1248 vante,
2127 1199 2228 1236 non
2253 1191 2439 1253 peccet,
2470 1189 2574 1235 etc.
2603 1179 2622 1251 ]
2652 1179 2774 1234 licet:
2795 1189 2917 1233 sunt
2948 1180 3222 1234 minimum
3269 1179 3525 1247 Semipe-‘

1931 1276 2296 1346 lagianismus,
2331 1275 2422 1344 qui
2459 1274 2505 1328 si
2537 1284 2661 1327 tunc
2707 1273 2961 1341 temporis
2992 1287 3094 1326 non
3125 1271 3416 1326 docebatur
3458 1273 3510 1325 in

1934 1369 2195 1433 Ecclesia,
2234 1381 2572 1436 summopere
2621 1366 2936 1421 temerarius
2981 1375 3095 1419 erat
3143 1367 3510 1434 Augustinus,

1933 1462 2021 1531 qui
2047 1460 2364 1530 loquebatur
2402 1458 2468 1512 de
2493 1473 2552 1513 re
2581 1467 2687 1512 tam
2717 1458 2883 1526 gravi,
2913 1453 3095 1510 contra
3125 1456 3358 1508 omnium
3392 1471 3514 1508 sen-

1841 1573 1843 1576 ί
1937 1551 2194 1616 tentiam;
2241 1557 2335 1604 aut
2386 1550 2432 1603 si
2473 1547 2785 1614 docebatur,
2818 1563 2921 1601 non
2949 1549 3103 1616 capio
3132 1547 3221 1616 qui
3273 1539 3516 1602 damnari

1937 1644 2207 1711 potuerint
2231 1642 2381 1711 quasi
2412 1653 2697 1694 novatorcs
2720 1651 2775 1695 et
2795 1640 3040 1694 exitiales
3078 1638 3313 1693 heretici
3345 1640 3433 1708 qui
3463 1638 3518 1695 id

1937 1734 2223 1802 docebant,
2249 1735 2388 1804 quod
2421 1746 2576 1789 antea
2607 1735 2802 1804 ubique
2833 1733 3122 1788 docebatur
3151 1742 3204 1788 et
3233 1734 3370 1803 quod
3395 1749 3517 1788 cum

1410 1789 1952 1879 .retietiammen-Bl
2055 1789 2058 1790 ⁷
2133 1789 2137 1790 “
2667 1789 2728 1838 .’
2885 1825 2900 1839 .

1959 1827 2094 1879 aude
2129 1835 2417 1879 scripserat
2457 1829 2805 1879 Augustinus.
2862 1825 2900 1878 (λ

1959 1827 2094 1881 aude
2129 1828 2417 1896 scripserat
2457 1826 2805 1896 Augustinus.
2862 1825 3124 1880 Caeterum
3176 1827 3315 1880 hunc
3344 1825 3519 1880 locum

1941 1922 2247 1974 retractavit
2278 1920 2625 1990 Augustinus,
2657 1928 2713 1971 ut
2737 1928 2790 1972 et
2820 1917 2918 1970 alia
2941 1917 3181 1988 quaedam
3214 1932 3330 1986 qua:
3360 1916 3520 1970 Pela-

1941 2012 2029 2081 gio
2063 2011 2333 2066 favebant.
2370 2011 2474 2065 Sed
2505 2010 2570 2062 ad
2604 2009 2746 2062 hunc
2778 2011 2947 2062 locum
2971 2009 3110 2077 quod
3142 2009 3353 2072 attinet,
3380 2008 3522 2076 opti-

1945 2101 2014 2152 mi
2036 2100 2572 2170 quiqueinterpretes
2609 2098 2690 2150 hic
2712 2111 2830 2151 esse
2876 2112 3001 2150 vere
3025 2082 3526 2169 μετασχημᾴτισμόν

1945 2200 2256 2258 agnoscunt,
2309 2205 2414 2258 quo
2468 2189 2662 2242 Paulus
2718 2188 2881 2242 veluti
2929 2190 2980 2242 in
3036 2205 3185 2242 suam
3244 2204 3524 2257 personam

1950 2282 2219 2344 transfert,
2257 2297 2374 2350 qua:
2411 2281 2477 2334 ad
2512 2281 2780 2333 hominem
2822 2296 2927 2333 non
2959 2291 3334 2351 regeneratum
3367 2281 3530 2350 perti-

1950 2384 2112 2440 nent;
2145 2376 2283 2442 quod
2309 2382 2463 2427 extra
2488 2389 2646 2426 omne
2677 2371 2896 2426 dubium
2928 2386 3242 2440 posuerunt.

1994 2470 1999 2475 “
2428 2463 3070 2518 ANIMADVERSIONES

2163 2571 2212 2611 IN
2254 2571 2634 2611 EXPOSITIONEH
2677 2571 2937 2611 EPISTOLII
2968 2575 3033 2611 AD
3069 2570 3319 2612 οΑιΑτΑε.

2028 2650 2174 2720 ξειι.
2221 2649 2497 2704 Profertur
2541 2650 2618 2704 sic
2658 2664 2803 2705 vers.
2856 2651 2922 2705 19
2962 2665 3083 2723 cap.
3127 2667 3205 2704 ill.
3255 2649 3422 2721 Epist.
3467 2649 3534 2708 ad

1956 2747 2222 2801 Galatas:
2280 2747 2418 2812 Quid
2461 2749 2624 2815 ergo?
2672 2746 2810 2813 Lex,
2865 2750 3283 2819 transgressionis
3335 2753 3543 2820 gratia,

1959 2839 2222 2906 praposita
2255 2847 2348 2902 est,
2381 2838 2540 2891 donec
2570 2839 2759 2892 veniret
2787 2855 2973 2902 semen,
3006 2840 3088 2892 cui
3109 2841 3414 2910 promissum
3441 2853 3538 2906 est,

1959 2926 2260 2998 dispositum
2289 2945 2379 2996 per
2405 2929 2612 2997 angelos
2643 2931 2692 2982 in
2723 2946 2878 2982 manu
2903 2930 3246 3003 mediatoris]
3271 2932 3364 2986 Est
3391 2947 3539 2990 mera

1959 3021 2299 3090 depravatio,
2347 3037 2467 3076 cum
2514 3023 2565 3075 in
2609 3021 3082 3090 interpunctione,
3141 3032 3251 3076 tum
3308 3024 3362 3077 in
3409 3023 3542 3080 voce

1961 3113 2286 3182 dispositum.
2350 3113 2536 3168 Graeca
2591 3115 2787 3168 habent
2840 3134 2851 3168 :
2903 3120 2962 3170 Ti
3009 3112 3092 3171 οὖν
3136 3118 3161 3172 ὁ
3215 3119 3389 3190 νόμος-ς
3443 3129 3544 3176 τῶν

1261 3171 1614 3241 Augustinus,
1641 3171 1687 3222 si
1719 3183 1857 3236 prae-
2046 3171 2055 3182 '
2153 3205 2162 3221 ,
2389 3207 2399 3222 ,
2853 3205 2878 3224 η
3062 3202 3088 3226 τ
3146 3171 3154 3172 κ
3375 3171 3389 3184 ,
3426 3171 3534 3228 ’-ω

1261 3278 1347 3286 -___
1399 3259 1859 3286 lunknﬂmmnm
1885 3191 1932 3254 (Ξ
1964 3206 2305 3280 παραϐασεων
2331 3228 2487 3280 χαριν
2507 3207 2813 3280 προσετεθη,
2845 3229 3006 3283 αχρις
3031 3230 3086 3262 ου
3110 3207 3229 3282 ἔλθῃ
3257 3233 3315 3266 το
3337 3232 3548 3286 σπερμα

1966 3297 2004 3371 ᾧ
2034 3299 2356 3371 ἐπήγγελται,
2390 3297 2646 3372 διαταγεὶς
2693 3298 2755 3354 δὲ’
2793 3300 3009 3372 ἀγγέλων
3049 3303 3099 3356 ἐν
3125 3306 3262 3372 χειρὶ
3307 3307 3544 3375 μεσίτου.

1968 3387 2190 3457 Vulgata
2223 3386 2514 3442 hodierna:
2547 3387 2683 3454 Quid
2704 3388 2862 3459 igitur
2884 3389 3004 3443 lex?
3030 3400 3238 3461 prapter
3267 3401 3550 3462 transgres-

1967 3483 2134 3534 siones
2165 3483 2332 3550 posita
2360 3490 2454 3545 est,
2495 3479 2657 3534 donec
2693 3481 2881 3535 veniret
2918 3499 3089 3536 semen
3119 3485 3202 3538 cui
3229 3488 3548 3557 promiserat,

1971 3572 2209 3625 ordinata
2245 3589 2333 3642 per
2361 3572 2570 3642 angelos
2615 3573 2670 3624 in
2714 3588 2868 3625 manu
2904 3574 3213 3628 mediatoris.
3270 3577 3444 3645 Atque
3480 3580 3553 3634 ita

1975 3662 2078 3731 legi
2109 3670 2361 3731 oportere
2386 3677 2476 3717 res
2506 3662 2620 3731 ipsa
2647 3663 2903 3728 ostendit,
2935 3665 3342 3734 agnovissetque
3373 3669 3553 3737 Augu-

1973 3757 2167 3821 stinus,
2193 3755 2234 3809 si
2261 3755 2511 3810 meliores
2537 3755 2750 3810 codices
2773 3756 3105 3811 contulisset.
3135 3755 3225 3812 Sic
3254 3759 3396 3812 enim
3424 3759 3553 3829 legit

1975 3847 2221 3914 Pelagius
2239 3847 2292 3901 in
2316 3846 2712 3901 Commentario
2736 3848 2799 3899 ad
2823 3847 2958 3900 hanc
2978 3848 3295 3916 Epistolam,
3328 3851 3370 3903 si
3393 3851 3553 3906 modo

1976 3941 2085 3995 illic
2113 3948 2314 3994 mutata
2350 3939 2465 4009 ejus
2496 3941 2659 3995 verba
2690 3955 2793 3994 non
2826 3940 3039 3994 fuerint.
3073 3941 3164 3996 Sic
3190 3957 3404 4011 quoque
3432 3946 3554 3996 Am-

1977 4033 2248 4084 brosiaster
2295 4031 2386 4086 ille
2424 4031 2577 4100 cujus
2606 4031 2992 4086 Commentarii
3031 4033 3082 4087 in
3118 4034 3380 4103 Epistolas
3407 4032 3554 4091 Pauli

1982 4121 2264 4175 Ambrosio
2313 4132 2439 4176 sunt
2483 4122 2778 4189 conjuncti.
2819 4121 2924 4178 Sed
2973 4124 3193 4192 perinde
3229 4135 3344 4178 erat
3379 4130 3557 4196 Augu-

1981 4214 2122 4267 stino
2151 4213 2630 4282 quomodocunque
2677 4214 2963 4282 legeretur,
2996 4229 3062 4268 ex
3110 4215 3384 4282 quibusvis
3433 4232 3556 4272 sen-

1981 4323 2098 4359 sum
2146 4306 2388 4374 quemvis
2427 4305 2625 4359 elicere
2677 4315 2882 4373 parato,
2929 4320 3028 4361 nec
3068 4307 3328 4361 orationis
3359 4310 3556 4364 seriem

1984 4396 2229 4454 evolvere
2256 4399 2487 4454 curanti.
2524 4400 2679 4465 Saepe
2708 4415 2813 4454 non
2854 4400 3064 4456 felicius
3094 4416 3310 4456 sensum
3342 4404 3556 4472 expedi-

1986 4492 2082 4554 vit,
2111 4492 2197 4544 ubi
2232 4503 2429 4545 rectam
2464 4491 2744 4545 lectionem
2777 4503 2992 4548 secutus
3019 4501 3120 4556 est,
3145 4507 3304 4561 quam
3346 4493 3434 4547 ubi
3463 4495 3561 4548 fal-

300 4587 392 4640 tiis
421 4597 651 4641 mortuus
673 4594 834 4640 esset.
861 4585 972 4639 lmo
999 4597 1134 4639 vero
1155 4585 1381 4639 fortasse
1405 4599 1672 4653 nunquam
1693 4584 1762 4638 ita
1791 4584 1872 4638 iu-
1899 4556 1955 4620 Β
1984 4597 2119 4635 sam.
2144 4585 2212 4634 At
2232 4582 2434 4636 laudari
2465 4597 2568 4636 non
2597 4583 2787 4651 potuit,
2812 4583 2952 4653 quod
2980 4597 3100 4638 cum
3122 4556 3266 4639 esset
3287 4587 3410 4648 tiro,
3437 4601 3558 4642 nam

297 4691 484 4732 vectus
512 4679 564 4732 in
595 4693 685 4732 eas
712 4676 920 4741 fuisset,
971 4676 1072 4729 nisi
1115 4677 1357 4746 Pelagius
1401 4675 1606 4745 aliquid
1656 4677 1708 4730 in
1756 4676 1872 4744 ejus

295 4769 512 4837 scriptis
528 4769 834 4837 carpsisset.
872 4768 925 4820 In
962 4765 1099 4821 libro
1144 4768 1210 4820 de
1245 4766 1397 4820 Dono
1443 4767 1870 4835 perseverantiae,

295 4873 424 4928 cap.
456 4863 539 4929 ‘20,
574 4877 720 4915 num.
752 4861 840 4926 5⁸5,
893 4869 1075 4913 narrat
1107 4859 1187 4912 his
1232 4860 1409 4913 verbis
1461 4860 1684 4927 primam
1738 4859 1874 4912 indi-

295 4953 495 5020 gnandi
524 4953 575 5006 in
596 4949 867 5019 Pelagium
909 4949 1243 5003 occasionem
1272 4965 1287 5000 :
1326 4949 1462 5015 Quid
1491 4964 1716 5001 meorum
1747 4965 1878 5017 opu-

293 5045 564 5095 sculorum
577 5042 889 5112 frequentius
914 5047 962 5092 et
981 5039 1328 5093 delectabilius
1351 5040 1664 5093 innotescere
1690 5041 1874 5110 potuit,

296 5145 458 5199 quam
482 5131 598 5184 libri
613 5129 1004 5200 Confasiomtm
1030 5144 1255 5182 mearum
1276 5131 1301 5183 .9
1323 5127 1450 5183 Cum
1471 5139 1518 5181 et
1547 5131 1684 5197 ipsos
1705 5129 1878 5183 edide-

300 5224 406 5274 rim
442 5233 708 5291 antequam
759 5221 1043 5294 Pelagiana
1089 5220 1297 5274 hceresis
1353 5222 1654 5287 exstitisset;
1701 5221 1756 5274 in
1805 5221 1890 5274 eis

303 5325 437 5367 certe
464 5315 608 5369 dixi:
639 5315 718 5369 DA
743 5327 881 5376 quon
904 5327 1059 5368 sanes
1089 5327 1157 5367 er
1180 5324 1305 5366 was
1330 5323 1466 5374 quon
1490 5326 1587 5366 vrs.
1619 5311 1748 5375 Qua:
1771 5329 1882 5366 mea

304 5405 452 5457 verba
502 5404 748 5477 Pelagius
778 5403 975 5469 Romae,
1008 5419 1120 5456 cum
1141 5420 1172 5456 α
1197 5404 1428 5472 quodam
1464 5403 1620 5471 fratre
1645 5411 1690 5456 et
1712 5403 1882 5472 coepi-

309 5510 464 5564 scopo
503 5513 613 5551 meo
662 5496 878 5567 fuissent
915 5511 974 5550 eo
1017 5507 1260 5564 praesente
1299 5504 1712 5561 commemorata,
1744 5498 1879 5565 ferre

313 5599 416 5637 non
438 5589 614 5654 potuit,
651 5595 700 5641 et
728 5587 1078 5640 contradicens
1118 5585 1720 5656 aliquanto-commotius,
1751 5601 1876 5656 pene

319 5693 431 5730 cum
454 5697 510 5734 eo
535 5683 620 5750 qui
643 5681 738 5734 illa
761 5688 1237 5734 commmoraverat
1278 5677 1513 5747 litigavit.
1547 5678 1682 5733 Hinc
1712 5681 1879 5748 prima

323 5771 462 5840 origo
497 5775 641 5840 mali,
685 5789 806 5827 nam
837 5773 964 5827 nihil
995 5772 1162 5842 magis
1191 5772 1451 5828 irritabile
1480 5780 1561 5826 est
1609 5773 1884 5844 scriptori-

1986 4673 2372 4744 expositionem
2417 4676 2550 4729 hanc
2591 4677 2882 4730 etiamnum
2913 4676 3196 4747 presbyter
3215 4678 3560 4746 conscripsit,

1985 4776 2038 4818 et
2086 4773 2346 4834 prieterea
2375 4763 2573 4818 Graecae
2627 4765 2818 4835 lingua:
2868 4767 3166 4835 imperitus,
3213 4767 3562 4823 difﬁcillimas

1988 4856 2119 4910 Νονὶ
2147 4855 2470 4911 Testamenti
2501 4857 2686 4924 libros,
2717 4858 2981 4926 Epistolas
3014 4858 3082 4912 ad
3112 4859 3382 4914 Romanos
3409 4870 3462 4914 et
3492 4861 3561 4914 ad

1985 4946 2220 5014 Galatas,
2246 4948 2588 5015 interpretari
2617 4963 2902 5016 aggressus
2927 4949 3016 5010 sit,
3043 4963 3108 5002 ne
3129 4950 3422 5004 emendatis
3447 4953 3566 5018 qui-

1983 5039 2106 5094 dem
2138 5037 2414 5093 codicibus
2443 5039 2543 5093 sibi
2571 5040 2915 5109 comparatis.
2949 5039 3073 5093 Haec
3102 5039 3218 5108 ejus
3247 5040 3362 5094 zelo
3395 5042 3566 5096 bono~

1983 5147 2091 5202 que
2132 5133 2312 5186 animo
2354 5131 2709 5187 condonanda
2737 5131 2998 5200 quispiam
3039 5131 3174 5186 forte
3205 5133 3563 5200 existimabit;

1989 5237 2089 5278 nec
2134 5222 2436 5288 intercedo,
2482 5223 2642 5275 modo
2679 5236 2746 5276 ne
2784 5221 3069 5276 laudentur
3097 5237 3215 5292 quae
3246 5223 3396 5278 venia
3430 5225 3568 5278 indi-

1988 5325 2148 5385 gent,
2193 5324 2284 5368 aut
2332 5329 2399 5370 ne
2442 5315 2810 5384 vituperentur
2856 5313 3107 5379 meliora,
3157 5314 3221 5369 iis
3268 5318 3564 5385 praesertim

1989 5405 2204 5471 collata,
2236 5405 2376 5474 quod
2423 5422 2450 5460 a
2489 5405 2668 5459 multis
2701 5415 2901 5472 tamen,
2950 5405 3230 5460 inscitiane
3260 5407 3456 5474 dicam,
3498 5421 3567 5462 an

1989 5498 2220 5568 partium
2250 5496 2464 5551 studio?
2499 5496 2610 5551 fieri
2639 5495 2798 5550 solet.

2059 5588 2202 5660 με).
2240 5581 2386 5642 Unde
2438 5597 2485 5642 et
2520 5585 2751 5641 Joannes
2791 5587 2856 5641 ad
2909 5586 3131 5642 Parthos
3171 5588 3292 5642 dicit
3321 5607 3340 5644 :
3379 5589 3567 5644 Scribo

1989 5681 2162 5745 vobis.
2194 5689 2393 5752 patres,
2423 5679 2546 5752 etc.]
2591 5679 2765 5734 Verba
2797 5680 3050 5735 exstanti
3079 5679 3234 5735 Joan.
3267 5697 3322 5746 η,
3359 5682 3444 5736 15.
3479 5680 3569 5737 Sic

1992 5782 2138 5830 recte
2168 5773 2367 5827 editum
2391 5764 2421 5826 a
2461 5771 2841 5836 Benedictinis,
2865 5787 2968 5827 non
3000 5773 3066 5825 ad
3097 5770 3296 5826 Patres.
3325 5769 3458 5825 Vide
3489 5771 3570 5826 in-
