3954 6364
458 326 561 384 567
1343 317 1898 378 SUPPLEMENTUM
1935 317 2027 374 AD
2065 316 2299 375 OPERA
2334 318 2392 374 S.
2437 314 2837 373 AUGUSTINI.
3585 320 3670 377 568

457 435 804 503 scriptionem
846 439 1161 490 tractatuum
1187 432 1238 487 in
1272 432 1410 487 hanc
1440 433 1611 502 ipsam
1641 433 1922 501 epistolam
1941 478 1956 501 ,
1983 441 2037 487 et
2065 436 2117 495 Α
2145 442 2239 495 est,
2274 442 2478 501 propter
2501 432 2730 502 culpam,
2765 429 2842 484 vel
2879 428 3181 501 hujusmodi
3205 428 3394 501 aliquid
3418 447 3577 501 passus
3597 435 3673 503 {ue-

458 528 546 582 adi
579 527 850 595 Hugonem
884 524 1149 587 Grotium,
1180 524 1525 591 interpretum
1565 524 1855 594 Scriptura
1884 523 2036 578 facile

459 619 782 690 principem,
804 617 868 671 ad
901 617 921 671 ι
948 618 1114 684 Epist.
1145 616 1387 672 Joannis.

531 712 558 784 §
589 712 675 767 64.
708 710 818 781 Ego
840 710 973 762 enim
996 708 1231 777 stigmata
1260 708 1468 762 Domini
1491 707 1616 762 Jesu
1637 706 1827 763 Christi
1852 708 1905 762 in
1926 724 2041 762 cor-

460 822 584 878 pore
610 820 718 857 meo
740 801 929 873 porto.]
955 800 1125 855 Verba
1150 810 1274 854 sunt
1295 801 1532 870 Apostoli
1559 800 1679 856 Gal.
1701 817 1751 855 γι
1768 841 1785 867 ,
1809 801 1896 868 17,
1919 815 2039 868 qua:

462 897 534 951 ita
567 896 941 961 interpretatur
970 892 1299 961 Augustinus
1324 908 1337 944 :
1367 890 1434 945 Id
1456 901 1550 959 est,
1573 890 1736 945 habeo
1762 890 1891 944 alios
1916 907 2039 944 con-

463 989 630 1057 ﬂictus
658 995 706 1039 et
734 984 1012 1039 certamina
1038 1000 1152 1036 cum
1177 1000 1327 1037 carne
1353 999 1482 1050 mea,
1513 998 1625 1052 quae
1646 983 1700 1035 in
1733 982 2039 1050 persecutio-

464 1080 608 1133 nibus
635 1093 761 1146 quas
801 1077 968 1147 patior
1003 1091 1199 1129 mecum
1228 1075 1492 1130 dimicant.
1527 1074 1619 1127 llis
1657 1074 1839 1138 lectis,
1883 1062 2042 1125 nemo

465 1185 570 1225 non
602 1176 876 1236 exspectet
907 1167 1257 1233 Augustinum
1287 1165 1585 1219 locuturum
1613 1163 1680 1217 de
1700 1160 2039 1231 stigmatibus

466 1260 721 1321 militum,
754 1258 821 1311 de
861 1256 1052 1326 quibus
1094 1257 1234 1310 hunc
1279 1255 1453 1310 locum
1486 1253 1723 1309 nonnulli
1772 1254 2037 1320 interpre-

468 1360 661 1406 tantur.
697 1352 802 1407 Sed
833 1350 952 1404 audi
989 1351 1265 1419 sequentia
1295 1368 1307 1401 :
1339 1348 1595 1421 Stigmata
1636 1348 1771 1401 enim
1798 1347 2041 1399 dicuntur

471 1454 602 1498 nota:
646 1444 877 1510 quasdam
924 1457 1182 1509 pinnarum
1230 1441 1523 1504 servilium;
1554 1446 1609 1492 ut
1654 1440 1697 1492 si
1744 1438 1879 1507 quis,
1907 1436 2041 1491 verbi

472 1537 661 1607 gratia,
690 1548 861 1586 servus
883 1532 936 1584 in
973 1531 1295 1599 compedibus
1321 1530 1472 1600 fuerit
1512 1537 1721 1600 prapter
1748 1543 1963 1592 noxam,
1989 1526 2043 1579 id

2146 524 2246 587 rit,
2272 523 2512 592 stigmata
2550 522 2734 575 habere
2759 520 2994 585 dicatur;
3020 528 3068 575 et
3092 522 3207 573 ideo
3232 525 3283 573 in
3301 523 3417 592 jure
3443 526 3677 577 manumiso

2146 615 2325 682 siom's,
2358 616 2615 685 inferioris
2643 623 2720 669 est
2751 614 2967 667 ordinis.
2999 614 3130 679 Quae
3161 622 3218 667 ut
3248 628 3372 667 vera
3402 614 3677 683 habeantur,

2148 706 2280 761 nihil
2303 717 2475 761 tamen
2504 706 2569 760 ad
2603 706 3091 774 interpretationem
3120 704 3239 775 ejus
3268 704 3478 759 faciunt.
3502 706 3563 759 At
3583 708 3683 764 hinc

2152 797 2408 866 colligere
2452 797 2655 867 potuit,
2699 796 2923 851 Paulum
2954 795 3055 851 hoc
3086 797 3245 860 velle,
3282 810 3482 849 servum
3512 812 3565 851 se
3585 812 3685 855 esse

2147 886 2374 953 Christi,
2403 888 2541 958 quod
2574 888 2815 957 stigmata
2848 888 3009 942 veluti
3054 904 3082 941 a
3128 886 3337 942 Christo
3380 888 3427 941 ei
3456 889 3682 957 impressa

2148 977 2536 1048 signiﬁcabant.
2561 978 2823 1033 Praeterea
2846 978 2934 1033 hic
2953 979 3193 1047 stigmata
3216 979 3575 1045 intellexerim,
3595 984 3687 1038 κατ’

2150 1071 2399 1125 ἀντίθεσιν
2428 1069 2492 1122 ad
2524 1070 2771 1137 stigmata
2804 1070 3175 1136 superstitiosa
3204 1068 3584 1123 idololatrarum
3603 1112 3615 1133 ,
3638 1072 3691 1127 de

2148 1162 2340 1231 quibus
2385 1161 2451 1215 Η.
2492 1160 2707 1216 Grotius
2747 1171 2803 1216 et
2844 1162 3007 1217 Henr.
3056 1162 3416 1216 llammondus
3452 1162 3513 1215 ad
3550 1163 3689 1231 Apoc.

2149 1269 2273 1319 xm,
2304 1253 2390 1307 15.
2414 1252 2682 1307 Caeterum
2719 1253 2959 1325 stigmata
2985 1268 3090 1307 non
3126 1254 3335 1323 proprie
3363 1252 3554 1306 vibices
3575 1254 3693 1307 dice-

2156 1345 2368 1409 bantur,
2401 1345 2494 1399 sed
2524 1345 2774 1415 inscripta
2805 1356 2997 1415 puncta
3020 1345 3212 1413 quibus
3240 1344 3500 1399 interdum
3523 1345 3692 1407 fugitivi

2152 1436 2293 1487 servi
2325 1435 2677 1499 notabantur;
2703 1435 2847 1491 unde
2874 1438 3173 1508 στιγματίαι
3194 1435 3341 1499 dicti,
3377 1444 3431 1487 ut
3458 1434 3694 1489 docebunt

2156 1525 2328 1581 Graeci
2355 1526 2735 1597 lexicographi.

492 1657 2573 1687 ,.________________.____—_—_—————-———————_

1497 1770 1609 1843 IN
1661 1769 2066 1841 TOMUM
2124 1771 2680 1855 QUARTUM.

606 2060 1008 2121 DESIDERIUS
1044 2058 1367 2115 ERASMUS
1396 2058 1487 2113 AD
1515 2057 1899 2114 LECTOREM.

538 2157 915 2214 Enarrationcs
951 2168 1224 2208 sacrorum
1256 2152 1583 2205 voluminum
1611 2150 1747 2219 apud
1793 2148 2045 2219 populum

468 2254 711 2317 habitas,
739 2266 872 2321 quas
900 2248 1075 2303 Grieci
1117 2253 1311 2300 vocant
1357 2245 1637 2310 homilias,
1668 2244 1822 2297 divus
1865 2242 2042 2311 Augu-

468 2348 641 2401 stinus
686 2343 919 2412 appellat
962 2347 1210 2393 tractatus
1235 2352 1254 2391 :
1291 2350 1390 2391 nos
1433 2338 1723 2389 conciones
1762 2348 2046 2404 possumus

468 2440 756 2510 appellare.
782 2436 837 2489 In
870 2435 952 2487 his
978 2434 1089 2487 fere
1117 2431 1360 2486 solebant
1386 2430 1574 2484 netarii
1604 2428 1742 2498 quod
1770 2426 2045 2481 dicebatur

472 2534 753 2601 excipere;
795 2540 1169 2595 nonnunquam
1202 2526 1288 2594 qui
1330 2522 1567 2578 dicturus
1592 2528 1740 2584 erat,
1772 2519 1858 2574 vel
1896 2528 2046 2573 ante-

471 2639 627 2695 quam
656 2622 884 2685 diceret,
913 2619 1185 2687 digerebat
1217 2616 1268 2668 in
1313 2614 1621 2669 schedulam
1651 2614 1788 2681 quod
1822 2613 2046 2681 parabat

471 2717 759 2779 disserere,
786 2712 870 2764 vel
893 2709 1031 2777 quod
1064 2709 1271 2762 dixerat
1300 2707 1491 2760 litteris
1524 2705 1830 2759 mandabat.
1862 2706 1915 2758 ln
1944 2706 2046 2758 hoc

470 2804 718 2861 dictionis
741 2816 957 2871 genere,
986 2800 1149 2853 multa
1172 2798 1365 2851 dantur
1394 2796 1615 2850 auribus
1642 2795 1900 2864 imperita!
1925 2809 2043 2861 pro-

470 2896 791 2961 mkcquue
834 2889 1207 2946 multitudinis.
1259 2888 1314 2942 ln
1359 2887 1542 2957 primis
1583 2887 1783 2954 aliquot
1827 2886 2045 2953 psalmis

470 2986 735 3039 astrictior
752 2993 833 3038 est
855 2992 909 3037 et
928 2984 1243 3036 accuratior.
1271 2981 1323 3033 In
1349 2978 1731 3050 posterioribus
1754 2978 2042 3032 identidem

467 3081 793 3148 exspatiatur
818 3078 871 3131 in
900 3076 1084 3145 longas
1107 3074 1487 3143 digressiones,
1522 3081 1723 3125 mutata
1744 3112 1759 3134 ,
1792 3081 1849 3125 ut
1880 3085 2041 3141 appa-

466 3181 577 3237 ret,
610 3169 900 3223 voluntate.
928 3167 1068 3235 Lege
1106 3165 1402 3234 diligenter,
1433 3163 1669 3229 reperies
1697 3176 1908 3217 arcana:
1937 3163 2039 3216 do-

467 3262 655 3322 ctrinae
685 3260 987 3315 thesaurum
1032 3256 1479 3311 inaestimabilem.
1513 3253 1662 3309 Vale.

926 3344 1569 3403 ANlMADVERSIUNES

834 3456 885 3493 IN
918 3452 1313 3493 ENABBATIONES
1341 3451 1391 3489 IN
1417 3448 1670 3489 PSALMOS.

532 3523 669 3588 Puto
713 3532 780 3586 ab
806 3531 1048 3594 Erasmo,
1078 3529 1293 3581 nomine
1331 3542 1532 3579 arcana:
1575 3527 1840 3595 doctrinm,
1886 3525 2041 3580 intel-

463 3629 554 3697 ligi
594 3640 782 3681 sensus
825 3624 1145 3693 psalmorum
1192 3620 1546 3687 allegoricos;
1581 3633 1705 3671 nam
1736 3618 1861 3685 quid
1898 3618 2038 3671 aliud

462 3722 550 3775 hic
578 3732 829 3772 arcanum
879 3713 981 3768 dici
1014 3712 1182 3781 pOsSil.
1223 3727 1329 3765 non
1362 3711 1635 3780 intelligo:
1678 3726 1849 3780 neque
1892 3713 2037 3765 enim

462 3811 530 3866 ad
577 3809 861 3863 litteralem
909 3818 1123 3858 sensum
1179 3802 1470 3856 eruendum
1519 3800 1806 3871 quidquam
1854 3811 1937 3855 est
1986 3801 2037 3855 in

462 3904 783 3976 psalmorum
817 3896 1250 3953 Enarrationibus
1294 3891 1433 3964 q'uud
1480 3908 1584 3947 non
1625 3893 1792 3948 cuivis
1834 3901 1891 3947 et
1922 3892 2040 3947 ubi-

462 4011 565 4066 que
611 3999 872 4047 occurrat.
918 3988 998 4042 Ad
1045 3986 1366 4055 theologiam
1414 4000 1540 4039 vero
1592 3996 1753 4054 atque
1808 3985 2035 4039 ethicam

462 4087 815 4142 Christianam
846 4080 987 4152 quod
1018 4080 1238 4145 attinet,
1272 4078 1401 4132 nihil
1429 4090 1511 4133 est
1556 4078 1641 4132 hic
1689 4080 1953 4133 reconditi
1983 4088 2039 4133 et

462 4177 684 4234 minime
733 4174 981 4242 vulgaris.
1031 4172 1195 4237 Sunt,
1229 4171 1510 4232 nimirum,
1545 4170 1923 4224 Enarrationes
1971 4169 2037 4223 ad

462 4266 650 4323 rudem
685 4264 1043 4331 plebeculam,
1076 4263 1350 4329 susiiensis
1388 4260 1605 4314 auribus
1646 4262 1821 4315 omnia
1853 4262 2038 4315 bibere

464 4368 699 4420 paratam
719 4395 733 4419 ,
763 4354 1170 4416 instituendam;
1195 4366 1299 4405 non
1330 4351 1502 4405 doctis
1529 4366 1592 4404 ac
1621 4365 1867 4406 verorum
1893 4351 2034 4405 Scri-

462 4426 631 4518 ptura:
663 4462 915 4502 sensuum
944 4444 1197 4499 studiosis
1226 4442 1456 4511 scriptas.
1490 4442 1602 4495 Duo
1632 4441 1758 4495 mihi
1789 4442 2038 4495 videntur

461 4555 491 4595 ιι
536 4540 856 4608 psalmorum
905 4537 1192 4602 interprete
1232 4548 1388 4602 posse
1430 4533 1705 4599 postulari.
1753 4531 1907 4586 Prius
1954 4540 2039 4586 est

462 4643 548 4693 ut,
581 4642 704 4684 ante
734 4628 939 4688 omnia,
972 4626 1214 4679 ostendat
1241 4626 1354 4691 quis
1386 4626 1455 4676 sit
1483 4639 1671 4678 sensus
1700 4622 1947 4693 proprius
1968 4636 2033 4677 ac

462 4721 864 4793 grammaticus,
911 4718 1003 4786 qui
1054 4717 1285 4768 litteratis
1330 4716 1508 4769 vocari
1557 4714 1712 4769 solet.
1771 4716 1817 4768 Is
1861 4724 2037 4768 autem

461 4832 651 4871 sensus
692 4814 911 4868 inveniri
942 4828 1045 4864 non
1088 4821 1292 4879 potest,
1326 4811 1422 4862 nisi
1453 4809 1734 4878 diligenter
1774 4808 2035 4862 Hebraica
2065 4793 2118 4855 Ῑ)

462 4908 833 4969 consolantur;
868 4916 1029 4971 utque
1061 4904 1261 4955 facilius
1291 4900 1671 4971 intelligantur,
1708 4902 2037 4969 interpretes

462 5001 697 5055 studiose
725 5000 860 5050 inter
883 5011 941 5050 se
984 4993 1344 5048 conferantur.
1383 4992 1512 5046 Nam
1546 5007 1764 5061 prorsus
1795 4992 2033 5061 pendere

462 5107 524 5144 ex
568 5090 755 5141 vitiosa
796 5087 933 5140 forte
982 5086 1260 5147 versione,
1291 5093 1411 5147 aut,
1443 5082 1582 5151 quod
1632 5083 1781 5151 pejus
1822 5091 1935 5146 est,
1968 5097 2033 5137 ex

464 5180 631 5249 ipsius
662 5178 919 5233 versionis
946 5191 1051 5230 non
1081 5174 1303 5228 meliore
1329 5176 1381 5227 in
1411 5174 1567 5227 aliam
1600 5172 1830 5241 linguam
1864 5181 2039 5225 trans-

465 5274 694 5335 latione,
739 5281 793 5325 et
843 5270 981 5323 velle
1027 5280 1202 5322 tamen
1267 5268 1596 5336 Scripturam
1664 5265 2033 5334 interpretari,

466 5368 570 5422 hoc
605 5364 842 5432 profecto
885 5374 967 5417 est
1013 5361 1065 5415 in
1110 5362 1343 5416 tenebris
1375 5360 1590 5413 micare.
1636 5356 1815 5426 Itaque
1844 5358 1908 5410 ad
1944 5373 2037 5411 au-

466 5459 698 5512 thentica
742 5466 795 5510 et
843 5454 1166 5523 autographa
1209 5453 1415 5521 Scripta
1446 5448 1876 5519 confugiendum.
1912 5450 2034 5505 Haec

406 5534 411 5543 ’
466 5560 643 5605 autem
675 5550 827 5617 plane
870 5549 1109 5618 neglecta
1165 5556 1288 5600 sunt
1329 5546 1396 5598 ab
1444 5545 1760 5613 Augustino,
1793 5553 1846 5599 et
1893 5544 2033 5614 quod

469 5658 574 5697 non
614 5652 787 5712 posset
830 5640 1142 5695 llebra’icum
1191 5647 1395 5692 textum
1440 5653 1501 5691 ac
1548 5639 1864 5705 interpretes
1912 5636 2033 5691 illos

471 5735 767 5801 consulere,
798 5740 852 5786 et
880 5732 1019 5805 quod
1057 5730 1222 5785 nollet
1266 5732 1317 5783 in
1350 5740 1507 5785 sensn
1552 5728 1765 5783 litterali
1800 5728 2025 5787 haerere.

2077 2061 2127 2122 B
2160 2058 2291 2115 Hinc
2333 2071 2511 2117 autem
2560 2064 2757 2119 factum
2788 2073 2904 2129 est,
2937 2078 3042 2119 non
3086 2072 3289 2117 tantum
3320 2060 3380 2117 u't
3420 2064 3702 2119 sententiam

2152 2153 2319 2221 ipsius
2370 2156 2554 2223 psaltse
2604 2165 2879 2211 assecutus
2927 2156 3121 2223 passim
3166 2170 3273 2209 non
3306 2155 3411 2220 sit,
3453 2156 3540 2209 sed
3570 2156 3703 2209 etiam

2150 2251 2212 2297 ut
2258 2259 2325 2299 ne
2373 2246 2517 2313 ipsos
2557 2248 2771 2317 quidem
2816 2246 2958 2302 LXX
3006 2248 3327 2316 interpretes
3376 2246 3703 2313 intellexerit,

2152 2350 2375 2405 quorum
2406 2352 2550 2407 saepe
2597 2339 2821 2394 barbara
2855 2354 2917 2394 ac
2943 2339 3172 2394 obscura
3218 2337 3499 2393 translatio
3542 2339 3704 2392 melius

2152 2432 2322 2484 multo
2356 2446 2422 2485 ex
2460 2432 2720 2488 Hebraico
2768 2443 2921 2487 textu
2965 2433 3300 2502 intelligitur,
3337 2447 3496 2499 quam
3535 2432 3578 2484 si
3614 2431 3704 2485 sola

2149 2520 2381 2591 legatur.
2413 2523 2676 2579 Prmterea
2708 2524 2796 2578 ubi
2824 2524 3067 2579 litteralis
3097 2539 3285 2578 sensus
3317 2523 3545 2591 simplex
3570 2532 3704 2593 atque

2148 2625 2370 2683 apertus
2401 2625 2516 2684 est,
2548 2616 2765 2671 minime
2797 2632 2932 2685 Opus
2963 2616 3063 2671 fuit
3103 2617 3194 2671 illo
3222 2616 3441 2672 deserto
3481 2616 3543 2669 ad
3576 2617 3705 2683 spiri-

2149 2707 2321 2761 tuales
2367 2708 2637 2777 divagari;
2678 2708 2819 2779 quod
2873 2719 3047 2763 tamen
3097 2720 3365 2779 perpetuo
3407 2709 3569 2763 ferme
3607 2707 3705 2762 facit

2148 2800 2476 2867 Augustinus
2498 2844 2511 2865 ,
2540 2811 2595 2855 et
2636 2802 2849 2870 quidem
2884 2802 2955 2855 ita
2998 2812 3053 2856 ut
3082 2802 3181 2857 sibi
3217 2812 3500 2869 prapterea
3541 2802 3705 2854 mirum

2152 2888 2205 2941 in
2235 2890 2446 2942 modum
2473 2891 2705 2959 plaudat.
2736 2890 2826 2946 Sic
2853 2891 2945 2947 ille
2969 2908 3087 2961 quae
3112 2894 3341 2947 obscura
3365 2900 3490 2946 sunt
3515 2890 3705 2945 minimc

2150 2982 2324 3036 reddit
2372 2982 2554 3037 labore
2583 2998 2681 3037 suo
2725 2985 2982 3050 clariora,
3029 2994 3083 3040 et
3123 3001 3241 3053 quae
3288 2985 3705 3054 suntperspicua

2148 3087 2306 3141 quam
2333 3074 2562 3126 maxime
2583 3074 2854 3130 obscurat.
2881 3076 3119 3144 Exempli
3146 3091 3306 3131 causa
3332 3076 3548 3131 Iitterali
3570 3089 3708 3130 sensu

2148 3164 2336 3232 psalmi
2366 3179 2488 3218 cxux
2527 3164 2691 3219 ferme
2731 3165 2860 3220 nihil
2905 3175 2983 3220 est
3023 3167 3293 3235 apertius;
3345 3174 3490 3221 totus
3533 3166 3707 3235 quippe

2147 3257 2214 3310 de
2245 3258 2546 3325 praestantia
2584 3257 2756 3327 deque
2787 3252 3163 3312 observatione
3201 3258 3399 3313 divina:
3433 3258 3559 3327 legis
3586 3259 3707 3328 agit;

2148 3362 2248 3401 nec
2278 3348 2443 3415 potuit
2469 3348 2753 3418 quidquam
2787 3348 2999 3404 tractari
3028 3350 3203 3417 aptius
3228 3364 3257 3403 a
3290 3350 3571 3419 prapheta,
3602 3364 3705 3403 cum

2071 3421 2117 3485 C
2149 3449 2205 3493 nt
2232 3443 2462 3508 seipsnm
2489 3441 2556 3494 ad
2586 3442 2970 3496 observandam
3001 3443 3175 3512 legem
3202 3444 3579 3512 conﬁrmaret,
3607 3452 3701 3495 tum

2148 3532 2305 3585 etiam
2331 3542 2386 3585 ιιι
2413 3534 2696 3601 populares
2718 3548 2844 3588 suos
2868 3533 2934 3588 ad
2959 3550 3166 3589 morum
3198 3535 3539 3590 sanctitatem
3564 3534 3710 3588 addu-

2146 3636 2311 3679 ceret.
2343 3625 2498 3680 Hisce
2537 3636 2713 3681 tamen
2749 3628 2965 3695 spretis,
2995 3628 3147 3697 quasi
3192 3627 3388 3696 spiritu
3420 3626 3709 3698 prophetico

2147 3731 2331 3785 parum
2363 3718 2556 3786 dignis,
2583 3719 2827 3788 quaesivit
2864 3718 3195 3789 Augustinus
3220 3733 3415 3773 sensus
3441 3719 3509 3773 de
3535 3720 3709 3788 quibus

2146 3808 2344 3861 nemini
2379 3824 2609 3878 unquam
2654 3810 2706 3861 in
2737 3818 2968 3864 mentem
3016 3810 3258 3864 venisset
3302 3810 3396 3879 qui
3443 3809 3708 3864 litteralem

2155 3900 2472 3954 sententiam
2501 3900 2666 3967 probe
2697 3902 3090 3969 perspexisset,
3120 3902 3587 3973 pulclierrimaque
3612 3903 3709 3970 ejus

2146 3992 2474 4045 consectaria
2502 3992 2884 4060 perspexisset.
2912 3992 3138 4055 Quanto,
3172 3994 3343 4062 inquit
3372 3993 3440 4047 de
3470 3993 3561 4046 illo
3588 3992 3708 4061 psal-

2147 4098 2255 4148 mo,
2287 4084 2485 4137 videtur
2513 4084 2763 4149 apertior,
2794 4094 2933 4137 tanto
2965 4085 3088 4137 mihi
3127 4086 3439 4154 profundior
3465 4086 3617 4139 videri
3641 4100 3708 4137 so-

2146 4176 2243 4240 let,
2275 4176 2347 4227 ita
2385 4183 2437 4227 ut
2465 4176 2615 4228 etiam
2640 4191 2794 4245 quam
2819 4177 2884 4229 sit
2924 4178 3211 4246 profundus
3241 4179 3595 4232 demonstrare
3619 4194 3707 4230 non

2144 4265 2350 4333 possim.
2401 4265 2629 4319 Aliorum
2681 4266 2898 4336 quippe,
2950 4269 3037 4335 qui
3083 4268 3285 4337 difﬁcile
3334 4269 3705 4338 intelliguntur,

2144 4356 2340 4408 etiamsi
2364 4356 2418 4408 in
2448 4356 2750 4409 obscuritate
2777 4373 2955 4411 sensus
2982 4358 3134 4425 latet,
3169 4358 3283 4428 ipsa
3314 4369 3481 4413 tamen
3510 4366 3706 4428 apparet

2146 4446 2456 4511 obscuritas;
2484 4447 2639 4517 hujus
2663 4457 2829 4501 autem
2856 4464 2947 4502 nec
2976 4449 3111 4517 ipsa,
3144 4452 3384 4519 quoniam
3411 4450 3563 4503 talem
3589 4464 3707 4518 prir—

2146 4537 2225 4589 bet
2249 4539 2567 4607 superﬁciem
2585 4578 2600 4600 ,
2624 4549 2679 4593 ut
2709 4539 2942 4593 lectorem
2972 4550 3120 4608 atque
3148 4542 3468 4606 auditorem,
3500 4558 3600 4594 non
3625 4556 3707 4594 ea:-

2143 4632 2414 4699 positorem
2456 4632 2795 4684 necessarium
2840 4632 3022 4685 habere
3046 4634 3302 4688 credatur.
3331 4634 3463 4700 Quis
3494 4648 3594 4687 non
3630 4630 3706 4684 vi-

2146 4723 2235 4777 det
2278 4723 2671 4791 Hipponensem
2711 4724 3020 4792 episcopum
3073 4724 3159 4779 hic
3203 4726 3401 4779 nodum
3454 4725 3505 4779 in
3544 4724 3707 4791 scirpo

2144 4814 2484 4883 quaesivisse;
2513 4816 2667 4883 quia,
2711 4816 2766 4868 in
2812 4815 3040 4883 simplici
3087 4816 3567 4884 interpretatione,
3611 4828 3702 4868 non

2145 4907 2409 4975 potuisset
2436 4920 2586 4959 suam
2630 4906 2809 4971 illam,
2838 4923 2996 4977 quam
3036 4908 3087 4963 ei
3129 4909 3423 4977 exprobrat
3468 4909 3705 4963 Erasmus

2144 4998 2301 5064 epist.
2334 4998 2422 5064 67,
2452 4997 2543 5052 lib.
2576 5013 2670 5065 xx,
2700 5001 3122 5076 ἀπεραντολογίαν
3148 5009 3441 5067 ostentare,
3473 5009 3531 5054 ut
3559 4998 3705 5054 fecit?

2144 5090 2404 5159 lngeniosi
2429 5100 2478 5144 et
2509 5090 2649 5145 docti
2676 5091 2773 5145 viri
2803 5092 3056 5160 putabant
3081 5107 3202 5148 esse
3223 5093 3313 5147 illa
3343 5094 3566 5159 saecula,
3588 5091 3704 5146 mul-

2144 5189 2255 5236 tum
2284 5182 2421 5250 loqui
2453 5182 2520 5237 de
2544 5198 2602 5237 re
2623 5199 2742 5253 quae
2767 5184 3088 5253 eloquentia:
3110 5186 3312 5241 nullum
3344 5197 3699 5257 argumentum

2143 5273 2384 5342 praebere
2420 5274 2723 5328 videbatur.

2214 5366 2455 5420 Alterum
2474 5407 2488 5429 ,
2522 5365 2664 5435 quod
2694 5366 2763 5420 ab
2786 5367 3078 5436 interprete
3106 5371 3431 5437 psalmorum
3463 5366 3698 5440 postulari

2141 5467 2329 5526 queat,
2362 5458 2520 5511 situm
2552 5467 2634 5513 est
2664 5459 2714 5511 in
2743 5472 2903 5513 sensu
2948 5460 3205 5528 spirituali
3237 5462 3504 5527 eruenda;
3532 5476 3625 5530 qua
3651 5460 3696 5512 in

2142 5562 2199 5601 re
2238 5547 2509 5616 sequenda
2553 5556 2635 5601 est
2678 5549 3039 5615 apostolorum
3078 5565 3376 5621 cynosura,
3408 5562 3465 5605 ut
3512 5551 3581 5604 ita
3628 5549 3697 5602 lo-

2141 5655 2292 5708 quar.
2338 5640 2632 5704 Nimirum,
2686 5643 2801 5695 loca
2855 5641 3189 5697 Psalmorum
3238 5643 3293 5697 in
3338 5643 3483 5699 Novo
3524 5642 3696 5695 Testa-

2142 5740 2319 5791 mento
2365 5732 2566 5801 prolata
2596 5741 2653 5787 ut
2689 5735 3032 5802 prophetica,
3078 5735 3393 5803 explicmda
3444 5743 3565 5792 sunt
3601 5734 3688 5795 ita.

3866 2512 3869 2565 ἕ
