3954 6364
231 418 324 473 569

894 420 1250 479 VARIORUM
1292 419 1886 479 EXERCITATIONES
1928 422 1995 478 IN
2035 424 2092 479 S.
2135 424 2501 483 AUGUSTINI
2539 426 2786 483 OPERA.

3325 468 3329 477 .
3366 430 3470 486 570

230 544 285 588 ut
321 535 515 605 liqueat
560 550 664 591 non
714 537 906 592 frustra
949 539 1114 595 fuisse
1164 542 1231 595 ab
1257 541 1511 610 apostolis
1561 540 1794 593 laudata.
1823 541 1877 601 A
1900 540 2123 593 cundum
2165 542 2415 598 hominem
2445 541 2675 597 Christus
2703 543 2787 596 sit.
2818 537 2965 594 Bona
2992 538 3196 610 quidem
3223 536 3479 605 voluntas,

225 626 391 693 Quam
420 629 472 682 in
513 644 624 683 rem
665 630 965 685 adhibenda
1009 641 1133 686 sunt
1167 634 1347 687 omnia
1395 631 1595 687 criticae
1632 646 1800 685 sacra:

224 724 455 778 subsidia
476 764 493 789 ,
527 725 718 792 quibus
748 725 859 780 fere
887 726 1175 782 destitutus
1204 727 1302 781 fuit
1329 726 1677 793 Augustinus,
1709 724 1799 795 qui

224 826 506 884 propterea
534 831 645 870 rem
690 826 946 885 praestare
987 834 1090 872 non
1124 819 1311 887 potuit.
1351 818 1457 874 Sed
1498 818 1619 888 quia
1664 833 1798 886 apo-

221 906 345 960 stoli
386 907 499 962 loca
546 909 796 963 nonnulla
839 910 1163 978 psalmorum
1203 910 1464 980 spirituali
1506 925 1667 965 sensu
1717 910 1798 964 in-

221 999 547 1055 tellexerunt
584 1011 638 1056 et
676 1005 1008 1068 interpretati
1054 1013 1209 1070 sunt,
1254 1013 1532 1073 propterea
1572 1018 1676 1056 nou
1708 1017 1798 1057 se-

223 1090 410 1157 quitur
438 1106 466 1143 a
503 1092 712 1160 quovis,
746 1092 981 1163 qualibet
1008 1096 1075 1148 de
1105 1110 1260 1150 causa
1282 1136 1297 1160 ,
1325 1095 1501 1148 omnia
1536 1108 1631 1161 pro
1656 1093 1800 1147 arbi-

218 1182 325 1234 trio
355 1183 408 1236 in
435 1184 733 1251 spirituales
763 1198 951 1239 sensus
975 1200 1129 1254 posse
1155 1185 1421 1253 torqueri;
1450 1186 1589 1255 quod
1615 1196 1797 1240 tamen

221 1284 521 1342 perpetuo,
556 1284 608 1329 et
648 1276 858 1344 quidem
890 1293 1009 1331 cum
1051 1286 1238 1347 magna
1280 1277 1437 1332 laude
1464 1276 1670 1331 rudium
1699 1292 1803 1331 sae-

218 1364 505 1430 culorum,
537 1380 831 1436 eorumque
856 1369 947 1437 qui
992 1368 1081 1422 illa
1124 1367 1311 1422 imitati
1352 1377 1499 1434 sunt,
1542 1368 1805 1422 factitavit

229 1455 572 1522 Augustinus.
620 1457 678 1511 In
725 1458 831 1512 illis
877 1458 1216 1513 cilationihus
1259 1459 1487 1527 aposmli
1527 1473 1707 1528 saepe,
1748 1467 1805 1513 ut

235 1549 435 1617 quidem
480 1550 709 1616 videtur,
742 1551 808 1605 ad
842 1552 1156 1606 traditiones
1199 1552 1584 1621 opinionesque
1622 1551 1804 1605 Judai-

245 1654 324 1694 cas
351 1651 731 1709 respexerunt,
763 1658 828 1696 ex
865 1643 1055 1712 quibus
1094 1651 1281 1697 contra
1328 1642 1409 1696 sui
1448 1643 1546 1696 aevi
1590 1641 1806 1696 Judzeos

243 1732 415 1785 merito
447 1732 933 1798 ratiocinabantur;
967 1735 1038 1788 ita
1069 1744 1127 1787 ut
1172 1736 1280 1790 sint
1326 1744 1639 1803 argumenta
1685 1747 1805 1802 qua:

244 1839 268 1877 a
294 1823 471 1893 logicis
496 1835 755 1879 vocantur
794 1826 864 1879 ad
908 1825 1194 1893 hominem,
1226 1827 1418 1894 quibus
1467 1826 1605 1895 apud
1648 1826 1804 1891 alios,

1903 634 1991 687 sed
2022 636 2278 704 imperitia
2301 647 2395 690 est.
2424 635 2582 702 Vere,
2611 634 2856 706 quamvis
2882 634 2997 703 ipse
3022 632 3091 688 sit
3118 631 3296 702 exigui
3324 628 3483 700 pretii

1903 728 2187 794 interpres.

1972 815 2170 871 Ibidem
2188 856 2205 880 ,
2231 815 2297 869 ad
2327 814 2441 870 lucc
2465 816 2625 871 verba
2652 835 2665 868 :
2694 814 2761 870 In
2790 813 3032 869 cathedra
3056 812 3357 885 pestilentia
3378 826 3483 865 non

1901 906 2058 970 sedit,
2094 906 2207 961 haec
2254 906 2411 961 habet
2439 908 2804 977 Augustinus:
2842 906 3025 960 Noluit
3065 922 3277 976 regnum
3317 911 3487 958 terre-

1903 1012 2021 1050 num
2042 1012 2155 1049 cum
2176 998 2441 1062 superbia;
2461 1014 2575 1067 qua:
2598 998 2712 1051 ideo
2740 997 2992 1052 cathedra
3014 996 3331 1066 pestilentia:
3350 1001 3488 1049 recte

1903 1088 2234 1159 intelligitur,
2278 1090 2400 1159 quia
2447 1107 2548 1144 non
2599 1094 2703 1161 fere
2751 1092 3023 1162 quisquam
3068 1100 3141 1144 est
3190 1090 3275 1158 qui
3320 1092 3490 1142 careat

1904 1198 2079 1235 amore
2104 1182 2433 1244 dominandi,
2465 1191 2512 1237 et
2542 1182 2817 1237 humanam
2855 1200 2957 1236 non
3000 1190 3205 1252 appetat
3243 1180 3489 1251 gloriam.

1907 1270 2207 1325 Pestilentia
2236 1279 2307 1325 est
2337 1273 2473 1326 enim
2516 1274 2719 1328 morbus
2758 1274 2860 1328 late
2890 1284 3211 1344 pervagatus,
3244 1282 3289 1326 et
3320 1287 3497 1327 omnes

1907 1374 1994 1419 aut
2025 1381 2149 1429 pene
2177 1381 2348 1419 omnes
2378 1367 2656 1420 involvens.
2682 1367 2790 1422 Sed
2814 1368 3064 1436 quamvis
3091 1368 3314 1422 sedeant
3339 1379 3497 1436 reges

1911 1457 1962 1510 itt
2004 1458 2286 1523 cathedra,
2317 1468 2409 1513 aut
2455 1461 2509 1513 in
2556 1460 2719 1524 solio,
2764 1460 3069 1530 ubicunque
3112 1462 3345 1515 occurrit
3392 1474 3499 1514 vox

1908 1549 2186 1615 cathedrae,
2215 1565 2321 1605 non
2350 1550 2524 1620 agitur
2550 1551 2674 1607 ideo
2696 1552 2763 1607 de
2786 1567 2983 1623 regno;
3018 1552 3120 1607 nisi
3149 1552 3499 1607 circumstan-

1910 1642 2000 1696 tiae
2044 1643 2147 1696 loci
2199 1657 2265 1697 eo
2305 1643 2559 1699 lectorem
2610 1644 2912 1712 deducant,
2972 1644 3154 1713 quales
3204 1643 3290 1697 hic
3340 1642 3502 1697 nullas

1911 1743 2056 1789 sunt.
2100 1734 2358 1799 Quamvis
2400 1736 2742 1805 pestilentium
2783 1737 2956 1805 potius
2998 1750 3156 1804 quam
3202 1732 3502 1802 pestilentia:

1915 1826 2227 1882 vertendum
2261 1827 2450 1896 fuerit,
2480 1838 2537 1884 ut
2562 1844 2684 1884 mox
2710 1830 2882 1884 dicam
2901 1870 2916 1895 ,
2944 1838 3182 1883 attamen
3211 1827 3312 1882 hac
3336 1826 3501 1883 etiam

250 1918 377 1985 quasi
407 1916 592 1983 lirmis,
624 1917 705 1971 usi
746 1933 851 1973 non
894 1918 1138 1974 fuissent.
1182 1918 1337 1988 Saepe
1379 1918 1540 1973 etiam
1585 1919 1805 1987 spiritus
1834 1918 1882 1978 Β
1910 1922 2082 1991 posita
2129 1922 2380 1987 lectione,
2429 1922 2583 1978 facile
2631 1925 2803 1992 potuit
2842 1923 3144 1992 intelligere
3171 1919 3504 1989 Augustinus

252 2006 570 2077 propheticus
593 2022 701 2079 quo
730 2009 894 2064 afﬂati
931 2022 1083 2064 erant
1110 2011 1372 2080 apostoli,
1404 2026 1509 2065 non
1544 2011 1719 2064 minus
1747 2026 1810 2065 ac

252 2099 554 2169 antiquiores
577 2113 744 2168 vates,
767 2102 1009 2172 quaedam
1035 2103 1100 2157 iis
1121 2105 1331 2172 aperuit
1356 2119 1472 2173 qua:
1495 2118 1592 2157 nos
1615 2102 1813 2172 alioqui

253 2191 505 2261 fugissent.
534 2193 719 2263 Itaque
746 2209 904 2249 nemo
931 2210 1036 2250 non
1060 2195 1272 2250 illorum
1298 2196 1604 2251 auctoritati
1630 2211 1815 2251 assen-

254 2299 354 2338 sum
392 2285 620 2353 prtebet,
652 2300 809 2341 nemo
830 2286 1037 2342 dubitat
1071 2290 1199 2358 quin
1222 2299 1369 2344 recte
1403 2289 1562 2343 citata
1602 2289 1709 2343 sint
1746 2287 1813 2343 ab

256 2378 482 2446 apostolis
512 2376 601 2431 illa
629 2378 774 2444 loca;
797 2394 916 2433 cum
950 2390 1123 2434 tamen
1144 2396 1297 2448 inquo
1326 2381 1506 2435 animo
1535 2394 1691 2434 nemo
1719 2394 1814 2449 pa-

260 2468 396 2522 tiatur
423 2484 561 2523 nunc
587 2484 616 2523 a
644 2469 833 2538 quovis
870 2470 941 2525 ita
976 2471 1179 2526 Veteris
1208 2470 1540 2526 Testamenti
1572 2472 1812 2539 Scriptu-

260 2575 357 2615 ram
386 2561 657 2631 explicari.
686 2566 762 2616 Ac
788 2577 917 2617 sane
946 2578 1041 2617 cur
1069 2565 1304 2619 sinamus
1335 2578 1396 2619 ea
1431 2564 1583 2618 nobis
1621 2579 1813 2634 magna

259 2653 517 2707 verborum
562 2668 752 2723 pompa
781 2655 1024 2725 obtrudi,
1048 2656 1117 2711 ab
1148 2656 1452 2713 hominibus
1490 2657 1710 2711 minime
1737 2658 1815 2711 af-

257 2746 395 2809 ﬂatis,
425 2746 530 2799 imo
568 2744 728 2799 etiam
777 2745 1058 2815 imperitis,
1100 2763 1223 2817 quae
1262 2748 1307 2802 si
1359 2756 1620 2814 negentur
1667 2747 1815 2802 nullo

260 2837 400 2891 modo
428 2836 643 2906 probari
674 2839 915 2907 possint?
940 2840 1047 2893 Cur
1088 2838 1239 2909 quasi
1271 2846 1671 2895 sacrosanctum
1715 2839 1814 2893 ha-

261 2926 445 2982 bebitur
465 2928 723 2999 quidquid
749 2930 1196 2985 declamatoribus
1218 2931 1270 2985 in
1298 2930 1519 2987 buccam
1546 2932 1726 2987 veniet
1748 2932 1816 2987 de

264 3022 422 3087 quovis
472 3020 764 3091 Scriptura:
810 3022 967 3078 loco?
1015 3023 1145 3091 Quis
1203 3023 1415 3079 tandem
1471 3026 1576 3080 erit
1626 3027 1816 3081 modus

269 3110 561 3164 somniorum
582 3152 598 3178 ,
625 3112 678 3165 in
704 3126 764 3165 re
795 3127 962 3183 usque
982 3113 1119 3169 adeo
1148 3115 1309 3184 seria,
1340 3115 1387 3170 si
1415 3125 1712 3172 statuamus
1737 3124 1816 3171 ta-

278 3198 333 3253 lia
350 3200 539 3256 admitti
567 3202 853 3273 oportere?

1916 2014 2001 2067 hic
2032 2030 2334 2070 sermonem
2374 2030 2494 2071 esse
2527 2017 2597 2071 de
2627 2032 2886 2072 consessu
2930 2017 3208 2071 hominum
3243 2015 3503 2084 pestilen-

1914 2106 2046 2158 tium
2070 2150 2083 2173 ,
2125 2107 2168 2159 si
2214 2107 2373 2173 paulo
2419 2109 2642 2177 peritior
2681 2108 2869 2163 fuisset
2899 2110 3032 2163 artis
3081 2108 3303 2162 criticze.
3338 2107 3507 2162 Docet

1916 2195 2019 2249 hoc
2048 2196 2383 2265 apertissime
2415 2198 2650 2267 psalmus
2679 2213 2809 2264 xxv,
2842 2201 2900 2265 4,
2932 2202 2965 2253 5
2992 2198 3211 2268 (sequor
3240 2197 3327 2251 hic
3356 2197 3506 2252 Grae-

1916 2301 2034 2339 cam
2065 2287 2427 2358 divisionem),
2457 2289 2545 2343 ubi
2568 2290 2636 2343 ita
2661 2290 2862 2359 psaltes
2883 2305 2950 2345 ex
2978 2290 3195 2359 antiqua
3218 2290 3503 2344 versione:

1919 2378 2041 2432 Non
2071 2380 2180 2433 sedi
2213 2398 2326 2433 cum
2350 2383 2565 2435 concilio
2609 2383 2867 2447 uanitatis,
2901 2391 2950 2436 et
2972 2398 3089 2435 cum
3121 2383 3298 2450 iniqua
3324 2399 3511 2455 geren-

1921 2470 2052 2524 tibus
2096 2488 2198 2525 non
2226 2473 2467 2528 introibo.
2520 2473 2670 2528 0divi
2697 2474 2960 2528 ecclesiam
3008 2473 3431 2545 malignantium,
3462 2480 3512 2528 et

1921 2581 2036 2617 cum
2066 2564 2235 2635 impiis
2262 2583 2363 2620 non
2390 2566 2602 2632 sedebo;
2632 2576 2763 2623 utet
2791 2568 2981 2636 psaltn.
3018 2583 3142 2622 χιιι
3160 2608 3174 2633 ,
3200 2567 3301 2634 21;
3324 2581 3512 2633 cxvm,

1918 2657 2011 2712 Q3.
2045 2655 2338 2724 Nimirum,
2385 2658 2629 2713 homines
2659 2660 2815 2714 otiosi
2863 2661 3041 2714 solent
3092 2674 3194 2713 una
3235 2659 3427 2714 sedere
3455 2659 3513 2714 in

1922 2748 2055 2803 locis
2084 2749 2328 2817 publicis,
2358 2759 2453 2804 aut
2502 2751 2553 2805 in
2599 2765 2720 2820 quae
2768 2752 3057 2806 convenire
3106 2749 3311 2819 solent,
3355 2757 3515 2819 atque

1922 2841 2146 2895 aliorum
2178 2841 2334 2896 fama;
2365 2842 2639 2898 maledicis
2663 2830 3003 2899 sermonibus
3032 2843 3343 2898 detrahere.
3376 2841 3513 2896 Hinc

1924 2934 2322 3003 Theophrastus
2353 2934 2655 2990 Character.
2689 2935 2792 3002 29,
2824 2936 2912 3004 qui
2961 2944 3041 2990 est
3084 2932 3513 3003 maledicentia,

1923 3025 2002 3080 sic
2042 3028 2109 3080 de
2157 3027 2419 3081 maledico
2464 3026 2733 3097 loquitur:
2769 3029 3146 3102 Συγκαθήμενος
3176 3025 3351 3086 δεινὸς
3393 3027 3516 3101 περὶ

1924 3124 2015 3172 τοῦ
2048 3121 2386 3184 ἀναστάντος,
2420 3121 2601 3187 εἰπεῖν,
2631 3120 2809 3174 sedens
2852 3122 2985 3173 inter
3019 3121 3173 3184 alios,
3205 3128 3414 3186 paratus
3445 3116 3516 3172 ad

1927 3210 2234 3280 loquendum
2262 3212 2324 3263 de
2351 3228 2408 3264 eo
2433 3212 2519 3281 qui
2548 3214 2789 3265 surrexit.
2826 3212 3143 3282 Exemplum
3175 3212 3339 3267 etiam
3365 3213 3516 3268 καθε-

327 3292 468 3361 lgitur
509 3294 734 3364 exiguus
777 3296 993 3365 quidem
1024 3308 1107 3353 est
1151 3314 1275 3355 usus
1307 3299 1495 3355 harum
1533 3299 1814 3371 Augustini

1930 3302 2142 3372 ζομένων
2164 3304 2213 3355 ἐν
2248 3298 2450 3377 Enipei?
2473 3301 2724 3375 ψογερῶν,
2757 3302 3035 3357 sedentium
3065 3300 3433 3357 maledicorum
3459 3304 3517 3358 ἰη

265 3382 679 3440 declamationum
716 3386 781 3440 ad
829 3388 1200 3458 intelligendos
1246 3392 1519 3457 Psahuos;
1559 3393 1657 3448 sed
1705 3409 1815 3449 non

260 3473 451 3531 inutiles
478 3477 692 3533 fuerunt
723 3478 851 3532 olim
892 3479 958 3533 ad
993 3480 1287 3535 docendam
1319 3482 1562 3551 plebem,
1594 3498 1819 3553 eamque

256 3571 319 3624 ad
357 3573 596 3628 virtutem
641 3574 978 3629 excitandam
996 3615 1011 3639 ,
1040 3576 1161 3646 quia
1188 3577 1351 3631 etiam
1379 3591 1445 3631 ea
1474 3592 1593 3645 qua:
1620 3587 1818 3645 praeter

255 3677 361 3717 rem
386 3675 435 3719 et
459 3664 632 3720 alieno
676 3666 794 3721 loco
820 3665 1090 3735 dicuntur,
1129 3667 1282 3722 utilia
1320 3683 1443 3723 esse
1488 3680 1738 3738 possunt,
1770 3672 1819 3725 si

252 3759 401 3812 modo
427 3761 531 3814 sint
556 3774 704 3814 vera.
738 3760 920 3830 Itaque
959 3761 1204 3830 legantur
1234 3762 1351 3815 lucc
1401 3762 1552 3831 quasi
1594 3762 1818 3818 concio-

252 3863 347 3902 nes
387 3864 445 3905 ac
489 3851 744 3906 miscellae
786 3851 1029 3921 quaedam
1074 3852 1451 3908 meditationes
1504 3854 1817 3924 theologica

251 3951 402 4009 atque
428 3943 678 4010 morales,
703 3958 807 3998 non
831 3944 981 4013 quasi
1003 3945 1471 4013 interpretationes
1495 3945 1814 4014 Scripturae;

250 4045 593 4105 excerpantur
623 4052 687 4091 ex
725 4038 789 4090 iis
821 4048 986 4103 recte,
1017 4048 1190 4104 acute,
1238 4039 1513 4107 ingeniose
1540 4040 1699 4107 dicta,
1728 4054 1820 4095 ea-

251 4142 355 4195 que
374 4130 661 4185 commodis
684 4130 1055 4185 occasionibus
1080 4130 1459 4197 adhibeantur,
1488 4130 1701 4185 laudato
1725 4146 1821 4184 au-

253 4230 429 4287 ctore;
459 4223 721 4278 tribuetur
746 4223 1042 4292 Augustino
1080 4223 1336 4293 quidquid
1378 4223 1597 4278 honoris
1631 4225 1681 4278 ei
1722 4224 1816 4278 de-

252 4314 415 4380 betur,
446 4331 542 4371 nec
574 4317 691 4385 ejus
720 4333 881 4386 opera
911 4333 1010 4371 suo
1050 4316 1223 4371 fructu
1254 4317 1535 4372 carebunt.
1568 4317 1820 4385 Quisquis

252 4406 484 4463 volumen
525 4410 758 4479 aperiet,
789 4420 841 4465 et
866 4409 1070 4480 aliquot
1107 4412 1159 4464 in
1188 4425 1254 4465 eo
1283 4411 1501 4480 paginas
1529 4412 1700 4480 leget,
1729 4426 1823 4465 ve-

252 4499 507 4554 rissimum
539 4516 660 4556 esse
687 4512 739 4556 et
768 4502 1128 4571 aequissimum
1160 4504 1302 4572 quod
1343 4503 1579 4557 diximus
1602 4518 1816 4571 compe-

252 4594 365 4646 riet.
394 4598 637 4649 Attamen
690 4597 889 4665 aliquot
929 4596 1190 4665 exemplis
1237 4612 1350 4650 rem
1396 4596 1813 4660 illustrabimus,

1923 3394 2111 3448 medici
2138 3395 2336 3463 oﬂicina
2359 3394 2616 3450 habemus
2638 3395 2778 3464 apud
2804 3394 3078 3451 IElianum
3108 3395 3233 3455 Var.
3259 3394 3394 3451 llist.
3417 3394 3513 3452 lib.

1927 3502 1987 3542 ιιι
2007 3530 2022 3549 ,
2051 3503 2169 3555 cap.
2200 3488 2253 3540 7.

1995 3580 2170 3649 Atque
2198 3580 2301 3636 hoc
2327 3580 2541 3652 quidem
2565 3581 2773 3637 facilius
2796 3582 3153 3637 intellexisset
3178 3581 3513 3651 Augustinus

1924 3670 1970 3724 si
2021 3672 2204 3725 oculos
2254 3671 2572 3740 coniecisset
2618 3672 2671 3726 in
2720 3673 3024 3728 versionem
3071 3670 3347 3739 Gmcam,
3393 3688 3517 3743 quas

1927 3761 2086 3816 habet
2119 3763 2321 3835 λοιμῶν,
2348 3778 2465 3831 quae
2493 3778 2596 3819 vox
2628 3764 2933 3833 frequenter
2968 3764 3233 3832 significat
3282 3764 3518 3818 homines

1927 3856 2210 3925 pestiferos.
2263 3855 2416 3921 Quod
2464 3855 2511 3909 si
2565 3867 2819 3924 praeterea
2874 3854 3189 3909 contulisset
3240 3868 3360 3908 cum
3417 3852 3518 3908 hac

1926 3951 2228 4004 versionem
2277 3949 2501 4017 Aquilce,
2545 3948 2840 4018 intelligere
2872 3947 3130 4017 potuisset
3168 3960 3288 4000 esse
3327 3960 3519 4001 vocem

1929 4040 2017 4094 hic
2048 4040 2401 4105 Hebraicam,
2446 4055 2565 4109 quae
2593 4039 2795 4094 soleret
2833 4055 2863 4093 a
2908 4038 3107 4093 Judaeis
3145 4037 3281 4091 verti
3325 4037 3521 4107 χλευα-

1936 4138 2081 4198 σταί,
2106 4134 2361 4188 irrisores.
2383 4133 2535 4189 Unde
2562 4134 2723 4189 etiam
2743 4132 3156 4188 rescivissethic
3176 4148 3298 4188 esse
3324 4147 3521 4187 nomen

1934 4226 2160 4296 pluralis
2191 4226 2433 4291 numeri,
2472 4240 2539 4280 ex
2569 4240 2677 4293 quo
2706 4224 2943 4291 liquebat
2984 4224 3337 4293 interpretem
3373 4223 3521 4278 Lati-

1934 4338 2062 4376 num
2106 4322 2241 4376 male
2268 4322 2495 4376 vertisse
2523 4322 2856 4390 pestilentiaz;
2888 4330 2941 4375 et
2976 4336 3096 4374 cum
3126 4321 3214 4374 vix
3245 4321 3351 4375 dici
3399 4335 3522 4389 pos-

1932 4421 2017 4467 set
2065 4412 2308 4466 cathedra
2356 4412 2798 4480 pestilentiarum,
2845 4426 2979 4466 voce
3027 4412 3188 4482 λοιμοὶ
3235 4410 3524 4480 signiﬁcari

1934 4506 2200 4577 pestiferos
2240 4505 2486 4558 homines.
2517 4503 2612 4557 Vel
2659 4520 2726 4558 ex
2775 4504 3117 4558 enarratione
3163 4504 3522 4559 Ambrosiana

1932 4596 2093 4664 hujus
2125 4596 2313 4664 psalmi
2343 4596 2460 4650 haec
2490 4595 2682 4665 partim
2708 4594 2919 4651 discere
2951 4597 3154 4664 potuit,
3183 4594 3229 4649 si
3255 4609 3374 4649 eam
3394 4610 3524 4650 con-

254 4701 416 4756 neque
441 4690 580 4743 enim
606 4691 656 4744 in
684 4688 785 4745 hoc
814 4690 1002 4760 ingens
1025 4691 1273 4745 volumen
1301 4700 1453 4743 notas
1475 4689 1821 4744 conseribere
1848 4661 1904 4722 Β
1936 4688 2208 4743 suluisset.

256 4780 609 4847 aggredimur;
640 4797 737 4836 nec
766 4796 893 4835 vero
917 4782 1076 4836 ullius
1107 4782 1158 4835 id
1188 4793 1329 4836 esset
1355 4781 1686 4851 fructus,qui
1710 4782 1822 4852 qui-

256 4870 368 4927 dem
396 4874 627 4929 laborem
655 4875 1059 4943 expendendum
1091 4890 1300 4946 mquare
1334 4886 1534 4944 posset.

324 4964 524 5020 Psawo
552 4984 585 5021 ι.
622 4966 845 5020 Versum
872 4969 895 5021 1
931 4967 1007 5021 sic
1037 4968 1414 5035 interpretatur
1444 4986 1455 5019 :
1491 4967 1567 5019 De
1596 4965 1819 5020 Domino

262 5066 419 5110 nostro
444 5056 564 5111 Jcsu
611 5056 829 5122 Christo,
862 5060 957 5111 hoc
993 5067 1095 5125 est,
1125 5059 1325 5111 homine
1370 5059 1633 5111 Dominico
1681 5061 1820 5111 acci-

263 5148 483 5213 piendum
508 5158 597 5202 est.
626 5148 759 5216 Quid
793 5150 899 5203 ita?
930 5150 1122 5203 Beatus
1165 5151 1401 5217 profecto
1442 5160 1557 5204 erat
1588 5157 1641 5203 et
1670 5165 1727 5203 re
1768 5162 1823 5204 et

242 5232 350 5308 spe
370 5244 598 5311 quisquis
628 5242 860 5295 divinam
888 5244 1053 5312 legem
1086 5242 1437 5306 observabat;
1470 5242 1695 5311 ideoque
1726 5243 1820 5297 ab-

270 5334 467 5386 surdum
500 5336 617 5387 haec
658 5334 871 5387 Christo
902 5334 1161 5388 violenter
1207 5342 1422 5402 aptare,
1464 5349 1583 5401 qua:
1623 5334 1824 5403 optime

276 5426 499 5480 omnibus
520 5427 861 5481 conveniunt.
896 5425 1007 5480 Huc
1038 5426 1274 5493 respexit
1304 5434 1488 5479 auctor
1519 5426 1822 5493 Expositio-

279 5518 347 5567 nis
384 5519 732 5586 psalmorum,
766 5534 1043 5587 perperam
1076 5518 1400 5589 Hieronymo
1440 5518 1671 5585 tributae,
1704 5533 1825 5588 qua:

278 5610 395 5664 edita
421 5624 498 5667 est
543 5614 595 5666 in
626 5613 772 5667 calce
813 5614 940 5665 tomi
972 5612 1013 5665 ll
1047 5627 1267 5681 operum
1320 5612 1657 5677 Hieronymi,
1713 5611 1824 5665 Lu-

279 5703 399 5756 tetiae
427 5720 561 5758 anno
593 5704 748 5759 1699.
792 5703 1043 5769 Quidum,
1074 5703 1243 5772 inquit
1272 5702 1501 5769 scriptor
1533 5701 1675 5755 illius
1724 5700 1829 5754 Ex-

282 5794 553 5859 positionis,
582 5796 727 5847 istius
768 5795 952 5864 psalmi
990 5796 1177 5847 clavem
1212 5808 1362 5863 super
1394 5792 1579 5844 Christi
1624 5792 1830 5843 Domini

281 5889 417 5940 nostri
444 5905 708 5959 personam
734 5905 841 5943 esse
864 5887 1178 5957 referendam
1199 5929 1214 5956 ,
1247 5894 1301 5942 ut
1336 5886 1509 5941 beatus
1532 5886 1623 5941 ists
1649 5887 1725 5938 vir
1749 5900 1832 5942 se-

2014 4780 2147 4835 lbid.
2178 4780 2243 4834 ad
2278 4795 2416 4835 vers.
2448 4779 2503 4833 2.
2538 4779 2644 4834 Sed
2686 4781 2741 4832 in
2786 4779 2893 4849 lege
2929 4776 3137 4831 Domini
3168 4779 3264 4846 fuit
3296 4778 3526 4833 voluntas

1943 4877 2081 4945 ejus,
2108 4886 2154 4926 et
2183 4874 2234 4926 in
2265 4880 2373 4939 tege
2400 4873 2510 4942 ejus
2548 4871 2877 4925 meditabitur
2914 4871 2995 4924 die
3036 4886 3095 4923 ac
3126 4879 3302 4931 nocte;
3333 4870 3411 4922 sic
3439 4883 3527 4924 ra-

1945 4963 2267 5017 tiocinatur:
2304 4962 2454 5016 Justo
2496 4979 2598 5015 non
2644 4970 2716 5014 est
2756 4963 2839 5013 lem
2879 4960 3078 5027 posita,
3114 4968 3170 5010 ut
3224 4959 3347 5011 dicit
3383 4958 3525 5028 Apo-

1941 5056 2137 5121 stolus;
2168 5057 2257 5109 sed
2295 5056 2441 5109 aliud
2473 5065 2544 5108 est
2568 5071 2673 5108 esse
2706 5055 2759 5107 in
2786 5052 2916 5124 lege,
2953 5052 3095 5103 aliud
3127 5052 3219 5104 sub
3253 5051 3379 5124 lege.
3427 5053 3530 5120 Qui

1938 5160 2015 5204 est
2043 5152 2094 5202 in
2124 5149 2251 5218 lege,
2282 5149 2561 5202 secundum
2594 5147 2754 5215 legent
2782 5147 2925 5214 agit;
2957 5144 3043 5211 qui
3068 5153 3138 5198 est
3167 5144 3259 5197 sub
3289 5146 3413 5215 lege,
3446 5162 3527 5200 se-

1942 5243 2167 5295 cundum
2200 5244 2358 5313 legem
2388 5243 2578 5310 agitur.
2612 5238 2709 5292 Ille
2745 5255 2864 5306 ergo
2900 5237 3019 5290 liber
3052 5246 3158 5301 est,
3192 5238 3284 5291 iste
3310 5237 3528 5308 servus.]

1943 5338 2078 5403 Quia
2107 5338 2232 5392 olitn
2265 5337 2502 5391 Numidis
2531 5346 2585 5391 et
2627 5336 2743 5388 aliis
2774 5334 2939 5397 Afris,
2975 5333 3065 5401 qui
3113 5334 3384 5388 doctiores
3416 5348 3523 5387 non

1944 5439 2131 5493 erant,
2166 5434 2280 5482 [ηερ
2312 5416 2536 5493 pulchra
2578 5428 2692 5481 visa
2720 5436 2873 5492 sunt,
2908 5434 3133 5480 eruntne
3172 5426 3332 5479 etiam
3377 5424 3531 5481 nobis

1949 5521 2150 5575 eximia
2185 5520 2464 5575 habenda?
2493 5519 2624 5586 Qua:
2653 5519 2698 5572 si
2741 5533 2770 5571 a
2809 5517 2963 5571 nobis
2994 5516 3303 5584 prodirent,
3331 5516 3529 5571 exsibi-

1948 5609 2212 5677 larentur,
2247 5626 2311 5663 an
2349 5611 2621 5678 plausibus
2658 5607 3028 5677 excipientur?
3066 5608 3179 5661 Non
3228 5614 3375 5675 puto.
3422 5607 3530 5662 Ita-

1950 5718 2054 5772 que
2087 5702 2360 5766 dicemus,
2397 5717 2516 5756 cum
2552 5718 2681 5771 pace
2719 5711 2775 5757 et
2821 5699 3163 5754 Numidarum
3206 5709 3261 5753 et
3305 5700 3528 5753 aliorum

1955 5795 2196 5849 omnium
2224 5794 2415 5863 quibus
2440 5795 2560 5848 talia
2585 5795 2714 5848 olim
2741 5794 3081 5863 placuerunt,
3110 5790 3164 5843 1⁸
3186 5791 3359 5845 locum
3384 5790 3530 5845 Pauli

1950 5884 2110 5957 plano
2154 5894 2306 5943 extra
2350 5900 2467 5944 rem
2502 5900 2652 5952 esse;
2686 5884 2744 5939 2'
2782 5900 2891 5941 non
2933 5882 3037 5939 dici
3082 5881 3168 5938 hic
3211 5895 3529 5953 quemquam

3529 3524 3535 3551 ὖ
