3954 6364
529 309 626 365 571

1415 303 1970 367 SUPPLEMENTUM
2011 304 2101 363 AD
2138 301 2368 359 OPERA
2402 303 2460 359 S.
2503 298 2894 361 AUGUSTINI.
3648 299 3728 354 ὅτι

528 410 647 476 esse
670 424 722 476 in
751 422 879 502 lege,
910 422 1001 477 sed
1027 422 1139 489 ejus
1168 420 1473 473 voluntatem
1499 436 1601 474 esse
1625 422 1677 473 in
1704 421 1832 491 lege,
1863 418 1963 473 hoc
1993 426 2097 484 est,
2127 416 2177 476 A
2207 419 2486 475 absurdior
2510 436 2522 472 :
2555 420 2654 472 Aut
2683 418 2959 472 secundum
2989 416 3293 484 papulorum
3324 422 3541 484 peccata,
3571 414 3673 482 quia
3694 426 3730 469 et

529 530 594 568 ex
620 515 1048 569 constantissimo
1078 512 1269 581 lingua:
1305 502 1580 566 Hebriicaa
1612 528 1708 565 usu
1729 552 1743 576 ,
1775 512 1889 581 lege
1919 510 2097 564 divina

529 606 810 672 delectari,
836 607 990 674 eique
1019 605 1243 659 libenter
1276 618 1492 671 parere;
1524 605 1579 658 5"
1608 600 2099 656 distinctiunculam

528 700 620 752 sub
646 700 752 769 lege
770 708 823 751 et
847 699 898 749 in
924 700 1031 767 lege
1056 696 1270 755 inanem
1303 710 1439 761 esse,
1464 711 1582 750 cum
1612 710 1769 749 nemo
1794 694 1963 760 dicat,
2003 692 2100 745 Vo-

528 789 699 841 luntas
725 790 834 856 ejus
861 798 931 841 est
959 788 1052 840 sub
1092 790 1216 859 lege.
1252 787 1428 856 Pergit
1466 798 1639 842 tamen
1663 790 1895 857 argutari
1920 788 2102 841 bonus

526 878 849 947 Augustinus
877 880 957 933 his
984 878 1161 932 verbis
1188 896 1200 930 :
1233 878 1428 931 Deinde
1452 877 1596 931 aliud
1627 890 1699 932 est
1729 882 1809 931 lex
1838 895 1949 947 quia
1978 878 2101 930 scri-

526 971 660 1022 bitur
689 979 734 1021 et
762 969 1041 1037 imponitur
1078 969 1341 1032 servienti;
1371 969 1512 1022 aliud
1543 970 1624 1022 lex
1653 987 1761 1037 qua?
1790 980 1954 1023 mente
1985 986 2104 1023 con-

524 1064 736 1130 spicitur
764 1064 825 1113 ab
856 1078 913 1115 eo
941 1062 1027 1129 qui
1056 1078 1156 1114 non
1185 1062 1375 1133 indiget
1402 1062 1604 1115 litteris.
1638 1061 1706 1115 At
1737 1063 1803 1116 de
1831 1063 1971 1115 nulla
2001 1061 2104 1115 alia

530 1154 642 1221 lege
675 1152 760 1205 hic
802 1153 974 1219 agitur
1003 1167 1158 1221 quam
1191 1153 1257 1207 de
1288 1153 1514 1207 Mosaica
1534 1193 1548 1217 ,
1580 1169 1695 1222 quae
1726 1153 1938 1219 scriptis
1976 1168 2105 1205 con-

528 1247 730 1312 signata
758 1256 871 1299 erat
891 1256 945 1300 et
965 1248 1211 1307 omnibus
1236 1246 1433 1302 Judaeis
1459 1246 1703 1315 imposita
1722 1291 1735 1312 ,
1770 1247 1982 1300 nemine
2003 1261 2104 1299 ex-

529 1350 706 1410 cepto.
738 1342 993 1410 Loquitur
1021 1343 1161 1397 enim
1196 1343 1278 1395 hic
1314 1338 1482 1395 David
1503 1383 1517 1406 ,
1550 1343 1710 1393 homo
1742 1340 2017 1406 llebrteus,
2051 1348 2106 1393 et

528 1435 743 1503 quidem
789 1437 856 1488 de
890 1434 1190 1488 hominibus
1219 1450 1328 1489 sua:
1364 1436 1572 1505 gentis,
1618 1432 1705 1500 qui
1756 1432 1924 1501 legem
1970 1434 2107 1487 scri-

530 1539 673 1598 ptam
703 1529 995 1595 habebant,
1023 1545 1249 1598 eamque
1277 1528 1655 1589 observabant.

599 1625 733 1680 Ibid.
770 1624 1099 1679 Meditabitur
1138 1626 1221 1677 die
1264 1640 1322 1676 ac
1362 1632 1535 1689 nocte,
1569 1632 1660 1676 aut
1697 1623 1803 1675 sine
1845 1622 2105 1674 intermis-

528 1717 667 1769 sione
698 1715 1081 1786 intelligendum
1110 1724 1200 1769 est.
1229 1714 1470 1783 Optime,
1506 1716 1549 1767 si
1594 1713 1775 1767 deleas
1820 1712 1945 1765 illud
1990 1721 2100 1765 aut.

2204 528 2348 579 aqua:
2378 511 2555 580 populi
2581 510 2975 578 interpretantur
3004 508 3055 559 in
3085 504 3428 575 Apocalypsi,
3460 512 3502 557 et
3529 504 3732 561 decursus

2205 620 2305 656 non
2347 602 2564 656 absurde
2600 600 2904 669 intelligitur
2936 599 3134 667 lapsus,
3164 598 3303 665 quod
3335 596 3545 663 pertinet
3578 596 3639 649 ad
3666 597 3736 650 de-

2206 696 2399 748 lictum.
2438 693 2482 747 U
2512 694 2766 747 acumen!
2800 692 2843 745 Ο
2872 690 3125 744 Numidas
3176 686 3497 756 patientibus
3536 688 3736 757 auribus,

2204 794 2296 838 aut
2338 785 2505 838 oculis
2552 783 2834 852 praeditos!
2869 781 3013 835 Talia
3048 781 3205 835 hodie
3233 796 3261 831 a
3292 777 3615 833 nostratibus
3649 779 3741 833 sine

2207 877 2315 929 risu
2355 891 2457 928 non
2494 874 2825 928 audirentur.
2860 872 2962 927 Sed
3002 871 3125 926 audi
3151 879 3387 925 cetera:
3420 867 3626 940 Lignum
3649 885 3742 937 ergo

2206 971 2333 1023 illud
2356 1013 2369 1035 ,
2398 970 2451 1022 id
2476 978 2546 1023 est
2577 969 2824 1023 Dominus
2848 976 3019 1020 noster
3048 966 3111 1021 de
3131 964 3277 1036 aquis
3303 961 3680 1025 decurrentibus,
3706 964 3744 1014 id

2206 1073 2275 1119 est
2307 1061 2508 1131 populis
2538 1059 2907 1128 peccatoribus,
2934 1058 3143 1111 trahens
3170 1071 3254 1110 eos
3286 1055 3342 1107 in
3368 1054 3449 1105 via
3490 1053 3542 1105 in
3581 1053 3745 1107 radices

2208 1154 2496 1224 disciplina:
2521 1169 2643 1206 suae.
2670 1153 2840 1216 Quam
2874 1151 2987 1205 haec
3014 1158 3258 1207 contorta
3284 1148 3398 1201 sint
3420 1161 3523 1198 non
3545 1159 3666 1211 Opus
3687 1154 3749 1198 est

2207 1263 2449 1310 monere,
2493 1247 2665 1301 dicam
2709 1256 2910 1300 tantum
2959 1242 3185 1299 oblitum
3235 1253 3358 1295 esse
3404 1238 3749 1306 Augustinum,

2208 1342 2381 1393 virum
2416 1340 2561 1405 illum
2590 1338 2791 1391 beatum
2816 1337 2884 1390 de
2905 1350 3009 1404 quo
3036 1349 3179 1391 vers.
3210 1335 3263 1395 i,
3288 1330 3524 1386 conferri
3556 1344 3664 1383 cum
3689 1344 3753 1380 ar-

2210 1432 2339 1487 bore
2372 1432 2603 1499 plantnta
2633 1432 2779 1497 juxta
2810 1442 3035 1495 aquam,
3066 1438 3184 1494 quae
3216 1420 3447 1489 proinde
3473 1436 3575 1474 non
3616 1427 3752 1487 potest

2209 1539 2328 1578 esse
2356 1520 2625 1585 Christus,
2658 1521 2700 1573 si
2730 1519 2871 1573 idem
2904 1518 2995 1570 ille
3021 1517 3095 1570 vir
3130 1514 3300 1567 beatus
3326 1510 3576 1565 Christus
3604 1510 3693 1573 sit,
3712 1519 3753 1561 ut

2210 1615 2365 1670 dixit.
2397 1613 2578 1682 Neque
2606 1612 2747 1663 enim
2780 1610 2828 1673 in
2864 1606 3217 1675 similitudine
3253 1604 3407 1674 prior
3446 1612 3499 1657 et
3527 1602 3753 1670 posterior

2212 1724 2333 1778 pars
2372 1706 2513 1761 idem
2560 1719 2678 1758 esse
2727 1710 2963 1770 possunt.
3010 1699 3263 1755 Fruatum
3309 1695 3499 1759 dabit,
3548 1693 3639 1746 hoc
3676 1702 3753 1757 est,

530 1804 635 1859 Sed
659 1806 905 1860 ﬁuctihus
934 1805 1255 1861 academicis
1286 1806 1556 1875 abreptus,
1581 1804 1740 1857 etiam
1775 1804 1825 1854 in
1852 1818 1909 1856 re
1939 1802 2104 1871 clara,
2138 1786 2187 1846 Β
2212 1802 2478 1855 constituet
2523 1796 2814 1859 Ecclesiae;
2844 1796 2896 1848 in
2928 1805 3168 1861 tempore
3194 1804 3314 1856 Suo,
3350 1790 3446 1840 hac
3477 1797 3577 1850 est,
3606 1786 3655 1838 id
3677 1796 3755 1850 est,

528 1897 709 1950 addit:
742 1908 829 1950 aut
877 1898 990 1962 die,
1031 1899 1084 1951 in
1129 1900 1336 1961 ltctitia,
1369 1907 1524 1950 nocte
1573 1898 1625 1947 in
1675 1895 2105 1948 tribulationibus.

531 1986 724 2043 Fateor
753 1988 1039 2058 aliquando
1071 1990 1179 2041 luce
1216 2004 1302 2043 res
1342 1987 1606 2041 secundas
1626 2028 1639 2048 ,
1671 1986 1882 2038 tenebris
1921 1984 2112 2042 adver-

531 2068 619 2134 sas
646 2080 966 2150 significari;
1001 2082 1093 2134 sed
1127 2080 1290 2145 facere
1316 2079 1579 2146 quidpiam
1610 2079 1691 2129 die
1721 2086 1766 2130 et
1794 2088 1935 2129 nocte
1976 2092 2113 2129 nuu-

531 2183 689 2237 quam
730 2170 1057 2238 signiticavit
1102 2170 1152 2223 in
1200 2170 1449 2224 secundis
1488 2180 1541 2223 et
1584 2170 1635 2221 in
1678 2169 1935 2221 adversis.
1979 2168 2113 2233 Quia

532 2275 664 2314 voce
693 2262 943 2330 quapiam
971 2261 1170 2330 aliquid
1197 2261 1249 2314 in
1283 2270 1430 2315 certo
1470 2265 1572 2315 situ
1606 2260 1953 2330 signiﬁcatur,
1992 2260 2112 2313 ideo

534 2368 639 2406 non
698 2354 973 2422 sequitur,
1026 2353 1327 2420 ubicunque
1383 2363 1663 2417 occurrat,
1717 2351 1905 2405 eodem
1956 2350 2114 2404 t‘uodo

534 2456 692 2512 posse
717 2458 834 2498 eam
861 2444 1101 2512 intelligi.
1121 2444 1224 2500 Sed
1248 2448 1489 2513 exempla
1519 2445 1634 2514 ejus
1660 2445 1957 2509 audiamus,
1990 2460 2112 2497 nam

476 2556 481 2559 ι
534 2534 640 2588 duo
670 2534 912 2604 profert:
947 2533 1148 2587 Dicitur
1173 2538 1305 2587 enim
1338 2535 1515 2606 (Joan.
1546 2550 1663 2597 Vill,
1698 2534 1787 2603 56)
1815 2552 1826 2585 :
1858 2533 2116 2587 Abraham

534 2627 669 2680 diem
698 2643 865 2680 meum
894 2628 1016 2679 vidit
1041 2636 1087 2679 et
1125 2633 1328 2697 gavisus
1363 2639 1453 2680 est.
1490 2626 1552 2678 Et
1583 2627 1648 2680 de
1676 2627 1998 2680 tribulatione
2036 2626 2116 2678 di-

535 2720 708 2773 citur:
741 2717 960 2784 Insuper
988 2729 1035 2773 et
1066 2737 1225 2788 usque
1267 2721 1333 2773 ad
1373 2732 1570 2775 noctem
1609 2722 2001 2772 emendarerunt
2040 2737 2116 2773 me

534 2824 680 2861 renes
710 2809 838 2875 mei;
876 2808 1012 2879 psal.
1044 2824 1138 2875 xv,
1172 2811 1224 2865 7.
1256 2810 1360 2865 Sed
1405 2812 1455 2863 in
1505 2810 1682 2865 verbis
1732 2809 1964 2877 Christi,
2007 2812 2115 2863 dies

534 2897 773 2953 laatitiam
805 2915 907 2954 non
944 2909 1130 2965 sonat,
1159 2917 1343 2956 verum
1378 2910 1588 2972 tempus
1617 2917 1723 2971 quo
1762 2901 1970 2957 futurus
2000 2910 2117 2955 erat

536 2991 591 3045 in
638 2993 825 3058 terris;
863 2992 1011 3047 locus
1041 3009 1168 3047 vero
1207 2993 1390 3062 psaltze
1436 2995 1586 3048 etiam
1632 2996 1863 3047 noctibus
1910 2995 2116 3049 erudie-

537 3092 650 3135 runt
680 3100 759 3135 me
788 3100 934 3137 renes
959 3084 1088 3147 mei,
1120 3084 1277 3138 nimis
1301 3085 1562 3138 obscurus
1590 3095 1672 3139 est
1699 3101 1855 3154 quam
1888 3095 1946 3138 ut
1973 3086 2117 3152 quid-

538 3190 695 3243 quam
728 3178 956 3245 probare
998 3186 1190 3246 queat,
1225 3187 1280 3232 et
1318 3179 1471 3231 aliter
1510 3178 1846 3235 commodius
1891 3177 2115 3245 intelligi
2143 3157 2189 3220 (ἶ

539 3278 742 3336 potest,
776 3278 831 3322 ut
856 3268 1027 3340 quivis
1071 3269 1337 3323 docebunt
1380 3270 1699 3340 interpretes
1739 3285 1804 3323 ex
1848 3269 2116 3323 recentio-

539 3360 704 3415 ribus.

610 3451 766 3516 lbid.,
795 3450 820 3521 §
846 3452 897 3505 5.
928 3451 1050 3505 Haec
1080 3461 1203 3506 sunt
1223 3452 1385 3508 verba
1410 3467 1553 3506 vers.
1582 3453 1646 3506 '5:
1674 3450 1739 3504 Et
1762 3454 1854 3504 erit
1880 3462 2121 3519 umquam

540 3546 734 3613 lignum
747 3543 882 3614 quod
903 3542 1188 3614 plantatum
1208 3554 1278 3597 est
1300 3544 1572 3597 secundum
1591 3543 1835 3596 decursus
1849 3560 2119 3612 aquarum.

540 3635 637 3690 Vel
687 3634 835 3705 pueri
881 3635 1178 3705 intelligant
1227 3634 1312 3688 hic
1352 3648 1470 3689 esse
1513 3634 1954 3699 similitudinem,
2002 3648 2122 3703 qua:

542 3720 749 3780 nonnisi
798 3725 1003 3795 integra
1044 3727 1298 3794 explicari
1342 3736 1547 3794 potest,
1589 3737 1644 3779 et
1688 3726 1905 3794 quidem
1953 3727 2021 3779 ita
2065 3736 2122 3780 ut

541 3818 850 3873 ostendatur
892 3834 1051 3887 quam
1101 3819 1172 3871 sit
1209 3826 1331 3885 apta
1376 3826 1483 3869 tota
1530 3817 1858 3882 similitudo,
1912 3833 2018 3869 non
2063 3826 2123 3872 ut

542 3909 894 3978 particulatim
925 3911 1275 3979 disearpatur.
1303 3908 1552 3963 Attamen
1582 3949 1597 3971 ,
1632 3910 1850 3977 prolatis
1887 3909 1969 3963 his
2000 3926 2122 3964 ver-

543 4004 652 4069 bis,
693 4003 771 4057 sic
813 4019 875 4057 ea
922 4000 1260 4073 interpretari
1299 4001 1604 4071 aggreditur
1650 4003 2020 4071 Augustinus:
2055 4000 2122 4054 Id

544 4107 645 4161 est,
686 4104 776 4148 aut
805 4096 1079 4149 secundum
1106 4097 1271 4161 ipsam
1314 4094 1619 4162 sapientiam
1658 4109 1773 4162 quae
1802 4095 2013 4164 dignata
2052 4104 2124 4147 est

545 4189 795 4240 hominem
818 4188 1070 4257 suscipere
1092 4186 1159 4239 ad
1197 4186 1412 4239 salutem
1449 4195 1711 4249 nostram;
1743 4195 1797 4237 ut
1838 4189 1943 4255 ipse
1972 4186 2122 4238 homo

546 4282 606 4336 sit
645 4280 841 4350 lignum
882 4278 1169 4348 plantatum
1212 4278 1493 4331 secundum
1540 4278 1779 4331 decursus
1824 4293 2075 4347 aquarunt
2104 4292 2124 4331 :

546 4382 707 4443 potest
735 4374 868 4426 enim
888 4380 933 4425 et
960 4372 1054 4425 hoc
1079 4372 1334 4425 intellectu
1365 4372 1530 4440 accipi
1550 4371 1686 4441 quod
1717 4372 1767 4423 in
1797 4372 1900 4424 alio
1925 4369 2125 4439 psalmo

547 4466 715 4531 (LXIV,
742 4462 829 4533 10)
864 4462 1093 4517 dicitur:
1121 4462 1306 4530 ﬂuvius
1339 4460 1431 4513 Dei
1460 4464 1681 4531 repletus
1710 4470 1784 4514 est
1820 4478 1974 4530 aqua.
2019 4460 2125 4515 Sed

547 4554 773 4621 primum
799 4554 918 4619 quis
946 4556 1114 4607 nescit
1152 4555 1203 4606 in
1234 4553 1583 4607 similitudine
1612 4568 1721 4608 rem
1755 4552 1896 4607 unde
1935 4553 2125 4608 simili-
2148 4527 2207 4597 D

550 4649 673 4701 tudo
698 4647 928 4709 ducitur,
962 4662 1080 4702 esse
1106 4646 1174 4699 ad
1216 4647 1467 4710 litteram,
1495 4655 1554 4700 ut
1579 4646 1896 4717 loquuntur,
1925 4647 2127 4701 intelli-

549 4740 811 4809 gendam?
840 4740 917 4793 Ne
946 4740 1058 4807 ipse
1095 4737 1308 4807 quidem
1340 4738 1665 4806 Augustinus
1696 4739 1798 4793 hoc
1827 4740 2123 4807 ignoravit,

549 4831 641 4885 sed
670 4830 944 4900 argutandi
978 4829 1262 4884 immodica
1290 4838 1344 4882 et
1374 4830 1745 4897 intempestiva
1770 4828 2035 4901 cupiditas
2066 4838 2125 4884 et

551 4921 800 4977 Africana
814 4922 1209 4997 ἀπεραντολοσγία
1224 4920 1430 4974 obstitit
1447 4937 1513 4975 ne
1530 4920 1734 4990 judicio
1748 4935 1845 4973 suo
1861 4930 2123 4976 uteretur.

550 5013 817 5068 Prteterea
849 5028 946 5067 nec
972 5014 1120 5066 locus
1145 5013 1336 5081 psalmi
1368 5028 1510 5075 LXIV,
1541 5012 1627 5075 l0,
1663 5012 1855 5066 similis
1882 5020 1999 5075 est,
2030 5024 2130 5065 nec

552 5106 605 5159 id
632 5106 892 5175 signiﬁcat
911 5107 1049 5176 quod
1080 5107 1207 5160 vult.
1232 5104 1451 5159 Fluvius
1477 5107 1619 5160 enim
1650 5103 1746 5158 Dei
1775 5105 1883 5159 illic
1904 5113 1985 5158 est
2011 5103 2131 5158 Jor-

553 5197 736 5256 danes,
759 5207 812 5249 ut
836 5206 978 5250 recte
999 5212 1062 5249 «ιι
1081 5196 1387 5260 Theodoro,
1406 5197 1591 5262 credo,
1616 5196 2013 5262 Mopsuesteno,
2041 5208 2134 5248 no-

555 5288 683 5341 tavit
704 5288 831 5342 Lud.
868 5289 1191 5343 Ferrandus.
1222 5289 1397 5357 Pergit
1421 5297 1601 5342 noster
1627 5287 1818 5343 eodem
1843 5288 2088 5340 acumine
2111 5302 2129 5339 :

555 5381 653 5432 Aut
680 5381 952 5433 secundum
978 5380 1231 5449 Spiritum
1251 5388 1499 5445 sanctum,
1529 5378 1810 5432 secundum
1830 5395 1975 5449 quem
1999 5379 2133 5431 dici-

556 5485 638 5527 tur
659 5488 678 5526 :
707 5474 815 5543 ipse
858 5490 942 5526 vos
970 5472 1241 5543 baptizabit
1279 5475 1333 5527 in
1364 5473 1569 5540 Spiritu
1610 5482 1804 5538 sancto,
1836 5481 1941 5525 etc.
1968 5470 2137 5525 Nemo

557 5574 713 5633 neget
737 5564 987 5634 Spiritum
1016 5574 1257 5619 sanctum
1278 5564 1508 5622 conferri
1533 5579 1679 5632 srepe
1704 5580 1823 5618 cum
1847 5578 2010 5633 aqua;
2039 5562 2135 5616 sed

556 5657 609 5712 in
642 5657 739 5712 hac
772 5658 1118 5711 similitudine
1154 5672 1258 5711 non
1300 5667 1475 5726 potest
1511 5657 1798 5726 signiﬁcari
1843 5655 2135 5709 decursibus

558 5772 823 5823 aquai—ulli.
852 5755 1025 5809 'Iertia
1059 5766 1175 5828 post
1221 5754 1441 5810 aﬁertur
1476 5754 1845 5824 interpretatio
1866 5754 2134 5823 prioribus

2215 1902 2482 1963 postquam
2515 1889 2824 1957 clarificatus
2850 1897 2922 1939 est
2960 1884 3327 1941 resurrectione
3352 1891 3400 1934 et
3429 1882 3700 1939 ascensione
3721 1880 3757 1931 in

2214 1985 2424 2049 caelum,
2456 1991 2561 2039 etc.
2586 1981 2686 2046 Qui
2720 1978 3033 2039 felicissime
3064 1976 3259 2031 versati
3292 1982 3423 2029 sunt
3455 1973 3507 2025 in
3540 1971 3758 2038 interpre-

2217 2080 2416 2143 latione
2465 2072 2833 2144 parabolarum
2884 2070 3019 2125 Novi
3069 2067 3449 2129 Testamenti,
3509 2064 3756 2118 observant

2216 2170 2454 2240 singulas
2487 2176 2664 2236 partes
2689 2162 3103 2219 similitudinum
3149 2175 3252 2219 non
3300 2172 3425 2213 esse
3464 2156 3674 2211 nimium
3699 2169 3758 2207 UP

2216 2262 2437 2335 gendas,
2465 2258 2556 2314 sed
2598 2258 2852 2312 duntaxat
2878 2256 3058 2322 (totam
3099 2252 3517 2308 similitudinem
3554 2263 3663 2309 esse
3688 2262 3757 2314 δρα

2220 2356 2432 2411 tandam
2463 2354 2559 2408 toti
2598 2353 2677 2406 rei
2706 2352 2771 2405 de
2814 2366 2916 2420 qua
2947 2364 3125 2405 sermo
3155 2356 3268 2412 est;
3303 2345 3432 2413 quia
3474 2342 3612 2399 nulla
3647 2356 3758 2408 para-

2221 2452 2338 2505 bola
2384 2450 2576 2503 nititur
2617 2444 2851 2516 perlecta
2894 2440 3257 2501 similitudine
3303 2438 3633 2507 singularum
3670 2448 3759 2501 par-

2220 2544 2383 2601 tium.
2406 2551 2459 2593 et
2487 2540 2611 2606 quia
2638 2554 2745 2597 non
2776 2545 2978 2593 constat
3014 2549 3082 2589 an
3116 2533 3355 2589 minutas
3396 2530 3515 2583 illas
3554 2526 3760 2581 similitu-

2222 2635 2373 2686 dines
2398 2628 2689 2685 atteuderit
2730 2627 3003 2681 Christus.
3038 2624 3161 2679 Haec
3204 2623 3249 2675 si
3294 2622 3483 2683 animo
3514 2625 3760 2686 reputasset

2221 2724 2571 2795 Augustinus,
2600 2721 2713 2775 haec
2742 2729 2794 2781 et
2824 2718 2923 2773 alia
2954 2717 3121 2773 multa
3160 2716 3213 2770 in
3246 2714 3403 2769 hisce
3430 2708 3758 2767 Enarrationi-

2222 2819 2320 2873 bus
2346 2814 2685 2870 resecuisset.

2295 2909 2450 2974 lbid.,
2486 2907 2513 2977 §
2544 2908 2577 2960 4
2607 2906 2672 2960 ad
2702 2920 2844 2961 vers.
2871 2904 2926 2957 4.
2969 2902 3087 2957 Νοη
3130 2901 3203 2953 sic
3230 2899 3412 2967 impii,
3434 2913 3549 2950 .non
3578 2896 3673 2958 sic;
3698 2894 3761 2945 secl

2180 3062 2183 3063 ν
2224 3016 2465 3071 tanquam
2501 3000 2661 3068 pulvis
2693 3014 2840 3068 quem
2876 2996 3077 3065 projicit
3110 3002 3286 3048 ventus
3306 3009 3338 3043 α
3365 2991 3496 3060 facie
3524 2998 3677 3051 terra,
3708 2985 3762 3038 sic

2226 3095 2383 3147 habet
2421 3110 2431 3143 :
2480 3101 2613 3143 terra
2652 3090 2733 3140 hic
2758 3088 3054 3154 accipienda
3082 3095 3155 3138 est
3187 3085 3444 3139 stabilitas
3470 3083 3525 3135 in
3562 3079 3688 3142 Deo;
3717 3075 3764 3130 ad

2223 3188 2363 3257 quod
2394 3184 2815 3240 conﬁrmandum
2842 3182 3044 3251 profert
3072 3182 3183 3241 loca
3206 3179 3516 3248 Scriptura,
3542 3176 3592 3231 in
3614 3174 3765 3244 quibus

2224 3288 2360 3331 terra
2390 3275 2673 3346 allegorice
2696 3315 2711 3341 ,
2767 3282 2822 3325 ut
2853 3272 3071 3341 putabat
3097 3315 3110 3335 ,
3141 3270 3191 3324 id
3222 3270 3530 3339 signiﬁcat;
3569 3265 3768 3322 sedeam

2225 3370 2400 3424 cinnia
2434 3367 2520 3425 illa
2548 3376 2846 3422 commenta
2873 3363 3155 3431 allegorica
3197 3361 3309 3415 sola
3360 3359 3634 3429 negatione
3666 3368 3769 3409 con-

2226 3463 2381 3517 futari
2422 3470 2650 3529 queant,
2698 3458 2783 3511 hic
2811 3471 3023 3525 quoque
3052 3455 3204 3511 locus
3233 3457 3443 3522 respuit
3479 3453 3614 3507 illam
3642 3450 3768 3503 inter.

2225 3553 2612 3623 pretationem;
2650 3552 2772 3619 quia
2805 3551 2854 3602 in
2887 3548 2985 3601 hac
3017 3547 3387 3607 similitudinis
3418 3555 3565 3614 parte
3592 3540 3769 3612 proprie

2222 3642 2484 3705 sumenda
2516 3652 2599 3696 est
2630 3656 2732 3693 vox
2762 3652 2921 3701 terra,
2954 3649 3007 3691 ut
3037 3637 3104 3692 ad
3133 3638 3466 3707 superiorem
3504 3630 3767 3691 similitudi-

2227 3752 2347 3792 nem
2374 3733 2727 3788 ostendimus.

2300 3826 2513 3887 Postea.
2545 3842 2576 3878 a
2603 3828 2750 3895 cujus
2794 3834 2941 3877 terra!
2963 3862 2975 3885 ,
3024 3822 3216 3890 inquit,
3244 3822 3379 3888 facie
3404 3821 3605 3892 projicit
3630 3826 3767 3871 ventus

2226 3919 2459 3983 impium,
2495 3916 2548 3968 id
2577 3924 2647 3968 est
2676 3914 2932 3984 superbia,
2958 3914 3072 3978 quia
3099 3915 3265 3980 iwat.
3300 3912 3551 3967 Feliciter
3576 3924 3685 3964 vero
3709 3907 3768 3959 in-

2227 4010 2476 4066 ventum!
2520 4009 2715 4077 Impius
2744 4022 2847 4061 non
2876 4006 3067 4065 dicitur
3095 4005 3181 4061 hic
3212 4007 3398 4075 projici
3427 4022 3459 4057 a
3488 4004 3611 4071 [acie
3633 4010 3766 4059 terre,

2228 4105 2320 4159 sed
2352 4119 2472 4159 esse
2501 4111 2743 4172 tanquam
2785 4102 2949 4171 pulvis
2976 4116 3125 4169 quem
3157 4100 3360 4169 projicit
3392 4108 3563 4155 ventus
3602 4112 3632 4148 α
3671 4092 3767 4163 facit

2228 4207 2374 4249 terra:
2386 4214 2406 4262 ;
2438 4199 2537 4249 hoc
2565 4204 2667 4259 est,
2688 4194 3095 4249 incertissimam
3123 4206 3242 4247 esse
3265 4202 3318 4245 et
3339 4192 3641 4245 vilissimam
3661 4182 3767 4253 apud

2229 4290 2397 4345 Deum
2426 4287 2541 4358 ejus
2566 4287 2925 4342 conditionem
2957 4300 2972 4338 :
3003 4292 3059 4337 ut
3083 4293 3185 4348 est,
3214 4283 3351 4353 apud
3388 4284 3643 4344 homines,
3678 4275 3770 4346 pul-

2230 4380 2373 4435 veris
2423 4387 2584 4435 vento
2628 4376 2833 4446 agitati.
2891 4375 3021 4429 Vide
3069 4374 3297 4429 similem
3358 4370 3770 4443 comparationem

2233 4471 2369 4543 psal.
2403 4486 2531 4535 xvn,
2562 4468 2652 4533 42,
2684 4479 2738 4523 et
2766 4467 2899 4537 psal.
2935 4482 3116 4530 xxxxv,
3148 4467 3203 4532 5,
3234 4474 3288 4520 et
3313 4465 3461 4521 alibi.

2307 4562 2464 4627 lbid.,
2494 4560 2520 4632 §
2553 4561 2608 4627 5,
2642 4560 2706 4613 ad
2730 4573 2871 4613 vers.
2904 4558 2957 4613 5.
2991 4556 3117 4610 Ideo
3146 4574 3245 4612 non
3272 4564 3542 4627 resurgunt
3582 4551 3711 4621 impii
3734 4549 3772 4600 in

2228 4654 2475 4727 judicio.]
2500 4654 2623 4709 Ideo
2648 4695 2663 4720 ,
2703 4654 2925 4715 scilicet,
2976 4652 3147 4719 inquit
3170 4690 3184 4712 .
3221 4650 3341 4720 quia
3368 4659 3605 4717 tanquam
3642 4639 3773 4710 pultis

2237 4726 2579 4815 projiciuntur
2605 4762 2633 4794 a
2662 4744 2790 4810 facie
2814 4754 2978 4794 terrm.
3009 4740 3073 4793 Et
3101 4739 3222 4793 bene
3252 4739 3347 4791 hoc
3372 4737 3443 4792 eis
3470 4735 3595 4790 dixit
3619 4726 3773 4800 auferri

2237 4837 2375 4906 quod
2395 4833 2597 4905 superbi
2622 4833 2870 4895 ambiunt,
2894 4830 2947 4883 id
2968 4841 3064 4895 est,
3100 4840 3153 4882 ut
3168 4828 3427 4899 judicent,
3450 4837 3503 4880 ut
3528 4826 3618 4877 lioc
3641 4823 3772 4890 ipsum

2240 4925 2446 4996 planius
2475 4927 2665 4977 dictum
2712 4923 3029 4992 intelligatur
3052 4921 3278 4989 sequenti
3305 4918 3548 4974 sententia
3582 4932 3601 4968 :
3635 4921 3772 4977 neque

2240 5025 2550 5087 peccatores
2572 5015 2625 5067 in
2650 5013 2877 5068 concilio
2902 5013 3184 5080 justorum.
3207 5011 3406 5065 Verum
3428 5009 3511 5063 ubi
3534 5012 3769 5071 resurgere.

2241 5118 2331 5163 aut
2380 5123 2584 5177 surgere
2627 5106 2679 5158 in
2714 5104 2917 5177 judicio
2964 5103 3224 5173 signiﬁcat
3266 5100 3497 5171 judicem
3539 5092 3708 5166 agere?
3738 5087 3770 5140 si

2240 5199 2599 5254 consuluisset
2641 5204 2734 5251 aut
2764 5196 3081 5251 Hebraicum
3134 5203 3337 5249 textum
3369 5235 3382 5257 ,
3434 5200 3519 5247 aut
3548 5188 3768 5244 Judaeum.

2240 5291 2537 5359 accepisset
2562 5289 2779 5343 verbum
2808 5302 2914 5357 quo
2942 5286 3029 5340 hic
3066 5286 3232 5339 utitur
3264 5284 3425 5337 David
3474 5296 3572 5336 non
3597 5289 3686 5331 tam
3712 5270 3769 5322 si-

2245 5387 2502 5457 gniﬁcare
2541 5398 2800 5451 resurgere
2828 5393 2985 5449 quam
3013 5388 3179 5444 stare;
3222 5377 3360 5431 unde
3390 5373 3668 5442 collegisset
3693 5369 3765 5415 lmc

2246 5478 2383 5532 velle
2413 5476 2712 5546 psalten,in
2739 5473 2939 5542 judicio
2972 5487 3075 5526 non
3105 5485 3261 5540 posse
3285 5470 3571 5524 consistere
3595 5458 3763 5526 impios-

2246 5572 2347 5628 hoc
2376 5581 2459 5626 est
2483 5613 2498 5638 ,
2542 5569 2657 5624 fore
2696 5578 2751 5622 ut
2781 5582 2937 5622 causa
2969 5566 3180 5619 cadant.
3226 5563 3359 5617 Vide
3392 5562 3537 5639 Isaia}
3571 5569 3662 5614 vn,
3696 5546 3762 5600 l‘1~

2246 5663 2472 5717 Malach.
2507 5678 2583 5727 Ill,
2610 5661 2665 5726 2,
2698 5660 2852 5713 Rom.
2870 5658 3044 5726 δεινή,
3069 5666 3125 5714 et
3153 5656 3286 5726 llug.
3319 5654 3548 5710 Grotium
3572 5647 3628 5701 ad
3655 5644 3761 5696 hunc

2241 5754 2438 5809 locum.
