3954 6364
188 395 298 452 573

867 400 1224 458 VARIOBUM
1261 401 1861 466 EXEBCITATIONES
1899 402 1963 456 IN
2007 402 2065 458 S.
2105 402 2473 459 AUGUSTINI
2507 400 2754 457 OPERA.

3348 395 3452 451 574

268 513 477 569 Ρειιιιο
506 530 562 579 ιι,
598 513 622 584 §
649 514 701 579 6,
730 514 795 568 ad
824 516 982 570 verba
1012 532 1153 573 vers.
1187 518 1240 571 6.
1278 516 1388 589 Ego
1432 516 1581 570 hodie
1625 518 1775 588 genui
1806 521 1857 579 Α
1886 532 2042 588 quem
2075 516 2275 585 profert
2306 516 2450 569 nullo
2484 515 2641 569 modo
2666 512 2891 582 quadrat
2918 510 2971 564 in
2999 508 3276 564 historiam
3310 522 3453 560 mor-

185 612 256 655 te.
295 605 599 675 Quanquam
646 607 796 661 etiam
820 648 834 670 ,
883 608 1093 676 inquit,
1127 609 1283 677 possit
1313 608 1402 661 ille
1440 609 1546 661 dies
1575 610 1627 661 in
1658 624 1777 675 pro-

183 696 364 759 phetia
387 699 548 750 dictus
571 698 729 750 videri
763 715 860 767 quo
891 697 1039 753 Iesus
1063 700 1292 753 Christus
1316 702 1594 753 secundum
1614 699 1778 753 homi-

179 801 301 838 nem
326 798 476 841 natus
497 797 590 851 est,
612 799 774 842 tamen
805 790 1118 860 hodie,quia
1149 794 1470 862 prtesentiam
1497 791 1773 861 signiﬁcat,

178 888 337 946 atque
371 882 423 932 in
449 883 729 933 teternitate
767 898 854 935 nec
880 885 1195 951 prwteritum
1218 886 1493 954 quidquam
1522 893 1614 947 est,
1635 884 1777 951 quasi

177 986 292 1021 esse
319 971 563 1031 desierit;
590 988 681 1023 nec
704 975 949 1039 futurum,
973 975 1117 1043 quasi
1146 976 1372 1027 nondum
1398 976 1459 1027 sit
1484 991 1501 1039 ;
1531 974 1619 1027 sed
1647 990 1779 1044 prte-

174 1078 213 1108 ει
235 1076 294 1111 ns
329 1072 534 1112 tantum
560 1105 573 1125 ,
618 1064 735 1130 quia
766 1064 1012 1131 quidquid
1049 1076 1295 1118 wternum
1326 1075 1395 1119 est
1440 1082 1636 1135 semper
1664 1075 1776 1125 est;

179 1150 433 1202 divinitus
483 1154 731 1217 accipitur
778 1155 1056 1207 secundum
1106 1156 1161 1207 id
1206 1157 1440 1221 dictum,
1478 1157 1587 1225 Ego
1619 1156 1780 1210 hodie

179 1242 346 1303 genui
384 1252 456 1302 te,
486 1257 585 1307 quo
614 1244 968 1312 sempiternam
1000 1250 1371 1315 generationem
1392 1248 1590 1301 virtutis
1620 1255 1667 1301 et
1698 1264 1780 1299 sa-

181 1332 395 1396 pirntice
418 1333 535 1397 Dei,
553 1335 639 1399 qui
670 1343 742 1387 est
766 1336 1051 1405 unigenitus
1068 1337 1262 1401 Filius,
1286 1339 1413 1406 ﬁdes
1440 1341 1780 1392 sincerissima

184 1431 229 1473 et
258 1424 523 1478 catholica
546 1427 834 1497 praedicat]
856 1430 1110 1493 Quamvis
1136 1431 1248 1484 haec
1275 1431 1642 1499 interpretatio
1672 1447 1775 1485 non

191 1513 259 1564 sit
289 1514 590 1584 Augustino
621 1519 902 1586 peculiaris
929 1561 943 1585 ,
993 1520 1386 1574 observandum
1434 1530 1608 1575 tamen
1654 1533 1777 1575 ante

203 1606 373 1658 omnia
402 1607 668 1673 psalmum
700 1608 839 1661 hunc
870 1610 1239 1678 explicandum
1273 1612 1435 1665 fuisse
1467 1612 1533 1667 de
1557 1612 1774 1677 Davide,

200 1698 285 1762 qui
313 1698 379 1751 de
409 1713 469 1752 se
500 1700 766 1769 loquitur;
806 1702 1001 1757 deinde
1027 1704 1319 1759 sublimiori
1353 1721 1511 1760 sensu
1538 1708 1604 1761 de
1625 1707 1777 1761 Chri-

190 1796 290 1853 sto,
339 1791 595 1858 quoniam
630 1794 697 1847 ita
746 1793 885 1849 hunc
925 1797 1187 1864 psalmqu
1221 1798 1601 1853 intellexerunt
1628 1800 1774 1868 Apo-

1884 612 1951 663 tis
1979 617 2035 663 et
2064 608 2471 663 resurrectionis
2492 606 2909 670 Christi,contra
2936 602 3134 670 optime
3159 599 3451 654 conditioni

1884 701 2097 757 Davidis
2127 700 2395 754 convenit.
2425 696 2557 752 Cum
2599 698 2747 751 multi
2777 699 2843 751 de
2872 695 2970 750 hoc
3001 704 3175 749 actum
3203 708 3325 748 esse
3352 708 3451 761 pu-

1880 805 2075 860 tarent,
2106 796 2226 862 quia
2257 796 2411 862 longe
2440 794 2663 847 maxima
2693 806 2814 860 pars
2838 790 3200 846 Israelitarum
3230 786 3454 841 Ahsalo-

1881 903 2027 941 mum
2073 887 2414 955 sequebatur,
2460 885 2533 936 ait
2586 884 2835 951 prepheta
2885 897 2944 935 se
2978 882 3042 935 ad
3074 879 3166 934 Dei
3199 880 3451 932 auxilium

1881 978 2207 1047 confugisse,
2242 987 2401 1045 atque
2431 976 2498 1029 ab
2523 990 2587 1029 eo
2617 976 2923 1028 exauditam
2965 974 3147 1039 fuisse,
3178 974 3454 1024 continen-

1882 1078 2066 1137 terque
2112 1068 2260 1121 addit
2308 1068 2467 1120 verba
2518 1066 2675 1119 allata
2704 1106 2717 1129 ,
2749 1082 2839 1135 ego
2873 1066 3125 1131 dormivi,
3177 1074 3305 1129 etc.,
3337 1078 3453 1131 qua:

1883 1160 2157 1227 aptissime
2205 1158 2505 1228 signiﬁcant
2551 1156 2889 1211 securitatem
2931 1171 2993 1209 ac
3022 1154 3453 1220 tranquillitatem

1883 1252 2045 1304 animi
2074 1251 2322 1316 Davidis,
2358 1260 2635 1319 postquam
2678 1249 2731 1302 in
2764 1249 2873 1303 Deo
2906 1248 3149 1301 ﬁduciam
3181 1261 3328 1299 suam
3358 1260 3453 1312 po-

1883 1354 2081 1398 suerat.
2122 1343 2379 1398 Similiter
2408 1344 2727 1397 describitur
2770 1342 3026 1397 securitas
3075 1340 3262 1407 psalm.
3294 1352 3370 1401 tv,
3401 1338 3452 1391 9.

1881 1436 1988 1490 Cur
2023 1452 2150 1505 ergo
2176 1437 2309 1489 alius
2336 1446 2451 1489 erat
2480 1435 2801 1505 qurerendus
2833 1448 3041 1495 sensus,
3074 1447 3194 1486 cum
3229 1431 3312 1483 hic
3341 1429 3456 1497 pul-

1882 1528 2183 1581 cherrimus
2225 1537 2368 1581 essu
2393 1567 2408 1591 ,
2453 1537 2507 1581 et
2553 1527 2747 1579 eximia
2786 1525 3102 1578 documenta
3134 1536 3237 1575 nou
3268 1520 3457 1587 despe-

1879 1619 2159 1681 randi,sed
2189 1619 2392 1671 ﬁduciae
2422 1617 2472 1671 in
2496 1618 2603 1670 Deo
2623 1614 3135 1680 collorandm,nobis
3166 1612 3457 1679 praeberet?

1878 1707 2101 1776 Nempe,
2134 1718 2209 1772 ut,
2242 1709 2499 1776 neglectis
2522 1724 2641 1777 qua:
2672 1717 2795 1761 ante
2825 1707 2988 1773 pedes
3014 1713 3187 1766 erant,
3226 1717 3287 1755 ea
3312 1715 3458 1769 quaa-

1880 1808 2129 1853 rereutur
2159 1815 2382 1868 quorum
2415 1799 2651 1866 alioquin
2696 1798 2746 1851 in
2778 1806 3008 1850 mentem
3051 1794 3253 1849 nemini
3286 1793 3458 1847 venis-

185 1880 328 1933 stoli.
378 1882 462 1936 Ad
496 1882 753 1939 Davidein
804 1887 944 1955 quod
976 1889 1197 1954 attinet,
1229 1892 1425 1961 genitus
1457 1900 1580 1945 tunc
1610 1906 1638 1943 a
1668 1892 1777 1946 Deo
1804 1870 1855 1935 Β
1883 1901 1993 1952 set;
2037 1893 2177 1957 quod
2215 1891 2339 1944 ferri
2372 1900 2588 1958 posset,
2642 1889 2739 1942 nisi
2777 1888 3047 1963 sententia
3082 1901 3198 1955 qua:
3228 1886 3457 1953 primum

186 1968 408 2039 dicitur,
439 1988 559 2028 cum
591 1985 673 2030 est
702 1992 793 2031 rex
823 1980 1165 2045 constitutus,
1192 1995 1312 2034 nam
1344 1997 1497 2051 reges
1528 1982 1777 2037 dicuntur

189 2060 283 2125 ﬁlii
325 2063 611 2129 Attissimi,
661 2067 795 2134 psal.
836 2084 1003 2123 utut
1028 2110 1043 2133 ,
1100 2070 1152 2124 6.
1181 2070 1257 2125 Ae
1284 2085 1413 2125 sane
1457 2072 1521 2125 ad
1551 2089 1775 2140 regnum

190 2154 307 2219 ejus
348 2157 544 2224 respici
599 2158 764 2227 liquet
807 2163 1092 2216 manifesto
1140 2178 1203 2217 ex
1236 2166 1675 2219 antecedentibus
1721 2176 1777 2220 et

198 2249 669 2315 consequentibus.
688 2251 766 2303 Ad
794 2250 1118 2320 spiritualem
1145 2268 1357 2308 sensum
1383 2256 1521 2324 quod
1547 2266 1770 2325 spectat,

203 2336 247 2387 si
274 2351 528 2406 negavero
556 2340 707 2394 hodie
734 2356 954 2410 usquam
984 2343 1033 2395 iu
1063 2343 1330 2414 Scriptura
1354 2346 1487 2399 sumi
1521 2348 1587 2400 de
1617 2358 1771 2402 aeter-

214 2427 367 2483 nitate
392 2472 405 2496 ,
446 2445 548 2484 non
584 2432 685 2484 erit
716 2448 813 2486 cur
856 2434 1069 2489 timeam
1100 2452 1167 2489 ne
1197 2438 1314 2505 quis
1346 2439 1545 2491 erroris
1572 2454 1656 2492 me
1683 2456 1770 2493 ar-

224 2530 357 2588 guat;
393 2536 485 2575 nec
512 2531 593 2576 est
621 2521 895 2592 Scriptura
934 2542 997 2579 ex
1030 2528 1359 2595 philos0phis
1403 2529 1770 2597 dogmatibus-

228 2629 315 2680 que
340 2614 634 2681 Platoniris,
678 2619 793 2672 siue
821 2621 1049 2685 ratione,
1084 2622 1415 2689 explicanda,
1446 2631 1505 2676 ut
1534 2623 1772 2677 fecerunt

233 2706 304 2759 hic
330 2708 508 2760 etalihi
540 2710 689 2763 multi
722 2710 929 2767 Patres.
960 2711 1161 2767 Deinde
1189 2714 1617 2781 quandoquidem
1646 2732 1773 2784 apo-

236 2797 332 2850 stoli
358 2812 446 2850 nos
482 2800 776 2855 docuerunt
822 2803 907 2855 hic
962 2816 1268 2857 sermonem
1300 2818 1418 2858 esse
1447 2803 1514 2859 de
1538 2806 1771 2871 Christo,

239 2888 348 2955 quod
387 2889 618 2959 alioquin
670 2893 1096 2962 ignorassemus,
1141 2896 1208 2948 ab
1239 2895 1426 2949 iisdem
1459 2898 1616 2950 etiam
1648 2914 1776 2965 apo-

238 2981 357 3033 stolis
381 2984 636 3049 petendus
666 2984 763 3037 fuit
800 2986 1062 3054 genuinus
1103 2986 1259 3056 hujus
1290 2987 1392 3041 loci
1424 3002 1641 3053 sensus;
1680 2990 1770 3057 qui

242 3070 293 3123 ab
327 3071 391 3126 eis
433 3074 654 3128 minime
697 3073 925 3130 refertur
955 3076 1020 3129 ad
1068 3086 1320 3131 teternam
1350 3080 1769 3146 generationem,

247 3164 319 3216 sed
337 3168 387 3218 ad
418 3174 730 3233 potestatem
786 3176 905 3237 post
942 3170 1391 3224 resurrectionem
1419 3171 1470 3224 in
1502 3170 1769 3225 Christum

1882 1984 2060 2037 animo
2090 1998 2208 2037 sese
2239 1984 2421 2050 objicit
2445 1985 2643 2051 Optima
2672 1991 2813 2036 esset
2832 1981 3109 2048 verbisque
3138 1978 3457 2032 convenien-

1885 2074 2121 2139 tissima;
2161 2091 2221 2128 ea
2254 2089 2418 2139 vero,
2466 2088 2586 2143 qua:
2627 2072 2808 2141 procul
2841 2070 3097 2125 accersita
3126 2079 3246 2133 est,
3275 2078 3457 2124 coacta

1880 2175 2027 2219 esset
2057 2174 2110 2219 et
2136 2181 2164 2217 a
2192 2165 2370 2218 verbis
2401 2166 2644 2232 serieque
2677 2163 2930 2217 orationis
2957 2163 3147 2216 aliena.

1952 2257 2057 2311 Sed
2088 2256 2371 2311 audiamus
2402 2257 2757 2324 Augustinum
2794 2254 3008 2323 ingenio
3037 2268 3135 2307 suo
3160 2252 3294 2306 mire
3324 2252 3457 2305 abu-

1881 2356 2103 2403 tentem.
2137 2347 2361 2413 Quidam
2410 2348 2693 2417 signiﬁcari
2727 2347 2839 2399 vult
2867 2346 3080 2400 nomine
3107 2345 3369 2409 Absalom,
3404 2354 3458 2398 ut

1878 2438 2148 2492 Christum
2177 2438 2387 2493 Davidis
2412 2454 2662 2509 persona.
2696 2439 2831 2491 Tum
2870 2438 3018 2492 addit
3046 2456 3056 2491 :
3084 2439 3123 2490 Α
3156 2439 3302 2507 cujus
3330 2438 3458 2506 facie

1881 2532 2073 2597 fugisse
2100 2547 2391 2600 quanquam
2415 2530 2653 2583 historice
2690 2530 2848 2593 possit
2876 2530 3072 2595 accipi,
3102 2528 3307 2597 quando
3326 2570 3338 2591 ,
3367 2526 3458 2579 illo

1880 2623 2201 2686 discedente,
2253 2624 2454 2676 secessit
2505 2640 2620 2674 cum
2667 2624 2859 2676 ctrterii
2906 2624 2957 2674 in
2997 2630 3256 2686 montem;
3292 2629 3457 2672 tamen

1878 2714 2177 2783 spiritaliter
2210 2715 2417 2783 quando
2455 2724 2669 2766 mentem
2708 2712 2862 2765 Iuda:
2909 2711 3077 2767 Filius
3108 2712 3231 2776 Dei,
3273 2713 3325 2763 id
3351 2721 3455 2776 est,

1878 2806 2037 2857 virtus
2086 2814 2131 2857 et
2182 2805 2433 2872 sapientia
2484 2803 2579 2856 Dei
2633 2804 2974 2858 deseruit.....
3034 2803 3153 2855 bene
3212 2803 3458 2870 accipitur

1877 2913 1909 2947 ιι
1953 2896 2085 2961 facie
2126 2898 2237 2965 ejus
2284 2894 2539 2947 Christum
2576 2894 2783 2965 fugisse.
2817 2893 2997 2962 Neque
3031 2893 3339 2955 historicus,
3365 2907 3456 2944 ne-

1876 3001 1981 3054 que
2025 2986 2312 3052 spiritualis
2360 3000 2547 3039 sensus
2599 2985 2723 3037 ferri
2775 2994 2975 3052 poteSt,
3023 2983 3125 3037 nisi
3155 2984 3220 3035 ab
3267 2984 3331 3036 iis
3362 2983 3451 3050 qui

1879 3076 1932 3130 in
1966 3075 2236 3145 Scriptura
2264 3077 2444 3130 vident
2470 3076 2726 3145 quidquid
2761 3077 2965 3141 volunt,
3003 3085 3058 3129 ut
3098 3077 3244 3144 pueri
3278 3075 3327 3127 in
3361 3091 3457 3128 nu-

1877 3168 2051 3222 bibus.

250 3256 470 3322 collatam;
523 3273 644 3311 nam
698 3259 764 3313 de
808 3260 1205 3315 resurrectione
1248 3261 1365 3330 ejus
1410 3262 1548 3316 hunc
1597 3262 1770 3316 locum
1800 3238 1847 3304 θ
1954 3265 2015 3315 At
2049 3277 2152 3315 non
2188 3277 2371 3329 parum
2406 3261 2675 3316 hominem
2706 3261 2983 3331 impedivit
3017 3260 3333 3331 signiﬁcatio
3365 3274 3457 3313 no-

241 3346 421 3413 cxplicat
451 3350 649 3404 Paulus
678 3352 793 3405 Act.
824 3368 941 3415 xm,
974 3353 1061 3406 55.
1104 3352 1346 3421 Scriptor
1383 3369 1510 3408 vero
1557 3354 1623 3408 ad
1664 3355 1773 3411 He-

237 3436 376 3492 brzeos
419 3441 484 3494 de
534 3442 652 3511 ejus
703 3443 1005 3498 sacerdotio
1029 3487 1042 3509 ,
1078 3458 1184 3512 quo
1230 3447 1279 3497 in
1310 3445 1449 3501 cmlo
1476 3448 1772 3513 praesertim

231 3528 412 3586 iunctus
439 3544 539 3599 est,
575 3549 695 3604 cap.
726 3550 781 3603 v,
815 3537 867 3589 5.
899 3534 1074 3590 Malim
1107 3550 1226 3591 cum
1255 3536 1358 3591 illis
1389 3536 1585 3593 sentire
1614 3552 1770 3608 quam

229 3636 329 3675 cum
354 3622 653 3679 Platonicis.
697 3625 846 3693 Quod
895 3627 1065 3681 visum
1117 3628 1277 3681 etiam
1322 3627 1539 3695 Hilario,
1589 3629 1677 3698 qui
1707 3628 1773 3682 ad

226 3714 339 3779 psal.
369 3730 421 3777 ιι,
451 3714 585 3785 §5tl,
622 3716 751 3770 edit.
783 3716 1111 3771 Benedictio.
1138 3735 1151 3771 :
1181 3718 1299 3771 Non
1325 3720 1392 3771 ad
1436 3720 1665 3790 virginis,
1696 3720 1775 3772 iu-

223 3808 324 3871 quit
348 3846 358 3867 ,
383 3818 578 3873 partum
606 3849 621 3871 ,
658 3824 819 3877 neque
847 3812 911 3861 ad
940 3808 1131 3863 lavacri
1154 3812 1528 3880 generationem
1552 3855 1565 3878 ,
1591 3812 1680 3864 sed
1708 3812 1774 3863 ad

221 3897 584 3967 primogenitum
613 3914 676 3952 ex
710 3901 925 3955 mortuis
953 3901 1206 3969 pertinere
1233 3900 1516 3971 apostolica
1557 3903 1773 3956 auctori-

221 3994 288 4038 tas
313 3995 393 4040 est.

284 4076 426 4142 lbid.,
458 4080 482 4150 ς
506 4083 590 4135 10.
634 4082 1022 4149 Apprehendere
1047 4083 1369 4151 disciplinam
1396 4085 1776 4153 interpretatur

220 4166 522 4237 Augustinus
548 4173 846 4243 intelligere
874 4175 1110 4240 erudiri;
1139 4189 1236 4229 nec
1260 4188 1387 4227 sane
1408 4174 1564 4227 aliter
1580 4175 1770 4243 potuit.

218 4260 316 4314 Sed
342 4264 382 4317 si
408 4264 665 4319 Hebraica
699 4266 1094 4331 consuluisset,
1148 4265 1235 4320 hic
1276 4266 1596 4335 singularem
1625 4267 1776 4320 inve-

218 4352 367 4407 nisset
391 4356 722 4424 prophetiam
752 4357 820 4413 de
840 4357 1081 4423 Christo;
1124 4374 1244 4412 nam
1277 4366 1434 4446 est]:
1460 4368 1599 4442 Ῥω
1631 4374 1776 4412 oscu-

217 4445 379 4498 lamini
406 4448 571 4513 ﬁlium
598 4489 611 4511 ,
641 4448 781 4515 quod
812 4448 878 4502 de
908 4450 1091 4503 osculo
1116 4490 1130 4513 ,
1162 4445 1388 4503 honoris
1410 4464 1592 4513 causa,
1623 4450 1774 4518 quasi

218 4535 319 4603 regi
355 4537 569 4592 terendo
597 4549 744 4594 recte
776 4540 1073 4611 intelligunt
1108 4540 1459 4596 recentiores.
1478 4540 1610 4595 Vide
1635 4542 1769 4596 Gen.

218 4626 434 4691 m,10;
479 4628 664 4683 ISam.
696 4646 750 4697 x,
778 4631 830 4684 1.

280 4716 481 4773 ΡςΑωιο
509 4735 588 4785 m,
612 4720 639 4791 §
670 4723 719 4776 1.
741 4722 991 4788 Quamvis
1012 4722 1130 4777 haec
1155 4724 1226 4776 sit
1250 4722 1528 4791 inscriptio
1550 4722 1770 4790 psalmi:

216 4809 440 4867 Psalmus
458 4813 648 4880 David,
675 4831 787 4868 cum
811 4817 1003 4886 fugeret
1032 4833 1062 4868 a
1091 4817 1221 4885 facie
1249 4816 1525 4869 Abessalon
1553 4816 1649 4884 ﬁlii
1670 4816 1770 4882 sui,

213 4905 285 4957 sic
314 4908 703 4961 enarrationem
751 4923 898 4962 suam
946 4909 1154 4962 orditur
1196 4908 1524 4977 AuguStinus
1560 4925 1575 4961 :
1621 4907 1776 4961 Hunc

216 4999 449 5059 psalmum
494 5014 557 5051 ea:
598 4999 834 5068 passione
879 4997 1068 5053 Christi
1110 5000 1459 5068 accipiendum
1505 4998 1777 5068 persuadet

218 5086 339 5146 quad
365 5086 553 5139 dictum
596 5096 670 5139 est
708 5104 726 5142 :
771 5087 879 5155 Ego
905 5089 1127 5141 dormivi
1157 5098 1212 5141 et
1251 5103 1494 5142 somnum
1527 5090 1639 5155 cepi
1664 5130 1679 5150 ,
1723 5096 1778 5142 et

220 5179 476 5231 exsurrexi
504 5178 751 5245 quoniam
770 5181 1020 5233 Dominus
1041 5179 1292 5246 suscipiet
1318 5195 1420 5233 me.
1450 5179 1615 5249 Magis
1644 5181 1778 5233 enim

222 5264 306 5317 itoc
329 5270 391 5319 ad
412 5272 697 5336 passionem
719 5279 767 5323 et
788 5273 1195 5324 resurrectionem
1212 5272 1414 5324 Domini
1441 5282 1778 5341 congruenter

225 5371 367 5426 sonat,
394 5379 546 5431 quam
576 5363 643 5415 ad
670 5363 813 5416 illam
840 5364 1107 5417 historiam
1132 5364 1184 5415 in
1214 5380 1314 5431 qua
1346 5361 1513 5416 David
1541 5364 1781 5417 scribitur

227 5449 394 5523 fugisse
417 5471 448 5507 α
475 5456 608 5523 {acie
653 5456 884 5510 bellantis
925 5458 1187 5509 adversum
1219 5472 1273 5509 se
1313 5454 1412 5525 ﬁlii
1458 5457 1554 5510 sui.
1588 5456 1778 5510 Nescio

228 5557 314 5610 qua
348 5548 548 5601 ratione
585 5548 876 5617 prtecaveri
910 5553 1206 5618 potuissent
1242 5559 1499 5603 contortas
1530 5550 1779 5618 allegori-

229 5646 407 5692 starum
435 5641 917 5709 interpretationes,
954 5656 1072 5694 cum
1105 5656 1171 5694 ue
1199 5641 1534 5710 apertissima
1566 5640 1777 5709 quidem

234 5728 481 5797 inscriptio
510 5735 695 5801 psalmi
728 5734 947 5801 hujusce
979 5744 1217 5786 nostrum
1249 5748 1504 5788 coercere
1550 5734 1782 5801 potuerit

235 5837 291 5877 ne
310 5824 598 5896 allegoricis
625 5826 845 5882 somniis
872 5824 1190 5893 indulgeret.
1225 5825 1351 5878 Nam
1388 5824 1534 5879 locus
1564 5825 1777 5895 quidem

1800 4603 1854 4664 D

1879 3352 2037 3406 minis
2074 3352 2361 3418 Absalom;
2404 3354 2482 3406 sic
2520 3352 2661 3407 enim
2711 3350 3221 3422 loquitur:Absalon
3262 3360 3455 3414 autem,

1879 3444 2007 3496 sicut
2048 3443 2255 3509 quidam
2287 3444 2708 3511 interpretantur,
2749 3445 2800 3496 in
2834 3442 3017 3495 Latina
3061 3444 3235 3512 lingua
3274 3443 3459 3495 dicitur

1878 3532 2045 3602 patris
2070 3548 2208 3601 pax;
2248 3535 2384 3602 quod
2413 3534 2596 3587 mirum
2620 3534 2779 3586 videri
2807 3542 2987 3603 potest,
3030 3535 3133 3585 sive
3167 3534 3218 3585 in
3248 3532 3458 3585 historia

1881 3623 2197 3691 Regnorum,
2226 3640 2337 3675 cum
2361 3624 2545 3677 bellum
2573 3625 2811 3677 adversus
2838 3635 3029 3693 patrem
3051 3621 3327 3687 Abessalon
3356 3641 3459 3693 ges-

1880 3714 2035 3779 serit;
2085 3714 2187 3766 sive
2221 3714 2272 3765 in
2312 3714 2525 3767 historia
2554 3713 2689 3766 Novi
2716 3712 3047 3776 Testamenti,
3085 3730 3201 3767 cum
3241 3716 3459 3768 tradilor

1882 3806 2089 3859 Domini
2117 3804 2283 3859 Iudas
2308 3808 2483 3875 fuerit,
2513 3802 2939 3874 quemadmodum
2970 3809 3133 3874 patris
3165 3823 3261 3876 pax
3293 3818 3459 3876 posset

1880 3898 2121 3969 intelligi.
2155 3899 2209 3953 Si
2237 3899 2526 3953 Ahsalomo
2557 3915 2773 3966 nomen,
2822 3909 2938 3968 post
2966 3910 3190 3953 mortem
3219 3900 3456 3966 demum,

1880 3987 2071 4043 fuisset
2115 3989 2452 4054 impositum,
2486 3988 2627 4043 aliud
2661 3990 2776 4043 sine
2819 3988 2979 4042 dubio
3008 3998 3193 4043 nactus
3237 3989 3454 4053 fuisset;

1880 4078 1974 4133 sed
2025 4078 2111 4146 qui
2172 4078 2355 4132 inl'anti
2404 4080 2779 4147 imposuerant
2806 4095 2909 4133 non
2941 4079 3297 4149 praeviderant
3336 4094 3457 4132 eum

1880 4169 2009 4223 olim
2040 4169 2240 4224 bellum
2272 4185 2391 4223 cum
2439 4180 2588 4236 patre
2636 4179 2929 4234 gesturum.
2962 4169 3125 4222 Multo
3157 4168 3330 4221 minus
3371 4168 3456 4221 in-

1881 4261 2122 4329 telligere
2154 4270 2401 4330 poterant
2439 4260 2553 4315 fore
2585 4262 2711 4315 olim
2761 4260 3032 4316 rhetorem
3062 4260 3338 4315 Numidam
3368 4262 3458 4331 qui

1882 4355 2047 4409 vellet
2076 4354 2344 4408 Absalomi
2379 4355 2593 4408 nomine
2623 4354 2904 4423 signiﬁcari
2935 4353 3143 4408 Domini
3168 4354 3248 4407 sui
3280 4341 3460 4422 prodi-

1881 4454 2073 4497 torem.
2108 4444 2211 4501 Sed
2245 4447 2364 4514 quis
2410 4460 2515 4499 non
2560 4447 2803 4508 miretur,
2834 4453 2957 4513 post
2983 4445 3156 4499 ﬁctam
3186 4461 3215 4498 a
3245 4460 3304 4500 se
3329 4446 3460 4501 alle-

1882 4539 2111 4606 goriam.
2142 4538 2437 4607 Augustino
2465 4538 2655 4593 mirum
2688 4539 2855 4593 videri
2887 4549 3188 4593 commento
3229 4554 3324 4593 suo
3355 4555 3459 4594 non

1880 4631 2019 4685 bene
2046 4633 2335 4685 convenire
2368 4647 2487 4686 cum
2516 4634 2731 4686 nomine
2760 4633 3063 4686 Absalomi?
3100 4631 3205 4685 Cur
3234 4648 3337 4686 non
3367 4647 3460 4702 po-

1882 4721 1991 4775 tius
2021 4732 2380 4776 commentum
2426 4722 2553 4776 illud
2585 4723 2811 4791 abiecit?
2852 4722 2956 4779 Sed
3005 4733 3187 4792 postea
3221 4738 3339 4777 sese
3367 4738 3460 4777 ex-

1881 4812 2067 4881 pedit,
2098 4828 2162 4866 eo
2192 4814 2332 4881 quod
2369 4813 2528 4867 David
2573 4817 2623 4868 in
2661 4831 2725 4869 eo
2755 4815 2899 4870 bello
2930 4823 3147 4883 pacatus
3174 4815 3461 4869 Absalomo

1881 4903 2045 4957 fuerit
2066 4944 2081 4967 ,
2114 4904 2237 4971 quia
2267 4904 2340 4957 illi
2382 4904 2527 4973 parci
2563 4906 2805 4973 volebat,
2845 4914 2897 4959 et
2934 4904 3072 4973 quod
3100 4902 3341 4960 Christus
3369 4906 3462 4961 Ju-

1884 4994 2005 5048 dam
2052 5008 2206 5063 aequo
2253 4995 2433 5050 animo
2478 4997 2617 5051 inter
2664 5012 2789 5050 suos
2840 4997 3037 5049 tulerit.
3073 4994 3163 5050 Sic
3202 4996 3251 5050 id
3296 5013 3460 5066 genus

1884 5085 2279 5153 conjectoribus
2308 5102 2577 5157 nunquam
2610 5088 2761 5142 deest
2793 5087 3049 5155 posticum
3078 5102 3183 5156 quo
3214 5088 3458 5153 evadant,

1884 5179 1929 5231 si
1958 5178 2056 5230 alia
2088 5179 2171 5232 via
2210 5194 2313 5233 non
2349 5182 2571 5245 possint.
2605 5179 2660 5234 Si
2706 5180 2840 5233 forte
2878 5193 3070 5232 nomen
3109 5178 3201 5232 ﬁlii
3248 5180 3460 5234 Davidis

1887 5270 2137 5325 bellicum
2179 5272 2430 5340 quiddam
2476 5272 2858 5342 signiﬁcasset,
2891 5280 3090 5340 quanto
3125 5288 3244 5327 cum
3276 5274 3461 5341 plausu

1886 5360 2000 5415 haec
2038 5361 2285 5429 ﬁgmenta
2326 5375 2539 5431 accepta
2577 5364 2828 5417 fuissent:
2873 5378 2991 5431 qute
3024 5378 3089 5416 ne
3121 5366 3301 5431 plausu
3340 5366 3460 5432 qui-

1886 5455 2007 5507 dem
2040 5466 2351 5519 caruerunt,
2383 5458 2631 5522 quamvis
2658 5454 2930 5523 paciﬁcum
2961 5454 3207 5523 quiddam
3237 5458 3426 5510 sonet?

1960 5545 2116 5607 lbid.,
2152 5545 2254 5615 55,
2288 5547 2353 5600 ad
2387 5546 2501 5600 hrec
2531 5546 2689 5600 verba
2718 5561 2861 5601 vers.
2900 5545 2953 5600 4.
3000 5544 3074 5599 Tu
3104 5557 3267 5599 autem
3294 5591 3307 5611 ,
3355 5548 3456 5600 Do-

1887 5642 2041 5705 mine,
2072 5651 2328 5709 susceptor
2352 5657 2488 5693 meus
2518 5657 2588 5705 es,
2628 5642 2703 5693 sic
2733 5639 2951 5693 scribit:
2980 5640 3266 5693 Secundum
3296 5642 3462 5693 homi-

1892 5751 2004 5786 nem
2050 5733 2235 5784 dicitur
2278 5733 2413 5798 Deo,
2438 5736 2560 5803 quia
2608 5733 2821 5787 hominis
2861 5734 3107 5795 susceptio
3143 5742 3215 5786 est
3244 5732 3463 5787 Verbum

1891 5839 2007 5875 raro
2038 5824 2249 5895 factum.
2278 5822 2407 5885 Tota
2438 5824 2519 5879 vis
2543 5825 2697 5894 hujus
2718 5822 3165 5893 interpretationis
3196 5823 3352 5891 petita
3384 5833 3464 5879 est
