  <div class='ocr_page' id='page_1' title='image "/cluster/home/n/w/nwhite01/storage/ocr_20150623/47/hvd.32044015471527/193.png"; bbox 0 0 3954 6364; ppageno 0'>
   <div class='ocr_carea' id='block_1_1' title="bbox 508 256 614 310">
    <p class='ocr_par' dir='ltr' id='par_1_1' title="bbox 508 256 614 310">
     <span class='ocr_line' id='line_1_1' title="bbox 508 256 614 310; baseline 0 -1"><span class='ocrx_word' id='word_1_1' title='bbox 508 256 614 310; x_wconf 74' lang='grc'><strong>575</strong></span> 
     </span>
    </p>
   </div>
   <div class='ocr_carea' id='block_1_2' title="bbox 1398 247 3712 312">
    <p class='ocr_par' dir='ltr' id='par_1_2' title="bbox 1398 247 3712 312">
     <span class='ocr_line' id='line_1_2' title="bbox 1398 247 3712 312; baseline 0.001 -5"><span class='ocrx_word' id='word_1_2' title='bbox 1398 247 1949 307; x_wconf 81' lang='lat' dir='ltr'><strong>SUPPLEMENTUM</strong></span> <span class='ocrx_word' id='word_1_3' title='bbox 1987 248 2080 303; x_wconf 84' lang='lat' dir='ltr'><strong>AD</strong></span> <span class='ocrx_word' id='word_1_4' title='bbox 2118 248 2344 305; x_wconf 83' lang='lat' dir='ltr'><strong>OPERA</strong></span> <span class='ocrx_word' id='word_1_5' title='bbox 2384 250 2443 305; x_wconf 89' lang='lat' dir='ltr'><strong>S.</strong></span> <span class='ocrx_word' id='word_1_6' title='bbox 2486 249 2875 307; x_wconf 85' lang='lat' dir='ltr'><strong>AUGUSTINI.</strong></span> <span class='ocrx_word' id='word_1_7' title='bbox 3636 253 3712 312; x_wconf 74' lang='lat'><strong>3&#39;16</strong></span> 
     </span>
    </p>
   </div>
   <div class='ocr_carea' id='block_1_3' title="bbox 508 366 3714 441">
    <p class='ocr_par' dir='ltr' id='par_1_3' title="bbox 508 366 3714 441">
     <span class='ocr_line' id='line_1_3' title="bbox 508 366 3714 441; baseline 0 -15"><span class='ocrx_word' id='word_1_8' title='bbox 508 387 573 426; x_wconf 86' lang='lat' dir='ltr'><strong>ex</strong></span> <span class='ocrx_word' id='word_1_9' title='bbox 602 383 733 425; x_wconf 86' lang='lat' dir='ltr'><strong>voce</strong></span> <span class='ocrx_word' id='word_1_10' title='bbox 767 379 1044 440; x_wconf 72' lang='lat' dir='ltr'><strong>susceptor,</strong></span> <span class='ocrx_word' id='word_1_11' title='bbox 1085 368 1206 437; x_wconf 87' lang='lat' dir='ltr'><strong>quia</strong></span> <span class='ocrx_word' id='word_1_12' title='bbox 1238 366 1471 421; x_wconf 79' lang='lat' dir='ltr'><strong>Verbum</strong></span> <span class='ocrx_word' id='word_1_13' title='bbox 1502 367 1778 423; x_wconf 79' lang='lat' dir='ltr'><strong>dicebatur</strong></span> <span class='ocrx_word' id='word_1_14' title='bbox 1807 368 2083 437; x_wconf 75' lang='lat' dir='ltr'><strong>suscepisse</strong></span> <span class='ocrx_word' id='word_1_15' title='bbox 2108 371 2163 428; x_wconf 76' lang='grc' dir='ltr'>Α</span> <span class='ocrx_word' id='word_1_16' title='bbox 2190 370 2310 423; x_wconf 86' lang='lat' dir='ltr'><strong>tiam</strong></span> <span class='ocrx_word' id='word_1_17' title='bbox 2352 370 2485 424; x_wconf 84' lang='lat' dir='ltr'><strong>Dei?</strong></span> <span class='ocrx_word' id='word_1_18' title='bbox 2519 372 2645 437; x_wconf 86' lang='lat' dir='ltr'><strong>Quis</strong></span> <span class='ocrx_word' id='word_1_19' title='bbox 2674 384 2904 441; x_wconf 86' lang='lat' dir='ltr'><strong>unquam</strong></span> <span class='ocrx_word' id='word_1_20' title='bbox 2935 374 3193 437; x_wconf 85' lang='lat' dir='ltr'><strong>praeterea</strong></span> <span class='ocrx_word' id='word_1_21' title='bbox 3221 366 3417 423; x_wconf 76' lang='lat' dir='ltr'><strong>audivit</strong></span> <span class='ocrx_word' id='word_1_22' title='bbox 3444 367 3570 424; x_wconf 83' lang='lat' dir='ltr'><strong>hanc</strong></span> <span class='ocrx_word' id='word_1_23' title='bbox 3603 371 3714 429; x_wconf 87' lang='lat' dir='ltr'><strong>locu-</strong></span> 
     </span>
    </p>
   </div>
   <div class='ocr_carea' id='block_1_4' title="bbox 510 459 2087 529">
    <p class='ocr_par' dir='ltr' id='par_1_4' title="bbox 510 459 2087 529">
     <span class='ocr_line' id='line_1_4' title="bbox 510 459 2087 529; baseline -0.003 -13"><span class='ocrx_word' id='word_1_24' title='bbox 510 479 725 517; x_wconf 89' lang='lat' dir='ltr'><strong>carnem</strong></span> <span class='ocrx_word' id='word_1_25' title='bbox 771 464 1075 517; x_wconf 88' lang='lat' dir='ltr'><strong>humanam.</strong></span> <span class='ocrx_word' id='word_1_26' title='bbox 1126 460 1232 517; x_wconf 84' lang='lat' dir='ltr'><strong>Sed</strong></span> <span class='ocrx_word' id='word_1_27' title='bbox 1294 461 1552 529; x_wconf 90' lang='lat' dir='ltr'><strong>propheta</strong></span> <span class='ocrx_word' id='word_1_28' title='bbox 1603 475 1709 515; x_wconf 93' lang='lat' dir='ltr'><strong>non</strong></span> <span class='ocrx_word' id='word_1_29' title='bbox 1768 459 2087 529; x_wconf 90' lang='lat' dir='ltr'><strong>loquebatur</strong></span> 
     </span>
    </p>
   </div>
   <div class='ocr_carea' id='block_1_5' title="bbox 510 550 2097 624">
    <p class='ocr_par' dir='ltr' id='par_1_5' title="bbox 510 550 2097 624">
     <span class='ocr_line' id='line_1_5' title="bbox 510 550 2097 624; baseline -0.004 -14"><span class='ocrx_word' id='word_1_30' title='bbox 510 556 716 610; x_wconf 77' lang='lat' dir='ltr'><strong>Latine.</strong></span> <span class='ocrx_word' id='word_1_31' title='bbox 745 555 915 610; x_wconf 81' lang='lat' dir='ltr'><strong>Habet</strong></span> <span class='ocrx_word' id='word_1_32' title='bbox 941 554 1027 608; x_wconf 88' lang='lat' dir='ltr'><strong>hic</strong></span> <span class='ocrx_word' id='word_1_33' title='bbox 1058 553 1318 608; x_wconf 79' lang='lat' dir='ltr'><strong>Iiebraice</strong></span> <span class='ocrx_word' id='word_1_34' title='bbox 1338 570 1352 605; x_wconf 88' lang='lat'><strong>:</strong></span> <span class='ocrx_word' id='word_1_35' title='bbox 1375 570 1423 606; x_wconf 89' lang='lat' dir='ltr'><strong>es</strong></span> <span class='ocrx_word' id='word_1_36' title='bbox 1447 554 1653 624; x_wconf 87' lang='lat' dir='ltr'><strong>clypeus</strong></span> <span class='ocrx_word' id='word_1_37' title='bbox 1682 568 1773 623; x_wconf 92' lang='lat' dir='ltr'><strong>pro</strong></span> <span class='ocrx_word' id='word_1_38' title='bbox 1814 567 1910 617; x_wconf 88' lang='lat' dir='ltr'><strong>me,</strong></span> <span class='ocrx_word' id='word_1_39' title='bbox 1941 550 2097 619; x_wconf 86' lang='lat' dir='ltr'><strong>cujus</strong></span> 
     </span>
    </p>
   </div>
   <div class='ocr_carea' id='block_1_6' title="bbox 513 646 2097 714">
    <p class='ocr_par' dir='ltr' id='par_1_6' title="bbox 513 646 2097 714">
     <span class='ocr_line' id='line_1_6' title="bbox 513 646 2097 714; baseline -0.003 -13"><span class='ocrx_word' id='word_1_40' title='bbox 513 648 799 702; x_wconf 90' lang='lat' dir='ltr'><strong>locutionis</strong></span> <span class='ocrx_word' id='word_1_41' title='bbox 842 661 1057 701; x_wconf 89' lang='lat' dir='ltr'><strong>sensum</strong></span> <span class='ocrx_word' id='word_1_42' title='bbox 1078 686 1092 710; x_wconf 93' lang='lat'><strong>,</strong></span> <span class='ocrx_word' id='word_1_43' title='bbox 1127 647 1303 713; x_wconf 88' lang='lat' dir='ltr'><strong>potius</strong></span> <span class='ocrx_word' id='word_1_44' title='bbox 1334 661 1491 714; x_wconf 88' lang='lat' dir='ltr'><strong>quam</strong></span> <span class='ocrx_word' id='word_1_45' title='bbox 1520 646 1903 714; x_wconf 78' lang='lat' dir='ltr'><strong>proprietatem</strong></span> <span class='ocrx_word' id='word_1_46' title='bbox 1936 657 2097 697; x_wconf 85' lang='lat' dir='ltr'><strong>voca-</strong></span> 
     </span>
    </p>
   </div>
   <div class='ocr_carea' id='block_1_7' title="bbox 509 728 2096 811">
    <p class='ocr_par' dir='ltr' id='par_1_7' title="bbox 509 728 2096 811">
     <span class='ocr_line' id='line_1_7' title="bbox 509 728 2096 811; baseline -0.002 -20"><span class='ocrx_word' id='word_1_47' title='bbox 509 738 775 805; x_wconf 88' lang='lat' dir='ltr'><strong>bulorum,</strong></span> <span class='ocrx_word' id='word_1_48' title='bbox 792 736 1123 806; x_wconf 77' lang='lat' dir='ltr'><strong>interpretati</strong></span> <span class='ocrx_word' id='word_1_49' title='bbox 1144 735 1316 790; x_wconf 60' lang='lat' dir='ltr'><strong>Graeci</strong></span> <span class='ocrx_word' id='word_1_50' title='bbox 1345 736 1563 801; x_wconf 89' lang='lat' dir='ltr'><strong>habent,</strong></span> <span class='ocrx_word' id='word_1_51' title='bbox 1583 737 1899 811; x_wconf 78' lang='grc' dir='ltr'><strong>ἀντιλήπτωρ</strong></span> <span class='ocrx_word' id='word_1_52' title='bbox 1914 756 2013 807; x_wconf 81' lang='grc' dir='ltr'><strong>μου</strong></span> <span class='ocrx_word' id='word_1_53' title='bbox 2032 728 2096 798; x_wconf 81' lang='grc' dir='ltr'><strong>εἴ,</strong></span> 
     </span>
    </p>
   </div>
   <div class='ocr_carea' id='block_1_8' title="bbox 510 830 2097 898">
    <p class='ocr_par' dir='ltr' id='par_1_8' title="bbox 510 830 2097 898">
     <span class='ocr_line' id='line_1_8' title="bbox 510 830 2097 898; baseline -0.002 -15"><span class='ocrx_word' id='word_1_54' title='bbox 510 831 613 883; x_wconf 86' lang='lat' dir='ltr'><strong>hoc</strong></span> <span class='ocrx_word' id='word_1_55' title='bbox 637 838 738 898; x_wconf 90' lang='lat' dir='ltr'><strong>est,</strong></span> <span class='ocrx_word' id='word_1_56' title='bbox 762 831 967 894; x_wconf 83' lang='lat' dir='ltr'><strong>adiutor</strong></span> <span class='ocrx_word' id='word_1_57' title='bbox 990 845 1129 882; x_wconf 90' lang='lat' dir='ltr'><strong>meus</strong></span> <span class='ocrx_word' id='word_1_58' title='bbox 1158 845 1245 893; x_wconf 89' lang='lat' dir='ltr'><strong>es;</strong></span> <span class='ocrx_word' id='word_1_59' title='bbox 1273 844 1393 882; x_wconf 90' lang='lat' dir='ltr'><strong>nam</strong></span> <span class='ocrx_word' id='word_1_60' title='bbox 1420 830 1559 883; x_wconf 90' lang='lat' dir='ltr'><strong>male</strong></span> <span class='ocrx_word' id='word_1_61' title='bbox 1586 843 1797 882; x_wconf 91' lang='lat' dir='ltr'><strong>versum</strong></span> <span class='ocrx_word' id='word_1_62' title='bbox 1816 837 2097 895; x_wconf 76' lang='lat' dir='ltr'><strong>susceptor.</strong></span> 
     </span>
    </p>
   </div>
   <div class='ocr_carea' id='block_1_9' title="bbox 510 920 2102 991">
    <p class='ocr_par' dir='ltr' id='par_1_9' title="bbox 510 920 2102 991">
     <span class='ocr_line' id='line_1_9' title="bbox 510 920 2102 991; baseline -0.002 -15"><span class='ocrx_word' id='word_1_63' title='bbox 510 922 596 976; x_wconf 86' lang='lat' dir='ltr'><strong>Sic</strong></span> <span class='ocrx_word' id='word_1_64' title='bbox 619 938 685 975; x_wconf 86' lang='lat' dir='ltr'><strong>ex</strong></span> <span class='ocrx_word' id='word_1_65' title='bbox 719 921 854 974; x_wconf 87' lang='lat' dir='ltr'><strong>mala</strong></span> <span class='ocrx_word' id='word_1_66' title='bbox 882 921 1130 976; x_wconf 85' lang='lat' dir='ltr'><strong>versione</strong></span> <span class='ocrx_word' id='word_1_67' title='bbox 1164 920 1350 990; x_wconf 86' lang='lat' dir='ltr'><strong>ingens</strong></span> <span class='ocrx_word' id='word_1_68' title='bbox 1375 920 1602 976; x_wconf 83' lang='lat' dir='ltr'><strong>deduxit</strong></span> <span class='ocrx_word' id='word_1_69' title='bbox 1633 920 1939 991; x_wconf 84' lang='lat' dir='ltr'><strong>mysterium</strong></span> <span class='ocrx_word' id='word_1_70' title='bbox 1988 920 2102 975; x_wconf 84' lang='lat' dir='ltr'><strong>Au-</strong></span> 
     </span>
    </p>
   </div>
   <div class='ocr_carea' id='block_1_10' title="bbox 516 1003 2101 1082">
    <p class='ocr_par' dir='ltr' id='par_1_10' title="bbox 516 1003 2101 1082">
     <span class='ocr_line' id='line_1_10' title="bbox 516 1003 2101 1082; baseline 0 -17"><span class='ocrx_word' id='word_1_71' title='bbox 516 1014 781 1082; x_wconf 86' lang='lat' dir='ltr'><strong>gustinus.</strong></span> <span class='ocrx_word' id='word_1_72' title='bbox 825 1013 879 1069; x_wconf 90' lang='lat' dir='ltr'><strong>Si</strong></span> <span class='ocrx_word' id='word_1_73' title='bbox 926 1030 1108 1068; x_wconf 88' lang='lat' dir='ltr'><strong>verum</strong></span> <span class='ocrx_word' id='word_1_74' title='bbox 1156 1029 1393 1068; x_wconf 89' lang='lat' dir='ltr'><strong>amamus</strong></span> <span class='ocrx_word' id='word_1_75' title='bbox 1420 1055 1434 1078; x_wconf 94' lang='lat'><strong>,</strong></span> <span class='ocrx_word' id='word_1_76' title='bbox 1482 1023 1572 1067; x_wconf 90' lang='lat' dir='ltr'><strong>aut</strong></span> <span class='ocrx_word' id='word_1_77' title='bbox 1603 1015 1755 1081; x_wconf 90' lang='lat' dir='ltr'><strong>plura</strong></span> <span class='ocrx_word' id='word_1_78' title='bbox 1783 1003 1967 1067; x_wconf 80' lang='lat' dir='ltr'><strong>debuit</strong></span> <span class='ocrx_word' id='word_1_79' title='bbox 1996 1011 2101 1066; x_wconf 89' lang='lat' dir='ltr'><strong>sibi</strong></span> 
     </span>
    </p>
   </div>
   <div class='ocr_carea' id='block_1_11' title="bbox 514 1102 2102 1175">
    <p class='ocr_par' dir='ltr' id='par_1_11' title="bbox 514 1102 2102 1175">
     <span class='ocr_line' id='line_1_11' title="bbox 514 1102 2102 1175; baseline -0.002 -16"><span class='ocrx_word' id='word_1_80' title='bbox 514 1120 830 1173; x_wconf 87' lang='lat' dir='ltr'><strong>comparare</strong></span> <span class='ocrx_word' id='word_1_81' title='bbox 875 1104 1114 1160; x_wconf 88' lang='lat' dir='ltr'><strong>subsidia</strong></span> <span class='ocrx_word' id='word_1_82' title='bbox 1140 1150 1154 1175; x_wconf 93' lang='lat'><strong>,</strong></span> <span class='ocrx_word' id='word_1_83' title='bbox 1206 1114 1297 1158; x_wconf 90' lang='lat' dir='ltr'><strong>aut</strong></span> <span class='ocrx_word' id='word_1_84' title='bbox 1345 1120 1565 1158; x_wconf 90' lang='lat' dir='ltr'><strong>munere</strong></span> <span class='ocrx_word' id='word_1_85' title='bbox 1598 1104 1903 1173; x_wconf 88' lang='lat' dir='ltr'><strong>interpretis</strong></span> <span class='ocrx_word' id='word_1_86' title='bbox 1933 1102 2102 1157; x_wconf 83' lang='lat' dir='ltr'><strong>absti-</strong></span> 
     </span>
    </p>
   </div>
   <div class='ocr_carea' id='block_1_12' title="bbox 513 1195 2103 1266">
    <p class='ocr_par' dir='ltr' id='par_1_12' title="bbox 513 1195 2103 1266">
     <span class='ocr_line' id='line_1_12' title="bbox 513 1195 2103 1266; baseline -0.001 -16"><span class='ocrx_word' id='word_1_87' title='bbox 513 1212 662 1261; x_wconf 87' lang='lat' dir='ltr'><strong>nere,</strong></span> <span class='ocrx_word' id='word_1_88' title='bbox 697 1197 821 1249; x_wconf 91' lang='lat' dir='ltr'><strong>dum</strong></span> <span class='ocrx_word' id='word_1_89' title='bbox 852 1198 1099 1253; x_wconf 88' lang='lat' dir='ltr'><strong>omnibus</strong></span> <span class='ocrx_word' id='word_1_90' title='bbox 1130 1207 1273 1252; x_wconf 85' lang='lat' dir='ltr'><strong>esset</strong></span> <span class='ocrx_word' id='word_1_91' title='bbox 1309 1197 1626 1264; x_wconf 89' lang='lat' dir='ltr'><strong>destitutus,</strong></span> <span class='ocrx_word' id='word_1_92' title='bbox 1654 1206 1877 1266; x_wconf 88' lang='lat' dir='ltr'><strong>excepta</strong></span> <span class='ocrx_word' id='word_1_93' title='bbox 1902 1195 2103 1250; x_wconf 90' lang='lat' dir='ltr'><strong>Punica</strong></span> 
     </span>
    </p>
   </div>
   <div class='ocr_carea' id='block_1_13' title="bbox 513 1291 931 1365">
    <p class='ocr_par' dir='ltr' id='par_1_13' title="bbox 513 1291 931 1365">
     <span class='ocr_line' id='line_1_13' title="bbox 513 1291 931 1365; baseline -0.002 -22"><span class='ocrx_word' id='word_1_94' title='bbox 513 1291 931 1365; x_wconf 73' lang='grc' dir='ltr'><strong>ἀπιραντολογὶᾳ.</strong></span> 
     </span>
    </p>
   </div>
   <div class='ocr_carea' id='block_1_14' title="bbox 586 1380 2103 1451">
    <p class='ocr_par' dir='ltr' id='par_1_14' title="bbox 586 1380 2103 1451">
     <span class='ocr_line' id='line_1_14' title="bbox 586 1380 2103 1451; baseline -0.002 -16"><span class='ocrx_word' id='word_1_95' title='bbox 586 1382 718 1435; x_wconf 89' lang='lat' dir='ltr'><strong>Ibid.</strong></span> <span class='ocrx_word' id='word_1_96' title='bbox 754 1382 1000 1435; x_wconf 71' lang='lat' dir='ltr'><strong>Eanltans</strong></span> <span class='ocrx_word' id='word_1_97' title='bbox 1051 1391 1200 1451; x_wconf 87' lang='lat' dir='ltr'><strong>caput</strong></span> <span class='ocrx_word' id='word_1_98' title='bbox 1227 1398 1411 1435; x_wconf 89' lang='lat' dir='ltr'><strong>meum.</strong></span> <span class='ocrx_word' id='word_1_99' title='bbox 1440 1380 1683 1446; x_wconf 79' lang='lat' dir='ltr'><strong>Mentem,</strong></span> <span class='ocrx_word' id='word_1_100' title='bbox 1716 1381 1907 1449; x_wconf 86' lang='lat' dir='ltr'><strong>inquit,</strong></span> <span class='ocrx_word' id='word_1_101' title='bbox 1938 1380 2103 1447; x_wconf 86' lang='lat' dir='ltr'><strong>ipsam</strong></span> 
     </span>
    </p>
   </div>
   <div class='ocr_carea' id='block_1_15' title="bbox 515 1473 2104 1543">
    <p class='ocr_par' dir='ltr' id='par_1_15' title="bbox 515 1473 2104 1543">
     <span class='ocr_line' id='line_1_15' title="bbox 515 1473 2104 1543; baseline 0 -18"><span class='ocrx_word' id='word_1_102' title='bbox 515 1474 792 1526; x_wconf 80' lang='lat' dir='ltr'><strong>humanam</strong></span> <span class='ocrx_word' id='word_1_103' title='bbox 839 1475 919 1526; x_wconf 88' lang='lat' dir='ltr'><strong>hic</strong></span> <span class='ocrx_word' id='word_1_104' title='bbox 964 1475 1312 1540; x_wconf 86' lang='lat' dir='ltr'><strong>accipiendam</strong></span> <span class='ocrx_word' id='word_1_105' title='bbox 1358 1483 1501 1543; x_wconf 89' lang='lat' dir='ltr'><strong>puto,</strong></span> <span class='ocrx_word' id='word_1_106' title='bbox 1533 1474 1669 1541; x_wconf 87' lang='lat' dir='ltr'><strong>quod</strong></span> <span class='ocrx_word' id='word_1_107' title='bbox 1711 1482 1871 1541; x_wconf 85' lang='lat' dir='ltr'><strong>caput</strong></span> <span class='ocrx_word' id='word_1_108' title='bbox 1911 1473 2104 1526; x_wconf 69' lang='lat' dir='ltr'><strong>anima:</strong></span> 
     </span>
    </p>
   </div>
   <div class='ocr_carea' id='block_1_16' title="bbox 516 1564 2097 1635">
    <p class='ocr_par' dir='ltr' id='par_1_16' title="bbox 516 1564 2097 1635">
     <span class='ocr_line' id='line_1_16' title="bbox 516 1564 2097 1635; baseline -0.001 -17"><span class='ocrx_word' id='word_1_109' title='bbox 516 1583 620 1619; x_wconf 86' lang='lat' dir='ltr'><strong>non</strong></span> <span class='ocrx_word' id='word_1_110' title='bbox 648 1566 869 1620; x_wconf 82' lang='lat' dir='ltr'><strong>absurde</strong></span> <span class='ocrx_word' id='word_1_111' title='bbox 895 1566 1204 1633; x_wconf 86' lang='lat' dir='ltr'><strong>appellatur.</strong></span> <span class='ocrx_word' id='word_1_112' title='bbox 1240 1566 1349 1619; x_wconf 93' lang='lat' dir='ltr'><strong>Imo</strong></span> <span class='ocrx_word' id='word_1_113' title='bbox 1379 1566 1608 1620; x_wconf 86' lang='lat' dir='ltr'><strong>absurde</strong></span> <span class='ocrx_word' id='word_1_114' title='bbox 1635 1565 1851 1635; x_wconf 90' lang='lat' dir='ltr'><strong>ﬁngitur</strong></span> <span class='ocrx_word' id='word_1_115' title='bbox 1880 1564 2097 1630; x_wconf 90' lang='lat' dir='ltr'><strong>locutio,</strong></span> 
     </span>
    </p>
   </div>
   <div class='ocr_carea' id='block_1_17' title="bbox 517 1656 2102 1728">
    <p class='ocr_par' dir='ltr' id='par_1_17' title="bbox 517 1656 2102 1728">
     <span class='ocr_line' id='line_1_17' title="bbox 517 1656 2102 1728; baseline -0.001 -18"><span class='ocrx_word' id='word_1_116' title='bbox 517 1656 670 1725; x_wconf 85' lang='lat' dir='ltr'><strong>cujus</strong></span> <span class='ocrx_word' id='word_1_117' title='bbox 719 1659 769 1711; x_wconf 92' lang='lat' dir='ltr'><strong>in</strong></span> <span class='ocrx_word' id='word_1_118' title='bbox 825 1657 966 1711; x_wconf 87' lang='lat' dir='ltr'><strong>nttlla</strong></span> <span class='ocrx_word' id='word_1_119' title='bbox 1020 1657 1197 1727; x_wconf 84' lang='lat' dir='ltr'><strong>lingua</strong></span> <span class='ocrx_word' id='word_1_120' title='bbox 1248 1659 1548 1728; x_wconf 82' lang='lat' dir='ltr'><strong>exemplum</strong></span> <span class='ocrx_word' id='word_1_121' title='bbox 1599 1674 1831 1728; x_wconf 88' lang='lat' dir='ltr'><strong>unquam</strong></span> <span class='ocrx_word' id='word_1_122' title='bbox 1863 1658 2102 1712; x_wconf 87' lang='lat' dir='ltr'><strong>auditum</strong></span> 
     </span>
    </p>
   </div>
   <div class='ocr_carea' id='block_1_18' title="bbox 2203 459 3718 533">
    <p class='ocr_par' dir='ltr' id='par_1_18' title="bbox 2203 459 3718 533">
     <span class='ocr_line' id='line_1_18' title="bbox 2203 459 3718 533; baseline 0 -17"><span class='ocrx_word' id='word_1_123' title='bbox 2203 463 2398 518; x_wconf 88' lang='lat' dir='ltr'><strong>tionem</strong></span> <span class='ocrx_word' id='word_1_124' title='bbox 2430 471 2709 533; x_wconf 85' lang='lat' dir='ltr'><strong>antequam</strong></span> <span class='ocrx_word' id='word_1_125' title='bbox 2760 478 2822 517; x_wconf 88' lang='lat' dir='ltr'><strong>ea</strong></span> <span class='ocrx_word' id='word_1_126' title='bbox 2869 469 3109 516; x_wconf 85' lang='lat' dir='ltr'><strong>uteretur</strong></span> <span class='ocrx_word' id='word_1_127' title='bbox 3136 459 3484 529; x_wconf 80' lang='lat' dir='ltr'><strong>Augustinus,</strong></span> <span class='ocrx_word' id='word_1_128' title='bbox 3524 466 3718 521; x_wconf 69' lang='lat' dir='ltr'><strong>exaudire</strong></span> 
     </span>
    </p>
   </div>
   <div class='ocr_carea' id='block_1_19' title="bbox 2201 552 3719 630">
    <p class='ocr_par' dir='ltr' id='par_1_19' title="bbox 2201 552 3719 630">
     <span class='ocr_line' id='line_1_19' title="bbox 2201 552 3719 630; baseline 0.001 -21"><span class='ocrx_word' id='word_1_129' title='bbox 2201 560 2262 611; x_wconf 88' lang='lat' dir='ltr'><strong>dc</strong></span> <span class='ocrx_word' id='word_1_130' title='bbox 2297 559 2536 630; x_wconf 86' lang='lat' dir='ltr'><strong>justitia?</strong></span> <span class='ocrx_word' id='word_1_131' title='bbox 2580 558 2713 613; x_wconf 88' lang='lat' dir='ltr'><strong>Sunt</strong></span> <span class='ocrx_word' id='word_1_132' title='bbox 2758 556 2897 611; x_wconf 92' lang='lat' dir='ltr'><strong>inter</strong></span> <span class='ocrx_word' id='word_1_133' title='bbox 2925 553 3251 610; x_wconf 88' lang='lat' dir='ltr'><strong>recentiores</strong></span> <span class='ocrx_word' id='word_1_134' title='bbox 3291 552 3626 609; x_wconf 89' lang='lat' dir='ltr'><strong>heterodoxos</strong></span> <span class='ocrx_word' id='word_1_135' title='bbox 3654 560 3719 623; x_wconf 88' lang='lat' dir='ltr'><strong>qui</strong></span> 
     </span>
    </p>
   </div>
   <div class='ocr_carea' id='block_1_20' title="bbox 2202 645 3723 715">
    <p class='ocr_par' dir='ltr' id='par_1_20' title="bbox 2202 645 3723 715">
     <span class='ocr_line' id='line_1_20' title="bbox 2202 645 3723 715; baseline -0.003 -12"><span class='ocrx_word' id='word_1_136' title='bbox 2202 648 2579 703; x_wconf 88' lang='lat' dir='ltr'><strong>insimulantur</strong></span> <span class='ocrx_word' id='word_1_137' title='bbox 2619 657 2926 703; x_wconf 91' lang='lat' dir='ltr'><strong>coactarum</strong></span> <span class='ocrx_word' id='word_1_138' title='bbox 2969 645 3490 715; x_wconf 85' lang='lat' dir='ltr'><strong>interpretationum;</strong></span> <span class='ocrx_word' id='word_1_139' title='bbox 3527 645 3608 699; x_wconf 85' lang='lat' dir='ltr'><strong>sed</strong></span> <span class='ocrx_word' id='word_1_140' title='bbox 3641 662 3723 715; x_wconf 73' lang='lat' dir='ltr'><strong>pra</strong></span> 
     </span>
    </p>
   </div>
   <div class='ocr_carea' id='block_1_21' title="bbox 2202 736 3726 810">
    <p class='ocr_par' dir='ltr' id='par_1_21' title="bbox 2202 736 3726 810">
     <span class='ocr_line' id='line_1_21' title="bbox 2202 736 3726 810; baseline -0.001 -15"><span class='ocrx_word' id='word_1_141' title='bbox 2202 741 2302 796; x_wconf 87' lang='lat' dir='ltr'><strong>bac</strong></span> <span class='ocrx_word' id='word_1_142' title='bbox 2330 751 2382 795; x_wconf 91' lang='lat' dir='ltr'><strong>et</strong></span> <span class='ocrx_word' id='word_1_143' title='bbox 2404 741 2665 796; x_wconf 87' lang='lat' dir='ltr'><strong>similibus</strong></span> <span class='ocrx_word' id='word_1_144' title='bbox 2684 757 2802 810; x_wconf 71' lang='lat' dir='ltr'><strong>quae</strong></span> <span class='ocrx_word' id='word_1_145' title='bbox 2830 740 2883 794; x_wconf 93' lang='lat' dir='ltr'><strong>in</strong></span> <span class='ocrx_word' id='word_1_146' title='bbox 2906 740 3093 794; x_wconf 90' lang='lat' dir='ltr'><strong>decem</strong></span> <span class='ocrx_word' id='word_1_147' title='bbox 3118 737 3395 808; x_wconf 81' lang='lat' dir='ltr'><strong>Augustini</strong></span> <span class='ocrx_word' id='word_1_148' title='bbox 3424 736 3726 794; x_wconf 79' lang='lat' dir='ltr'><strong>voluminibus</strong></span> 
     </span>
    </p>
   </div>
   <div class='ocr_carea' id='block_1_22' title="bbox 2201 831 3728 905">
    <p class='ocr_par' dir='ltr' id='par_1_22' title="bbox 2201 831 3728 905">
     <span class='ocr_line' id='line_1_22' title="bbox 2201 831 3728 905; baseline 0 -18"><span class='ocrx_word' id='word_1_149' title='bbox 2201 850 2319 905; x_wconf 63' lang='lat' dir='ltr'><strong>quae</strong></span> <span class='ocrx_word' id='word_1_150' title='bbox 2367 834 2520 887; x_wconf 90' lang='lat' dir='ltr'><strong>nobis</strong></span> <span class='ocrx_word' id='word_1_151' title='bbox 2564 842 2889 903; x_wconf 86' lang='lat' dir='ltr'><strong>supersunt,</strong></span> <span class='ocrx_word' id='word_1_152' title='bbox 2933 842 3210 900; x_wconf 90' lang='lat' dir='ltr'><strong>utramque</strong></span> <span class='ocrx_word' id='word_1_153' title='bbox 3258 831 3497 900; x_wconf 84' lang='lat' dir='ltr'><strong>paginam</strong></span> <span class='ocrx_word' id='word_1_154' title='bbox 3543 831 3728 899; x_wconf 87' lang='lat' dir='ltr'><strong>faciunt,</strong></span> 
     </span>
    </p>
   </div>
   <div class='ocr_carea' id='block_1_23' title="bbox 2203 924 3731 994">
    <p class='ocr_par' dir='ltr' id='par_1_23' title="bbox 2203 924 3731 994">
     <span class='ocr_line' id='line_1_23' title="bbox 2203 924 3731 994; baseline 0 -16"><span class='ocrx_word' id='word_1_155' title='bbox 2203 925 2380 980; x_wconf 87' lang='lat' dir='ltr'><strong>omnia</strong></span> <span class='ocrx_word' id='word_1_156' title='bbox 2408 925 2459 979; x_wconf 92' lang='lat' dir='ltr'><strong>in</strong></span> <span class='ocrx_word' id='word_1_157' title='bbox 2489 924 2594 979; x_wconf 89' lang='lat' dir='ltr'><strong>illis</strong></span> <span class='ocrx_word' id='word_1_158' title='bbox 2626 936 2749 979; x_wconf 88' lang='lat' dir='ltr'><strong>sunt</strong></span> <span class='ocrx_word' id='word_1_159' title='bbox 2776 925 2930 994; x_wconf 87' lang='lat' dir='ltr'><strong>plana</strong></span> <span class='ocrx_word' id='word_1_160' title='bbox 2973 934 3028 978; x_wconf 91' lang='lat' dir='ltr'><strong>et</strong></span> <span class='ocrx_word' id='word_1_161' title='bbox 3060 924 3254 977; x_wconf 82' lang='lat' dir='ltr'><strong>facilia.</strong></span> <span class='ocrx_word' id='word_1_162' title='bbox 3284 924 3529 977; x_wconf 83' lang='lat' dir='ltr'><strong>Attamen</strong></span> <span class='ocrx_word' id='word_1_163' title='bbox 3569 925 3731 979; x_wconf 77' lang='lat' dir='ltr'><strong>hetero-</strong></span> 
     </span>
    </p>
   </div>
   <div class='ocr_carea' id='block_1_24' title="bbox 2209 1016 3732 1089">
    <p class='ocr_par' dir='ltr' id='par_1_24' title="bbox 2209 1016 3732 1089">
     <span class='ocr_line' id='line_1_24' title="bbox 2209 1016 3732 1089; baseline -0.001 -15"><span class='ocrx_word' id='word_1_164' title='bbox 2209 1020 2341 1074; x_wconf 90' lang='lat' dir='ltr'><strong>doxi</strong></span> <span class='ocrx_word' id='word_1_165' title='bbox 2369 1020 2629 1075; x_wconf 86' lang='lat' dir='ltr'><strong>conviciis</strong></span> <span class='ocrx_word' id='word_1_166' title='bbox 2658 1019 2779 1073; x_wconf 91' lang='lat' dir='ltr'><strong>ideo</strong></span> <span class='ocrx_word' id='word_1_167' title='bbox 2809 1018 3162 1089; x_wconf 82' lang='lat' dir='ltr'><strong>exagitantur,</strong></span> <span class='ocrx_word' id='word_1_168' title='bbox 3196 1018 3514 1087; x_wconf 82' lang='lat' dir='ltr'><strong>Augustinus</strong></span> <span class='ocrx_word' id='word_1_169' title='bbox 3553 1016 3612 1068; x_wconf 90' lang='lat' dir='ltr'><strong>ad</strong></span> <span class='ocrx_word' id='word_1_170' title='bbox 3648 1031 3732 1072; x_wconf 80' lang='lat' dir='ltr'><strong>cte-</strong></span> 
     </span>
    </p>
   </div>
   <div class='ocr_carea' id='block_1_25' title="bbox 2204 1110 2845 1166">
    <p class='ocr_par' dir='ltr' id='par_1_25' title="bbox 2204 1110 2845 1166">
     <span class='ocr_line' id='line_1_25' title="bbox 2204 1110 2845 1166; baseline -0.002 -1"><span class='ocrx_word' id='word_1_171' title='bbox 2204 1112 2316 1166; x_wconf 91' lang='lat' dir='ltr'><strong>Ium</strong></span> <span class='ocrx_word' id='word_1_172' title='bbox 2344 1111 2590 1166; x_wconf 87' lang='lat' dir='ltr'><strong>laudibus</strong></span> <span class='ocrx_word' id='word_1_173' title='bbox 2619 1110 2845 1165; x_wconf 90' lang='lat' dir='ltr'><strong>tollitur.</strong></span> 
     </span>
    </p>
   </div>
   <div class='ocr_carea' id='block_1_26' title="bbox 2275 1195 3738 1272">
    <p class='ocr_par' dir='ltr' id='par_1_26' title="bbox 2275 1195 3738 1272">
     <span class='ocr_line' id='line_1_26' title="bbox 2275 1195 3738 1272; baseline -0.003 -16"><span class='ocrx_word' id='word_1_174' title='bbox 2275 1202 2407 1256; x_wconf 86' lang='lat' dir='ltr'><strong>Ibid.</strong></span> <span class='ocrx_word' id='word_1_175' title='bbox 2444 1201 2470 1272; x_wconf 84' lang='lat'>§</span> <span class='ocrx_word' id='word_1_176' title='bbox 2497 1203 2549 1257; x_wconf 86' lang='lat'><strong>5.</strong></span> <span class='ocrx_word' id='word_1_177' title='bbox 2596 1201 2707 1271; x_wconf 86' lang='lat' dir='ltr'><strong>Ego</strong></span> <span class='ocrx_word' id='word_1_178' title='bbox 2729 1201 2945 1254; x_wconf 83' lang='lat' dir='ltr'><strong>dormivi</strong></span> <span class='ocrx_word' id='word_1_179' title='bbox 2972 1209 3020 1255; x_wconf 90' lang='lat' dir='ltr'><strong>et</strong></span> <span class='ocrx_word' id='word_1_180' title='bbox 3043 1214 3276 1254; x_wconf 79' lang='lat' dir='ltr'><strong>somnum</strong></span> <span class='ocrx_word' id='word_1_181' title='bbox 3305 1198 3436 1268; x_wconf 89' lang='lat' dir='ltr'><strong>cepi.</strong></span> <span class='ocrx_word' id='word_1_182' title='bbox 3463 1195 3578 1251; x_wconf 89' lang='lat' dir='ltr'><strong>Non</strong></span> <span class='ocrx_word' id='word_1_183' title='bbox 3598 1197 3738 1251; x_wconf 78' lang='lat' dir='ltr'><strong>incon-</strong></span> 
     </span>
    </p>
   </div>
   <div class='ocr_carea' id='block_1_27' title="bbox 2203 1291 3738 1364">
    <p class='ocr_par' dir='ltr' id='par_1_27' title="bbox 2203 1291 3738 1364">
     <span class='ocr_line' id='line_1_27' title="bbox 2203 1291 3738 1364; baseline -0.002 -15"><span class='ocrx_word' id='word_1_184' title='bbox 2203 1298 2473 1358; x_wconf 85' lang='lat' dir='ltr'><strong>venienter,</strong></span> <span class='ocrx_word' id='word_1_185' title='bbox 2506 1296 2697 1364; x_wconf 90' lang='lat' dir='ltr'><strong>inquit,</strong></span> <span class='ocrx_word' id='word_1_186' title='bbox 2730 1294 3068 1348; x_wconf 87' lang='lat' dir='ltr'><strong>animadverti</strong></span> <span class='ocrx_word' id='word_1_187' title='bbox 3102 1302 3263 1364; x_wconf 83' lang='lat' dir='ltr'><strong>potest</strong></span> <span class='ocrx_word' id='word_1_188' title='bbox 3288 1291 3427 1362; x_wconf 88' lang='lat' dir='ltr'><strong>quod</strong></span> <span class='ocrx_word' id='word_1_189' title='bbox 3458 1291 3656 1358; x_wconf 87' lang='lat' dir='ltr'><strong>positum</strong></span> <span class='ocrx_word' id='word_1_190' title='bbox 3685 1303 3738 1346; x_wconf 81' lang='lat' dir='ltr'><strong>est</strong></span> 
     </span>
    </p>
   </div>
   <div class='ocr_carea' id='block_1_28' title="bbox 2205 1384 3740 1456">
    <p class='ocr_par' dir='ltr' id='par_1_28' title="bbox 2205 1384 3740 1456">
     <span class='ocr_line' id='line_1_28' title="bbox 2205 1384 3740 1456; baseline -0.003 -15"><span class='ocrx_word' id='word_1_191' title='bbox 2205 1387 2316 1456; x_wconf 84' lang='lat' dir='ltr'><strong>Ego</strong></span> <span class='ocrx_word' id='word_1_192' title='bbox 2343 1386 2409 1438; x_wconf 90' lang='lat' dir='ltr'><strong>ad</strong></span> <span class='ocrx_word' id='word_1_193' title='bbox 2430 1386 2825 1456; x_wconf 78' lang='lat' dir='ltr'><strong>significandum</strong></span> <span class='ocrx_word' id='word_1_194' title='bbox 2866 1385 3001 1450; x_wconf 88' lang='lat' dir='ltr'><strong>quod</strong></span> <span class='ocrx_word' id='word_1_195' title='bbox 3022 1400 3118 1437; x_wconf 89' lang='lat' dir='ltr'><strong>sua</strong></span> <span class='ocrx_word' id='word_1_196' title='bbox 3153 1384 3410 1437; x_wconf 81' lang='lat' dir='ltr'><strong>uoluntate</strong></span> <span class='ocrx_word' id='word_1_197' title='bbox 3435 1391 3635 1434; x_wconf 87' lang='lat' dir='ltr'><strong>mortem</strong></span> <span class='ocrx_word' id='word_1_198' title='bbox 3656 1400 3740 1437; x_wconf 76' lang='lat' dir='ltr'><strong>sus-</strong></span> 
     </span>
    </p>
   </div>
   <div class='ocr_carea' id='block_1_29' title="bbox 2208 1473 3739 1545">
    <p class='ocr_par' dir='ltr' id='par_1_29' title="bbox 2208 1473 3739 1545">
     <span class='ocr_line' id='line_1_29' title="bbox 2208 1473 3739 1545; baseline -0.004 -10"><span class='ocrx_word' id='word_1_199' title='bbox 2208 1479 2396 1543; x_wconf 82' lang='lat' dir='ltr'><strong>tinuit,</strong></span> <span class='ocrx_word' id='word_1_200' title='bbox 2438 1477 2712 1531; x_wconf 85' lang='lat' dir='ltr'><strong>secundum</strong></span> <span class='ocrx_word' id='word_1_201' title='bbox 2761 1475 2894 1529; x_wconf 85' lang='lat' dir='ltr'><strong>illud</strong></span> <span class='ocrx_word' id='word_1_202' title='bbox 2935 1491 2955 1531; x_wconf 90' lang='lat'><strong><em>:</em></strong></span> <span class='ocrx_word' id='word_1_203' title='bbox 2998 1475 3289 1545; x_wconf 85' lang='lat' dir='ltr'><strong>Propterea</strong></span> <span class='ocrx_word' id='word_1_204' title='bbox 3320 1490 3408 1528; x_wconf 90' lang='lat' dir='ltr'><strong>me</strong></span> <span class='ocrx_word' id='word_1_205' title='bbox 3436 1473 3587 1528; x_wconf 88' lang='lat' dir='ltr'><strong>Pater</strong></span> <span class='ocrx_word' id='word_1_206' title='bbox 3607 1474 3739 1544; x_wconf 75' lang='lat' dir='ltr'><strong>diligit</strong></span> 
     </span>
    </p>
   </div>
   <div class='ocr_carea' id='block_1_30' title="bbox 2207 1566 3741 1637">
    <p class='ocr_par' dir='ltr' id='par_1_30' title="bbox 2207 1566 3741 1637">
     <span class='ocr_line' id='line_1_30' title="bbox 2207 1566 3741 1637; baseline -0.001 -14"><span class='ocrx_word' id='word_1_207' title='bbox 2207 1570 2456 1637; x_wconf 85' lang='lat' dir='ltr'><strong>quoniam</strong></span> <span class='ocrx_word' id='word_1_208' title='bbox 2484 1584 2583 1637; x_wconf 85' lang='lat' dir='ltr'><strong>ego</strong></span> <span class='ocrx_word' id='word_1_209' title='bbox 2612 1569 2822 1637; x_wconf 86' lang='lat' dir='ltr'><strong>depono</strong></span> <span class='ocrx_word' id='word_1_210' title='bbox 2843 1568 3076 1622; x_wconf 85' lang='lat' dir='ltr'><strong>animam</strong></span> <span class='ocrx_word' id='word_1_211' title='bbox 3105 1583 3299 1633; x_wconf 86' lang='lat' dir='ltr'><strong>meam,</strong></span> <span class='ocrx_word' id='word_1_212' title='bbox 3324 1577 3421 1621; x_wconf 86' lang='lat' dir='ltr'><strong>etc.</strong></span> <span class='ocrx_word' id='word_1_213' title='bbox 3444 1566 3591 1621; x_wconf 86' lang='lat' dir='ltr'><strong>Joan.</strong></span> <span class='ocrx_word' id='word_1_214' title='bbox 3618 1567 3741 1631; x_wconf 82' lang='lat' dir='ltr'><strong>x,l8.</strong></span> 
     </span>
    </p>
   </div>
   <div class='ocr_carea' id='block_1_31' title="bbox 2208 1656 3743 1729">
    <p class='ocr_par' dir='ltr' id='par_1_31' title="bbox 2208 1656 3743 1729">
     <span class='ocr_line' id='line_1_31' title="bbox 2208 1656 3743 1729; baseline -0.002 -15"><span class='ocrx_word' id='word_1_215' title='bbox 2208 1661 2335 1727; x_wconf 85' lang='lat' dir='ltr'><strong>Quis</strong></span> <span class='ocrx_word' id='word_1_216' title='bbox 2362 1674 2593 1729; x_wconf 88' lang='lat' dir='ltr'><strong>unquam</strong></span> <span class='ocrx_word' id='word_1_217' title='bbox 2626 1660 2763 1714; x_wconf 84' lang='lat' dir='ltr'><strong>hanc</strong></span> <span class='ocrx_word' id='word_1_218' title='bbox 2788 1674 2910 1714; x_wconf 87' lang='lat' dir='ltr'><strong>esse</strong></span> <span class='ocrx_word' id='word_1_219' title='bbox 2936 1659 3215 1728; x_wconf 84' lang='lat' dir='ltr'><strong>emphasin</strong></span> <span class='ocrx_word' id='word_1_220' title='bbox 3247 1658 3299 1711; x_wconf 93' lang='lat' dir='ltr'><strong>in</strong></span> <span class='ocrx_word' id='word_1_221' title='bbox 3342 1672 3476 1713; x_wconf 85' lang='lat' dir='ltr'><strong>voce</strong></span> <span class='ocrx_word' id='word_1_222' title='bbox 3504 1656 3606 1727; x_wconf 86' lang='lat' dir='ltr'><strong>Ego</strong></span> <span class='ocrx_word' id='word_1_223' title='bbox 3636 1659 3743 1726; x_wconf 87' lang='lat' dir='ltr'><strong>cogi-</strong></span> 
     </span>
    </p>
   </div>
   <div class='ocr_carea' id='block_1_32' title="bbox 518 1737 3744 1821">
    <p class='ocr_par' dir='ltr' id='par_1_32' title="bbox 518 1737 3744 1821">
     <span class='ocr_line' id='line_1_32' title="bbox 518 1737 3744 1821; baseline 0 -20"><span class='ocrx_word' id='word_1_224' title='bbox 518 1758 629 1802; x_wconf 88' lang='lat' dir='ltr'><strong>est:</strong></span> <span class='ocrx_word' id='word_1_225' title='bbox 674 1749 969 1817; x_wconf 74' lang='lat' dir='ltr'><strong>praesertim</strong></span> <span class='ocrx_word' id='word_1_226' title='bbox 1017 1765 1137 1803; x_wconf 91' lang='lat' dir='ltr'><strong>eum</strong></span> <span class='ocrx_word' id='word_1_227' title='bbox 1173 1750 1225 1802; x_wconf 94' lang='lat' dir='ltr'><strong>in</strong></span> <span class='ocrx_word' id='word_1_228' title='bbox 1278 1758 1525 1819; x_wconf 91' lang='lat' dir='ltr'><strong>promptu</strong></span> <span class='ocrx_word' id='word_1_229' title='bbox 1572 1750 1641 1804; x_wconf 92' lang='lat' dir='ltr'><strong>sit</strong></span> <span class='ocrx_word' id='word_1_230' title='bbox 1670 1750 2104 1805; x_wconf 87' lang='lat' dir='ltr'><strong>commodissima</strong></span> <span class='ocrx_word' id='word_1_231' title='bbox 2134 1737 2184 1798; x_wconf 81' lang='grc' dir='ltr'><strong><em>Β</em></strong></span> <span class='ocrx_word' id='word_1_232' title='bbox 2213 1762 2376 1808; x_wconf 82' lang='lat' dir='ltr'><strong>lasset</strong></span> <span class='ocrx_word' id='word_1_233' title='bbox 2398 1793 2414 1818; x_wconf 94' lang='lat'><strong>,</strong></span> <span class='ocrx_word' id='word_1_234' title='bbox 2450 1753 2549 1808; x_wconf 88' lang='lat' dir='ltr'><strong>nisi</strong></span> <span class='ocrx_word' id='word_1_235' title='bbox 2584 1752 2815 1807; x_wconf 89' lang='lat' dir='ltr'><strong>monitus</strong></span> <span class='ocrx_word' id='word_1_236' title='bbox 2841 1753 2909 1805; x_wconf 88' lang='lat' dir='ltr'><strong>ab</strong></span> <span class='ocrx_word' id='word_1_237' title='bbox 2936 1750 3266 1821; x_wconf 83' lang='lat' dir='ltr'><strong>Augustino?</strong></span> <span class='ocrx_word' id='word_1_238' title='bbox 3305 1750 3413 1806; x_wconf 91' lang='lat' dir='ltr'><strong>Sed</strong></span> <span class='ocrx_word' id='word_1_239' title='bbox 3443 1749 3487 1803; x_wconf 89' lang='lat' dir='ltr'><strong>si</strong></span> <span class='ocrx_word' id='word_1_240' title='bbox 3528 1750 3637 1817; x_wconf 85' lang='lat' dir='ltr'><strong>quis</strong></span> <span class='ocrx_word' id='word_1_241' title='bbox 3672 1751 3744 1804; x_wconf 83' lang='lat' dir='ltr'><strong>hoc</strong></span> 
     </span>
    </p>
   </div>
   <div class='ocr_carea' id='block_1_33' title="bbox 522 1837 2107 1910">
    <p class='ocr_par' dir='ltr' id='par_1_33' title="bbox 522 1837 2107 1910">
     <span class='ocr_line' id='line_1_33' title="bbox 522 1837 2107 1910; baseline 0.003 -20"><span class='ocrx_word' id='word_1_242' title='bbox 522 1837 911 1906; x_wconf 89' lang='lat' dir='ltr'><strong>interpretatio,</strong></span> <span class='ocrx_word' id='word_1_243' title='bbox 947 1854 1104 1909; x_wconf 89' lang='lat' dir='ltr'><strong>quam</strong></span> <span class='ocrx_word' id='word_1_244' title='bbox 1135 1839 1258 1894; x_wconf 91' lang='lat' dir='ltr'><strong>vide</strong></span> <span class='ocrx_word' id='word_1_245' title='bbox 1297 1841 1436 1910; x_wconf 88' lang='lat' dir='ltr'><strong>apud</strong></span> <span class='ocrx_word' id='word_1_246' title='bbox 1468 1840 1749 1896; x_wconf 87' lang='lat' dir='ltr'><strong>Martinum</strong></span> <span class='ocrx_word' id='word_1_247' title='bbox 1783 1839 2027 1895; x_wconf 88' lang='lat' dir='ltr'><strong>Geierum</strong></span> <span class='ocrx_word' id='word_1_248' title='bbox 2053 1849 2107 1897; x_wconf 92' lang='lat' dir='ltr'><strong>et</strong></span> 
     </span>
    </p>
   </div>
   <div class='ocr_carea' id='block_1_34' title="bbox 520 1929 1026 1998">
    <p class='ocr_par' dir='ltr' id='par_1_34' title="bbox 520 1929 1026 1998">
     <span class='ocr_line' id='line_1_34' title="bbox 520 1929 1026 1998; baseline 0.006 -18"><span class='ocrx_word' id='word_1_249' title='bbox 520 1929 655 1983; x_wconf 91' lang='lat' dir='ltr'><strong>alios</strong></span> <span class='ocrx_word' id='word_1_250' title='bbox 687 1931 1026 1998; x_wconf 88' lang='lat' dir='ltr'><strong>interpretes.</strong></span> 
     </span>
    </p>
   </div>
   <div class='ocr_carea' id='block_1_35' title="bbox 593 2019 2107 2089">
    <p class='ocr_par' dir='ltr' id='par_1_35' title="bbox 593 2019 2107 2089">
     <span class='ocr_line' id='line_1_35' title="bbox 593 2019 2107 2089; baseline 0.003 -16"><span class='ocrx_word' id='word_1_251' title='bbox 593 2020 749 2084; x_wconf 90' lang='lat' dir='ltr'><strong>Ibid.,</strong></span> <span class='ocrx_word' id='word_1_252' title='bbox 782 2020 808 2089; x_wconf 85' lang='lat'>§</span> <span class='ocrx_word' id='word_1_253' title='bbox 836 2019 889 2084; x_wconf 74' lang='grc'><strong>4,</strong></span> <span class='ocrx_word' id='word_1_254' title='bbox 920 2022 985 2075; x_wconf 92' lang='lat' dir='ltr'><strong>ad</strong></span> <span class='ocrx_word' id='word_1_255' title='bbox 1013 2021 1169 2075; x_wconf 88' lang='lat' dir='ltr'><strong>verba</strong></span> <span class='ocrx_word' id='word_1_256' title='bbox 1202 2036 1343 2076; x_wconf 91' lang='lat' dir='ltr'><strong>vers.</strong></span> <span class='ocrx_word' id='word_1_257' title='bbox 1363 2022 1415 2076; x_wconf 83' lang='lat'><strong>5.</strong></span> <span class='ocrx_word' id='word_1_258' title='bbox 1442 2021 1577 2075; x_wconf 79' lang='lat' dir='ltr'><strong>Voce</strong></span> <span class='ocrx_word' id='word_1_259' title='bbox 1598 2038 1711 2075; x_wconf 87' lang='lat' dir='ltr'><strong>mea</strong></span> <span class='ocrx_word' id='word_1_260' title='bbox 1739 2022 1805 2076; x_wconf 90' lang='lat' dir='ltr'><strong>ad</strong></span> <span class='ocrx_word' id='word_1_261' title='bbox 1832 2022 2107 2077; x_wconf 89' lang='lat' dir='ltr'><strong>Dominum</strong></span> 
     </span>
    </p>
   </div>
   <div class='ocr_carea' id='block_1_36' title="bbox 521 2112 2107 2185">
    <p class='ocr_par' dir='ltr' id='par_1_36' title="bbox 521 2112 2107 2185">
     <span class='ocr_line' id='line_1_36' title="bbox 521 2112 2107 2185; baseline 0.001 -18"><span class='ocrx_word' id='word_1_262' title='bbox 521 2112 766 2178; x_wconf 83' lang='lat' dir='ltr'><strong>clamavi;</strong></span> <span class='ocrx_word' id='word_1_263' title='bbox 797 2114 850 2166; x_wconf 96' lang='lat' dir='ltr'><strong>id</strong></span> <span class='ocrx_word' id='word_1_264' title='bbox 877 2124 968 2179; x_wconf 91' lang='lat' dir='ltr'><strong>est,</strong></span> <span class='ocrx_word' id='word_1_265' title='bbox 998 2114 1189 2182; x_wconf 88' lang='lat' dir='ltr'><strong>inquit,</strong></span> <span class='ocrx_word' id='word_1_266' title='bbox 1231 2131 1331 2167; x_wconf 88' lang='lat' dir='ltr'><strong>non</strong></span> <span class='ocrx_word' id='word_1_267' title='bbox 1372 2116 1598 2185; x_wconf 88' lang='lat' dir='ltr'><strong>corporis</strong></span> <span class='ocrx_word' id='word_1_268' title='bbox 1637 2130 1754 2168; x_wconf 85' lang='lat' dir='ltr'><strong>voce</strong></span> <span class='ocrx_word' id='word_1_269' title='bbox 1780 2156 1794 2178; x_wconf 87' lang='lat'><strong>,</strong></span> <span class='ocrx_word' id='word_1_270' title='bbox 1841 2131 1954 2184; x_wconf 73' lang='lat' dir='ltr'><strong>qua:</strong></span> <span class='ocrx_word' id='word_1_271' title='bbox 1994 2133 2107 2170; x_wconf 88' lang='lat' dir='ltr'><strong>cum</strong></span> 
     </span>
    </p>
   </div>
   <div class='ocr_carea' id='block_1_37' title="bbox 522 2206 2106 2276">
    <p class='ocr_par' dir='ltr' id='par_1_37' title="bbox 522 2206 2106 2276">
     <span class='ocr_line' id='line_1_37' title="bbox 522 2206 2106 2276; baseline 0.004 -19"><span class='ocrx_word' id='word_1_272' title='bbox 522 2206 736 2276; x_wconf 80' lang='lat' dir='ltr'><strong>strepitu</strong></span> <span class='ocrx_word' id='word_1_273' title='bbox 770 2207 1019 2259; x_wconf 79' lang='lat' dir='ltr'><strong>verberati</strong></span> <span class='ocrx_word' id='word_1_274' title='bbox 1054 2208 1184 2259; x_wconf 86' lang='lat' dir='ltr'><strong>aeris</strong></span> <span class='ocrx_word' id='word_1_275' title='bbox 1221 2207 1493 2276; x_wconf 87' lang='lat' dir='ltr'><strong>promitur,</strong></span> <span class='ocrx_word' id='word_1_276' title='bbox 1523 2218 1627 2262; x_wconf 87' lang='lat' dir='ltr'><strong>etc.</strong></span> <span class='ocrx_word' id='word_1_277' title='bbox 1660 2207 1891 2274; x_wconf 83' lang='lat' dir='ltr'><strong>Quidni?</strong></span> <span class='ocrx_word' id='word_1_278' title='bbox 1931 2223 1997 2262; x_wconf 89' lang='lat' dir='ltr'><strong>an</strong></span> <span class='ocrx_word' id='word_1_279' title='bbox 2024 2210 2106 2263; x_wconf 86' lang='lat' dir='ltr'><strong>in-</strong></span> 
     </span>
    </p>
   </div>
   <div class='ocr_carea' id='block_1_38' title="bbox 524 2300 2109 2371">
    <p class='ocr_par' dir='ltr' id='par_1_38' title="bbox 524 2300 2109 2371">
     <span class='ocr_line' id='line_1_38' title="bbox 524 2300 2109 2371; baseline 0.006 -21"><span class='ocrx_word' id='word_1_280' title='bbox 524 2300 775 2354; x_wconf 83' lang='lat' dir='ltr'><strong>decorum</strong></span> <span class='ocrx_word' id='word_1_281' title='bbox 814 2300 915 2354; x_wconf 90' lang='lat' dir='ltr'><strong>fuit</strong></span> <span class='ocrx_word' id='word_1_282' title='bbox 940 2300 1126 2353; x_wconf 91' lang='lat' dir='ltr'><strong>Davidi</strong></span> <span class='ocrx_word' id='word_1_283' title='bbox 1165 2302 1309 2355; x_wconf 89' lang='lat' dir='ltr'><strong>clara</strong></span> <span class='ocrx_word' id='word_1_284' title='bbox 1351 2311 1405 2355; x_wconf 92' lang='lat' dir='ltr'><strong>et</strong></span> <span class='ocrx_word' id='word_1_285' title='bbox 1446 2316 1635 2371; x_wconf 86' lang='lat' dir='ltr'><strong>magna</strong></span> <span class='ocrx_word' id='word_1_286' title='bbox 1668 2317 1799 2357; x_wconf 85' lang='lat' dir='ltr'><strong>voce</strong></span> <span class='ocrx_word' id='word_1_287' title='bbox 1829 2303 1993 2358; x_wconf 91' lang='lat' dir='ltr'><strong>Deum</strong></span> <span class='ocrx_word' id='word_1_288' title='bbox 2026 2304 2109 2359; x_wconf 85' lang='lat' dir='ltr'><strong>in-</strong></span> 
     </span>
    </p>
   </div>
   <div class='ocr_carea' id='block_1_39' title="bbox 525 2394 2109 2467">
    <p class='ocr_par' dir='ltr' id='par_1_39' title="bbox 525 2394 2109 2467">
     <span class='ocr_line' id='line_1_39' title="bbox 525 2394 2109 2467; baseline 0.004 -22"><span class='ocrx_word' id='word_1_289' title='bbox 525 2409 740 2460; x_wconf 89' lang='lat' dir='ltr'><strong>vocare,</strong></span> <span class='ocrx_word' id='word_1_290' title='bbox 767 2409 886 2447; x_wconf 92' lang='lat' dir='ltr'><strong>cum</strong></span> <span class='ocrx_word' id='word_1_291' title='bbox 912 2395 962 2447; x_wconf 87' lang='lat' dir='ltr'><strong>in</strong></span> <span class='ocrx_word' id='word_1_292' title='bbox 998 2395 1158 2448; x_wconf 88' lang='lat' dir='ltr'><strong>tantis</strong></span> <span class='ocrx_word' id='word_1_293' title='bbox 1182 2395 1439 2464; x_wconf 84' lang='lat' dir='ltr'><strong>angustiis</strong></span> <span class='ocrx_word' id='word_1_294' title='bbox 1472 2394 1810 2451; x_wconf 69' lang='lat' dir='ltr'><strong>versaretur?</strong></span> <span class='ocrx_word' id='word_1_295' title='bbox 1850 2396 1963 2467; x_wconf 85' lang='lat' dir='ltr'><strong>Ego</strong></span> <span class='ocrx_word' id='word_1_296' title='bbox 1992 2399 2109 2467; x_wconf 89' lang='lat' dir='ltr'><strong>qui-</strong></span> 
     </span>
    </p>
   </div>
   <div class='ocr_carea' id='block_1_40' title="bbox 525 2488 2108 2558">
    <p class='ocr_par' dir='ltr' id='par_1_40' title="bbox 525 2488 2108 2558">
     <span class='ocr_line' id='line_1_40' title="bbox 525 2488 2108 2558; baseline 0.004 -18"><span class='ocrx_word' id='word_1_297' title='bbox 525 2488 645 2541; x_wconf 87' lang='lat' dir='ltr'><strong>dem</strong></span> <span class='ocrx_word' id='word_1_298' title='bbox 690 2504 793 2543; x_wconf 91' lang='lat' dir='ltr'><strong>non</strong></span> <span class='ocrx_word' id='word_1_299' title='bbox 837 2488 1088 2557; x_wconf 86' lang='lat' dir='ltr'><strong>putarim.</strong></span> <span class='ocrx_word' id='word_1_300' title='bbox 1128 2492 1377 2543; x_wconf 82' lang='lat' dir='ltr'><strong>Attamen</strong></span> <span class='ocrx_word' id='word_1_301' title='bbox 1423 2497 1580 2558; x_wconf 86' lang='lat' dir='ltr'><strong>negat</strong></span> <span class='ocrx_word' id='word_1_302' title='bbox 1616 2489 1944 2558; x_wconf 89' lang='lat' dir='ltr'><strong>Augustinus</strong></span> <span class='ocrx_word' id='word_1_303' title='bbox 1976 2505 2108 2547; x_wconf 85' lang='lat' dir='ltr'><strong>voce</strong></span> 
     </span>
    </p>
   </div>
   <div class='ocr_carea' id='block_1_41' title="bbox 526 2576 2106 2646">
    <p class='ocr_par' dir='ltr' id='par_1_41' title="bbox 526 2576 2106 2646">
     <span class='ocr_line' id='line_1_41' title="bbox 526 2576 2106 2646; baseline 0.004 -17"><span class='ocrx_word' id='word_1_304' title='bbox 526 2576 589 2631; x_wconf 90' lang='lat' dir='ltr'><strong>ad</strong></span> <span class='ocrx_word' id='word_1_305' title='bbox 618 2577 901 2634; x_wconf 87' lang='lat' dir='ltr'><strong>Dominum</strong></span> <span class='ocrx_word' id='word_1_306' title='bbox 929 2580 1155 2634; x_wconf 87' lang='lat' dir='ltr'><strong>clamavi</strong></span> <span class='ocrx_word' id='word_1_307' title='bbox 1186 2589 1318 2633; x_wconf 89' lang='lat' dir='ltr'><strong>recte</strong></span> <span class='ocrx_word' id='word_1_308' title='bbox 1346 2581 1447 2633; x_wconf 89' lang='lat' dir='ltr'><strong>dici</strong></span> <span class='ocrx_word' id='word_1_309' title='bbox 1470 2621 1485 2646; x_wconf 94' lang='lat'><strong>,</strong></span> <span class='ocrx_word' id='word_1_310' title='bbox 1518 2581 1618 2633; x_wconf 82' lang='lat' dir='ltr'><strong>nisi</strong></span> <span class='ocrx_word' id='word_1_311' title='bbox 1646 2597 1759 2633; x_wconf 88' lang='lat' dir='ltr'><strong>cum</strong></span> <span class='ocrx_word' id='word_1_312' title='bbox 1785 2583 1896 2635; x_wconf 87' lang='lat' dir='ltr'><strong>sola</strong></span> <span class='ocrx_word' id='word_1_313' title='bbox 1936 2583 2106 2636; x_wconf 86' lang='lat' dir='ltr'><strong>anima</strong></span> 
     </span>
    </p>
   </div>
   <div class='ocr_carea' id='block_1_42' title="bbox 527 2668 2105 2737">
    <p class='ocr_par' dir='ltr' id='par_1_42' title="bbox 527 2668 2105 2737">
     <span class='ocr_line' id='line_1_42' title="bbox 527 2668 2105 2737; baseline 0.004 -17"><span class='ocrx_word' id='word_1_314' title='bbox 527 2668 657 2721; x_wconf 81' lang='lat' dir='ltr'><strong>nihil</strong></span> <span class='ocrx_word' id='word_1_315' title='bbox 684 2669 874 2733; x_wconf 87' lang='lat' dir='ltr'><strong>carnis,</strong></span> <span class='ocrx_word' id='word_1_316' title='bbox 909 2670 1134 2737; x_wconf 85' lang='lat' dir='ltr'><strong>nihilque</strong></span> <span class='ocrx_word' id='word_1_317' title='bbox 1157 2670 1441 2723; x_wconf 84' lang='lat' dir='ltr'><strong>carnalium</strong></span> <span class='ocrx_word' id='word_1_318' title='bbox 1470 2671 1808 2724; x_wconf 88' lang='lat' dir='ltr'><strong>intentionum</strong></span> <span class='ocrx_word' id='word_1_319' title='bbox 1837 2672 1891 2724; x_wconf 88' lang='lat' dir='ltr'><strong>in</strong></span> <span class='ocrx_word' id='word_1_320' title='bbox 1922 2674 2105 2726; x_wconf 87' lang='lat' dir='ltr'><strong>oratio-</strong></span> 
     </span>
    </p>
   </div>
   <div class='ocr_carea' id='block_1_43' title="bbox 526 2762 2108 2832">
    <p class='ocr_par' dir='ltr' id='par_1_43' title="bbox 526 2762 2108 2832">
     <span class='ocr_line' id='line_1_43' title="bbox 526 2762 2108 2832; baseline 0.003 -19"><span class='ocrx_word' id='word_1_321' title='bbox 526 2776 639 2813; x_wconf 88' lang='lat' dir='ltr'><strong>nem</strong></span> <span class='ocrx_word' id='word_1_322' title='bbox 667 2763 924 2816; x_wconf 81' lang='lat' dir='ltr'><strong>attrultens</strong></span> <span class='ocrx_word' id='word_1_323' title='bbox 947 2763 1173 2832; x_wconf 79' lang='lat' dir='ltr'><strong>loquitur</strong></span> <span class='ocrx_word' id='word_1_324' title='bbox 1197 2762 1434 2828; x_wconf 89' lang='lat' dir='ltr'><strong>Domino,</strong></span> <span class='ocrx_word' id='word_1_325' title='bbox 1452 2762 1535 2815; x_wconf 90' lang='lat' dir='ltr'><strong>ubi</strong></span> <span class='ocrx_word' id='word_1_326' title='bbox 1559 2764 1699 2817; x_wconf 88' lang='lat' dir='ltr'><strong>solus</strong></span> <span class='ocrx_word' id='word_1_327' title='bbox 1718 2765 1879 2816; x_wconf 86' lang='lat' dir='ltr'><strong>audit.</strong></span> <span class='ocrx_word' id='word_1_328' title='bbox 1903 2762 2108 2819; x_wconf 82' lang='lat' dir='ltr'><strong>Clamor</strong></span> 
     </span>
    </p>
   </div>
   <div class='ocr_carea' id='block_1_44' title="bbox 527 2854 2101 2926">
    <p class='ocr_par' dir='ltr' id='par_1_44' title="bbox 527 2854 2101 2926">
     <span class='ocr_line' id='line_1_44' title="bbox 527 2854 2101 2926; baseline 0.001 -19"><span class='ocrx_word' id='word_1_329' title='bbox 527 2864 688 2908; x_wconf 82' lang='lat' dir='ltr'><strong>autem</strong></span> <span class='ocrx_word' id='word_1_330' title='bbox 717 2855 867 2909; x_wconf 88' lang='lat' dir='ltr'><strong>etiam</strong></span> <span class='ocrx_word' id='word_1_331' title='bbox 894 2856 988 2910; x_wconf 88' lang='lat' dir='ltr'><strong>iste</strong></span> <span class='ocrx_word' id='word_1_332' title='bbox 1012 2854 1220 2919; x_wconf 87' lang='lat' dir='ltr'><strong>dicitur,</strong></span> <span class='ocrx_word' id='word_1_333' title='bbox 1247 2865 1452 2925; x_wconf 85' lang='lat' dir='ltr'><strong>propter</strong></span> <span class='ocrx_word' id='word_1_334' title='bbox 1481 2855 1580 2908; x_wconf 88' lang='lat' dir='ltr'><strong>vim</strong></span> <span class='ocrx_word' id='word_1_335' title='bbox 1600 2856 1761 2926; x_wconf 89' lang='lat' dir='ltr'><strong>ipsius</strong></span> <span class='ocrx_word' id='word_1_336' title='bbox 1790 2856 2101 2911; x_wconf 84' lang='lat' dir='ltr'><strong>intentionis.</strong></span> 
     </span>
    </p>
   </div>
   <div class='ocr_carea' id='block_1_45' title="bbox 525 2943 2105 3018">
    <p class='ocr_par' dir='ltr' id='par_1_45' title="bbox 525 2943 2105 3018">
     <span class='ocr_line' id='line_1_45' title="bbox 525 2943 2105 3018; baseline 0.002 -18"><span class='ocrx_word' id='word_1_337' title='bbox 525 2943 695 3000; x_wconf 82' lang='lat' dir='ltr'><strong>Nolim</strong></span> <span class='ocrx_word' id='word_1_338' title='bbox 738 2946 989 3016; x_wconf 90' lang='lat' dir='ltr'><strong>equidem</strong></span> <span class='ocrx_word' id='word_1_339' title='bbox 1031 2962 1231 3018; x_wconf 89' lang='lat' dir='ltr'><strong>negare</strong></span> <span class='ocrx_word' id='word_1_340' title='bbox 1269 2947 1591 3002; x_wconf 90' lang='lat' dir='ltr'><strong>translatitio</strong></span> <span class='ocrx_word' id='word_1_341' title='bbox 1621 2948 1920 3017; x_wconf 85' lang='lat' dir='ltr'><strong>signiﬁcatu</strong></span> <span class='ocrx_word' id='word_1_342' title='bbox 1946 2963 2105 3018; x_wconf 91' lang='lat' dir='ltr'><strong>posse</strong></span> 
     </span>
    </p>
   </div>
   <div class='ocr_carea' id='block_1_46' title="bbox 526 3038 2106 3111">
    <p class='ocr_par' dir='ltr' id='par_1_46' title="bbox 526 3038 2106 3111">
     <span class='ocr_line' id='line_1_46' title="bbox 526 3038 2106 3111; baseline 0.003 -20"><span class='ocrx_word' id='word_1_343' title='bbox 526 3038 631 3092; x_wconf 86' lang='lat' dir='ltr'><strong>dici</strong></span> <span class='ocrx_word' id='word_1_344' title='bbox 678 3039 901 3094; x_wconf 89' lang='lat' dir='ltr'><strong>clamare</strong></span> <span class='ocrx_word' id='word_1_345' title='bbox 931 3042 998 3092; x_wconf 88' lang='lat' dir='ltr'><strong>ad</strong></span> <span class='ocrx_word' id='word_1_346' title='bbox 1043 3039 1320 3111; x_wconf 85' lang='lat' dir='ltr'><strong>Dominum</strong></span> <span class='ocrx_word' id='word_1_347' title='bbox 1355 3056 1449 3095; x_wconf 87' lang='lat' dir='ltr'><strong>eos</strong></span> <span class='ocrx_word' id='word_1_348' title='bbox 1476 3040 1565 3111; x_wconf 92' lang='lat' dir='ltr'><strong>qui</strong></span> <span class='ocrx_word' id='word_1_349' title='bbox 1594 3041 1711 3097; x_wconf 90' lang='lat' dir='ltr'><strong>sine</strong></span> <span class='ocrx_word' id='word_1_350' title='bbox 1733 3041 1916 3097; x_wconf 78' lang='lat' dir='ltr'><strong>verbis</strong></span> <span class='ocrx_word' id='word_1_351' title='bbox 1946 3050 2106 3111; x_wconf 91' lang='lat' dir='ltr'><strong>atque</strong></span> 
     </span>
    </p>
   </div>
   <div class='ocr_carea' id='block_1_47' title="bbox 2210 1840 3743 1915">
    <p class='ocr_par' dir='ltr' id='par_1_47' title="bbox 2210 1840 3743 1915">
     <span class='ocr_line' id='line_1_47' title="bbox 2210 1840 3743 1915; baseline -0.004 -14"><span class='ocrx_word' id='word_1_352' title='bbox 2210 1854 2499 1914; x_wconf 85' lang='lat' dir='ltr'><strong>negasset,</strong></span> <span class='ocrx_word' id='word_1_353' title='bbox 2553 1860 2659 1915; x_wconf 93' lang='lat' dir='ltr'><strong>quo</strong></span> <span class='ocrx_word' id='word_1_354' title='bbox 2707 1844 2951 1913; x_wconf 85' lang='lat' dir='ltr'><strong>exemplo</strong></span> <span class='ocrx_word' id='word_1_355' title='bbox 2996 1845 3259 1914; x_wconf 91' lang='lat' dir='ltr'><strong>potuisset</strong></span> <span class='ocrx_word' id='word_1_356' title='bbox 3310 1840 3573 1911; x_wconf 83' lang='lat' dir='ltr'><strong>probare?</strong></span> <span class='ocrx_word' id='word_1_357' title='bbox 3607 1840 3743 1895; x_wconf 91' lang='lat' dir='ltr'><strong>Nullo.</strong></span> 
     </span>
    </p>
   </div>
   <div class='ocr_carea' id='block_1_48' title="bbox 2208 1933 3747 2007">
    <p class='ocr_par' dir='ltr' id='par_1_48' title="bbox 2208 1933 3747 2007">
     <span class='ocr_line' id='line_1_48' title="bbox 2208 1933 3747 2007; baseline -0.006 -13"><span class='ocrx_word' id='word_1_358' title='bbox 2208 1939 2341 1994; x_wconf 89' lang='lat' dir='ltr'><strong>Nam</strong></span> <span class='ocrx_word' id='word_1_359' title='bbox 2369 1939 2436 1993; x_wconf 91' lang='lat' dir='ltr'><strong>ad</strong></span> <span class='ocrx_word' id='word_1_360' title='bbox 2466 1938 2643 1994; x_wconf 89' lang='lat' dir='ltr'><strong>locum</strong></span> <span class='ocrx_word' id='word_1_361' title='bbox 2672 1938 2896 1993; x_wconf 87' lang='lat' dir='ltr'><strong>Joannis</strong></span> <span class='ocrx_word' id='word_1_362' title='bbox 2920 1937 3062 2007; x_wconf 89' lang='lat' dir='ltr'><strong>quod</strong></span> <span class='ocrx_word' id='word_1_363' title='bbox 3092 1937 3302 2003; x_wconf 87' lang='lat' dir='ltr'><strong>attinet,</strong></span> <span class='ocrx_word' id='word_1_364' title='bbox 3334 1933 3523 1988; x_wconf 89' lang='lat' dir='ltr'><strong>vocula</strong></span> <span class='ocrx_word' id='word_1_365' title='bbox 3553 1949 3636 2003; x_wconf 90' lang='lat' dir='ltr'><strong>ego</strong></span> <span class='ocrx_word' id='word_1_366' title='bbox 3671 1945 3747 1985; x_wconf 88' lang='lat' dir='ltr'><strong>non</strong></span> 
     </span>
    </p>
   </div>
   <div class='ocr_carea' id='block_1_49' title="bbox 2209 2021 3748 2101">
    <p class='ocr_par' dir='ltr' id='par_1_49' title="bbox 2209 2021 3748 2101">
     <span class='ocr_line' id='line_1_49' title="bbox 2209 2021 3748 2101; baseline -0.006 -16"><span class='ocrx_word' id='word_1_367' title='bbox 2209 2031 2461 2101; x_wconf 88' lang='lat' dir='ltr'><strong>probaret</strong></span> <span class='ocrx_word' id='word_1_368' title='bbox 2488 2030 2753 2084; x_wconf 88' lang='lat' dir='ltr'><strong>Christum</strong></span> <span class='ocrx_word' id='word_1_369' title='bbox 2804 2038 2995 2096; x_wconf 90' lang='lat' dir='ltr'><strong>sponte</strong></span> <span class='ocrx_word' id='word_1_370' title='bbox 3045 2042 3166 2082; x_wconf 88' lang='lat' dir='ltr'><strong>esse</strong></span> <span class='ocrx_word' id='word_1_371' title='bbox 3206 2034 3476 2081; x_wconf 89' lang='lat' dir='ltr'><strong>mortuum</strong></span> <span class='ocrx_word' id='word_1_372' title='bbox 3502 2062 3517 2088; x_wconf 92' lang='lat'><strong>,</strong></span> <span class='ocrx_word' id='word_1_373' title='bbox 3546 2022 3641 2077; x_wconf 89' lang='lat' dir='ltr'><strong>nisi</strong></span> <span class='ocrx_word' id='word_1_374' title='bbox 3674 2021 3748 2077; x_wconf 85' lang='lat' dir='ltr'><strong>alia</strong></span> 
     </span>
    </p>
   </div>
   <div class='ocr_carea' id='block_1_50' title="bbox 2210 2118 3533 2195">
    <p class='ocr_par' dir='ltr' id='par_1_50' title="bbox 2210 2118 3533 2195">
     <span class='ocr_line' id='line_1_50' title="bbox 2210 2118 3533 2195; baseline -0.007 -15"><span class='ocrx_word' id='word_1_375' title='bbox 2210 2126 2388 2182; x_wconf 90' lang='lat' dir='ltr'><strong>addita</strong></span> <span class='ocrx_word' id='word_1_376' title='bbox 2420 2135 2598 2180; x_wconf 89' lang='lat' dir='ltr'><strong>essent</strong></span> <span class='ocrx_word' id='word_1_377' title='bbox 2625 2140 2742 2195; x_wconf 74' lang='lat' dir='ltr'><strong>qua:</strong></span> <span class='ocrx_word' id='word_1_378' title='bbox 2773 2123 2876 2177; x_wconf 84' lang='lat' dir='ltr'><strong>hoc</strong></span> <span class='ocrx_word' id='word_1_379' title='bbox 2906 2122 3186 2192; x_wconf 89' lang='lat' dir='ltr'><strong>perspicue</strong></span> <span class='ocrx_word' id='word_1_380' title='bbox 3212 2118 3533 2189; x_wconf 85' lang='lat' dir='ltr'><strong>signiﬁcant.</strong></span> 
     </span>
    </p>
   </div>
   <div class='ocr_carea' id='block_1_51' title="bbox 2284 2209 3749 2282">
    <p class='ocr_par' dir='ltr' id='par_1_51' title="bbox 2284 2209 3749 2282">
     <span class='ocr_line' id='line_1_51' title="bbox 2284 2209 3749 2282; baseline -0.005 -10"><span class='ocrx_word' id='word_1_381' title='bbox 2284 2217 2520 2273; x_wconf 83' lang='lat' dir='ltr'><strong>Vidimus</strong></span> <span class='ocrx_word' id='word_1_382' title='bbox 2560 2226 2715 2272; x_wconf 88' lang='lat' dir='ltr'><strong>antea</strong></span> <span class='ocrx_word' id='word_1_383' title='bbox 2762 2232 2939 2271; x_wconf 88' lang='lat' dir='ltr'><strong>somno</strong></span> <span class='ocrx_word' id='word_1_384' title='bbox 2980 2214 3067 2269; x_wconf 88' lang='lat' dir='ltr'><strong>hic</strong></span> <span class='ocrx_word' id='word_1_385' title='bbox 3114 2212 3408 2282; x_wconf 84' lang='lat' dir='ltr'><strong>significari</strong></span> <span class='ocrx_word' id='word_1_386' title='bbox 3457 2209 3749 2264; x_wconf 83' lang='lat' dir='ltr'><strong>securitatem</strong></span> 
     </span>
    </p>
   </div>
   <div class='ocr_carea' id='block_1_52' title="bbox 2212 2303 3751 2379">
    <p class='ocr_par' dir='ltr' id='par_1_52' title="bbox 2212 2303 3751 2379">
     <span class='ocr_line' id='line_1_52' title="bbox 2212 2303 3751 2379; baseline -0.006 -14"><span class='ocrx_word' id='word_1_387' title='bbox 2212 2310 2425 2366; x_wconf 89' lang='lat' dir='ltr'><strong>Davidis</strong></span> <span class='ocrx_word' id='word_1_388' title='bbox 2454 2310 2509 2365; x_wconf 92' lang='lat' dir='ltr'><strong>in</strong></span> <span class='ocrx_word' id='word_1_389' title='bbox 2535 2310 2727 2365; x_wconf 90' lang='lat' dir='ltr'><strong>mediis</strong></span> <span class='ocrx_word' id='word_1_390' title='bbox 2756 2307 3040 2379; x_wconf 90' lang='lat' dir='ltr'><strong>periculis,</strong></span> <span class='ocrx_word' id='word_1_391' title='bbox 3073 2308 3168 2361; x_wconf 93' lang='lat' dir='ltr'><strong>Dei</strong></span> <span class='ocrx_word' id='word_1_392' title='bbox 3197 2306 3401 2361; x_wconf 90' lang='lat' dir='ltr'><strong>auxilio</strong></span> <span class='ocrx_word' id='word_1_393' title='bbox 3445 2303 3585 2358; x_wconf 91' lang='lat' dir='ltr'><strong>freti.</strong></span> <span class='ocrx_word' id='word_1_394' title='bbox 3609 2303 3751 2370; x_wconf 87' lang='lat' dir='ltr'><strong>Itaque</strong></span> 
     </span>
    </p>
   </div>
   <div class='ocr_carea' id='block_1_53' title="bbox 2210 2399 3749 2470">
    <p class='ocr_par' dir='ltr' id='par_1_53' title="bbox 2210 2399 3749 2470">
     <span class='ocr_line' id='line_1_53' title="bbox 2210 2399 3749 2470; baseline -0.008 -14"><span class='ocrx_word' id='word_1_395' title='bbox 2210 2402 2406 2456; x_wconf 81' lang='lat' dir='ltr'><strong>frustra</strong></span> <span class='ocrx_word' id='word_1_396' title='bbox 2435 2401 2762 2470; x_wconf 87' lang='lat' dir='ltr'><strong>Augustinus</strong></span> <span class='ocrx_word' id='word_1_397' title='bbox 2790 2399 3095 2454; x_wconf 89' lang='lat' dir='ltr'><strong>observavit</strong></span> <span class='ocrx_word' id='word_1_398' title='bbox 3120 2412 3361 2451; x_wconf 87' lang='lat' dir='ltr'><strong>somnum</strong></span> <span class='ocrx_word' id='word_1_399' title='bbox 3401 2410 3494 2463; x_wconf 88' lang='lat' dir='ltr'><strong>pro</strong></span> <span class='ocrx_word' id='word_1_400' title='bbox 3520 2400 3664 2446; x_wconf 87' lang='lat' dir='ltr'><strong>morte</strong></span> <span class='ocrx_word' id='word_1_401' title='bbox 3680 2407 3749 2459; x_wconf 81' lang='lat' dir='ltr'><strong>po-</strong></span> 
     </span>
    </p>
   </div>
   <div class='ocr_carea' id='block_1_54' title="bbox 2208 2484 3749 2559">
    <p class='ocr_par' dir='ltr' id='par_1_54' title="bbox 2208 2484 3749 2559">
     <span class='ocr_line' id='line_1_54' title="bbox 2208 2484 3749 2559; baseline -0.006 -14"><span class='ocrx_word' id='word_1_402' title='bbox 2208 2492 2363 2547; x_wconf 89' lang='lat' dir='ltr'><strong>situm</strong></span> <span class='ocrx_word' id='word_1_403' title='bbox 2392 2490 2829 2545; x_wconf 85' lang='lat' dir='ltr'><strong>innumerabiliter</strong></span> <span class='ocrx_word' id='word_1_404' title='bbox 2863 2488 3162 2559; x_wconf 88' lang='lat' dir='ltr'><strong>Scripturas</strong></span> <span class='ocrx_word' id='word_1_405' title='bbox 3196 2488 3479 2541; x_wconf 88' lang='lat' dir='ltr'><strong>continere.</strong></span> <span class='ocrx_word' id='word_1_406' title='bbox 3514 2485 3617 2539; x_wconf 81' lang='lat' dir='ltr'><strong>[Ioc</strong></span> <span class='ocrx_word' id='word_1_407' title='bbox 3640 2484 3749 2537; x_wconf 90' lang='lat' dir='ltr'><strong>enim</strong></span> 
     </span>
    </p>
   </div>
   <div class='ocr_carea' id='block_1_55' title="bbox 2208 2577 3752 2652">
    <p class='ocr_par' dir='ltr' id='par_1_55' title="bbox 2208 2577 3752 2652">
     <span class='ocr_line' id='line_1_55' title="bbox 2208 2577 3752 2652; baseline -0.007 -14"><span class='ocrx_word' id='word_1_408' title='bbox 2208 2586 2276 2638; x_wconf 91' lang='lat' dir='ltr'><strong>ad</strong></span> <span class='ocrx_word' id='word_1_409' title='bbox 2298 2597 2363 2638; x_wconf 87' lang='lat' dir='ltr'><strong>ea</strong></span> <span class='ocrx_word' id='word_1_410' title='bbox 2388 2582 2504 2636; x_wconf 92' lang='lat' dir='ltr'><strong>loca</strong></span> <span class='ocrx_word' id='word_1_411' title='bbox 2528 2582 2759 2652; x_wconf 90' lang='lat' dir='ltr'><strong>pertinet</strong></span> <span class='ocrx_word' id='word_1_412' title='bbox 2780 2581 2832 2634; x_wconf 93' lang='lat' dir='ltr'><strong>in</strong></span> <span class='ocrx_word' id='word_1_413' title='bbox 2855 2580 3051 2650; x_wconf 87' lang='lat' dir='ltr'><strong>quibus</strong></span> <span class='ocrx_word' id='word_1_414' title='bbox 3070 2586 3163 2635; x_wconf 90' lang='lat' dir='ltr'><strong>aut</strong></span> <span class='ocrx_word' id='word_1_415' title='bbox 3180 2588 3394 2633; x_wconf 90' lang='lat' dir='ltr'><strong>constat</strong></span> <span class='ocrx_word' id='word_1_416' title='bbox 3421 2578 3506 2647; x_wconf 92' lang='lat' dir='ltr'><strong>agi</strong></span> <span class='ocrx_word' id='word_1_417' title='bbox 3534 2577 3596 2630; x_wconf 92' lang='lat' dir='ltr'><strong>de</strong></span> <span class='ocrx_word' id='word_1_418' title='bbox 3615 2582 3752 2628; x_wconf 89' lang='lat' dir='ltr'><strong>morte</strong></span> 
     </span>
    </p>
   </div>
   <div class='ocr_carea' id='block_1_56' title="bbox 2209 2671 3750 2746">
    <p class='ocr_par' dir='ltr' id='par_1_56' title="bbox 2209 2671 3750 2746">
     <span class='ocr_line' id='line_1_56' title="bbox 2209 2671 3750 2746; baseline -0.008 -14"><span class='ocrx_word' id='word_1_419' title='bbox 2209 2676 2502 2746; x_wconf 74' lang='lat' dir='ltr'><strong>cuiuspiam</strong></span> <span class='ocrx_word' id='word_1_420' title='bbox 2529 2721 2543 2743; x_wconf 95' lang='lat'><strong>,</strong></span> <span class='ocrx_word' id='word_1_421' title='bbox 2588 2685 2680 2731; x_wconf 86' lang='lat' dir='ltr'><strong>aut</strong></span> <span class='ocrx_word' id='word_1_422' title='bbox 2723 2684 2871 2729; x_wconf 87' lang='lat' dir='ltr'><strong>certe</strong></span> <span class='ocrx_word' id='word_1_423' title='bbox 2919 2673 3054 2727; x_wconf 91' lang='lat' dir='ltr'><strong>nihil</strong></span> <span class='ocrx_word' id='word_1_424' title='bbox 3102 2681 3185 2728; x_wconf 88' lang='lat' dir='ltr'><strong>est</strong></span> <span class='ocrx_word' id='word_1_425' title='bbox 3232 2671 3379 2741; x_wconf 91' lang='lat' dir='ltr'><strong>quod</strong></span> <span class='ocrx_word' id='word_1_426' title='bbox 3410 2685 3530 2726; x_wconf 91' lang='lat' dir='ltr'><strong>eum</strong></span> <span class='ocrx_word' id='word_1_427' title='bbox 3573 2682 3750 2723; x_wconf 86' lang='lat' dir='ltr'><strong>sensum</strong></span> 
     </span>
    </p>
   </div>
   <div class='ocr_carea' id='block_1_57' title="bbox 2210 2759 3755 2839">
    <p class='ocr_par' dir='ltr' id='par_1_57' title="bbox 2210 2759 3755 2839">
     <span class='ocr_line' id='line_1_57' title="bbox 2210 2759 3755 2839; baseline -0.006 -18"><span class='ocrx_word' id='word_1_428' title='bbox 2210 2776 2447 2839; x_wconf 88' lang='lat' dir='ltr'><strong>respuat.</strong></span> <span class='ocrx_word' id='word_1_429' title='bbox 2481 2766 2648 2821; x_wconf 88' lang='lat' dir='ltr'><strong>Nemo</strong></span> <span class='ocrx_word' id='word_1_430' title='bbox 2677 2765 2847 2820; x_wconf 90' lang='lat' dir='ltr'><strong>nescit</strong></span> <span class='ocrx_word' id='word_1_431' title='bbox 2876 2764 3013 2818; x_wconf 91' lang='lat' dir='ltr'><strong>hanc</strong></span> <span class='ocrx_word' id='word_1_432' title='bbox 3038 2778 3158 2818; x_wconf 88' lang='lat' dir='ltr'><strong>esse</strong></span> <span class='ocrx_word' id='word_1_433' title='bbox 3187 2770 3503 2832; x_wconf 87' lang='lat' dir='ltr'><strong>perpetuam</strong></span> <span class='ocrx_word' id='word_1_434' title='bbox 3533 2759 3755 2828; x_wconf 88' lang='lat' dir='ltr'><strong>interpre-</strong></span> 
     </span>
    </p>
   </div>
   <div class='ocr_carea' id='block_1_58' title="bbox 2210 2852 3753 2927">
    <p class='ocr_par' dir='ltr' id='par_1_58' title="bbox 2210 2852 3753 2927">
     <span class='ocr_line' id='line_1_58' title="bbox 2210 2852 3753 2927; baseline -0.008 -12"><span class='ocrx_word' id='word_1_435' title='bbox 2210 2860 2355 2915; x_wconf 89' lang='lat' dir='ltr'><strong>tandi</strong></span> <span class='ocrx_word' id='word_1_436' title='bbox 2384 2859 2551 2927; x_wconf 90' lang='lat' dir='ltr'><strong>legem</strong></span> <span class='ocrx_word' id='word_1_437' title='bbox 2579 2902 2594 2926; x_wconf 88' lang='lat'><strong>,</strong></span> <span class='ocrx_word' id='word_1_438' title='bbox 2646 2866 2704 2911; x_wconf 92' lang='lat' dir='ltr'><strong>ut</strong></span> <span class='ocrx_word' id='word_1_439' title='bbox 2744 2872 2811 2911; x_wconf 92' lang='lat' dir='ltr'><strong>ne</strong></span> <span class='ocrx_word' id='word_1_440' title='bbox 2854 2856 2973 2925; x_wconf 90' lang='lat' dir='ltr'><strong>quis</strong></span> <span class='ocrx_word' id='word_1_441' title='bbox 3014 2854 3081 2910; x_wconf 89' lang='lat' dir='ltr'><strong>ad</strong></span> <span class='ocrx_word' id='word_1_442' title='bbox 3110 2852 3536 2923; x_wconf 88' lang='lat' dir='ltr'><strong>metaphoricum</strong></span> <span class='ocrx_word' id='word_1_443' title='bbox 3576 2863 3753 2904; x_wconf 88' lang='lat' dir='ltr'><strong>sensum</strong></span> 
     </span>
    </p>
   </div>
   <div class='ocr_carea' id='block_1_59' title="bbox 2209 2934 3753 3019">
    <p class='ocr_par' dir='ltr' id='par_1_59' title="bbox 2209 2934 3753 3019">
     <span class='ocr_line' id='line_1_59' title="bbox 2209 2934 3753 3019; baseline -0.009 -14"><span class='ocrx_word' id='word_1_444' title='bbox 2209 2949 2499 3019; x_wconf 83' lang='lat' dir='ltr'><strong>confugiat,</strong></span> <span class='ocrx_word' id='word_1_445' title='bbox 2528 2947 2652 3003; x_wconf 91' lang='lat' dir='ltr'><strong>dum</strong></span> <span class='ocrx_word' id='word_1_446' title='bbox 2682 2946 2897 3017; x_wconf 86' lang='lat' dir='ltr'><strong>proprio</strong></span> <span class='ocrx_word' id='word_1_447' title='bbox 2938 2945 3089 3000; x_wconf 85' lang='lat' dir='ltr'><strong>locus</strong></span> <span class='ocrx_word' id='word_1_448' title='bbox 3116 2958 3236 2998; x_wconf 86' lang='lat' dir='ltr'><strong>esse</strong></span> <span class='ocrx_word' id='word_1_449' title='bbox 3266 2934 3477 3013; x_wconf 64' lang='lat' dir='ltr'><strong>potest.</strong></span> <span class='ocrx_word' id='word_1_450' title='bbox 3499 2941 3589 2995; x_wconf 85' lang='lat' dir='ltr'><strong>Hic</strong></span> <span class='ocrx_word' id='word_1_451' title='bbox 3614 2949 3753 2993; x_wconf 83' lang='lat' dir='ltr'><strong>autem</strong></span> 
     </span>
    </p>
   </div>
   <div class='ocr_carea' id='block_1_60' title="bbox 2212 3035 3753 3106">
    <p class='ocr_par' dir='ltr' id='par_1_60' title="bbox 2212 3035 3753 3106">
     <span class='ocr_line' id='line_1_60' title="bbox 2212 3035 3753 3106; baseline -0.009 -7"><span class='ocrx_word' id='word_1_452' title='bbox 2212 3052 2320 3099; x_wconf 91' lang='lat' dir='ltr'><strong>tota</strong></span> <span class='ocrx_word' id='word_1_453' title='bbox 2352 3044 2522 3098; x_wconf 89' lang='lat' dir='ltr'><strong>series</strong></span> <span class='ocrx_word' id='word_1_454' title='bbox 2549 3040 2814 3096; x_wconf 67' lang='lat' dir='ltr'><strong>orationis</strong></span> <span class='ocrx_word' id='word_1_455' title='bbox 2838 3037 3073 3094; x_wconf 90' lang='lat' dir='ltr'><strong>ostendit</strong></span> <span class='ocrx_word' id='word_1_456' title='bbox 3101 3038 3185 3106; x_wconf 85' lang='lat' dir='ltr'><strong>agi</strong></span> <span class='ocrx_word' id='word_1_457' title='bbox 3214 3046 3307 3090; x_wconf 91' lang='lat' dir='ltr'><strong>aut</strong></span> <span class='ocrx_word' id='word_1_458' title='bbox 3337 3035 3406 3090; x_wconf 88' lang='lat' dir='ltr'><strong>de</strong></span> <span class='ocrx_word' id='word_1_459' title='bbox 3430 3049 3557 3088; x_wconf 85' lang='lat' dir='ltr'><strong>vero</strong></span> <span class='ocrx_word' id='word_1_460' title='bbox 3582 3044 3753 3096; x_wconf 87' lang='lat' dir='ltr'><strong>somno,</strong></span> 
     </span>
    </p>
   </div>
   <div class='ocr_carea' id='block_1_61' title="bbox 527 3107 3676 3205">
    <p class='ocr_par' dir='ltr' id='par_1_61' title="bbox 527 3107 3676 3205">
     <span class='ocr_line' id='line_1_61' title="bbox 527 3107 3676 3205; baseline -0.001 -19"><span class='ocrx_word' id='word_1_461' title='bbox 527 3129 662 3187; x_wconf 89' lang='lat' dir='ltr'><strong>Intra</strong></span> <span class='ocrx_word' id='word_1_462' title='bbox 711 3133 947 3187; x_wconf 90' lang='lat' dir='ltr'><strong>animum</strong></span> <span class='ocrx_word' id='word_1_463' title='bbox 977 3148 1096 3188; x_wconf 88' lang='lat' dir='ltr'><strong>eum</strong></span> <span class='ocrx_word' id='word_1_464' title='bbox 1130 3107 1314 3199; x_wconf 53' lang='lat' dir='ltr'><strong>orant‘;</strong></span> <span class='ocrx_word' id='word_1_465' title='bbox 1357 3134 1451 3189; x_wconf 87' lang='lat' dir='ltr'><strong>sed</strong></span> <span class='ocrx_word' id='word_1_466' title='bbox 1480 3149 1713 3204; x_wconf 88' lang='lat' dir='ltr'><strong>pernego</strong></span> <span class='ocrx_word' id='word_1_467' title='bbox 1734 3149 1860 3190; x_wconf 89' lang='lat' dir='ltr'><strong>vere</strong></span> <span class='ocrx_word' id='word_1_468' title='bbox 1900 3144 1954 3190; x_wconf 91' lang='lat' dir='ltr'><strong>et</strong></span> <span class='ocrx_word' id='word_1_469' title='bbox 1983 3149 2106 3204; x_wconf 80' lang='lat' dir='ltr'><strong>pro-</strong></span> <span class='ocrx_word' id='word_1_470' title='bbox 2132 3113 2179 3178; x_wconf 69' lang='grc' dir='ltr'>ο</span> <span class='ocrx_word' id='word_1_471' title='bbox 2211 3147 2303 3193; x_wconf 91' lang='lat' dir='ltr'><strong>aut</strong></span> <span class='ocrx_word' id='word_1_472' title='bbox 2328 3136 2396 3191; x_wconf 92' lang='lat' dir='ltr'><strong>de</strong></span> <span class='ocrx_word' id='word_1_473' title='bbox 2426 3135 2718 3191; x_wconf 90' lang='lat' dir='ltr'><strong>securitate</strong></span> <span class='ocrx_word' id='word_1_474' title='bbox 2747 3149 2868 3205; x_wconf 67' lang='lat' dir='ltr'><strong>qua:</strong></span> <span class='ocrx_word' id='word_1_475' title='bbox 2895 3140 2977 3186; x_wconf 90' lang='lat' dir='ltr'><strong>est</strong></span> <span class='ocrx_word' id='word_1_476' title='bbox 3005 3147 3125 3187; x_wconf 91' lang='lat' dir='ltr'><strong>cum</strong></span> <span class='ocrx_word' id='word_1_477' title='bbox 3165 3144 3357 3185; x_wconf 90' lang='lat' dir='ltr'><strong>somno</strong></span> <span class='ocrx_word' id='word_1_478' title='bbox 3385 3127 3676 3197; x_wconf 86' lang='lat' dir='ltr'><strong>conjuncta.</strong></span> 
     </span>
    </p>
   </div>
   <div class='ocr_carea' id='block_1_62' title="bbox 526 3224 1910 3294">
    <p class='ocr_par' dir='ltr' id='par_1_62' title="bbox 526 3224 1910 3294">
     <span class='ocr_line' id='line_1_62' title="bbox 526 3224 1910 3294; baseline 0.002 -16"><span class='ocrx_word' id='word_1_479' title='bbox 526 3224 641 3293; x_wconf 89' lang='lat' dir='ltr'><strong>prie</strong></span> <span class='ocrx_word' id='word_1_480' title='bbox 669 3240 775 3279; x_wconf 91' lang='lat' dir='ltr'><strong>non</strong></span> <span class='ocrx_word' id='word_1_481' title='bbox 806 3226 909 3279; x_wconf 90' lang='lat' dir='ltr'><strong>dici</strong></span> <span class='ocrx_word' id='word_1_482' title='bbox 947 3225 1177 3279; x_wconf 90' lang='lat' dir='ltr'><strong>clamare</strong></span> <span class='ocrx_word' id='word_1_483' title='bbox 1207 3240 1300 3280; x_wconf 88' lang='lat' dir='ltr'><strong>eos</strong></span> <span class='ocrx_word' id='word_1_484' title='bbox 1328 3226 1419 3294; x_wconf 91' lang='lat' dir='ltr'><strong>qui</strong></span> <span class='ocrx_word' id='word_1_485' title='bbox 1446 3241 1632 3281; x_wconf 90' lang='lat' dir='ltr'><strong>revera</strong></span> <span class='ocrx_word' id='word_1_486' title='bbox 1659 3228 1910 3283; x_wconf 89' lang='lat' dir='ltr'><strong>clamant.</strong></span> 
     </span>
    </p>
   </div>
   <div class='ocr_carea' id='block_1_63' title="bbox 596 3316 2110 3374">
    <p class='ocr_par' dir='ltr' id='par_1_63' title="bbox 596 3316 2110 3374">
     <span class='ocr_line' id='line_1_63' title="bbox 596 3316 2110 3374; baseline 0.001 -5"><span class='ocrx_word' id='word_1_487' title='bbox 596 3316 729 3371; x_wconf 89' lang='lat' dir='ltr'><strong>Ibid.</strong></span> <span class='ocrx_word' id='word_1_488' title='bbox 759 3316 828 3369; x_wconf 86' lang='lat' dir='ltr'><strong>Et</strong></span> <span class='ocrx_word' id='word_1_489' title='bbox 851 3318 1105 3370; x_wconf 76' lang='lat' dir='ltr'><strong>exaudivit</strong></span> <span class='ocrx_word' id='word_1_490' title='bbox 1134 3334 1211 3371; x_wconf 89' lang='lat' dir='ltr'><strong>me</strong></span> <span class='ocrx_word' id='word_1_491' title='bbox 1248 3318 1311 3372; x_wconf 88' lang='lat' dir='ltr'><strong>de</strong></span> <span class='ocrx_word' id='word_1_492' title='bbox 1341 3328 1507 3371; x_wconf 88' lang='lat' dir='ltr'><strong>monte</strong></span> <span class='ocrx_word' id='word_1_493' title='bbox 1532 3326 1711 3372; x_wconf 87' lang='lat' dir='ltr'><strong>sancto</strong></span> <span class='ocrx_word' id='word_1_494' title='bbox 1733 3334 1845 3371; x_wconf 90' lang='lat' dir='ltr'><strong>suo.</strong></span> <span class='ocrx_word' id='word_1_495' title='bbox 1883 3316 2110 3374; x_wconf 77' lang='lat' dir='ltr'><strong>Montem</strong></span> 
     </span>
    </p>
   </div>
   <div class='ocr_carea' id='block_1_64' title="bbox 530 3406 2111 3478">
    <p class='ocr_par' dir='ltr' id='par_1_64' title="bbox 530 3406 2111 3478">
     <span class='ocr_line' id='line_1_64' title="bbox 530 3406 2111 3478; baseline 0.002 -20"><span class='ocrx_word' id='word_1_496' title='bbox 530 3406 745 3473; x_wconf 77' lang='lat' dir='ltr'><strong>quidem,</strong></span> <span class='ocrx_word' id='word_1_497' title='bbox 777 3408 1151 3477; x_wconf 89' lang='lat' dir='ltr'><strong>inquit,ipsum</strong></span> <span class='ocrx_word' id='word_1_498' title='bbox 1180 3406 1455 3461; x_wconf 88' lang='lat' dir='ltr'><strong>Dominum</strong></span> <span class='ocrx_word' id='word_1_499' title='bbox 1478 3425 1567 3478; x_wconf 89' lang='lat' dir='ltr'><strong>per</strong></span> <span class='ocrx_word' id='word_1_500' title='bbox 1598 3409 1896 3478; x_wconf 87' lang='lat' dir='ltr'><strong>prophetam</strong></span> <span class='ocrx_word' id='word_1_501' title='bbox 1918 3409 2111 3462; x_wconf 85' lang='lat' dir='ltr'><strong>dictum</strong></span> 
     </span>
    </p>
   </div>
   <div class='ocr_carea' id='block_1_65' title="bbox 530 3497 2113 3569">
    <p class='ocr_par' dir='ltr' id='par_1_65' title="bbox 530 3497 2113 3569">
     <span class='ocr_line' id='line_1_65' title="bbox 530 3497 2113 3569; baseline 0.003 -19"><span class='ocrx_word' id='word_1_502' title='bbox 530 3497 791 3563; x_wconf 83' lang='lat' dir='ltr'><strong>habemus,</strong></span> <span class='ocrx_word' id='word_1_503' title='bbox 820 3506 876 3551; x_wconf 88' lang='lat' dir='ltr'><strong>ut</strong></span> <span class='ocrx_word' id='word_1_504' title='bbox 907 3499 1156 3569; x_wconf 88' lang='lat' dir='ltr'><strong>scriptum</strong></span> <span class='ocrx_word' id='word_1_505' title='bbox 1182 3509 1276 3565; x_wconf 88' lang='lat' dir='ltr'><strong>est,</strong></span> <span class='ocrx_word' id='word_1_506' title='bbox 1312 3500 1442 3553; x_wconf 91' lang='lat' dir='ltr'><strong>Dan.</strong></span> <span class='ocrx_word' id='word_1_507' title='bbox 1477 3515 1536 3566; x_wconf 86' lang='lat' dir='ltr'><strong>ll,</strong></span> <span class='ocrx_word' id='word_1_508' title='bbox 1561 3500 1650 3555; x_wconf 77' lang='grc'><strong>55.</strong></span> <span class='ocrx_word' id='word_1_509' title='bbox 1679 3500 1872 3554; x_wconf 82' lang='lat' dir='ltr'><strong>Verum</strong></span> <span class='ocrx_word' id='word_1_510' title='bbox 1903 3510 1960 3554; x_wconf 89' lang='lat' dir='ltr'><strong>ut</strong></span> <span class='ocrx_word' id='word_1_511' title='bbox 1986 3515 2113 3555; x_wconf 88' lang='lat' dir='ltr'><strong>con-</strong></span> 
     </span>
    </p>
   </div>
   <div class='ocr_carea' id='block_1_66' title="bbox 531 3590 2114 3661">
    <p class='ocr_par' dir='ltr' id='par_1_66' title="bbox 531 3590 2114 3661">
     <span class='ocr_line' id='line_1_66' title="bbox 531 3590 2114 3661; baseline 0.001 -16"><span class='ocrx_word' id='word_1_512' title='bbox 531 3590 783 3645; x_wconf 87' lang='lat' dir='ltr'><strong>cedamus</strong></span> <span class='ocrx_word' id='word_1_513' title='bbox 821 3592 959 3660; x_wconf 89' lang='lat' dir='ltr'><strong>apud</strong></span> <span class='ocrx_word' id='word_1_514' title='bbox 1020 3591 1292 3646; x_wconf 91' lang='lat' dir='ltr'><strong>Danielem</strong></span> <span class='ocrx_word' id='word_1_515' title='bbox 1335 3590 1603 3646; x_wconf 86' lang='lat' dir='ltr'><strong>Christum</strong></span> <span class='ocrx_word' id='word_1_516' title='bbox 1648 3593 1843 3647; x_wconf 91' lang='lat' dir='ltr'><strong>montis</strong></span> <span class='ocrx_word' id='word_1_517' title='bbox 1883 3592 2114 3661; x_wconf 87' lang='lat' dir='ltr'><strong>imagine</strong></span> 
     </span>
    </p>
   </div>
   <div class='ocr_carea' id='block_1_67' title="bbox 531 3682 2113 3754">
    <p class='ocr_par' dir='ltr' id='par_1_67' title="bbox 531 3682 2113 3754">
     <span class='ocr_line' id='line_1_67' title="bbox 531 3682 2113 3754; baseline 0 -16"><span class='ocrx_word' id='word_1_518' title='bbox 531 3682 782 3746; x_wconf 87' lang='lat' dir='ltr'><strong>describi,</strong></span> <span class='ocrx_word' id='word_1_519' title='bbox 818 3698 883 3737; x_wconf 91' lang='lat' dir='ltr'><strong>an</strong></span> <span class='ocrx_word' id='word_1_520' title='bbox 916 3693 1202 3753; x_wconf 78' lang='lat' dir='ltr'><strong>propterea</strong></span> <span class='ocrx_word' id='word_1_521' title='bbox 1233 3683 1651 3754; x_wconf 89' lang='lat' dir='ltr'><strong>quotiescunque</strong></span> <span class='ocrx_word' id='word_1_522' title='bbox 1678 3686 1873 3740; x_wconf 88' lang='lat' dir='ltr'><strong>montis</strong></span> <span class='ocrx_word' id='word_1_523' title='bbox 1900 3684 2113 3739; x_wconf 91' lang='lat' dir='ltr'><strong>Domini</strong></span> 
     </span>
    </p>
   </div>
   <div class='ocr_carea' id='block_1_68' title="bbox 534 3775 2112 3847">
    <p class='ocr_par' dir='ltr' id='par_1_68' title="bbox 534 3775 2112 3847">
     <span class='ocr_line' id='line_1_68' title="bbox 534 3775 2112 3847; baseline 0.001 -17"><span class='ocrx_word' id='word_1_524' title='bbox 534 3775 739 3831; x_wconf 91' lang='lat' dir='ltr'><strong>mentio</strong></span> <span class='ocrx_word' id='word_1_525' title='bbox 760 3789 1023 3841; x_wconf 88' lang='lat' dir='ltr'><strong>occurret,</strong></span> <span class='ocrx_word' id='word_1_526' title='bbox 1040 3777 1322 3833; x_wconf 86' lang='lat' dir='ltr'><strong>credemus</strong></span> <span class='ocrx_word' id='word_1_527' title='bbox 1342 3778 1426 3847; x_wconf 87' lang='lat' dir='ltr'><strong>agi</strong></span> <span class='ocrx_word' id='word_1_528' title='bbox 1449 3792 1605 3847; x_wconf 89' lang='lat' dir='ltr'><strong>posse</strong></span> <span class='ocrx_word' id='word_1_529' title='bbox 1626 3778 1691 3832; x_wconf 91' lang='lat' dir='ltr'><strong>de</strong></span> <span class='ocrx_word' id='word_1_530' title='bbox 1704 3778 1936 3845; x_wconf 85' lang='lat' dir='ltr'><strong>Christo,</strong></span> <span class='ocrx_word' id='word_1_531' title='bbox 1954 3780 2112 3833; x_wconf 86' lang='lat' dir='ltr'><strong>etiam</strong></span> 
     </span>
    </p>
   </div>
   <div class='ocr_carea' id='block_1_69' title="bbox 534 3867 2119 3935">
    <p class='ocr_par' dir='ltr' id='par_1_69' title="bbox 534 3867 2119 3935">
     <span class='ocr_line' id='line_1_69' title="bbox 534 3867 2119 3935; baseline 0.001 -14"><span class='ocrx_word' id='word_1_532' title='bbox 534 3868 626 3923; x_wconf 91' lang='lat' dir='ltr'><strong>ubi</strong></span> <span class='ocrx_word' id='word_1_533' title='bbox 657 3867 1073 3924; x_wconf 76' lang='lat' dir='ltr'><strong>circumstantiae</strong></span> <span class='ocrx_word' id='word_1_534' title='bbox 1118 3869 1491 3935; x_wconf 85' lang='lat' dir='ltr'><strong>adversantur,</strong></span> <span class='ocrx_word' id='word_1_535' title='bbox 1534 3880 1591 3924; x_wconf 92' lang='lat' dir='ltr'><strong>ut</strong></span> <span class='ocrx_word' id='word_1_536' title='bbox 1622 3870 1740 3925; x_wconf 81' lang='lat' dir='ltr'><strong>hic?</strong></span> <span class='ocrx_word' id='word_1_537' title='bbox 1778 3868 1944 3924; x_wconf 84' lang='lat' dir='ltr'><strong>Nemo</strong></span> <span class='ocrx_word' id='word_1_538' title='bbox 1972 3868 2119 3924; x_wconf 87' lang='lat' dir='ltr'><strong>Scri-</strong></span> 
     </span>
    </p>
   </div>
   <div class='ocr_carea' id='block_1_70' title="bbox 534 3963 2117 4034">
    <p class='ocr_par' dir='ltr' id='par_1_70' title="bbox 534 3963 2117 4034">
     <span class='ocr_line' id='line_1_70' title="bbox 534 3963 2117 4034; baseline 0 -17"><span class='ocrx_word' id='word_1_539' title='bbox 534 3973 708 4033; x_wconf 84' lang='lat' dir='ltr'><strong>pturae</strong></span> <span class='ocrx_word' id='word_1_540' title='bbox 741 3966 942 4033; x_wconf 89' lang='lat' dir='ltr'><strong>peritus</strong></span> <span class='ocrx_word' id='word_1_541' title='bbox 970 3966 1193 4030; x_wconf 80' lang='lat' dir='ltr'><strong>dixerit,</strong></span> <span class='ocrx_word' id='word_1_542' title='bbox 1227 3974 1283 4019; x_wconf 90' lang='lat' dir='ltr'><strong>et</strong></span> <span class='ocrx_word' id='word_1_543' title='bbox 1313 3966 1477 4034; x_wconf 92' lang='lat' dir='ltr'><strong>liquet</strong></span> <span class='ocrx_word' id='word_1_544' title='bbox 1509 3965 1595 4019; x_wconf 84' lang='lat' dir='ltr'><strong>Itic</strong></span> <span class='ocrx_word' id='word_1_545' title='bbox 1625 3965 1691 4019; x_wconf 87' lang='lat' dir='ltr'><strong>de</strong></span> <span class='ocrx_word' id='word_1_546' title='bbox 1721 3973 1904 4019; x_wconf 87' lang='lat' dir='ltr'><strong>monte</strong></span> <span class='ocrx_word' id='word_1_547' title='bbox 1938 3963 2117 4019; x_wconf 89' lang='lat' dir='ltr'><strong>Sionis</strong></span> 
     </span>
    </p>
   </div>
   <div class='ocr_carea' id='block_1_71' title="bbox 538 4054 2119 4124">
    <p class='ocr_par' dir='ltr' id='par_1_71' title="bbox 538 4054 2119 4124">
     <span class='ocr_line' id='line_1_71' title="bbox 538 4054 2119 4124; baseline 0.001 -18"><span class='ocrx_word' id='word_1_548' title='bbox 538 4054 857 4123; x_wconf 85' lang='lat' dir='ltr'><strong>agi.Verum</strong></span> <span class='ocrx_word' id='word_1_549' title='bbox 886 4055 1025 4109; x_wconf 87' lang='lat' dir='ltr'><strong>banc</strong></span> <span class='ocrx_word' id='word_1_550' title='bbox 1054 4055 1549 4124; x_wconf 88' lang='lat' dir='ltr'><strong>interpretationem</strong></span> <span class='ocrx_word' id='word_1_551' title='bbox 1580 4055 1755 4124; x_wconf 90' lang='lat' dir='ltr'><strong>rejicit</strong></span> <span class='ocrx_word' id='word_1_552' title='bbox 1796 4055 1911 4124; x_wconf 88' lang='lat' dir='ltr'><strong>ipse</strong></span> <span class='ocrx_word' id='word_1_553' title='bbox 1936 4056 2119 4124; x_wconf 89' lang='lat' dir='ltr'><strong>Augu-</strong></span> 
     </span>
    </p>
   </div>
   <div class='ocr_carea' id='block_1_72' title="bbox 536 4132 2115 4221">
    <p class='ocr_par' dir='ltr' id='par_1_72' title="bbox 536 4132 2115 4221">
     <span class='ocr_line' id='line_1_72' title="bbox 536 4132 2115 4221; baseline 0.002 -20"><span class='ocrx_word' id='word_1_554' title='bbox 536 4150 729 4216; x_wconf 87' lang='lat' dir='ltr'><strong>stinus,</strong></span> <span class='ocrx_word' id='word_1_555' title='bbox 757 4150 861 4204; x_wconf 87' lang='lat' dir='ltr'><strong>nisi</strong></span> <span class='ocrx_word' id='word_1_556' title='bbox 890 4160 1137 4205; x_wconf 82' lang='lat' dir='ltr'><strong>contorto</strong></span> <span class='ocrx_word' id='word_1_557' title='bbox 1164 4132 1393 4221; x_wconf 81' lang='lat' dir='ltr'><strong>quodam</strong></span> <span class='ocrx_word' id='word_1_558' title='bbox 1423 4166 1582 4205; x_wconf 89' lang='lat' dir='ltr'><strong>sensu</strong></span> <span class='ocrx_word' id='word_1_559' title='bbox 1610 4170 1624 4207; x_wconf 91' lang='lat'><strong>:</strong></span> <span class='ocrx_word' id='word_1_560' title='bbox 1651 4151 1757 4206; x_wconf 86' lang='lat' dir='ltr'><strong>Sed</strong></span> <span class='ocrx_word' id='word_1_561' title='bbox 1785 4152 1897 4216; x_wconf 82' lang='lat' dir='ltr'><strong>hoc,</strong></span> <span class='ocrx_word' id='word_1_562' title='bbox 1924 4151 2115 4219; x_wconf 90' lang='lat' dir='ltr'><strong>inquit,</strong></span> 
     </span>
    </p>
   </div>
   <div class='ocr_carea' id='block_1_73' title="bbox 541 4241 2117 4314">
    <p class='ocr_par' dir='ltr' id='par_1_73' title="bbox 541 4241 2117 4314">
     <span class='ocr_line' id='line_1_73' title="bbox 541 4241 2117 4314; baseline 0.001 -21"><span class='ocrx_word' id='word_1_563' title='bbox 541 4241 602 4293; x_wconf 92' lang='lat' dir='ltr'><strong>ab</strong></span> <span class='ocrx_word' id='word_1_564' title='bbox 628 4243 789 4309; x_wconf 87' lang='lat' dir='ltr'><strong>ipsius</strong></span> <span class='ocrx_word' id='word_1_565' title='bbox 830 4258 1051 4311; x_wconf 88' lang='lat' dir='ltr'><strong>persona</strong></span> <span class='ocrx_word' id='word_1_566' title='bbox 1094 4258 1194 4296; x_wconf 89' lang='lat' dir='ltr'><strong>non</strong></span> <span class='ocrx_word' id='word_1_567' title='bbox 1224 4252 1387 4311; x_wconf 87' lang='lat' dir='ltr'><strong>potest</strong></span> <span class='ocrx_word' id='word_1_568' title='bbox 1413 4244 1609 4314; x_wconf 87' lang='lat' dir='ltr'><strong>accipi,</strong></span> <span class='ocrx_word' id='word_1_569' title='bbox 1649 4243 1749 4295; x_wconf 88' lang='lat' dir='ltr'><strong>nisi</strong></span> <span class='ocrx_word' id='word_1_570' title='bbox 1775 4246 1908 4312; x_wconf 81' lang='lat' dir='ltr'><strong>forte</strong></span> <span class='ocrx_word' id='word_1_571' title='bbox 1937 4245 2007 4294; x_wconf 91' lang='lat' dir='ltr'><strong>ita</strong></span> <span class='ocrx_word' id='word_1_572' title='bbox 2034 4242 2117 4294; x_wconf 85' lang='lat' dir='ltr'><strong>di-</strong></span> 
     </span>
    </p>
   </div>
   <div class='ocr_carea' id='block_1_74' title="bbox 542 4333 2120 4402">
    <p class='ocr_par' dir='ltr' id='par_1_74' title="bbox 542 4333 2120 4402">
     <span class='ocr_line' id='line_1_74' title="bbox 542 4333 2120 4402; baseline 0.001 -17"><span class='ocrx_word' id='word_1_573' title='bbox 542 4350 653 4387; x_wconf 83' lang='lat' dir='ltr'><strong>cere</strong></span> <span class='ocrx_word' id='word_1_574' title='bbox 674 4334 830 4386; x_wconf 88' lang='lat' dir='ltr'><strong>voluit</strong></span> <span class='ocrx_word' id='word_1_575' title='bbox 873 4350 890 4386; x_wconf 90' lang='lat'><em>:</em></span> <span class='ocrx_word' id='word_1_576' title='bbox 930 4334 992 4385; x_wconf 91' lang='lat' dir='ltr'><strong>de</strong></span> <span class='ocrx_word' id='word_1_577' title='bbox 1035 4335 1329 4402; x_wconf 87' lang='lat' dir='ltr'><strong>memetipso</strong></span> <span class='ocrx_word' id='word_1_578' title='bbox 1351 4377 1365 4399; x_wconf 89' lang='lat'><strong>,</strong></span> <span class='ocrx_word' id='word_1_579' title='bbox 1400 4345 1641 4401; x_wconf 89' lang='lat' dir='ltr'><strong>tanquam</strong></span> <span class='ocrx_word' id='word_1_580' title='bbox 1668 4333 1729 4386; x_wconf 90' lang='lat' dir='ltr'><strong>de</strong></span> <span class='ocrx_word' id='word_1_581' title='bbox 1754 4343 1921 4386; x_wconf 90' lang='lat' dir='ltr'><strong>monte</strong></span> <span class='ocrx_word' id='word_1_582' title='bbox 1946 4340 2120 4386; x_wconf 88' lang='lat' dir='ltr'><strong>sancto</strong></span> 
     </span>
    </p>
   </div>
   <div class='ocr_carea' id='block_1_75' title="bbox 542 4424 2121 4492">
    <p class='ocr_par' dir='ltr' id='par_1_75' title="bbox 542 4424 2121 4492">
     <span class='ocr_line' id='line_1_75' title="bbox 542 4424 2121 4492; baseline -0.001 -15"><span class='ocrx_word' id='word_1_583' title='bbox 542 4442 657 4489; x_wconf 87' lang='lat' dir='ltr'><strong>suo,</strong></span> <span class='ocrx_word' id='word_1_584' title='bbox 682 4441 760 4478; x_wconf 88' lang='lat' dir='ltr'><strong>me</strong></span> <span class='ocrx_word' id='word_1_585' title='bbox 780 4425 1060 4492; x_wconf 71' lang='lat' dir='ltr'><strong>exaudivit,</strong></span> <span class='ocrx_word' id='word_1_586' title='bbox 1088 4440 1201 4477; x_wconf 90' lang='lat' dir='ltr'><strong>cum</strong></span> <span class='ocrx_word' id='word_1_587' title='bbox 1232 4425 1479 4479; x_wconf 83' lang='lat' dir='ltr'><strong>habitaret</strong></span> <span class='ocrx_word' id='word_1_588' title='bbox 1519 4427 1573 4478; x_wconf 90' lang='lat' dir='ltr'><strong>in</strong></span> <span class='ocrx_word' id='word_1_589' title='bbox 1612 4440 1710 4490; x_wconf 87' lang='lat' dir='ltr'><strong>me,</strong></span> <span class='ocrx_word' id='word_1_590' title='bbox 1749 4424 1803 4476; x_wconf 89' lang='lat' dir='ltr'><strong>id</strong></span> <span class='ocrx_word' id='word_1_591' title='bbox 1824 4433 1893 4477; x_wconf 85' lang='lat' dir='ltr'><strong>est</strong></span> <span class='ocrx_word' id='word_1_592' title='bbox 1933 4424 1985 4476; x_wconf 90' lang='lat' dir='ltr'><strong>in</strong></span> <span class='ocrx_word' id='word_1_593' title='bbox 2012 4425 2121 4491; x_wconf 92' lang='lat' dir='ltr'><strong>ipso</strong></span> 
     </span>
    </p>
   </div>
   <div class='ocr_carea' id='block_1_76' title="bbox 2288 3217 3759 3296">
    <p class='ocr_par' dir='ltr' id='par_1_76' title="bbox 2288 3217 3759 3296">
     <span class='ocr_line' id='line_1_76' title="bbox 2288 3217 3759 3296; baseline -0.011 -13"><span class='ocrx_word' id='word_1_594' title='bbox 2288 3228 2399 3283; x_wconf 85' lang='lat' dir='ltr'><strong>Nec</strong></span> <span class='ocrx_word' id='word_1_595' title='bbox 2428 3227 2756 3296; x_wconf 67' lang='lat' dir='ltr'><strong>quaerendum</strong></span> <span class='ocrx_word' id='word_1_596' title='bbox 2779 3234 2874 3293; x_wconf 90' lang='lat' dir='ltr'><strong>est,</strong></span> <span class='ocrx_word' id='word_1_597' title='bbox 2891 3224 3074 3280; x_wconf 90' lang='lat' dir='ltr'><strong>subdit</strong></span> <span class='ocrx_word' id='word_1_598' title='bbox 3088 3222 3440 3293; x_wconf 85' lang='lat' dir='ltr'><strong>Augustinus,</strong></span> <span class='ocrx_word' id='word_1_599' title='bbox 3458 3236 3548 3274; x_wconf 90' lang='lat' dir='ltr'><strong>cur</strong></span> <span class='ocrx_word' id='word_1_600' title='bbox 3564 3217 3759 3272; x_wconf 83' lang='lat' dir='ltr'><strong>additum</strong></span> 
     </span>
    </p>
   </div>
   <div class='ocr_carea' id='block_1_77' title="bbox 2211 3305 3763 3388">
    <p class='ocr_par' dir='ltr' id='par_1_77' title="bbox 2211 3305 3763 3388">
     <span class='ocr_line' id='line_1_77' title="bbox 2211 3305 3763 3388; baseline -0.011 -14"><span class='ocrx_word' id='word_1_601' title='bbox 2211 3320 2296 3385; x_wconf 81' lang='lat' dir='ltr'><strong>sit,</strong></span> <span class='ocrx_word' id='word_1_602' title='bbox 2319 3333 2565 3375; x_wconf 88' lang='lat' dir='ltr'><strong>somnum</strong></span> <span class='ocrx_word' id='word_1_603' title='bbox 2593 3318 2732 3387; x_wconf 89' lang='lat' dir='ltr'><strong>cepi,</strong></span> <span class='ocrx_word' id='word_1_604' title='bbox 2756 3332 2869 3370; x_wconf 89' lang='lat' dir='ltr'><strong>cum</strong></span> <span class='ocrx_word' id='word_1_605' title='bbox 2884 3319 2999 3388; x_wconf 88' lang='lat' dir='ltr'><strong>jam</strong></span> <span class='ocrx_word' id='word_1_606' title='bbox 3021 3314 3215 3368; x_wconf 88' lang='lat' dir='ltr'><strong>dictum</strong></span> <span class='ocrx_word' id='word_1_607' title='bbox 3240 3322 3390 3377; x_wconf 86' lang='lat' dir='ltr'><strong>esset,</strong></span> <span class='ocrx_word' id='word_1_608' title='bbox 3414 3308 3652 3365; x_wconf 87' lang='lat' dir='ltr'><strong>dormivi.</strong></span> <span class='ocrx_word' id='word_1_609' title='bbox 3670 3305 3763 3360; x_wconf 86' lang='lat' dir='ltr'><strong>Usi-</strong></span> 
     </span>
    </p>
   </div>
   <div class='ocr_carea' id='block_1_78' title="bbox 2216 3402 3761 3479">
    <p class='ocr_par' dir='ltr' id='par_1_78' title="bbox 2216 3402 3761 3479">
     <span class='ocr_line' id='line_1_78' title="bbox 2216 3402 3761 3479; baseline -0.008 -14"><span class='ocrx_word' id='word_1_610' title='bbox 2216 3422 2347 3466; x_wconf 90' lang='lat' dir='ltr'><strong>tatas</strong></span> <span class='ocrx_word' id='word_1_611' title='bbox 2387 3412 2520 3467; x_wconf 90' lang='lat' dir='ltr'><strong>enim</strong></span> <span class='ocrx_word' id='word_1_612' title='bbox 2559 3411 2745 3464; x_wconf 82' lang='lat' dir='ltr'><strong>habent</strong></span> <span class='ocrx_word' id='word_1_613' title='bbox 2791 3410 3073 3479; x_wconf 72' lang='lat' dir='ltr'><strong>Scriptum</strong></span> <span class='ocrx_word' id='word_1_614' title='bbox 3116 3405 3416 3478; x_wconf 78' lang='lat' dir='ltr'><strong>hujusmodi</strong></span> <span class='ocrx_word' id='word_1_615' title='bbox 3453 3402 3761 3473; x_wconf 85' lang='lat' dir='ltr'><strong>repetitiones,</strong></span> 
     </span>
    </p>
   </div>
   <div class='ocr_carea' id='block_1_79' title="bbox 2216 3489 3765 3571">
    <p class='ocr_par' dir='ltr' id='par_1_79' title="bbox 2216 3489 3765 3571">
     <span class='ocr_line' id='line_1_79' title="bbox 2216 3489 3765 3571; baseline -0.012 -13"><span class='ocrx_word' id='word_1_616' title='bbox 2216 3505 2346 3558; x_wconf 87' lang='lat' dir='ltr'><strong>sicut</strong></span> <span class='ocrx_word' id='word_1_617' title='bbox 2378 3506 2430 3557; x_wconf 87' lang='lat' dir='ltr'><strong>in</strong></span> <span class='ocrx_word' id='word_1_618' title='bbox 2453 3503 2672 3558; x_wconf 89' lang='lat' dir='ltr'><strong>secundo</strong></span> <span class='ocrx_word' id='word_1_619' title='bbox 2707 3502 2906 3571; x_wconf 88' lang='lat' dir='ltr'><strong>psalmo</strong></span> <span class='ocrx_word' id='word_1_620' title='bbox 2933 3500 3118 3552; x_wconf 87' lang='lat' dir='ltr'><strong>multas</strong></span> <span class='ocrx_word' id='word_1_621' title='bbox 3150 3497 3486 3551; x_wconf 83' lang='lat' dir='ltr'><strong>ostendimus.</strong></span> <span class='ocrx_word' id='word_1_622' title='bbox 3516 3491 3659 3561; x_wconf 82' lang='lat' dir='ltr'><strong>Quod</strong></span> <span class='ocrx_word' id='word_1_623' title='bbox 3693 3489 3765 3541; x_wconf 82' lang='lat' dir='ltr'><strong>ha-</strong></span> 
     </span>
    </p>
   </div>
   <div class='ocr_carea' id='block_1_80' title="bbox 2217 3582 3765 3665">
    <p class='ocr_par' dir='ltr' id='par_1_80' title="bbox 2217 3582 3765 3665">
     <span class='ocr_line' id='line_1_80' title="bbox 2217 3582 3765 3665; baseline -0.012 -11"><span class='ocrx_word' id='word_1_624' title='bbox 2217 3601 2309 3654; x_wconf 87' lang='lat' dir='ltr'><strong>bet</strong></span> <span class='ocrx_word' id='word_1_625' title='bbox 2352 3599 2417 3653; x_wconf 92' lang='lat' dir='ltr'><strong>de</strong></span> <span class='ocrx_word' id='word_1_626' title='bbox 2448 3596 2850 3665; x_wconf 88' lang='lat' dir='ltr'><strong>repetitionibus</strong></span> <span class='ocrx_word' id='word_1_627' title='bbox 2889 3608 3071 3648; x_wconf 89' lang='lat' dir='ltr'><strong>verum</strong></span> <span class='ocrx_word' id='word_1_628' title='bbox 3117 3601 3237 3655; x_wconf 90' lang='lat' dir='ltr'><strong>est,</strong></span> <span class='ocrx_word' id='word_1_629' title='bbox 3283 3589 3381 3645; x_wconf 91' lang='lat' dir='ltr'><strong>sed</strong></span> <span class='ocrx_word' id='word_1_630' title='bbox 3428 3590 3495 3642; x_wconf 89' lang='lat' dir='ltr'><strong>ab</strong></span> <span class='ocrx_word' id='word_1_631' title='bbox 3539 3585 3634 3640; x_wconf 87' lang='lat' dir='ltr'><strong>hoc</strong></span> <span class='ocrx_word' id='word_1_632' title='bbox 3674 3582 3765 3636; x_wconf 87' lang='lat' dir='ltr'><strong>loco</strong></span> 
     </span>
    </p>
   </div>
   <div class='ocr_carea' id='block_1_81' title="bbox 2220 3681 3763 3756">
    <p class='ocr_par' dir='ltr' id='par_1_81' title="bbox 2220 3681 3763 3756">
     <span class='ocr_line' id='line_1_81' title="bbox 2220 3681 3763 3756; baseline -0.006 -13"><span class='ocrx_word' id='word_1_633' title='bbox 2220 3689 2472 3751; x_wconf 91' lang='lat' dir='ltr'><strong>alienum,</strong></span> <span class='ocrx_word' id='word_1_634' title='bbox 2506 3688 2555 3741; x_wconf 94' lang='lat' dir='ltr'><strong>in</strong></span> <span class='ocrx_word' id='word_1_635' title='bbox 2586 3701 2690 3756; x_wconf 91' lang='lat' dir='ltr'><strong>quo</strong></span> <span class='ocrx_word' id='word_1_636' title='bbox 2720 3687 2879 3740; x_wconf 89' lang='lat' dir='ltr'><strong>verba</strong></span> <span class='ocrx_word' id='word_1_637' title='bbox 2905 3682 3162 3737; x_wconf 87' lang='lat' dir='ltr'><strong>Hebraica</strong></span> <span class='ocrx_word' id='word_1_638' title='bbox 3188 3690 3336 3748; x_wconf 86' lang='lat' dir='ltr'><strong>sunt,</strong></span> <span class='ocrx_word' id='word_1_639' title='bbox 3360 3686 3565 3738; x_wconf 61' lang='lat' dir='ltr'><strong>meum</strong></span> <span class='ocrx_word' id='word_1_640' title='bbox 3591 3681 3763 3733; x_wconf 63' lang='lat' dir='ltr'><strong>imor.</strong></span> 
     </span>
    </p>
   </div>
   <div class='ocr_carea' id='block_1_82' title="bbox 2220 3763 3764 3846">
    <p class='ocr_par' dir='ltr' id='par_1_82' title="bbox 2220 3763 3764 3846">
     <span class='ocr_line' id='line_1_82' title="bbox 2220 3763 3764 3846; baseline -0.012 -12"><span class='ocrx_word' id='word_1_641' title='bbox 2220 3781 2324 3835; x_wconf 88' lang='lat' dir='ltr'><strong>hoc</strong></span> <span class='ocrx_word' id='word_1_642' title='bbox 2354 3788 2455 3846; x_wconf 89' lang='lat' dir='ltr'><strong>est,</strong></span> <span class='ocrx_word' id='word_1_643' title='bbox 2488 3778 2710 3832; x_wconf 86' lang='lat' dir='ltr'><strong>cubitum</strong></span> <span class='ocrx_word' id='word_1_644' title='bbox 2749 3777 2817 3829; x_wconf 88' lang='lat' dir='ltr'><strong>ivi</strong></span> <span class='ocrx_word' id='word_1_645' title='bbox 2860 3785 2905 3829; x_wconf 91' lang='lat' dir='ltr'><strong>et</strong></span> <span class='ocrx_word' id='word_1_646' title='bbox 2950 3773 3189 3842; x_wconf 81' lang='lat' dir='ltr'><strong>dormivi,</strong></span> <span class='ocrx_word' id='word_1_647' title='bbox 3229 3786 3351 3841; x_wconf 72' lang='lat' dir='ltr'><strong>qua:</strong></span> <span class='ocrx_word' id='word_1_648' title='bbox 3377 3780 3503 3825; x_wconf 89' lang='lat' dir='ltr'><strong>sunt</strong></span> <span class='ocrx_word' id='word_1_649' title='bbox 3529 3763 3764 3821; x_wconf 84' lang='lat' dir='ltr'><strong>distincta.</strong></span> 
     </span>
    </p>
   </div>
   <div class='ocr_carea' id='block_1_83' title="bbox 2220 3860 3765 3941">
    <p class='ocr_par' dir='ltr' id='par_1_83' title="bbox 2220 3860 3765 3941">
     <span class='ocr_line' id='line_1_83' title="bbox 2220 3860 3765 3941; baseline -0.012 -14"><span class='ocrx_word' id='word_1_650' title='bbox 2220 3873 2384 3941; x_wconf 86' lang='lat' dir='ltr'><strong>Igitur</strong></span> <span class='ocrx_word' id='word_1_651' title='bbox 2411 3870 2585 3926; x_wconf 91' lang='lat' dir='ltr'><strong>inania</strong></span> <span class='ocrx_word' id='word_1_652' title='bbox 2615 3879 2738 3924; x_wconf 87' lang='lat' dir='ltr'><strong>sunt</strong></span> <span class='ocrx_word' id='word_1_653' title='bbox 2760 3884 2877 3938; x_wconf 74' lang='lat' dir='ltr'><strong>qua:</strong></span> <span class='ocrx_word' id='word_1_654' title='bbox 2910 3867 3008 3921; x_wconf 89' lang='lat' dir='ltr'><strong>hac</strong></span> <span class='ocrx_word' id='word_1_655' title='bbox 3033 3867 3101 3921; x_wconf 91' lang='lat' dir='ltr'><strong>de</strong></span> <span class='ocrx_word' id='word_1_656' title='bbox 3121 3880 3181 3921; x_wconf 91' lang='lat' dir='ltr'><strong>re</strong></span> <span class='ocrx_word' id='word_1_657' title='bbox 3203 3865 3257 3920; x_wconf 91' lang='lat' dir='ltr'><strong>in</strong></span> <span class='ocrx_word' id='word_1_658' title='bbox 3286 3860 3648 3931; x_wconf 85' lang='lat' dir='ltr'><strong>superioribus</strong></span> <span class='ocrx_word' id='word_1_659' title='bbox 3672 3869 3765 3910; x_wconf 86' lang='lat' dir='ltr'><strong>ver-</strong></span> 
     </span>
    </p>
   </div>
   <div class='ocr_carea' id='block_1_84' title="bbox 2220 3954 3412 4027">
    <p class='ocr_par' dir='ltr' id='par_1_84' title="bbox 2220 3954 3412 4027">
     <span class='ocr_line' id='line_1_84' title="bbox 2220 3954 3412 4027; baseline -0.01 -8"><span class='ocrx_word' id='word_1_660' title='bbox 2220 3962 2304 4019; x_wconf 90' lang='lat' dir='ltr'><strong>bis</strong></span> <span class='ocrx_word' id='word_1_661' title='bbox 2332 3962 2468 4017; x_wconf 90' lang='lat' dir='ltr'><strong>etin</strong></span> <span class='ocrx_word' id='word_1_662' title='bbox 2498 3960 2842 4027; x_wconf 88' lang='lat' dir='ltr'><strong>sequentibus</strong></span> <span class='ocrx_word' id='word_1_663' title='bbox 2872 3956 3031 4011; x_wconf 87' lang='lat' dir='ltr'><strong>habet</strong></span> <span class='ocrx_word' id='word_1_664' title='bbox 3061 3954 3412 4023; x_wconf 86' lang='lat' dir='ltr'><strong>Augustinus.</strong></span> 
     </span>
    </p>
   </div>
   <div class='ocr_carea' id='block_1_85' title="bbox 2295 4044 3769 4119">
    <p class='ocr_par' dir='ltr' id='par_1_85' title="bbox 2295 4044 3769 4119">
     <span class='ocr_line' id='line_1_85' title="bbox 2295 4044 3769 4119; baseline -0.013 -10"><span class='ocrx_word' id='word_1_665' title='bbox 2295 4053 2429 4109; x_wconf 89' lang='lat' dir='ltr'><strong>Ibid.</strong></span> <span class='ocrx_word' id='word_1_666' title='bbox 2480 4052 2595 4105; x_wconf 86' lang='lat' dir='ltr'><strong>Hoc</strong></span> <span class='ocrx_word' id='word_1_667' title='bbox 2640 4052 2840 4119; x_wconf 89' lang='lat' dir='ltr'><strong>magis,</strong></span> <span class='ocrx_word' id='word_1_668' title='bbox 2889 4048 3098 4119; x_wconf 78' lang='lat' dir='ltr'><strong>inqitit,</strong></span> <span class='ocrx_word' id='word_1_669' title='bbox 3150 4044 3649 4101; x_wconf 82' lang='lat' dir='ltr'><strong>animadvertendum</strong></span> <span class='ocrx_word' id='word_1_670' title='bbox 3689 4046 3769 4099; x_wconf 81' lang='lat' dir='ltr'><strong>est,</strong></span> 
     </span>
    </p>
   </div>
   <div class='ocr_carea' id='block_1_86' title="bbox 2224 4130 3770 4221">
    <p class='ocr_par' dir='ltr' id='par_1_86' title="bbox 2224 4130 3770 4221">
     <span class='ocr_line' id='line_1_86' title="bbox 2224 4130 3770 4221; baseline -0.012 -19"><span class='ocrx_word' id='word_1_671' title='bbox 2224 4148 2645 4221; x_wconf 86' lang='lat' dir='ltr'><strong>quemadmodum</strong></span> <span class='ocrx_word' id='word_1_672' title='bbox 2688 4147 2742 4199; x_wconf 89' lang='lat' dir='ltr'><strong>in</strong></span> <span class='ocrx_word' id='word_1_673' title='bbox 2783 4161 2886 4197; x_wconf 88' lang='lat' dir='ltr'><strong>una</strong></span> <span class='ocrx_word' id='word_1_674' title='bbox 2928 4141 3175 4197; x_wconf 80' lang='lat' dir='ltr'><strong>sententia</strong></span> <span class='ocrx_word' id='word_1_675' title='bbox 3210 4150 3255 4194; x_wconf 90' lang='lat' dir='ltr'><strong>et</strong></span> <span class='ocrx_word' id='word_1_676' title='bbox 3286 4139 3529 4207; x_wconf 73' lang='lat' dir='ltr'><strong>prieteriti</strong></span> <span class='ocrx_word' id='word_1_677' title='bbox 3571 4130 3770 4202; x_wconf 81' lang='lat' dir='ltr'><strong>temporis</strong></span> 
     </span>
    </p>
   </div>
   <div class='ocr_carea' id='block_1_87' title="bbox 2226 4220 3773 4308">
    <p class='ocr_par' dir='ltr' id='par_1_87' title="bbox 2226 4220 3773 4308">
     <span class='ocr_line' id='line_1_87' title="bbox 2226 4220 3773 4308; baseline -0.013 -15"><span class='ocrx_word' id='word_1_678' title='bbox 2226 4220 2428 4295; x_wconf 70' lang='lat' dir='ltr'><strong>uerbum</strong></span> <span class='ocrx_word' id='word_1_679' title='bbox 2457 4242 2627 4308; x_wconf 90' lang='lat' dir='ltr'><strong>posuit</strong></span> <span class='ocrx_word' id='word_1_680' title='bbox 2655 4250 2701 4292; x_wconf 89' lang='lat' dir='ltr'><strong>et</strong></span> <span class='ocrx_word' id='word_1_681' title='bbox 2733 4237 2910 4308; x_wconf 78' lang='lat' dir='ltr'><strong>futuri.</strong></span> <span class='ocrx_word' id='word_1_682' title='bbox 2941 4235 3003 4287; x_wconf 85' lang='lat' dir='ltr'><strong>Et</strong></span> <span class='ocrx_word' id='word_1_683' title='bbox 3030 4231 3309 4289; x_wconf 79' lang='lat' dir='ltr'><strong>exsurrexi</strong></span> <span class='ocrx_word' id='word_1_684' title='bbox 3339 4232 3473 4285; x_wconf 85' lang='lat' dir='ltr'><strong>enim</strong></span> <span class='ocrx_word' id='word_1_685' title='bbox 3494 4228 3641 4293; x_wconf 74' lang='lat' dir='ltr'><strong>dixit,</strong></span> <span class='ocrx_word' id='word_1_686' title='bbox 3664 4220 3773 4295; x_wconf 79' lang='lat' dir='ltr'><strong>quod</strong></span> 
     </span>
    </p>
   </div>
   <div class='ocr_carea' id='block_1_88' title="bbox 2228 4324 3773 4403">
    <p class='ocr_par' dir='ltr' id='par_1_88' title="bbox 2228 4324 3773 4403">
     <span class='ocr_line' id='line_1_88' title="bbox 2228 4324 3773 4403; baseline -0.014 -14"><span class='ocrx_word' id='word_1_687' title='bbox 2228 4344 2300 4389; x_wconf 89' lang='lat' dir='ltr'><strong>est</strong></span> <span class='ocrx_word' id='word_1_688' title='bbox 2330 4335 2392 4387; x_wconf 90' lang='lat' dir='ltr'><strong>de</strong></span> <span class='ocrx_word' id='word_1_689' title='bbox 2416 4333 2702 4403; x_wconf 79' lang='lat' dir='ltr'><strong>prwterito;</strong></span> <span class='ocrx_word' id='word_1_690' title='bbox 2741 4341 2788 4386; x_wconf 87' lang='lat' dir='ltr'><strong>et</strong></span> <span class='ocrx_word' id='word_1_691' title='bbox 2811 4328 3083 4398; x_wconf 90' lang='lat' dir='ltr'><strong>suscipiet,</strong></span> <span class='ocrx_word' id='word_1_692' title='bbox 3112 4326 3247 4396; x_wconf 88' lang='lat' dir='ltr'><strong>quod</strong></span> <span class='ocrx_word' id='word_1_693' title='bbox 3283 4335 3359 4379; x_wconf 89' lang='lat' dir='ltr'><strong>est</strong></span> <span class='ocrx_word' id='word_1_694' title='bbox 3388 4324 3452 4377; x_wconf 81' lang='lat' dir='ltr'><strong>de</strong></span> <span class='ocrx_word' id='word_1_695' title='bbox 3480 4325 3666 4392; x_wconf 77' lang='lat' dir='ltr'><strong>futuro,</strong></span> <span class='ocrx_word' id='word_1_696' title='bbox 3686 4328 3773 4367; x_wconf 79' lang='lat' dir='ltr'><strong>cum</strong></span> 
     </span>
    </p>
   </div>
   <div class='ocr_carea' id='block_1_89' title="bbox 2228 4404 3774 4495">
    <p class='ocr_par' dir='ltr' id='par_1_89' title="bbox 2228 4404 3774 4495">
     <span class='ocr_line' id='line_1_89' title="bbox 2228 4404 3774 4495; baseline -0.015 -14"><span class='ocrx_word' id='word_1_697' title='bbox 2228 4441 2493 4495; x_wconf 89' lang='lat' dir='ltr'><strong>resurgere</strong></span> <span class='ocrx_word' id='word_1_698' title='bbox 2530 4424 2701 4494; x_wconf 87' lang='lat' dir='ltr'><strong>utique</strong></span> <span class='ocrx_word' id='word_1_699' title='bbox 2735 4423 2844 4477; x_wconf 83' lang='lat' dir='ltr'><strong>sine</strong></span> <span class='ocrx_word' id='word_1_700' title='bbox 2868 4420 2963 4474; x_wconf 84' lang='lat' dir='ltr'><strong>illa</strong></span> <span class='ocrx_word' id='word_1_701' title='bbox 2989 4419 3309 4487; x_wconf 78' lang='lat' dir='ltr'><strong>susceptione</strong></span> <span class='ocrx_word' id='word_1_702' title='bbox 3329 4432 3433 4469; x_wconf 91' lang='lat' dir='ltr'><strong>non</strong></span> <span class='ocrx_word' id='word_1_703' title='bbox 3459 4420 3635 4483; x_wconf 82' lang='lat' dir='ltr'><strong>posset.</strong></span> <span class='ocrx_word' id='word_1_704' title='bbox 3663 4404 3774 4461; x_wconf 87' lang='lat' dir='ltr'><strong>Nihil</strong></span> 
     </span>
    </p>
   </div>
   <div class='ocr_carea' id='block_1_90' title="bbox 542 4493 3776 4588">
    <p class='ocr_par' dir='ltr' id='par_1_90' title="bbox 542 4493 3776 4588">
     <span class='ocr_line' id='line_1_90' title="bbox 542 4493 3776 4588; baseline -0.005 -17"><span class='ocrx_word' id='word_1_705' title='bbox 542 4528 731 4572; x_wconf 90' lang='lat' dir='ltr'><strong>monte.</strong></span> <span class='ocrx_word' id='word_1_706' title='bbox 761 4518 890 4585; x_wconf 87' lang='lat' dir='ltr'><strong>Quis</strong></span> <span class='ocrx_word' id='word_1_707' title='bbox 930 4532 1161 4587; x_wconf 90' lang='lat' dir='ltr'><strong>unquam</strong></span> <span class='ocrx_word' id='word_1_708' title='bbox 1191 4518 1478 4588; x_wconf 89' lang='lat' dir='ltr'><strong>quidquam</strong></span> <span class='ocrx_word' id='word_1_709' title='bbox 1522 4518 1697 4572; x_wconf 89' lang='lat' dir='ltr'><strong>minus</strong></span> <span class='ocrx_word' id='word_1_710' title='bbox 1739 4516 2028 4572; x_wconf 88' lang='lat' dir='ltr'><strong>verisimile</strong></span> <span class='ocrx_word' id='word_1_711' title='bbox 2071 4524 2127 4570; x_wconf 90' lang='lat' dir='ltr'><strong>et</strong></span> <span class='ocrx_word' id='word_1_712' title='bbox 2152 4493 2315 4575; x_wconf 84' lang='lat' dir='ltr'><strong>Dest</strong></span> <span class='ocrx_word' id='word_1_713' title='bbox 2358 4493 2547 4573; x_wconf 85' lang='lat' dir='ltr'><strong>mirum</strong></span> <span class='ocrx_word' id='word_1_714' title='bbox 2583 4493 2832 4571; x_wconf 88' lang='lat' dir='ltr'><strong>Davidem</strong></span> <span class='ocrx_word' id='word_1_715' title='bbox 2882 4514 2969 4567; x_wconf 90' lang='lat' dir='ltr'><strong>hic</strong></span> <span class='ocrx_word' id='word_1_716' title='bbox 3011 4514 3084 4567; x_wconf 91' lang='lat' dir='ltr'><strong>uti</strong></span> <span class='ocrx_word' id='word_1_717' title='bbox 3135 4510 3300 4565; x_wconf 90' lang='lat' dir='ltr'><strong>verbo</strong></span> <span class='ocrx_word' id='word_1_718' title='bbox 3345 4507 3507 4562; x_wconf 91' lang='lat' dir='ltr'><strong>futuri</strong></span> <span class='ocrx_word' id='word_1_719' title='bbox 3558 4497 3776 4570; x_wconf 78' lang='lat' dir='ltr'><strong>temporis</strong></span> 
     </span>
    </p>
   </div>
   <div class='ocr_carea' id='block_1_91' title="bbox 546 4607 2125 4679">
    <p class='ocr_par' dir='ltr' id='par_1_91' title="bbox 546 4607 2125 4679">
     <span class='ocr_line' id='line_1_91' title="bbox 546 4607 2125 4679; baseline -0.002 -16"><span class='ocrx_word' id='word_1_720' title='bbox 546 4612 614 4664; x_wconf 90' lang='lat' dir='ltr'><strong>ab</strong></span> <span class='ocrx_word' id='word_1_721' title='bbox 665 4610 812 4665; x_wconf 92' lang='lat' dir='ltr'><strong>omni</strong></span> <span class='ocrx_word' id='word_1_722' title='bbox 859 4627 958 4664; x_wconf 91' lang='lat' dir='ltr'><strong>usu</strong></span> <span class='ocrx_word' id='word_1_723' title='bbox 1005 4609 1299 4679; x_wconf 76' lang='lat' dir='ltr'><strong>Scriptura:</strong></span> <span class='ocrx_word' id='word_1_724' title='bbox 1344 4622 1544 4666; x_wconf 86' lang='lat' dir='ltr'><strong>sanctae</strong></span> <span class='ocrx_word' id='word_1_725' title='bbox 1589 4609 1845 4665; x_wconf 90' lang='lat' dir='ltr'><strong>remotius</strong></span> <span class='ocrx_word' id='word_1_726' title='bbox 1889 4607 2125 4663; x_wconf 82' lang='lat' dir='ltr'><strong>audivit?</strong></span> 
     </span>
    </p>
   </div>
   <div class='ocr_carea' id='block_1_92' title="bbox 542 4701 2124 4774">
    <p class='ocr_par' dir='ltr' id='par_1_92' title="bbox 542 4701 2124 4774">
     <span class='ocr_line' id='line_1_92' title="bbox 542 4701 2124 4774; baseline -0.002 -17"><span class='ocrx_word' id='word_1_727' title='bbox 542 4702 654 4757; x_wconf 88' lang='lat' dir='ltr'><strong>Nec</strong></span> <span class='ocrx_word' id='word_1_728' title='bbox 692 4705 815 4758; x_wconf 88' lang='lat' dir='ltr'><strong>talia</strong></span> <span class='ocrx_word' id='word_1_729' title='bbox 843 4704 1139 4773; x_wconf 84' lang='lat' dir='ltr'><strong>Augustino</strong></span> <span class='ocrx_word' id='word_1_730' title='bbox 1190 4703 1329 4757; x_wconf 91' lang='lat' dir='ltr'><strong>aliud</strong></span> <span class='ocrx_word' id='word_1_731' title='bbox 1378 4704 1553 4774; x_wconf 88' lang='lat' dir='ltr'><strong>agenti</strong></span> <span class='ocrx_word' id='word_1_732' title='bbox 1603 4713 1806 4758; x_wconf 90' lang='lat' dir='ltr'><strong>temere</strong></span> <span class='ocrx_word' id='word_1_733' title='bbox 1857 4701 2124 4756; x_wconf 88' lang='lat' dir='ltr'><strong>interdum</strong></span> 
     </span>
    </p>
   </div>
   <div class='ocr_carea' id='block_1_93' title="bbox 544 4790 2128 4863">
    <p class='ocr_par' dir='ltr' id='par_1_93' title="bbox 544 4790 2128 4863">
     <span class='ocr_line' id='line_1_93' title="bbox 544 4790 2128 4863; baseline -0.001 -16"><span class='ocrx_word' id='word_1_734' title='bbox 544 4792 709 4847; x_wconf 73' lang='lat' dir='ltr'><strong>effusa</strong></span> <span class='ocrx_word' id='word_1_735' title='bbox 761 4802 926 4858; x_wconf 90' lang='lat' dir='ltr'><strong>sunt;</strong></span> <span class='ocrx_word' id='word_1_736' title='bbox 990 4801 1158 4847; x_wconf 91' lang='lat' dir='ltr'><strong>totum</strong></span> <span class='ocrx_word' id='word_1_737' title='bbox 1203 4793 1306 4848; x_wconf 90' lang='lat' dir='ltr'><strong>hoc</strong></span> <span class='ocrx_word' id='word_1_738' title='bbox 1332 4808 1505 4863; x_wconf 90' lang='lat' dir='ltr'><strong>opus,</strong></span> <span class='ocrx_word' id='word_1_739' title='bbox 1560 4795 1668 4848; x_wconf 92' lang='lat' dir='ltr'><strong>imo</strong></span> <span class='ocrx_word' id='word_1_740' title='bbox 1713 4793 1960 4847; x_wconf 82' lang='lat' dir='ltr'><strong>universa</strong></span> <span class='ocrx_word' id='word_1_741' title='bbox 2010 4790 2128 4861; x_wconf 90' lang='lat' dir='ltr'><strong>ejus</strong></span> 
     </span>
    </p>
   </div>
   <div class='ocr_carea' id='block_1_94' title="bbox 543 4881 2129 4954">
    <p class='ocr_par' dir='ltr' id='par_1_94' title="bbox 543 4881 2129 4954">
     <span class='ocr_line' id='line_1_94' title="bbox 543 4881 2129 4954; baseline 0 -17"><span class='ocrx_word' id='word_1_742' title='bbox 543 4900 704 4953; x_wconf 83' lang='lat' dir='ltr'><strong>Opera</strong></span> <span class='ocrx_word' id='word_1_743' title='bbox 748 4893 957 4939; x_wconf 88' lang='lat' dir='ltr'><strong>scatent</strong></span> <span class='ocrx_word' id='word_1_744' title='bbox 1012 4884 1272 4953; x_wconf 82' lang='lat' dir='ltr'><strong>ejusmodi</strong></span> <span class='ocrx_word' id='word_1_745' title='bbox 1322 4884 1832 4954; x_wconf 89' lang='lat' dir='ltr'><strong>interpretamentis.</strong></span> <span class='ocrx_word' id='word_1_746' title='bbox 1884 4881 2021 4937; x_wconf 92' lang='lat' dir='ltr'><strong>Audi</strong></span> <span class='ocrx_word' id='word_1_747' title='bbox 2074 4891 2129 4937; x_wconf 91' lang='lat' dir='ltr'><strong>et</strong></span> 
     </span>
    </p>
   </div>
   <div class='ocr_carea' id='block_1_95' title="bbox 543 4976 2129 5046">
    <p class='ocr_par' dir='ltr' id='par_1_95' title="bbox 543 4976 2129 5046">
     <span class='ocr_line' id='line_1_95' title="bbox 543 4976 2129 5046; baseline -0.001 -16"><span class='ocrx_word' id='word_1_748' title='bbox 543 4992 773 5045; x_wconf 89' lang='lat' dir='ltr'><strong>sequens</strong></span> <span class='ocrx_word' id='word_1_749' title='bbox 795 4978 933 5045; x_wconf 88' lang='lat' dir='ltr'><strong>quod</strong></span> <span class='ocrx_word' id='word_1_750' title='bbox 967 4977 1064 5045; x_wconf 91' lang='lat' dir='ltr'><strong>ipsi</strong></span> <span class='ocrx_word' id='word_1_751' title='bbox 1092 4977 1260 5046; x_wconf 88' lang='lat' dir='ltr'><strong>magis</strong></span> <span class='ocrx_word' id='word_1_752' title='bbox 1290 4977 1593 5031; x_wconf 86' lang='lat' dir='ltr'><strong>arridebat:</strong></span> <span class='ocrx_word' id='word_1_753' title='bbox 1626 4976 1841 5031; x_wconf 86' lang='lat' dir='ltr'><strong>Planius</strong></span> <span class='ocrx_word' id='word_1_754' title='bbox 1873 4985 2043 5029; x_wconf 88' lang='lat' dir='ltr'><strong>autem</strong></span> <span class='ocrx_word' id='word_1_755' title='bbox 2083 4984 2129 5028; x_wconf 88' lang='lat' dir='ltr'><strong>et</strong></span> 
     </span>
    </p>
   </div>
   <div class='ocr_carea' id='block_1_96' title="bbox 545 5066 2129 5136">
    <p class='ocr_par' dir='ltr' id='par_1_96' title="bbox 545 5066 2129 5136">
     <span class='ocr_line' id='line_1_96' title="bbox 545 5066 2129 5136; baseline -0.003 -15"><span class='ocrx_word' id='word_1_756' title='bbox 545 5068 857 5136; x_wconf 72' lang='lat' dir='ltr'><strong>expeditius,</strong></span> <span class='ocrx_word' id='word_1_757' title='bbox 892 5068 936 5119; x_wconf 83' lang='lat' dir='ltr'><strong>si</strong></span> <span class='ocrx_word' id='word_1_758' title='bbox 973 5068 1281 5136; x_wconf 86' lang='lat' dir='ltr'><strong>accipiamus</strong></span> <span class='ocrx_word' id='word_1_759' title='bbox 1322 5069 1589 5122; x_wconf 74' lang='lat' dir='ltr'><strong>exaudisse</strong></span> <span class='ocrx_word' id='word_1_760' title='bbox 1629 5066 1795 5120; x_wconf 89' lang='lat' dir='ltr'><strong>Deum</strong></span> <span class='ocrx_word' id='word_1_761' title='bbox 1840 5068 1903 5121; x_wconf 90' lang='lat' dir='ltr'><strong>de</strong></span> <span class='ocrx_word' id='word_1_762' title='bbox 1929 5066 2129 5134; x_wconf 77' lang='lat' dir='ltr'><strong>iustitia</strong></span> 
     </span>
    </p>
   </div>
   <div class='ocr_carea' id='block_1_97' title="bbox 546 5158 2125 5226">
    <p class='ocr_par' dir='ltr' id='par_1_97' title="bbox 546 5158 2125 5226">
     <span class='ocr_line' id='line_1_97' title="bbox 546 5158 2125 5226; baseline -0.001 -14"><span class='ocrx_word' id='word_1_763' title='bbox 546 5176 658 5222; x_wconf 88' lang='lat' dir='ltr'><strong>sua,</strong></span> <span class='ocrx_word' id='word_1_764' title='bbox 681 5158 709 5210; x_wconf 84' lang='lat' dir='ltr'><strong><em>J</em></strong></span> <span class='ocrx_word' id='word_1_765' title='bbox 721 5170 888 5211; x_wconf 88' lang='lat' dir='ltr'><strong>ustum</strong></span> <span class='ocrx_word' id='word_1_766' title='bbox 916 5160 1049 5211; x_wconf 87' lang='lat' dir='ltr'><strong>enim</strong></span> <span class='ocrx_word' id='word_1_767' title='bbox 1075 5168 1130 5213; x_wconf 85' lang='lat' dir='ltr'><strong>ut</strong></span> <span class='ocrx_word' id='word_1_768' title='bbox 1162 5160 1483 5214; x_wconf 87' lang='lat' dir='ltr'><strong>innocentem</strong></span> <span class='ocrx_word' id='word_1_769' title='bbox 1512 5162 1756 5226; x_wconf 87' lang='lat' dir='ltr'><strong>occisum,</strong></span> <span class='ocrx_word' id='word_1_770' title='bbox 1780 5169 1827 5213; x_wconf 88' lang='lat' dir='ltr'><strong>et</strong></span> <span class='ocrx_word' id='word_1_771' title='bbox 1872 5158 1954 5211; x_wconf 85' lang='lat' dir='ltr'><strong>cui</strong></span> <span class='ocrx_word' id='word_1_772' title='bbox 1974 5159 2125 5212; x_wconf 84' lang='lat' dir='ltr'><strong>retri-</strong></span> 
     </span>
    </p>
   </div>
   <div class='ocr_carea' id='block_1_98' title="bbox 546 5249 2129 5321">
    <p class='ocr_par' dir='ltr' id='par_1_98' title="bbox 546 5249 2129 5321">
     <span class='ocr_line' id='line_1_98' title="bbox 546 5249 2129 5321; baseline -0.001 -20"><span class='ocrx_word' id='word_1_773' title='bbox 546 5254 664 5303; x_wconf 86' lang='lat' dir='ltr'><strong>buta</strong></span> <span class='ocrx_word' id='word_1_774' title='bbox 711 5258 829 5302; x_wconf 88' lang='lat' dir='ltr'><strong>sunt</strong></span> <span class='ocrx_word' id='word_1_775' title='bbox 870 5250 1010 5303; x_wconf 90' lang='lat' dir='ltr'><strong>mala</strong></span> <span class='ocrx_word' id='word_1_776' title='bbox 1046 5266 1139 5321; x_wconf 90' lang='lat' dir='ltr'><strong>pro</strong></span> <span class='ocrx_word' id='word_1_777' title='bbox 1188 5251 1359 5315; x_wconf 89' lang='lat' dir='ltr'><strong>bonis,</strong></span> <span class='ocrx_word' id='word_1_778' title='bbox 1410 5252 1737 5305; x_wconf 87' lang='lat' dir='ltr'><strong>resuscitaret</strong></span> <span class='ocrx_word' id='word_1_779' title='bbox 1768 5266 1799 5302; x_wconf 90' lang='lat' dir='ltr'><strong>a</strong></span> <span class='ocrx_word' id='word_1_780' title='bbox 1825 5249 2039 5302; x_wconf 84' lang='lat' dir='ltr'><strong>mortuis</strong></span> <span class='ocrx_word' id='word_1_781' title='bbox 2080 5256 2129 5302; x_wconf 88' lang='lat' dir='ltr'><strong>et</strong></span> 
     </span>
    </p>
   </div>
   <div class='ocr_carea' id='block_1_99' title="bbox 546 5342 2124 5413">
    <p class='ocr_par' dir='ltr' id='par_1_99' title="bbox 546 5342 2124 5413">
     <span class='ocr_line' id='line_1_99' title="bbox 546 5342 2124 5413; baseline 0.001 -20"><span class='ocrx_word' id='word_1_782' title='bbox 546 5342 702 5410; x_wconf 86' lang='lat' dir='ltr'><strong>digna</strong></span> <span class='ocrx_word' id='word_1_783' title='bbox 725 5343 1132 5411; x_wconf 86' lang='lat' dir='ltr'><strong>persequentibus</strong></span> <span class='ocrx_word' id='word_1_784' title='bbox 1160 5344 1421 5398; x_wconf 88' lang='lat' dir='ltr'><strong>tribueret.</strong></span> <span class='ocrx_word' id='word_1_785' title='bbox 1448 5345 1554 5399; x_wconf 82' lang='lat' dir='ltr'><strong>Res</strong></span> <span class='ocrx_word' id='word_1_786' title='bbox 1586 5344 1699 5413; x_wconf 88' lang='lat' dir='ltr'><strong>ipsa</strong></span> <span class='ocrx_word' id='word_1_787' title='bbox 1722 5342 1996 5397; x_wconf 91' lang='lat' dir='ltr'><strong>verissima</strong></span> <span class='ocrx_word' id='word_1_788' title='bbox 2021 5350 2124 5407; x_wconf 86' lang='lat' dir='ltr'><strong>est,</strong></span> 
     </span>
    </p>
   </div>
   <div class='ocr_carea' id='block_1_100' title="bbox 544 5433 2128 5505">
    <p class='ocr_par' dir='ltr' id='par_1_100' title="bbox 544 5433 2128 5505">
     <span class='ocr_line' id='line_1_100' title="bbox 544 5433 2128 5505; baseline 0.003 -22"><span class='ocrx_word' id='word_1_789' title='bbox 544 5433 666 5499; x_wconf 90' lang='lat' dir='ltr'><strong>quis</strong></span> <span class='ocrx_word' id='word_1_790' title='bbox 713 5434 903 5502; x_wconf 85' lang='lat' dir='ltr'><strong>neget?</strong></span> <span class='ocrx_word' id='word_1_791' title='bbox 941 5434 1044 5489; x_wconf 89' lang='lat' dir='ltr'><strong>Sed</strong></span> <span class='ocrx_word' id='word_1_792' title='bbox 1089 5436 1355 5502; x_wconf 87' lang='lat' dir='ltr'><strong>quomodo</strong></span> <span class='ocrx_word' id='word_1_793' title='bbox 1402 5453 1470 5492; x_wconf 86' lang='lat' dir='ltr'><strong>ex</strong></span> <span class='ocrx_word' id='word_1_794' title='bbox 1521 5436 1622 5491; x_wconf 91' lang='lat' dir='ltr'><strong>hoc</strong></span> <span class='ocrx_word' id='word_1_795' title='bbox 1673 5435 1856 5505; x_wconf 67' lang='lat' dir='ltr'><strong>psaltte</strong></span> <span class='ocrx_word' id='word_1_796' title='bbox 1886 5434 2003 5487; x_wconf 92' lang='lat' dir='ltr'><strong>loco</strong></span> <span class='ocrx_word' id='word_1_797' title='bbox 2033 5449 2128 5488; x_wconf 90' lang='lat' dir='ltr'><strong>ex-</strong></span> 
     </span>
    </p>
   </div>
   <div class='ocr_carea' id='block_1_101' title="bbox 546 5526 2129 5599">
    <p class='ocr_par' dir='ltr' id='par_1_101' title="bbox 546 5526 2129 5599">
     <span class='ocr_line' id='line_1_101' title="bbox 546 5526 2129 5599; baseline 0 -20"><span class='ocrx_word' id='word_1_798' title='bbox 546 5526 720 5594; x_wconf 84' lang='lat' dir='ltr'><strong>sculpi</strong></span> <span class='ocrx_word' id='word_1_799' title='bbox 764 5538 960 5597; x_wconf 91' lang='lat' dir='ltr'><strong>queat,</strong></span> <span class='ocrx_word' id='word_1_800' title='bbox 1012 5532 1259 5599; x_wconf 90' lang='lat' dir='ltr'><strong>perpauci</strong></span> <span class='ocrx_word' id='word_1_801' title='bbox 1303 5532 1542 5585; x_wconf 80' lang='lat' dir='ltr'><strong>divinare</strong></span> <span class='ocrx_word' id='word_1_802' title='bbox 1604 5531 1826 5599; x_wconf 87' lang='lat' dir='ltr'><strong>possint.</strong></span> <span class='ocrx_word' id='word_1_803' title='bbox 1891 5528 2129 5599; x_wconf 87' lang='lat' dir='ltr'><strong>Legimus</strong></span> 
     </span>
    </p>
   </div>
   <div class='ocr_carea' id='block_1_102' title="bbox 549 5619 2125 5692">
    <p class='ocr_par' dir='ltr' id='par_1_102' title="bbox 549 5619 2125 5692">
     <span class='ocr_line' id='line_1_102' title="bbox 549 5619 2125 5692; baseline 0 -21"><span class='ocrx_word' id='word_1_804' title='bbox 549 5619 1136 5692; x_wconf 87' lang='lat' dir='ltr'><strong>enim,inquit,justitia</strong></span> <span class='ocrx_word' id='word_1_805' title='bbox 1159 5632 1247 5675; x_wconf 88' lang='lat' dir='ltr'><strong>tua</strong></span> <span class='ocrx_word' id='word_1_806' title='bbox 1276 5623 1403 5675; x_wconf 84' lang='lat' dir='ltr'><strong>sicut</strong></span> <span class='ocrx_word' id='word_1_807' title='bbox 1428 5632 1621 5676; x_wconf 89' lang='lat' dir='ltr'><strong>montes</strong></span> <span class='ocrx_word' id='word_1_808' title='bbox 1656 5620 1770 5685; x_wconf 85' lang='lat' dir='ltr'><strong>Dei,</strong></span> <span class='ocrx_word' id='word_1_809' title='bbox 1797 5619 1932 5687; x_wconf 86' lang='lat' dir='ltr'><strong>psal.</strong></span> <span class='ocrx_word' id='word_1_810' title='bbox 1968 5634 2125 5681; x_wconf 80' lang='lat' dir='ltr'><strong>xxxv,</strong></span> 
     </span>
    </p>
   </div>
   <div class='ocr_carea' id='block_1_103' title="bbox 546 5710 2151 5815">
    <p class='ocr_par' dir='ltr' id='par_1_103' title="bbox 546 5710 2151 5815">
     <span class='ocr_line' id='line_1_103' title="bbox 546 5710 2151 5815; baseline -0.001 -47"><span class='ocrx_word' id='word_1_811' title='bbox 546 5710 615 5801; x_wconf 36' lang='lat'><strong>7..</strong></span> <span class='ocrx_word' id='word_1_812' title='bbox 636 5712 998 5802; x_wconf 46' lang='lat' dir='ltr'><strong>Ergonc~ltinc</strong></span> <span class='ocrx_word' id='word_1_813' title='bbox 1026 5716 1265 5802; x_wconf 80' lang='lat' dir='ltr'><strong>sequitur</strong></span> <span class='ocrx_word' id='word_1_814' title='bbox 1290 5728 1509 5815; x_wconf 64' lang='lat' dir='ltr'><strong>montem</strong></span> <span class='ocrx_word' id='word_1_815' title='bbox 1544 5717 1633 5776; x_wconf 84' lang='lat' dir='ltr'><strong>Dei</strong></span> <span class='ocrx_word' id='word_1_816' title='bbox 1662 5716 1949 5787; x_wconf 75' lang='lat' dir='ltr'><strong>signiﬁcare</strong></span> <span class='ocrx_word' id='word_1_817' title='bbox 1966 5715 2151 5799; x_wconf 31' lang='lat' dir='ltr'><strong>juslio‘</strong></span> 
     </span>
    </p>
   </div>
   <div class='ocr_carea' id='block_1_104' title="bbox 2231 4591 3776 4681">
    <p class='ocr_par' dir='ltr' id='par_1_104' title="bbox 2231 4591 3776 4681">
     <span class='ocr_line' id='line_1_104' title="bbox 2231 4591 3776 4681; baseline -0.016 -14"><span class='ocrx_word' id='word_1_818' title='bbox 2231 4619 2419 4671; x_wconf 55' lang='lat' dir='ltr'><strong>tunc?</strong></span> <span class='ocrx_word' id='word_1_819' title='bbox 2448 4610 2621 4681; x_wconf 78' lang='lat' dir='ltr'><strong>fulciet</strong></span> <span class='ocrx_word' id='word_1_820' title='bbox 2660 4624 2771 4675; x_wconf 89' lang='lat' dir='ltr'><strong>me,</strong></span> <span class='ocrx_word' id='word_1_821' title='bbox 2823 4616 2915 4660; x_wconf 88' lang='lat' dir='ltr'><strong>aut</strong></span> <span class='ocrx_word' id='word_1_822' title='bbox 2943 4601 3241 4658; x_wconf 85' lang='lat' dir='ltr'><strong>sustentabit</strong></span> <span class='ocrx_word' id='word_1_823' title='bbox 3266 4616 3377 4665; x_wconf 88' lang='lat' dir='ltr'><strong>me,</strong></span> <span class='ocrx_word' id='word_1_824' title='bbox 3419 4598 3541 4669; x_wconf 88' lang='lat' dir='ltr'><strong>quia</strong></span> <span class='ocrx_word' id='word_1_825' title='bbox 3577 4591 3776 4650; x_wconf 86' lang='lat' dir='ltr'><strong>nondum</strong></span> 
     </span>
    </p>
   </div>
   <div class='ocr_carea' id='block_1_105' title="bbox 2230 4691 3775 4768">
    <p class='ocr_par' dir='ltr' id='par_1_105' title="bbox 2230 4691 3775 4768">
     <span class='ocr_line' id='line_1_105' title="bbox 2230 4691 3775 4768; baseline -0.016 -10"><span class='ocrx_word' id='word_1_826' title='bbox 2230 4713 2344 4758; x_wconf 90' lang='lat' dir='ltr'><strong>erat</strong></span> <span class='ocrx_word' id='word_1_827' title='bbox 2370 4703 2622 4757; x_wconf 87' lang='lat' dir='ltr'><strong>liberatus</strong></span> <span class='ocrx_word' id='word_1_828' title='bbox 2643 4715 2673 4753; x_wconf 91' lang='lat' dir='ltr'><strong>a</strong></span> <span class='ocrx_word' id='word_1_829' title='bbox 2697 4697 2938 4768; x_wconf 88' lang='lat' dir='ltr'><strong>periculo</strong></span> <span class='ocrx_word' id='word_1_830' title='bbox 2962 4694 3063 4750; x_wconf 91' lang='lat' dir='ltr'><strong>sibi</strong></span> <span class='ocrx_word' id='word_1_831' title='bbox 3084 4693 3153 4749; x_wconf 90' lang='lat' dir='ltr'><strong>ab</strong></span> <span class='ocrx_word' id='word_1_832' title='bbox 3173 4691 3465 4748; x_wconf 90' lang='lat' dir='ltr'><strong>Absalomo</strong></span> <span class='ocrx_word' id='word_1_833' title='bbox 3484 4694 3658 4743; x_wconf 89' lang='lat' dir='ltr'><strong>creato</strong></span> <span class='ocrx_word' id='word_1_834' title='bbox 3678 4695 3775 4736; x_wconf 91' lang='lat' dir='ltr'><strong>eum</strong></span> 
     </span>
    </p>
   </div>
   <div class='ocr_carea' id='block_1_106' title="bbox 2232 4772 3773 4865">
    <p class='ocr_par' dir='ltr' id='par_1_106' title="bbox 2232 4772 3773 4865">
     <span class='ocr_line' id='line_1_106' title="bbox 2232 4772 3773 4865; baseline -0.016 -15"><span class='ocrx_word' id='word_1_835' title='bbox 2232 4796 2373 4850; x_wconf 83' lang='lat' dir='ltr'><strong>hunc</strong></span> <span class='ocrx_word' id='word_1_836' title='bbox 2419 4793 2684 4865; x_wconf 90' lang='lat' dir='ltr'><strong>psalmum</strong></span> <span class='ocrx_word' id='word_1_837' title='bbox 2733 4791 2977 4858; x_wconf 87' lang='lat' dir='ltr'><strong>scripsit;</strong></span> <span class='ocrx_word' id='word_1_838' title='bbox 3016 4785 3320 4857; x_wconf 90' lang='lat' dir='ltr'><strong>composuit</strong></span> <span class='ocrx_word' id='word_1_839' title='bbox 3366 4784 3509 4839; x_wconf 92' lang='lat' dir='ltr'><strong>enim</strong></span> <span class='ocrx_word' id='word_1_840' title='bbox 3559 4779 3692 4833; x_wconf 90' lang='lat' dir='ltr'><strong>illum</strong></span> <span class='ocrx_word' id='word_1_841' title='bbox 3734 4772 3773 4825; x_wconf 86' lang='lat' dir='ltr'><strong>in</strong></span> 
     </span>
    </p>
   </div>
   <div class='ocr_carea' id='block_1_107' title="bbox 2233 4868 3776 4957">
    <p class='ocr_par' dir='ltr' id='par_1_107' title="bbox 2233 4868 3776 4957">
     <span class='ocr_line' id='line_1_107' title="bbox 2233 4868 3776 4957; baseline -0.016 -16"><span class='ocrx_word' id='word_1_842' title='bbox 2233 4889 2349 4957; x_wconf 90' lang='lat' dir='ltr'><strong>ipsa</strong></span> <span class='ocrx_word' id='word_1_843' title='bbox 2376 4886 2519 4957; x_wconf 86' lang='lat' dir='ltr'><strong>fuga,</strong></span> <span class='ocrx_word' id='word_1_844' title='bbox 2546 4895 2603 4939; x_wconf 94' lang='lat' dir='ltr'><strong>ut</strong></span> <span class='ocrx_word' id='word_1_845' title='bbox 2633 4883 2909 4952; x_wconf 87' lang='lat' dir='ltr'><strong>inscriptio</strong></span> <span class='ocrx_word' id='word_1_846' title='bbox 2934 4884 3112 4935; x_wconf 89' lang='lat' dir='ltr'><strong>docet.</strong></span> <span class='ocrx_word' id='word_1_847' title='bbox 3132 4878 3296 4947; x_wconf 90' lang='lat' dir='ltr'><strong>Igitur</strong></span> <span class='ocrx_word' id='word_1_848' title='bbox 3323 4884 3518 4945; x_wconf 61' lang='lat' dir='ltr'><strong>praeter</strong></span> <span class='ocrx_word' id='word_1_849' title='bbox 3542 4884 3647 4926; x_wconf 92' lang='lat' dir='ltr'><strong>rem</strong></span> <span class='ocrx_word' id='word_1_850' title='bbox 3675 4868 3776 4957; x_wconf 82' lang='lat' dir='ltr'><strong>sunt</strong></span> 
     </span>
    </p>
   </div>
   <div class='ocr_carea' id='block_1_108' title="bbox 2233 4953 3775 5049">
    <p class='ocr_par' dir='ltr' id='par_1_108' title="bbox 2233 4953 3775 5049">
     <span class='ocr_line' id='line_1_108' title="bbox 2233 4953 3775 5049; baseline -0.018 -15"><span class='ocrx_word' id='word_1_851' title='bbox 2233 4953 2352 5049; x_wconf 69' lang='lat' dir='ltr'><strong>quae</strong></span> <span class='ocrx_word' id='word_1_852' title='bbox 2396 4953 2663 5033; x_wconf 86' lang='lat' dir='ltr'><strong>adduntur</strong></span> <span class='ocrx_word' id='word_1_853' title='bbox 2712 4974 2780 5030; x_wconf 92' lang='lat' dir='ltr'><strong>de</strong></span> <span class='ocrx_word' id='word_1_854' title='bbox 2828 4972 3105 5044; x_wconf 88' lang='lat' dir='ltr'><strong>prophetia</strong></span> <span class='ocrx_word' id='word_1_855' title='bbox 3154 4971 3327 5025; x_wconf 83' lang='lat' dir='ltr'><strong>futura</strong></span> <span class='ocrx_word' id='word_1_856' title='bbox 3379 4961 3654 5038; x_wconf 72' lang='lat' dir='ltr'><strong>praeteritis</strong></span> <span class='ocrx_word' id='word_1_857' title='bbox 3693 4953 3775 5011; x_wconf 89' lang='lat' dir='ltr'><strong>mi-</strong></span> 
     </span>
    </p>
   </div>
   <div class='ocr_carea' id='block_1_109' title="bbox 2232 5078 2436 5124">
    <p class='ocr_par' dir='ltr' id='par_1_109' title="bbox 2232 5078 2436 5124">
     <span class='ocr_line' id='line_1_109' title="bbox 2232 5078 2436 5124; baseline 0 -1"><span class='ocrx_word' id='word_1_858' title='bbox 2232 5078 2436 5124; x_wconf 87' lang='lat' dir='ltr'><strong>seente.</strong></span> 
     </span>
    </p>
   </div>
   <div class='ocr_carea' id='block_1_110' title="bbox 2304 5136 3776 5232">
    <p class='ocr_par' dir='ltr' id='par_1_110' title="bbox 2304 5136 3776 5232">
     <span class='ocr_line' id='line_1_110' title="bbox 2304 5136 3776 5232; baseline -0.015 -17"><span class='ocrx_word' id='word_1_859' title='bbox 2304 5161 2462 5226; x_wconf 88' lang='lat' dir='ltr'><strong>Ibid.,</strong></span> <span class='ocrx_word' id='word_1_860' title='bbox 2498 5160 2525 5232; x_wconf 83' lang='lat'>§</span> <span class='ocrx_word' id='word_1_861' title='bbox 2550 5159 2602 5212; x_wconf 89' lang='lat'><strong>7.</strong></span> <span class='ocrx_word' id='word_1_862' title='bbox 2632 5157 2753 5213; x_wconf 87' lang='lat' dir='ltr'><strong>Non</strong></span> <span class='ocrx_word' id='word_1_863' title='bbox 2781 5166 2852 5212; x_wconf 89' lang='lat' dir='ltr'><strong>est</strong></span> <span class='ocrx_word' id='word_1_864' title='bbox 2874 5157 2944 5210; x_wconf 89' lang='lat' dir='ltr'><strong>ita</strong></span> <span class='ocrx_word' id='word_1_865' title='bbox 2966 5152 3379 5224; x_wconf 87' lang='lat' dir='ltr'><strong>distinguendum</strong></span> <span class='ocrx_word' id='word_1_866' title='bbox 3401 5150 3563 5221; x_wconf 83' lang='lat' dir='ltr'><strong>(vers.</strong></span> <span class='ocrx_word' id='word_1_867' title='bbox 3586 5146 3639 5212; x_wconf 88' lang='lat'><strong>8)</strong></span> <span class='ocrx_word' id='word_1_868' title='bbox 3656 5136 3776 5211; x_wconf 79' lang='lat' dir='ltr'><strong>quasi</strong></span> 
     </span>
    </p>
   </div>
   <div class='ocr_carea' id='block_1_111' title="bbox 2232 5234 3771 5318">
    <p class='ocr_par' dir='ltr' id='par_1_111' title="bbox 2232 5234 3771 5318">
     <span class='ocr_line' id='line_1_111' title="bbox 2232 5234 3771 5318; baseline -0.01 -10"><span class='ocrx_word' id='word_1_869' title='bbox 2232 5270 2337 5309; x_wconf 87' lang='lat' dir='ltr'><strong>una</strong></span> <span class='ocrx_word' id='word_1_870' title='bbox 2375 5252 2621 5308; x_wconf 86' lang='lat' dir='ltr'><strong>sententia</strong></span> <span class='ocrx_word' id='word_1_871' title='bbox 2646 5251 2751 5304; x_wconf 88' lang='lat' dir='ltr'><strong>sit:</strong></span> <span class='ocrx_word' id='word_1_872' title='bbox 2774 5250 3034 5318; x_wconf 80' lang='lat' dir='ltr'><strong>Exsurge,</strong></span> <span class='ocrx_word' id='word_1_873' title='bbox 3064 5247 3321 5310; x_wconf 88' lang='lat' dir='ltr'><strong>Domine;</strong></span> <span class='ocrx_word' id='word_1_874' title='bbox 3361 5244 3561 5298; x_wconf 88' lang='lat' dir='ltr'><strong>salvum</strong></span> <span class='ocrx_word' id='word_1_875' title='bbox 3591 5252 3669 5292; x_wconf 91' lang='lat' dir='ltr'><strong>me</strong></span> <span class='ocrx_word' id='word_1_876' title='bbox 3690 5234 3771 5292; x_wconf 81' lang='lat' dir='ltr'><strong>fac.</strong></span> 
     </span>
    </p>
   </div>
   <div class='ocr_carea' id='block_1_112' title="bbox 2234 5330 3773 5411">
    <p class='ocr_par' dir='ltr' id='par_1_112' title="bbox 2234 5330 3773 5411">
     <span class='ocr_line' id='line_1_112' title="bbox 2234 5330 3773 5411; baseline -0.015 -12"><span class='ocrx_word' id='word_1_877' title='bbox 2234 5346 2377 5399; x_wconf 91' lang='lat' dir='ltr'><strong>Deus</strong></span> <span class='ocrx_word' id='word_1_878' title='bbox 2407 5357 2581 5409; x_wconf 89' lang='lat' dir='ltr'><strong>meus,</strong></span> <span class='ocrx_word' id='word_1_879' title='bbox 2613 5342 2860 5411; x_wconf 89' lang='lat' dir='ltr'><strong>quoniam</strong></span> <span class='ocrx_word' id='word_1_880' title='bbox 2894 5349 2947 5393; x_wconf 90' lang='lat' dir='ltr'><strong>tu</strong></span> <span class='ocrx_word' id='word_1_881' title='bbox 2972 5338 3281 5409; x_wconf 85' lang='lat' dir='ltr'><strong>percussisti</strong></span> <span class='ocrx_word' id='word_1_882' title='bbox 3312 5348 3495 5390; x_wconf 89' lang='lat' dir='ltr'><strong>omnes</strong></span> <span class='ocrx_word' id='word_1_883' title='bbox 3522 5330 3773 5386; x_wconf 83' lang='lat' dir='ltr'><strong>adversan-</strong></span> 
     </span>
    </p>
   </div>
   <div class='ocr_carea' id='block_1_113' title="bbox 2235 5418 3771 5501">
    <p class='ocr_par' dir='ltr' id='par_1_113' title="bbox 2235 5418 3771 5501">
     <span class='ocr_line' id='line_1_113' title="bbox 2235 5418 3771 5501; baseline -0.008 -10"><span class='ocrx_word' id='word_1_884' title='bbox 2235 5446 2316 5492; x_wconf 82' lang='lat' dir='ltr'><strong>tes</strong></span> <span class='ocrx_word' id='word_1_885' title='bbox 2346 5436 2472 5490; x_wconf 87' lang='lat' dir='ltr'><strong>mihi</strong></span> <span class='ocrx_word' id='word_1_886' title='bbox 2505 5434 2622 5489; x_wconf 90' lang='lat' dir='ltr'><strong>sine</strong></span> <span class='ocrx_word' id='word_1_887' title='bbox 2650 5448 2828 5488; x_wconf 87' lang='lat' dir='ltr'><strong>causa.</strong></span> <span class='ocrx_word' id='word_1_888' title='bbox 2862 5431 2987 5486; x_wconf 86' lang='lat' dir='ltr'><strong>Non</strong></span> <span class='ocrx_word' id='word_1_889' title='bbox 3005 5432 3140 5485; x_wconf 86' lang='lat' dir='ltr'><strong>enim</strong></span> <span class='ocrx_word' id='word_1_890' title='bbox 3160 5437 3425 5501; x_wconf 86' lang='lat' dir='ltr'><strong>propterea</strong></span> <span class='ocrx_word' id='word_1_891' title='bbox 3450 5426 3637 5481; x_wconf 80' lang='lat' dir='ltr'><strong>saluum</strong></span> <span class='ocrx_word' id='word_1_892' title='bbox 3655 5418 3771 5491; x_wconf 66' lang='lat' dir='ltr'><strong>facit.</strong></span> 
     </span>
    </p>
   </div>
   <div class='ocr_carea' id='block_1_114' title="bbox 2236 5507 3771 5596">
    <p class='ocr_par' dir='ltr' id='par_1_114' title="bbox 2236 5507 3771 5596">
     <span class='ocr_line' id='line_1_114' title="bbox 2236 5507 3771 5596; baseline -0.011 -17"><span class='ocrx_word' id='word_1_893' title='bbox 2236 5526 2357 5596; x_wconf 88' lang='lat' dir='ltr'><strong>quia</strong></span> <span class='ocrx_word' id='word_1_894' title='bbox 2399 5526 2643 5595; x_wconf 86' lang='lat' dir='ltr'><strong>percussit</strong></span> <span class='ocrx_word' id='word_1_895' title='bbox 2684 5523 2911 5577; x_wconf 89' lang='lat' dir='ltr'><strong>inimicos</strong></span> <span class='ocrx_word' id='word_1_896' title='bbox 2958 5525 3105 5592; x_wconf 86' lang='lat' dir='ltr'><strong>ejus;</strong></span> <span class='ocrx_word' id='word_1_897' title='bbox 3156 5521 3244 5574; x_wconf 89' lang='lat' dir='ltr'><strong>sed</strong></span> <span class='ocrx_word' id='word_1_898' title='bbox 3273 5519 3476 5590; x_wconf 87' lang='lat' dir='ltr'><strong>potius,</strong></span> <span class='ocrx_word' id='word_1_899' title='bbox 3518 5515 3622 5580; x_wconf 89' lang='lat' dir='ltr'><strong>ipso</strong></span> <span class='ocrx_word' id='word_1_900' title='bbox 3657 5507 3771 5563; x_wconf 76' lang='lat' dir='ltr'><strong>salvo</strong></span> 
     </span>
    </p>
   </div>
   <div class='ocr_carea' id='block_1_115' title="bbox 2235 5601 3767 5687">
    <p class='ocr_par' dir='ltr' id='par_1_115' title="bbox 2235 5601 3767 5687">
     <span class='ocr_line' id='line_1_115' title="bbox 2235 5601 3767 5687; baseline -0.005 -18"><span class='ocrx_word' id='word_1_901' title='bbox 2235 5618 2529 5687; x_wconf 70' lang='lat' dir='ltr'><strong>1facto,illos</strong></span> <span class='ocrx_word' id='word_1_902' title='bbox 2558 5618 2818 5685; x_wconf 89' lang='lat' dir='ltr'><strong>percussit.</strong></span> <span class='ocrx_word' id='word_1_903' title='bbox 2841 5614 2977 5684; x_wconf 85' lang='lat' dir='ltr'><strong>Ergo</strong></span> <span class='ocrx_word' id='word_1_904' title='bbox 3002 5614 3070 5666; x_wconf 88' lang='lat' dir='ltr'><strong>ad</strong></span> <span class='ocrx_word' id='word_1_905' title='bbox 3098 5613 3149 5666; x_wconf 90' lang='lat' dir='ltr'><strong>id</strong></span> <span class='ocrx_word' id='word_1_906' title='bbox 3170 5611 3305 5683; x_wconf 87' lang='lat' dir='ltr'><strong>quod</strong></span> <span class='ocrx_word' id='word_1_907' title='bbox 3328 5609 3549 5681; x_wconf 84' lang='lat' dir='ltr'><strong>sequitur</strong></span> <span class='ocrx_word' id='word_1_908' title='bbox 3569 5601 3767 5676; x_wconf 71' lang='lat' dir='ltr'><strong>pertinet.</strong></span> 
     </span>
    </p>
   </div>
   <div class='ocr_carea' id='block_1_116' title="bbox 2238 5686 3767 5778">
    <p class='ocr_par' dir='ltr' id='par_1_116' title="bbox 2238 5686 3767 5778">
     <span class='ocr_line' id='line_1_116' title="bbox 2238 5686 3767 5778; baseline -0.012 -9"><span class='ocrx_word' id='word_1_909' title='bbox 2238 5686 2293 5770; x_wconf 79' lang='lat' dir='ltr'><strong>ut</strong></span> <span class='ocrx_word' id='word_1_910' title='bbox 2326 5710 2419 5767; x_wconf 85' lang='lat' dir='ltr'><strong>iste</strong></span> <span class='ocrx_word' id='word_1_911' title='bbox 2454 5711 2517 5765; x_wconf 83' lang='lat' dir='ltr'><strong>sit</strong></span> <span class='ocrx_word' id='word_1_912' title='bbox 2547 5725 2724 5769; x_wconf 81' lang='lat' dir='ltr'><strong>sensus</strong></span> <span class='ocrx_word' id='word_1_913' title='bbox 2750 5708 3037 5778; x_wconf 88' lang='lat' dir='ltr'><strong>:quoniam</strong></span> <span class='ocrx_word' id='word_1_914' title='bbox 3082 5716 3134 5765; x_wconf 89' lang='lat' dir='ltr'><strong>tu</strong></span> <span class='ocrx_word' id='word_1_915' title='bbox 3162 5701 3467 5775; x_wconf 78' lang='lat' dir='ltr'><strong>percussisti</strong></span> <span class='ocrx_word' id='word_1_916' title='bbox 3501 5708 3668 5756; x_wconf 86' lang='lat' dir='ltr'><strong>omnes</strong></span> <span class='ocrx_word' id='word_1_917' title='bbox 3690 5686 3767 5745; x_wconf 76' lang='lat' dir='ltr'><strong>atl-</strong></span> 
     </span>
    </p>
   </div>
  </div>
