3954 6364
183 349 275 405 577
846 350 1203 408 ΥΛΒΙΟΒΗΜ
1247 351 1740 410 ΕΧΕΒΟΙΤΑΊῚΟΒ

1882 352 1945 409 ΙΝ
1987 355 2046 411 S.
2086 354 2453 412 AUGUSTINI
2490 355 2741 412 OPERA.

3322 352 3425 411 578

182 472 439 519 versantes
483 464 609 520 mihi
639 464 756 521 sine
786 480 943 523 causa
968 509 985 535 ,
1016 470 1205 525 dentes
1236 480 1577 539 peccatorum
1609 486 1736 527 con—
1764 476 1821 535 Α
1849 473 2173 543 congregatio
2224 475 2382 541 magis
2433 488 2671 543 pecorum
2690 511 2705 534 ,
2760 468 3051 523 convocatio
3102 482 3215 520 vero
3259 469 3424 538 magis

182 560 392 625 trivisti;
434 562 488 613 id
530 570 641 629 est,
692 563 811 617 inde
853 565 1133 619 contrivisti
1163 566 1335 619 dentes
1376 575 1699 636 peccatorum
1724 608 1739 633 ,

178 654 401 720 quoniam
430 655 720 723 percussisti
747 671 920 710 omnes
949 657 1273 711 adversantes
1304 658 1449 713 mihi.
1482 658 1590 713 Imo
1614 674 1741 715 vero

180 746 332 801 David
360 747 525 802 Deum
575 758 695 803 orat
740 758 799 804 ut
845 749 1021 820 ipsum
1055 760 1263 805 tueatur
1288 766 1350 806 ac
1378 760 1575 819 servet,
1610 766 1743 818 quo-

175 840 304 892 niam
359 850 517 894 antea
570 854 781 909 semper
829 841 896 895 de
940 841 1190 897 omnibus
1248 842 1364 911 ejus
1418 842 1741 898 adversariis

172 944 349 998 pmnas
378 942 698 1001 sumpserat.
732 931 869 987 Petit
897 940 954 988 ut
978 933 1157 1003 priora
1183 933 1440 989 beneﬁcia
1468 934 1620 989 novis
1648 949 1743 989 cu-

170 1020 345 1075 mulet.

232 1113 307 1167 De
354 1114 590 1168 dentibus
618 1128 737 1184 qua:
766 1124 1041 1185 argutatur
1070 1115 1397 1184 Augustinus
1434 1129 1538 1170 non
1578 1129 1742 1170 excu-

166 1204 307 1269 tiam,
342 1204 423 1258 uti
452 1220 552 1261 nec
582 1205 845 1273 duplicem
876 1206 1135 1261 rationem
1173 1222 1275 1276 qua
1306 1206 1445 1260 hunc
1476 1206 1740 1276 psalmum

159 1306 340 1363 postea
406 1298 791 1367 interpretatur
835 1299 903 1353 de
951 1298 1189 1354 Ecclesia
1243 1299 1568 1369 conjunctim
1616 1313 1739 1354 cum

159 1389 374 1444 Christo
405 1392 580 1459 capite
608 1400 843 1461 spectata
866 1432 879 1455 ,
908 1401 1000 1447 aut
1028 1391 1379 1462 tropologiam
1407 1408 1526 1462 quae
1555 1402 1739 1461 postea

162 1482 419 1551 sequitur.
466 1483 783 1552 Superiores
830 1483 1324 1539 animadversiones
1366 1484 1420 1539 in
1461 1468 1740 1540 manifesta

167 1571 287 1628 luce
331 1574 575 1629 locarunt
618 1575 876 1643 judicium
927 1586 1167 1630 nostrum
1198 1575 1265 1631 de
1296 1576 1398 1631 hoc
1426 1592 1623 1645 opere;
1666 1591 1737 1631 ex

164 1680 276 1732 quo
298 1674 548 1735 praeterea
580 1681 610 1721 a
641 1667 861 1734 lectore,
901 1669 1040 1722 taedii
1073 1667 1311 1737 patiente
1338 1678 1393 1723 et
1431 1668 1540 1723 otio
1571 1668 1740 1723 abun-

154 1755 356 1821 dante,
408 1758 613 1826 possint
661 1758 838 1829 colligi
887 1759 1141 1814 nonnulla
1171 1776 1291 1828 quae
1322 1760 1589 1829 pertinent
1617 1776 1739 1815 cum

1848 564 2111 616 hominum
2140 563 2357 633 intelligi
2395 566 2538 627 solet,
2583 573 2752 615 tamen
2779 569 2827 613 et
2856 560 2999 615 illam
3020 560 3207 613 dictum
3232 560 3424 613 inveni-

1846 672 1961 710 mus
1979 654 2303 726 Ecclesiam.]
2324 656 2486 711 Recte
2506 654 2805 709 observavit
2830 653 3039 708 lsaacus
3055 650 3420 719 Casaubonus,

1849 749 2088 805 Exercit.
2126 749 2191 804 16
2213 759 2397 804 contra
2430 749 2737 813 Baronium,
2767 764 2914 803 num.
2942 745 3033 812 42,
3060 746 3180 801 huic
3205 747 3425 815 argutia:

1846 844 2184 899 occasionem
2228 858 2347 899 esse
2387 841 2527 913 quod
2558 858 2867 914 congregare
2895 841 3190 895 deducatur
3219 854 3248 892 a
3278 854 3422 910 grex,

1844 934 1938 989 sed
1971 934 2022 989 in
2056 933 2238 989 Graeca
2273 949 2404 989 voce
2436 940 2709 1006 συναγωγή
2755 933 2885 987 nihil
2919 932 3092 988 simile
3128 932 3292 1002 quaeri
3325 944 3426 999 po-

1846 1034 1968 1082 test.
2016 1027 2120 1083 Sed
2163 1036 2215 1081 et
2243 1028 2356 1083 Jac.
2392 1041 2449 1094 ll,
2492 1026 2547 1091 5,
2594 1025 2830 1080 Ecclesia
2872 1035 3091 1080 vocatur
3121 1024 3421 1094 Synagoga.

1848 1120 2220 1175 Casaubonutn
2253 1121 2422 1189 ipsum
2452 1120 2560 1173 adi.
2609 1118 2714 1174 Sed
2746 1118 2865 1188 quis
2906 1117 3041 1172 lerat
3085 1116 3201 1172 haec
3236 1116 3426 1171 obser-

1846 1212 1956 1267 vari
1986 1228 2049 1267 ex
2079 1213 2359 1267 occasione
2390 1211 2533 1265 vocis
2554 1208 2747 1279 Asaph,
2773 1209 3003 1277 ascripta
3029 1207 3183 1261 titulo
3208 1204 3421 1275 psalmi,

1844 1311 1900 1358 et
1922 1319 2041 1373 qua:
2064 1304 2503 1373 congregationem
2525 1299 2823 1370 signiﬁcat?
2853 1300 3111 1367 Asap/ius,
3135 1308 3191 1351 ut
3218 1307 3423 1361 notum,

1845 1402 2032 1449 auctor
2067 1404 2150 1448 est
2191 1394 2471 1449 duodecim
2517 1394 2862 1462 psalmorum,
2905 1391 3105 1460 fuitque
3132 1388 3314 1443 Levita
3358 1402 3425 1442 ex

1845 1486 2045 1541 familia
2074 1486 2504 1553 Gersonitarum,
2556 1500 2723 1540 sacrae
2753 1484 2968 1539 musicae
2997 1498 3026 1537 a
3063 1481 3261 1538 Davide
3290 1494 3425 1550 prte-

1845 1579 2038 1635 fectus.
2069 1578 2199 1633 Vide
2229 1577 2250 1631 Ι
2282 1578 2455 1633 Paral.
2486 1593 2561 1642 vt,
2594 1579 2686 1645 51,
2717 1577 2806 1632 '59.

1916 1670 2127 1726 Psamo
2157 1686 2302 1738 cvttt,
2332 1670 2358 1741 §
2388 1670 2439 1724 1.
2470 1670 2716 1735 Quaedam
2746 1670 2983 1722 dicuntur
3000 1682 3113 1737 qute
3136 1665 3204 1718 ad
3227 1672 3427 1735 aposto-

1846 1766 1951 1819 lum
1981 1764 2192 1818 Petrum
2219 1764 2423 1833 proprie
2450 1766 2699 1832 pertinere
2724 1763 3008 1824 videantur,
3042 1775 3130 1812 nec
3151 1770 3318 1812 tamen
3335 1756 3427 1810 Ita-

144 1846 215 1900 ad
244 1865 428 1905 mores
454 1858 510 1905 et
537 1850 789 1921 dogmata
822 1851 1073 1906 Ecclesia:
1101 1853 1216 1921 ejus
1243 1853 1363 1923 aevi,
1398 1859 1507 1906 tum
1534 1851 1601 1907 ad
1630 1855 1737 1906 Au-
1768 1874 1817 1935 B
1844 1857 1959 1911 bent
1984 1854 2230 1909 illustrem
2253 1853 2582 1917 intellectum,
2602 1854 2700 1907 nisi
2720 1870 2833 1907 cum
2857 1853 3149 1921 referuntur
3171 1850 3240 1902 ad
3261 1847 3428 1901 Eccle-

143 1941 348 2006 gustini
380 1941 547 2009 ipsius
576 1944 869 2011 peculiares
894 1945 1205 1998 sententias.
1238 1942 1345 1999 Sed
1375 1946 1489 1998 haec
1518 1954 1642 1999 sunt
1670 1959 1737 1999 ex

144 2030 356 2101 ingenti
406 2033 717 2104 lrigidarum
746 2035 1123 2105 allegoriarum
1156 2044 1212 2091 et
1257 2044 1622 2092 contortarum
1655 2036 1737 2090 in-

149 2127 600 2192 terpretationum
630 2129 845 2182 cumulo
874 2128 1141 2197 eligenda.

223 2218 443 2273 Psauo
473 2234 673 2285 eum,
712 2219 815 2289 §3.
863 2218 1105 2283 Quamvis
1139 2218 1271 2272 enim
1304 2220 1510 2288 proprie
1535 2219 1739 2273 dicatur

167 2307 435 2381 Synagoga
450 2310 772 2375 Judtzorum,
790 2309 1018 2365 Ecclesia
1038 2326 1155 2365 vero
1172 2310 1600 2380 Christianorum,
1615 2312 1736 2381 quia

1840 1951 1992 2015 siam,
2011 1953 2159 2019 cuius
2184 1949 2272 2003 ille
2300 1950 2591 2017 agnoscitur
2616 1947 2670 2000 in
2698 1947 2865 2016 ﬁgura
2891 1954 3110 2017 gestasse
3131 1955 3423 2012 personant,

1840 2048 2047 2110 propter
2075 2038 2355 2092 PRIMATUII
2384 2052 2528 2105 quem
2554 2036 2608 2089 in
2647 2032 2927 2103 Discipulis
2956 2031 3152 2096 habuit,
3176 2026 3304 2099 etc.]
3354 2027 3429 2082 De

1843 2128 2077 2199 primatu
2106 2128 2247 2183 Petri
2279 2143 2343 2183 ex
2372 2127 2671 2197 Augustino
2707 2125 2932 2193 aliisque
2969 2122 3214 2176 Patribus
3245 2118 3427 2189 copio-

1841 2222 2054 2275 sissime
2092 2220 2202 2289 egit
2231 2220 2400 2274 Isaac.
2452 2216 2799 2273 Casaubonns
2847 2216 2898 2268 in
2942 2210 3327 2268 exercitatione
3358 2206 3427 2263 15

1842 2310 1909 2364 ad
1930 2310 2168 2364 Annales
2192 2306 2331 2364 Ctes.
2367 2306 2601 2363 Baronii.

178 2439 3415 2469 MM

1205 2573 1316 2647 ΙΝ
1378 2571 1777 2645 TOMUM
1832 2572 2333 2660 QUINTUM
2350 2633 2367 2651 .

348 2835 742 2894 DESIDERIUS
781 2837 1108 2896 ERASMUS
1137 2837 1432 2896 LECTORI
1462 2841 1563 2915 (a).

261 2932 513 2998 Qum’sinc
542 2934 907 2987 controversia
943 2943 1067 2986 sunt
1096 2934 1398 3003 Augustini,
1434 2936 1608 3005 primo
1640 2951 1737 3007 po-

211 3023 368 3077 tuimus
386 3024 520 3081 loco.
542 3024 1063 3093 lmpudentissimum
1091 3024 1400 3094 figmentum
1420 3027 1739 3085 Sermonum

219 3113 271 3167 ad
287 3115 445 3170 lratres
466 3116 515 3170 in
539 3132 721 3172 eremo
746 3128 987 3187 agentes,
1014 3115 1066 3170 in
1091 3131 1243 3171 suum
1268 3118 1519 3188 angulum
1548 3119 1739 3189 rejeci-

227 3208 409 3262 inustde
448 3224 554 3278 quo
580 3223 677 3264 suo
707 3208 825 3264 loco
870 3208 1112 3264 nonnihil
1152 3208 1411 3264 dicemus.
1455 3210 1639 3265 Insunt
1685 3220 1740 3265 et

224 3304 376 3356 ceteris
404 3302 562 3357 multa
594 3318 777 3372 parum
812 3290 1101 3360 referentia
1126 3304 1359 3372 phrasim
1389 3314 1443 3360 et
1477 3305 1737 3362 eruditio-

216 3408 307 3450 nem
334 3399 613 3468 AuguStini,
646 3414 872 3469 quorum
902 3399 1101 3469 aliquot
1129 3400 1451 3454 notavimus.

612 3536 891 3593 JOANNIS
929 3536 1284 3595 ULIMMERII

206 3640 402 3682 εικοκιει
430 3644 718 3684 REGULARIS
742 3644 1056 3685 HONASTERII
1082 3645 1126 3685 8.
1160 3648 1374 3687 IARTINI
1402 3648 1738 3689 LOVANIENSIS

258 3714 499 3753 PB£FATIO
530 3716 876 3754 DEDICATOBIA
913 3718 980 3755 AD
1028 3717 1294 3757 SERIIONES
1338 3722 1384 3759 S.
1433 3720 1734 3768 AUGUSTINI,

255 3784 455 3832 ALIAQUE
482 3786 745 3825 OPUSCULA
780 3790 807 3825 Δ
834 3788 894 3825 SB
924 3789 1076 3826 EDITA
1112 3789 1344 3842 LOVANII,
1378 3790 1509 3829 APUD
1553 3790 1740 3831 HIEBO-

251 3855 411 3894 NYIUI
439 3858 720 3895 ινειωεωι
750 3858 886 3897 ANNO
913 3858 1092 3898 DOMINI
1124 3860 1344 3899 ηοιιιν.

251 3951 697 4007 Reverendissimo
721 3953 772 4007 in
789 3953 1001 4009 Christo
1024 3956 1158 4024 patri
1186 3972 1247 4011 ac
1276 3958 1493 4014 domino
1515 3958 1579 4015 ι).
1604 3958 1739 4014 Mar-

188 4041 288 4094 tino
326 4043 596 4109 RithOvio,
643 4044 894 4100 Ecclesiae
944 4046 1199 4111 Yinrensis
1258 4049 1432 4118 primo
1486 4051 1739 4121 episcopo

189 4134 492 4204 dignissimo,
545 4138 776 4195 Joannes
827 4136 1167 4197 Ulinimerius
1214 4152 1522 4213 perpetuam
1570 4144 1740 4201 felici-

189 4232 349 4281 tatem.

246 4322 367 4378 Cum
395 4324 521 4379 nihil
554 4325 606 4379 in
634 4328 779 4381 omni
812 4342 987 4381 rerum
1013 4337 1199 4383 natura
1223 4338 1329 4384 tam
1357 4330 1587 4397 ﬁrmum,
1623 4339 1738 4387 sta-

185 4412 278 4470 bile
306 4432 364 4472 ac
391 4428 703 4489 perpetuum
737 4420 826 4483 sit,
857 4421 1182 4489 amplissime
1222 4425 1436 4491 prtesul,
1469 4425 1608 4494 quod
1634 4440 1739 4480 non

184 4511 439 4564 vetusmtis
473 4518 635 4579 (qum,
669 4523 725 4565 ut
751 4513 939 4567 scribit
969 4511 1161 4580 Varro,
1196 4529 1362 4583 pauca
1408 4532 1513 4570 non
1546 4516 1741 4585 depra-

183 4611 275 4665 vat,
310 4603 465 4656 multa
491 4604 653 4671 tollit)
682 4604 939 4673 insignem
969 4606 1199 4675 aliquam
1234 4607 1477 4677 injuriam
1502 4610 1699 4665 sentiat
1725 4625 1740 4662 :

180 4699 468 4761 praeclaram
514 4699 643 4752 mihi
688 4698 894 4767 reipub.
956 4700 1229 4755 litterariae
1275 4717 1489 4771 operam
1540 4671 1820 4759 navareD

181 4785 409 4840 videntur
435 4786 524 4854 qui
552 4800 617 4841 eo
643 4801 801 4841 omne
830 4787 1085 4853 studium,
1139 4805 1351 4843 omnem
1399 4790 1737 4859 industriam,

180 4888 327 4931 omne
352 4877 577 4944 denique
605 4886 813 4946 tempus
843 4878 1146 4944 conferunt,
1173 4889 1228 4934 ut
1254 4890 1463 4935 veteres
1493 4891 1740 4937 auctores

179 4980 392 5033 quorum
423 4983 587 5037 opera
617 4978 711 5021 aut
739 4969 895 5035 plane
920 4980 1170 5039 corrupta
1200 4981 1343 5039 sunt,
1388 4982 1480 5026 aut
1520 4987 1739 5042 prorsus

181 5057 564 5126 desiderantur,
612 5075 769 5130 quam
814 5062 1312 5127 emendatissimos,
1366 5064 1541 5133 quoad
1590 5065 1737 5132 licet,

180 5144 229 5201 in
256 5150 417 5205 lucem
459 5154 723 5206 emittant.
769 5152 920 5218 Quod
969 5154 1013 5206 si
1059 5154 1339 5223 quisquam
1378 5154 1535 5221 alius,
1584 5156 1636 5210 in
1673 5157 1736 5211 Β.

181 5238 460 5309 Augustino
523 5258 735 5298 summo
802 5243 1080 5298 catholicae
1147 5245 1399 5300 Ecclesia:
1472 5247 1740 5303 columine

181 5342 370 5387 summa
398 5334 657 5389 industria
689 5336 955 5405 praesutit,
986 5346 1131 5391 certe
1168 5337 1510 5393 doctissimus
1534 5348 1590 5394 et
1618 5339 1741 5395 dili-

182 5425 503 5490 gentissimus
531 5427 612 5482 vir
644 5426 704 5480 D.
748 5426 1004 5483 Martinus
1031 5426 1257 5499 Lypsius
1298 5429 1565 5500 imprimis
1590 5445 1736 5501 pra:-

252 5603 318 5674 (a)
337 5606 582 5661 Erathzec
596 5604 990 5675 praelationcula
1014 5602 1230 5675 przelixa
1252 5613 1397 5660 tomo
1416 5603 1485 5672 X,
1502 5605 1555 5659 in
1572 5617 1733 5675 quem

185 5686 353 5747 omnes
376 5676 651 5747 Augustini
692 5691 966 5732 sermones
1008 5676 1311 5744 conjecerat
1352 5677 1643 5735 Erasmus;
1678 5676 1735 5731 in

184 5746 393 5801 editiciie
415 5746 541 5803 vero
569 5746 804 5801 Parisina
833 5748 965 5801 ordo
985 5756 1039 5801 et
1070 5747 1398 5801 voluminum
1431 5755 1485 5800 et
1523 5762 1732 5800 sermo-

190 5828 301 5874 num
324 5822 472 5886 plane
503 5829 734 5877 mutatus
764 5830 863 5878 est.
904 5818 1095 5879 Verum
1138 5834 1204 5877 ne
1234 5818 1370 5878 banc
1394 5818 1607 5891 quidem
1641 5817 1733 5876 ad-

1849 2844 2047 2901 stitisse
2069 2844 2298 2900 videtur.
2323 2842 2505 2913 Neque
2528 2844 2669 2899 enim
2700 2842 2799 2907 illi,
2820 2840 2907 2912 qui
2933 2855 2991 2895 se
3011 2849 3181 2897 totum
3203 2839 3250 2895 ei
3274 2837 3424 2908 operi

1845 2938 2082 3007 illigasse
2112 2938 2256 2991 visus
2305 2945 2408 3002 est,
2462 2936 2590 2991 satis
2630 2935 2729 2990 fuit
2772 2934 2839 2988 ab
2878 2932 3171 2989 innumeris
3215 2930 3425 2986 mendis

1846 3029 2039 3100 quibus
2061 3028 2291 3099 undique
2317 3027 2712 3083 contaminatus
2737 3021 2850 3081 érat
2868 3072 2881 3092 ,
2924 3024 3272 3094 Augus’tinum
3312 3023 3425 3076 vin-

1846 3125 2028 3179 dicare
2053 3142 2064 3176 ε
2086 3124 2183 3177 nisi
2206 3124 2366 3179 etiam
2397 3121 2558 3177 variis
2587 3119 2924 3175 bibliothecis
2950 3134 3067 3189 qua:
3089 3118 3157 3171 ob
3178 3115 3426 3187 antiquo-

1845 3233 1962 3271 rum
1988 3216 2313 3270 voluminum
2339 3213 2546 3283 c0piam
2575 3212 2903 3267 celehriores
2934 3210 3284 3273 habebantur,
3313 3207 3426 3276 pari

1844 3308 2033 3364 labore
2060 3316 2220 3378 atque
2248 3307 2522 3376 diligentia
2548 3304 2944 3376 pervestigatis,
2970 3303 3011 3357 si
3045 3300 3167 3371 quid
3199 3314 3423 3369 usquam

1842 3404 2099 3457 hactenus
2142 3416 2245 3456 non
2289 3416 2548 3456 excusum
2596 3400 2857 3467 reperiret
2897 3396 3035 3468 quod
3080 3394 3421 3466 Augustinia-

1840 3510 1966 3549 num
1998 3503 2201 3564 pectus,
2249 3493 2578 3563 majestatem
2606 3506 2670 3546 ac
2703 3490 2934 3561 phrasim
2979 3488 3179 3543 referre
3216 3486 3425 3540 videre-

1842 3598 1948 3655 tur,
1999 3587 2049 3642 id
2092 3587 2311 3656 reliquis
2363 3586 2480 3655 ejus
2519 3584 2734 3654 scriptis
2784 3582 3142 3653 adjiciendum
3189 3589 3422 3636 curaret.

1841 3678 2023 3749 Neque
2051 3694 2183 3733 sane
2210 3679 2353 3747 pium
2386 3676 2617 3730 hominis
2648 3684 2895 3730 conatum
2921 3687 3202 3729 successus
3232 3686 3426 3741 usque-

1842 3786 2053 3842 quaque
2099 3768 2364 3825 destituit.
2417 3768 2547 3822 Nam
2580 3776 2779 3837 praeter
2810 3766 3022 3820 tertium
3067 3772 3253 3819 contra
3285 3763 3425 3817 Gau-

1842 3864 2080 3919 dentium
2112 3862 2327 3929 librum,
2375 3876 2534 3931 quem
2559 3859 2902 3915 Parcensium
2932 3856 3307 3912 canonirorum
3340 3854 3421 3909 bi-

1843 3955 2107 4011 bliotheca
2152 3954 2305 4009 nobls
2346 3953 2726 4022 suppeditavit,
2769 3961 2965 4021 praeter
2992 3950 3265 4019 epistolas,
3303 3964 3421 4015 qua:

1843 4047 1961 4102 duae
1998 4055 2125 4101 sunt
2146 4060 2306 4115 supra
2352 4044 2560 4114 viginti,
2604 4044 2793 4097 horum
2835 4056 3046 4113 quoque
3083 4041 3171 4108 qui
3199 4040 3307 4109 jam
3342 4038 3428 4095 hic

1845 4139 2075 4208 primum
2104 4139 2441 4200 emittuntur,
2462 4149 2739 4191 sermones
2760 4136 2982 4204 aliquot,
3005 4133 3200 4204 quibus
3220 4143 3427 4187 veteres

1845 4228 1924 4284 De
1953 4231 2161 4284 diversis
2195 4229 2407 4284 titulum
2437 4227 2766 4292 indiderunt,
2800 4225 2966 4282 variis
2991 4226 3042 4280 in
3076 4225 3206 4280 locis
3232 4224 3423 4278 inven-

1847 4331 1929 4375 tos
1952 4320 2187 4389 collegit.
2208 4321 2381 4389 Atque
2411 4319 2544 4373 adeo
2565 4333 2685 4373 cum
2712 4319 2921 4372 cmteris
2944 4317 3185 4387 ejusdem
3216 4329 3424 4369 sermo-

1845 4415 2004 4470 nibus
2032 4413 2377 4470 excudendos
2398 4413 2528 4467 dare
2555 4412 2927 4473 constituerat,
2978 4410 3080 4465 nisi
3117 4409 3309 4464 bellico
3338 4407 3428 4462 illo

1847 4507 2075 4562 tumultu
2101 4506 2192 4576 qui
2218 4520 2314 4575 per
2338 4504 2620 4559 Martinum
2655 4504 2971 4558 Rossemum
2997 4518 3057 4557 ea
3088 4507 3426 4569 tempestate,

1846 4598 1898 4653 in
1925 4600 2023 4653 hac
2054 4610 2234 4653 nostra
2256 4598 2487 4667 Belgica,
2511 4596 2775 4651 excitatus
2807 4604 2923 4649 erat
2942 4594 3290 4648 circumcirca
3313 4606 3429 4646 om-

1846 4689 1932 4746 nia
1965 4691 2172 4745 turbata
2204 4689 2446 4744 fuissent.
2479 4688 2610 4755 Quae
2634 4703 2722 4742 res
2760 4695 2907 4742 certe
2934 4685 3159 4740 multum
3190 4684 3346 4738 nobis
3374 4692 3429 4738 et

1846 4786 2163 4843 calamitatis
2184 4795 2238 4840 et
2267 4781 2574 4840 detrimenti
2605 4782 2837 4835 advexit.
2868 4780 2996 4847 Nam
3031 4790 3089 4833 ut
3116 4790 3316 4832 taceam
3334 4775 3429 4830 de-

1847 4876 2127 4949 populatos
2158 4891 2336 4945 agros,
2367 4874 2610 4928 incendia
2636 4872 2939 4937 domorum,
2988 4870 3172 4924 abacta
3206 4881 3421 4938 pecora,

1845 4968 2132 5037 omnisque
2158 4966 2335 5021 aetatis
2365 4965 2643 5020 hominum
2686 4963 3067 5033 captivitatem,
3116 4970 3167 5015 et
3196 4959 3430 5014 incredi-

1844 5059 2006 5116 bilem
2033 5062 2315 5129 jacturam,
2342 5072 2500 5128 quam
2532 5057 2683 5112 multi
2712 5071 2782 5111 ex
2817 5065 2924 5110 tam
2956 5053 3159 5107 nefario
3190 5066 3322 5106 ausu
3348 5050 3429 5106 fe-

1847 5162 2070 5221 cerunt;
2135 5152 2188 5208 id
2247 5152 2406 5207 etiam
2455 5151 2736 5221 Augustini
2792 5146 3045 5203 studiosis
3106 5143 3429 5200 incommodi

1848 5247 2111 5310 accessit,
2165 5244 2306 5315 quod
2351 5253 2458 5298 tam
2503 5242 2759 5312 praeclaro
2806 5241 3057 5295 thesauro
3106 5246 3356 5308 tanquam
3398 5250 3430 5290 e

1846 5335 2209 5393 subterraneis
2251 5350 2315 5391 ac
2367 5334 2618 5389 divitibus
2662 5331 3001 5386 metallorum
3047 5330 3196 5384 venis
3235 5327 3431 5383 ell'osso

1847 5427 2107 5486 hactenus
2127 5442 2315 5484 carere
2328 5424 2632 5482 debuerint.
2649 5423 2726 5479 Ita
2747 5437 2877 5479 sane
2903 5434 2959 5478 ut
2978 5418 3427 5493 quemadmodum

1850 5602 2287 5659 monitiunculam
2312 5602 2559 5658 omittere
2581 5600 2868 5657 voluimus.
2901 5600 3187 5657 Sermones
3210 5601 3275 5653 ad
3302 5597 3401 5652 Fra

1850 5684 1963 5730 tres
1999 5676 2049 5729 in
2082 5689 2265 5729 eremo
2303 5674 2369 5728 de
2406 5674 2598 5741 quibus
2649 5673 2733 5728 hic
2773 5676 2855 5727 vir
2899 5688 3166 5735 summus,
3207 5678 3330 5724 sunt
3362 5668 3429 5741 iu

1849 5756 2050 5799 tomum
2078 5745 2143 5798 Vl
2174 5746 2378 5812 rejecti,
2412 5740 2499 5800 ubi
2526 5745 2719 5803 breves
2750 5744 2960 5801 Erasmi
2982 5757 3226 5801 censurae
3257 5740 3403 5812 prole

1849 5828 2050 5889 rentur.
2086 5816 2458 5877 Pnenrronvs.
