3954 6364
545 335 650 392 379

1426 339 1975 397 SUPPLEMENTUM
2017 337 2107 394 AD
2144 337 2372 394 OPEBA
2411 339 2467 394 S.
2510 336 2893 394 AUGUSTINI.
3653 358 3734 415 330

545 450 810 505 Ausonius
851 452 1122 523 eleganter
1158 452 1345 506 scribit
1385 459 1659 507 catenatos
1705 468 1825 508 esse
1874 453 2108 517 labores,
2139 451 2467 515 Aernditio,
2521 451 2708 518 pietas.
2755 459 2808 503 et
2852 448 3025 502 omnis
3056 448 3280 516 denique
3324 451 3440 506 vitae
3483 461 3606 514 ratio
3641 481 3736 522 cum

546 545 921 614 negotiumque
947 561 1012 601 ex
1034 546 1246 615 negotio
1261 545 1365 598 seri
1393 563 1404 599 :
1432 546 1509 600 sic
1529 546 1856 599 vinculorum
1883 544 2111 614 quadam

544 634 764 704 periodo
784 636 1056 706 colligatas
1086 636 1185 691 sibi
1213 651 1334 690 esse
1364 637 1697 691 calamitates
1720 638 2021 705 malumque
2048 651 2114 689 ex

544 727 686 780 malo
714 728 880 795 nasci,
913 726 1090 782 dicere
1125 727 1298 782 liceat.
1343 727 1472 782 Cum
1501 727 1665 792 enim,
1700 735 1759 780 ut
1781 728 1914 794 dixi,
1949 726 2117 779 bello-

543 834 661 872 rum
700 818 954 888 strepitu,
1000 821 1180 873 omnia
1225 823 1637 890 circumquaque
1686 829 2114 888 perstreperent,

545 927 716 981 neque
747 911 932 966 itinera
964 913 1092 966 satis
1132 919 1242 966 tuta
1269 927 1299 966 a
1326 913 1552 966 militum
1584 911 1785 980 impetu
1824 925 1943 965 esse
1968 909 2118 963 vide-

545 1013 747 1069 rentur,
793 1014 849 1058 et
878 1003 1121 1059 decimus
1145 1003 1651 1074 Augustiuianorun
1693 1017 1913 1073 operum
1943 1007 2119 1056 tomus

545 1093 645 1147 sub
673 1095 822 1163 prelo
867 1095 1102 1158 sudaret,
1139 1096 1415 1163 lucemque
1443 1095 1662 1164 jamjam
1690 1094 1966 1163 cogitaret,
2011 1093 2120 1146 fru-

545 1193 652 1240 stra
683 1188 1111 1255 exspectavimus
1156 1191 1244 1256 qui
1278 1188 1414 1242 hanc
1466 1189 1785 1242 sarcinulam
1817 1187 1869 1241 in
1898 1188 2120 1241 Germa-

547 1279 688 1332 niam
713 1278 1038 1348 deportaret.
1065 1278 1217 1333 Unde
1247 1295 1353 1334 non
1377 1281 1527 1348 prius
1547 1295 1613 1334 eo
1630 1279 1804 1332 delata
1837 1279 1937 1332 fuit
1961 1293 2119 1347 quam

2219 543 2494 611 Augustini
2521 543 2802 596 virtutibus
2833 555 3129 607 congruere
3160 539 3452 598 videantur.
3479 549 3660 620 Quanta
3680 558 3740 613 ίιιῑ

2219 652 2433 692 Suarum
2460 638 2634 691 ovium
2662 651 2786 690 cura
2819 634 2944 688 fuit!
2973 649 3076 700 quo
3105 633 3292 686 ardore
3313 637 3542 694 subditos
3565 658 3674 700 suos
3689 652 3740 706 ad

2220 733 2509 801 perfectam
2533 739 2586 783 et
2613 731 2819 784 beatam
2838 727 3045 781 vivendi
3072 727 3329 779 rationem
3351 729 3588 788 instituit!
3613 753 3742 805 quam

2220 816 2454 877 suaviter
2484 838 2545 876 ac
2575 822 2801 889 tempori
2841 819 3226 875 convenienter
3261 819 3418 873 variis
3445 827 3744 887 concionibus

2221 913 2287 968 ad
2314 913 2563 981 pietatem
2591 914 2816 980 vilzeque
2859 909 3263 964 sanctimoniam
3305 913 3545 978 populum
3570 920 3748 973 excita-

2221 1005 2331 1060 vit!
2361 1004 2430 1058 At
2451 1005 2570 1074 quis
2590 1012 2674 1058 est
2697 1003 2788 1071 qui
2819 1017 2925 1087 non
2956 1003 3070 1054 haec
3099 1001 3148 1052 in
3196 999 3256 1051 T.
3283 999 3344 1054 C.
3373 1013 3426 1053 ut
3455 1007 3661 1061 maxima
3681 1026 3750 1065 su.

2222 1097 2446 1165 spieiat?
2475 1096 2675 1151 Omitto
2704 1094 2844 1163 quod
2877 1094 3023 1148 solus
3073 1092 3183 1147 fere
3224 1094 3582 1164 episcoporum
3608 1110 3750 1158 tecum

2224 1188 2606 1243 monasterium
2638 1186 2952 1240 clericorum
2983 1184 3202 1248 habeas,
3238 1185 3372 1251 quod
3403 1197 3452 1238 et
3477 1196 3641 1242 noster
3659 1206 3753 1246 san.

2225 1280 2496 1336 ctissimus
2525 1277 2853 1346 Augustinus
2883 1277 2949 1328 de
2975 1291 3032 1328 se
3069 1276 3346 1343 profitetur
3375 1277 3425 1329 in
3458 1281 3754 1345 prteclarissi.

546 1370 591 1424 is
618 1371 682 1424 ad
719 1370 1028 1424 umbilicum
1067 1387 1255 1441 usque,
1302 1381 1360 1425 ut
1384 1371 1549 1448 aiunt,
1597 1371 1948 1439 pervenisset.
1987 1367 2121 1423 Cum

546 1479 674 1518 vero
706 1461 936 1517 secunda
973 1463 1140 1517 editio
1182 1463 1233 1516 in
1263 1462 1475 1517 ofﬁcina
1511 1462 1844 1517 Frobeniana
1873 1460 2122 1515 adornari

547 1555 832 1620 diceretur,
863 1570 960 1609 nos
983 1571 1048 1609 ne
1075 1553 1202 1623 quid
1233 1556 1338 1609 ulla
1359 1569 1426 1609 ex
1455 1566 1604 1623 parte
1629 1563 1812 1608 nostro
1826 1553 2125 1620 Augustino
2228 1559 2373 1626 Quos
2403 1558 2467 1609 ab
2493 1557 2715 1609 Erasmo
2750 1554 2999 1623 denique,
3047 1554 3227 1607 nescio
3271 1553 3515 1609 studione
3551 1571 3612 1610 an
3648 1560 3758 1614 obii.

546 1646 733 1702 deesse
764 1657 964 1716 posset,
1019 1657 1130 1700 tum
1184 1662 1250 1701 ne
1290 1647 1467 1716 Lypsii
1510 1661 1671 1715 opera
1715 1660 1927 1714 quoquo
1966 1647 2126 1699 modo
2228 1649 2386 1702 vione
2428 1647 2597 1713 aliqua
2645 1645 2906 1710 omissos,
2960 1655 3139 1713 postea
3189 1659 3320 1697 vero
3368 1648 3693 1714 supposititiis
3714 1667 3758 1705 ac

547 1737 770 1806 periisse
815 1737 1105 1804 videretur,
1131 1726 1248 1791 eam
1279 1737 1535 1806 temporis
1577 1736 1906 1806 iniquitatem
1943 1746 2126 1789 nostro
2231 1740 2568 1795 sermonibus
2606 1739 2899 1794 eremiticis
2921 1737 3760 1809 commixtos,abiisdemresecui,

546 1828 899 1898 qualicunque
930 1828 1112 1883 labore
1142 1829 1407 1883 resarcire
1434 1828 1631 1892 conati,
1666 1827 1916 1895 pleraque
1945 1827 2121 1895 Augu-
2151 1828 2198 1887 Β
2229 1841 2283 1886 et
2308 1831 2451 1895 vitae,
2503 1831 2623 1897 quia
2657 1831 3019 1898 plenissimam
3051 1828 3291 1894 ejusdem
3338 1826 3446 1880 divi
3480 1831 3762 1886 mentionem

546 1919 669 1974 ειίηὶ
711 1935 871 1988 opera
903 1920 1072 1974 multo
1103 1934 1259 1990 Quam
1294 1920 1438 1988 prius
1468 1919 1828 1987 castigatiora,
1863 1918 2123 1971 Basileam
2231 1923 3158 1989 faciunt,adnexui.Accipiasitaque
3181 1919 3459 1988 episcopus
3475 1922 3764 1990 epiSCOpum,

548 2009 809 2063 misimus.
843 2008 986 2063 Inter
1013 2025 1130 2078 qua:
1161 2018 1216 2063 et
1241 2009 1477 2063 decimus
1515 2019 1710 2072 tomus,
1742 2009 1831 2076 qui
1865 2007 2124 2063 hactenus
2229 2013 2582 2082 Augustinum
2615 2012 3010 2081 Augustinianae
3042 2012 3165 2063 vitae
3208 2011 3324 2079 ipse
3364 2026 3466 2064 non
3510 2012 3670 2065 minus
3695 2013 3764 2068 ad.

547 2104 756 2155 ueteris
795 2101 1206 2156 contaminatior
1251 2101 1442 2165 fuerat,
1489 2103 1554 2156 ad
1595 2100 1782 2170 viginti
1815 2110 1869 2154 et
1911 2116 1977 2155 eo
2008 2115 2124 2154 am-
2233 2106 2456 2161 mirator
2492 2120 2649 2175 quam
2698 2105 2955 2167 imitator,
2997 2111 3051 2156 et
3093 2102 3190 2155 hos
3221 2118 3495 2156 sermones
3527 2106 3623 2157 tuis
3649 2121 3764 2159 com-

552 2191 688 2261 plius
715 2203 920 2247 vetusta
953 2192 1275 2263 exemplaria
1303 2210 1331 2245 a
1362 2193 1515 2248 nobis
1541 2194 1788 2258 collatus,
1848 2203 1902 2246 et
1932 2193 1967 2247 ii
1993 2207 2128 2263 quos
2233 2198 2488 2252 mendare
2516 2213 2583 2251 ne
2624 2196 2892 2265 graveris,
2924 2206 2980 2248 ut
3027 2194 3248 2263 posthac
3288 2209 3317 2248 a
3349 2193 3683 2263 frigidioribus
3708 2197 3763 2251 le-

547 2284 654 2354 jam
681 2286 975 2342 emittimus
1007 2300 1282 2340 sermones
1323 2286 1563 2340 maxima
1591 2301 1657 2340 ex
1696 2293 1846 2353 parte
1891 2285 2126 2338 fuerunt.
2231 2301 2425 2358 ctuque
2478 2289 2866 2358 indignioribus
2911 2288 3070 2343 rebus
3112 2288 3471 2351 abstinentes,
3523 2290 3687 2342 malint
3726 2293 3764 2343 in

550 2377 823 2432 Librarius
845 2394 974 2433 vero
1005 2379 1094 2433 ille
1117 2379 1364 2434 omnibus
1389 2379 1637 2445 retentis,
1655 2385 1710 2432 et
1737 2380 1969 2446 quinque
1993 2379 2130 2433 dun-
2232 2380 2425 2434 studiis
2452 2381 2808 2434 sanctioribus
2835 2381 3243 2448 utilioribusque
3283 2380 3459 2433 oleum
3489 2395 3765 2447 operamque

553 2479 697 2523 taxat
731 2471 1067 2525 sermonibus
1101 2471 1346 2535 delectis,
1391 2471 1647 2538 reliquos,
1693 2472 1876 2525 nescio
1905 2485 2009 2540 qua
2038 2486 2127 2524 ra-
2231 2473 2517 2527 collocare.
2549 2473 2717 2525 Porro
2741 2487 2921 2539 opera:
2947 2472 3174 2541 pretium
3208 2487 3315 2525 non
3341 2473 3535 2540 putavi,
3561 2473 3702 2524 multa
3728 2472 3767 2526 in

551 2561 694 2626 tione
720 2571 916 2627 motus,
960 2563 1276 2631 suppressit,
1323 2576 1420 2616 nec
1455 2561 1739 2630 quidquam
1780 2571 2036 2629 prmterea
2063 2562 2127 2616 ad
2235 2565 2466 2618 medium
2487 2564 2772 2627 adducere,
2787 2564 2979 2631 quibus
3004 2563 3117 2617 haec
3135 2578 3256 2617 vera
3285 2579 3345 2615 ac
3371 2578 3610 2630 germana
3623 2566 3766 2630 Augu-

552 2663 650 2703 nos
676 2650 899 2704 remisit.
930 2653 1102 2720 Atque
1131 2667 1193 2706 ea
1225 2653 1428 2707 ratione
1455 2651 1708 2721 quidquid
1737 2663 1890 2706 antea
1932 2653 2130 2706 laboris
2231 2655 2358 2710 stini
2385 2671 2528 2715 esse,
2555 2655 2595 2707 si
2627 2656 2712 2723 qui
2739 2655 2874 2708 forte
2900 2655 3292 2708 sinttemerarii
3311 2655 3766 2728 censores,dem'on-

549 2752 732 2798 noster
761 2744 986 2814 Lypsius
1019 2744 1323 2811 devorarat,
1371 2744 1421 2798 id
1459 2760 1663 2799 summa
1701 2760 1819 2799 cum
1849 2759 2046 2799 nausea
2075 2755 2132 2799 et
2233 2755 2461 2800 strarem
2485 2755 2624 2798 :tum
2647 2745 2787 2814 quod
2819 2745 2911 2798 tibi
2937 2745 2986 2798 id
3009 2745 3338 2813 persuadere
3361 2744 3572 2799 difficile
3593 2760 3682 2797 non
3700 2744 3764 2807 sit,

549 2838 706 2891 milio
737 2852 921 2892 rursus
945 2839 1099 2893 nobis
1128 2837 1512 2893 exantlandum
1542 2837 1658 2904 fuit,
1694 2847 1796 2892 tam
1833 2838 1884 2892 in
1914 2838 2132 2908 perqui-
2232 2840 2321 2908 qui
2347 2836 2480 2891 adeo
2501 2837 2617 2905 ejus
2637 2845 2872 2889 attentus
2901 2836 3067 2890 lector
3086 2851 3306 2904 semper
3327 2836 3588 2899 exstitisti,
3614 2843 3663 2887 ut
3683 2833 3768 2886 ubi-

549 2928 730 2983 rendis
755 2929 818 2983 iis
848 2945 966 2999 qua:
994 2930 1419 2995 transmiseram,
1451 2944 1608 2999 quam
1643 2930 1694 2984 in
1736 2929 2126 2984 describendis.
2233 2946 2334 3000 que
2359 2930 2710 2996 Augustinum
2741 2926 3078 2994 quantumvis
3103 2926 3222 2980 aliis
3247 2927 3554 2986 immersum
3579 2937 3683 2976 sese
3700 2939 3768 2975 au-

552 3019 702 3085 Quod
734 3031 930 3090 quanta
959 3036 1044 3076 me
1073 3021 1310 3078 aﬂ‘ecerit
1339 3023 1582 3078 molestia
1622 3022 1705 3092 (ut
1733 3038 1800 3077 ne
1829 3021 1953 3091 quid
1996 3022 2132 3077 inte-
2231 3032 2382 3090 gusta
2407 3020 2630 3087 quadam
2663 3022 2856 3085 pietate
2883 3016 3193 3085 prodentem
3230 3030 3511 3086 agnoscas,
3541 3025 3641 3067 tum
3661 3011 3768 3080 quod

551 3112 650 3166 rim
694 3112 760 3167 de
787 3114 1088 3182 sumptibus
1117 3114 1333 3186 addam)
1365 3116 1506 3170 haud
1553 3114 1705 3170 facile
1744 3116 1969 3168 dixerim
1997 3133 2009 3166 :
2035 3114 2128 3169 sed
2232 3111 2528 3178 Possidius,
2563 3111 2677 3163 hmc
2701 3110 2755 3163 in
2785 3123 3008 3162 numero
3032 3123 3250 3176 opermn
3285 3107 3401 3176 ejus
3446 3114 3712 3189 recenseat,
3731 3112 3769 3156 et

551 3204 654 3258 hoc
684 3220 843 3258 unum
879 3206 1000 3261 boni
1041 3206 1254 3275 accidit,
1285 3211 1452 3280 quod,
1476 3212 1542 3264 de
1567 3223 1672 3276 quo
1701 3219 1856 3262 antea
1884 3223 1981 3262 nos
2006 3216 2131 3276 post
2155 3190 2201 3256 C
2238 3205 2303 3274 (si
2326 3202 2453 3272 quid
2480 3211 2717 3257 veterum
2734 3201 2978 3255 codicum
2995 3199 3286 3254 consensio
3315 3199 3471 3267 valet)
3499 3199 3546 3251 in
3568 3194 3772 3250 vetustis-

551 3295 802 3364 Lypsium
832 3305 883 3349 et
912 3296 1210 3353 Costerium
1241 3298 1675 3368 desperabamus,
1718 3297 1769 3352 id
1797 3297 1942 3352 aliud
1975 3296 2128 3352 nobis
2234 3298 2384 3352 simis
2414 3297 2709 3366 quibusque
2742 3296 2890 3350 libris
2909 3295 3189 3364 Augustini
3215 3295 3438 3347 nomine
3466 3292 3703 3360 legantur.
3726 3287 3774 3340 At

553 3389 852 3455 agentibus,
884 3402 946 3441 ac
977 3387 1110 3441 forte
1144 3389 1350 3443 fortuna
1383 3388 1620 3458 ejusdem
1649 3388 1708 3442 Β.
1734 3388 2013 3459 Augustini
2053 3390 2129 3444 vi-
2235 3404 2302 3444 ne
2339 3391 2457 3459 quis
2486 3386 2703 3455 objiciat
2734 3387 2990 3453 phraseos
3015 3385 3194 3455 jngem
3223 3399 3292 3439 ac
3314 3377 3624 3452 perpetuam
3646 3379 3776 3432 ratio

555 3490 658 3532 tam
685 3478 766 3534 his
795 3478 1096 3548 adjunctam
1129 3481 1445 3550 legentibus,
1477 3490 1745 3548 repertum
1778 3480 1958 3535 fuerit.
1991 3479 2133 3534 lndi—
2236 3497 2355 3537 nem
2384 3479 2680 3534 habendam
2709 3493 2852 3543 esse,
2888 3477 3025 3532 sciat
3054 3479 3098 3530 is
3123 3479 3188 3531 iis
3235 3477 3293 3531 id
3324 3475 3602 3531 convenire
3629 3471 3706 3540 qui
3731 3468 3776 3521 li-

554 3570 732 3626 culum
757 3570 875 3624 dico
903 3585 932 3624 a
961 3569 1202 3625 Possidio
1228 3572 1480 3640 epise0po
1509 3573 1653 3640 prius
1680 3571 1732 3624 in
1767 3571 1885 3624 Vita
1911 3573 2135 3640 promis-
2235 3575 2363 3630 bros
2399 3584 2607 3628 tantum
2647 3583 2740 3626 aut
2767 3572 3103 3641 scripserunt
3127 3581 3218 3625 aut
3246 3572 3517 3626 dictarunt
3551 3585 3563 3618 :
3599 3565 3776 3618 concio-

554 3675 692 3726 snm,
725 3663 991 3729 posterius
1018 3679 1147 3716 vero
1167 3664 1542 3730 compositum,
1575 3678 1732 3730 quem
1764 3663 1977 3732 quidem
2010 3663 2132 3731 quia
2237 3669 2381 3722 nanti
2404 3679 2580 3722 autem
2602 3667 2740 3736 apud
2763 3666 2951 3736 vulgus
2974 3665 3362 3734 promiscuum,
3387 3665 3472 3733 qui
3501 3659 3672 3731 possit,
3695 3669 3778 3710 non

554 3752 784 3807 eximius
831 3751 1108 3822 theologus
1138 3755 1198 3806 ι).
1234 3753 1464 3808 Jacobus
1496 3753 1779 3815 Pamelius,
1813 3754 1999 3821 Brugis
2039 3767 2131 3806 ca-
2236 3759 2391 3812 video
2435 3777 2446 3810 :
2487 3773 2606 3813 cum
2660 3772 2839 3812 sermo
2893 3758 3030 3826 vulgi
3091 3755 3337 3810 moribus
3388 3747 3778 3818 attemperaudus

555 3849 800 3916 nouicus,
832 3847 959 3901 mihi
990 3848 1056 3900 ad
1089 3846 1186 3901 hos
1225 3847 1434 3902 labores
1477 3848 1845 3916 perferendos,
1894 3864 2001 3903 non
2031 3849 2131 3902 ob-
2239 3858 2399 3920 atque
2413 3849 2897 3903 accommodandus
2921 3848 3120 3902 veniat.
3147 3847 3281 3900 Nam
3308 3856 3364 3902 et
3387 3847 3449 3899 D.
3473 3841 3777 3913 Augustinus,

557 3948 734 3993 lusum
763 3939 941 3993 calcar
964 3953 1333 4007 smpenumero
1376 3940 1601 4008 addidit,
1647 3940 1698 3995 ei
1743 3941 2042 3995 dedicatum
2073 3955 2136 3994 ac
2239 3956 2345 4009 quo
2360 3939 2559 3993 diutius
2593 3939 2795 4008 plebeis
2821 3938 3038 3992 auribus
3066 3938 3440 3992 conc'ionando
3463 3930 3778 3996 servivit,hoc

555 4043 922 4086 Consecratum
947 4032 1110 4086 volui.
1153 4031 1202 4088 ls
1251 4033 1390 4087 enim
1433 4042 1582 4087 tanto
1630 4032 1836 4089 fervore
1867 4034 2137 4103 tantisque
2242 4034 2408 4101 magis
2431 4031 2634 4085 remisit
2671 4031 2938 4086 sermonis
2967 4030 3317 4099 elegantiam,
3349 4029 3448 4084 hoc
3479 4028 3629 4082 etiam
3655 4019 3778 4077 rusti-

558 4122 842 4192 impendiis
868 4134 1107 4178 veterum
1139 4123 1455 4192 scriptorum
1488 4139 1551 4178 ac
1583 4125 1878 4193 praesertim
1931 4125 2136 4178 theolo—
2243 4123 2408 4190 ciore,
2447 4139 2514 4177 ne
2539 4123 2711 4177 dicam
2736 4117 3137 4190 'contemptiore
3167 4138 3299 4178 usus
3330 4131 3412 4178 est
3448 4117 3687 4175 orationis
3709 4127 3779 4179 ge-

556 4234 744 4288 gorum
773 4231 937 4286 opera
967 4217 1255 4286 conquirit,
1301 4226 1361 4271 ut
1388 4217 1649 4272 confidam
1689 4233 1810 4271 eum
1850 4215 2136 4287 aliquando
2243 4229 2393 4270 nere.
2427 4215 2556 4268 Nam
2581 4224 2634 4269 et
2660 4217 2882 4285 mystica
2911 4230 3067 4269 suum
3099 4215 3352 4269 dictionis
3398 4227 3562 4283 genus
3601 4207 3780 4264 habent,

557 4310 813 4380 quidquid
844 4310 1017 4364 ubivis
1048 4319 1310 4371 terrarum
1345 4308 1626 4378 Augustini
1657 4307 1942 4373 delitescit,
1982 4307 2034 4362 id
2059 4316 2139 4362 ιο·
2244 4323 2342 4363 nec
2365 4309 2428 4362 iis
2457 4308 2663 4377 quaead
2703 4307 3004 4362 docendum
3051 4315 3234 4376 parata
3284 4315 3431 4371 sunt,
3480 4297 3781 4358 Ciceronianl

559 4410 668 4456 tum
697 4403 749 4456 in
787 4401 1147 4456 studiosorum
1176 4400 1458 4455 utilitatem
1487 4415 1517 4453 a
1548 4398 1784 4454 tenebris
1805 4398 2135 4452 asserturum
2242 4399 2568 4472 myrothecia
2600 4400 2946 4459 conveniunt,
2972 4399 3074 4452 huc
3105 4399 3314 4452 accedit
3357 4395 3499 4466 quod
3541 4405 3638 4446 non
3672 4398 3781 4439 sem-

557 4509 620 4551 ac
648 4494 789 4564 quod
832 4495 1028 4549 nostris
1066 4493 1494 4548 adnotationibus
1532 4491 1910 4562 marginalibus
1961 4491 2133 4556 deest,
2244 4507 2338 4560 per
2366 4493 2420 4546 in
2445 4491 2835 4546 cathedralibus
2857 4491 3124 4554 ecclesiis,
3173 4490 3260 4545 ubi
3294 4491 3574 4561 plerosque
3611 4478 3782 4536 doctio-

558 4587 926 4656 suppleturum
965 4600 1105 4642 esse.
1134 4583 1397 4639 Caeterum
1435 4597 1536 4638 nec
1566 4582 1669 4638 hoc
1701 4598 1862 4636 unum
1895 4581 2138 4636 dolorem
2163 4570 2218 4632 Ι)
2248 4600 2336 4640 res
2367 4584 2530 4638 fuisse
2555 4594 2702 4638 extra
2726 4587 3150 4639 controversiam
3200 4595 3306 4648 est,
3352 4596 3535 4638 verum
3577 4577 3716 4632 etiam
3742 4571 3784 4624 in

562 4691 825 4744 nostrum,
855 4695 1010 4750 quem
1036 4695 1100 4734 ex
1131 4677 1434 4748 suppressis
1465 4677 1527 4731 D.
1560 4676 1843 4746 Augustini
1873 4675 2140 4731 sermoni-
2243 4676 2461 4746 reliquis
2487 4691 2599 4729 suae
2625 4675 2912 4731 dioecesios
2959 4677 3266 4729 civitatibus
3297 4686 3352 4730 et
3376 4670 3653 4743 oppidulis,
3682 4677 3784 4718 con-

557 4774 662 4830 bus
696 4789 912 4843 gravem
947 4786 1398 4840 conceperamus,
1443 4770 1721 4840 mitigavit.
1762 4769 1865 4824 Sed
1908 4779 1961 4822 et
2006 4769 2140 4823 alios
2243 4767 2483 4820 cionatus
2514 4767 2603 4820 sit.
2626 4766 2740 4820 Jam
2776 4782 2901 4820 vero
2928 4777 3252 4821 canescente
3282 4764 3609 4835 potissimum
3639 4758 3784 4823 Augu-

557 4865 820 4934 plurimos
847 4878 1125 4920 sermones
1149 4873 1302 4918 antea
1329 4878 1598 4933 nunquam
1629 4862 1769 4933 typis
1808 4875 2034 4917 excusos
2062 4863 2141 4915 in-
2242 4858 2404 4923 stino,
2440 4857 2674 4912 Africam
2703 4859 2772 4912 ob
2805 4856 3101 4912 Gothorum
3138 4858 3599 4922 Vandalorumque
3635 4850 3784 4901 incur-

560 4959 823 5024 venimus,
852 4972 986 5027 quos
1018 4955 1296 5027 Lypsianis
1327 4954 1627 5024 adjunctos,
1673 4962 1729 5008 et
1752 4952 2033 5008 immensis
2063 4952 2142 5006 la-
2243 4949 2424 5002 siones
2455 4948 2718 5011 assiduas,
2765 4962 2952 5016 magna
2982 4962 3049 5001 ex
3086 4957 3258 5015 parte,
3299 4945 3544 4999 infectam
3574 4934 3786 5027 barbarie

562 5048 780 5104 boribus
808 5048 1097 5118 castigatos
1125 5047 1188 5102 T.
1227 5045 1287 5100 C.
1320 5046 1568 5102 dedicare
1594 5047 1768 5101 visum
1800 5044 1919 5099 fuit.
1962 5043 2142 5099 Multae

563 5153 689 5193 vero
718 5153 892 5194 causa:
921 5149 1044 5192 sunt
1073 5153 1193 5208 qua:
1221 5153 1307 5193 me
1337 5147 1622 5194 moverunt
1647 5145 1706 5191 ut
1735 5137 1800 5190 D.
1832 5137 1896 5192 Τ.
1928 5135 2142 5206 potissi-

563 5245 708 5286 mum
741 5228 858 5284 haec
878 5228 1147 5284 offerenda
1177 5229 1537 5284 existimarem
1565 5247 1578 5283 :
1605 5243 1736 5298 quas
1767 5228 1926 5282 latius
1955 5243 2142 5284 recen-

563 5335 770 5385 serem,
795 5321 895 5375 nisi
918 5320 1243 5392 singularem
1272 5333 1414 5377 tuam
1449 5322 1765 5378 modeStiam
1811 5320 1863 5375 id
1896 5337 2034 5391 aegre
2060 5313 2139 5377 laJ-

566 5421 736 5467 turam
767 5411 1076 5478 arbitrarer,
1104 5421 1158 5468 et
1183 5427 1398 5467 vererer
1423 5427 1490 5466 ne
1515 5411 1782 5480 plerisque
1801 5412 2006 5466 adulari
2027 5427 2140 5466 ma-

563 5508 644 5576 gis
669 5522 827 5578 quam
860 5522 925 5562 ex
948 5509 1128 5564 animo
1156 5507 1299 5577 loqui
1323 5506 1531 5560 censeri
1556 5519 1791 5576 possem.
1832 5505 1944 5559 Hoc
1973 5520 2138 5561 unum

564 5607 740 5654 tamen
765 5599 977 5655 silentio
1003 5601 1278 5670 praeterire
1320 5613 1548 5668 nequeo,
1599 5598 1730 5652 nihil
1767 5597 1899 5652 mihi
1929 5613 2143 5653 accom-

564 5691 825 5748 modatius
853 5693 1027 5746 visum
1070 5705 1190 5746 esse
1238 5705 1396 5759 quam
1447 5697 1504 5743 ut
1537 5689 1772 5758 episcopi
1815 5691 2142 5743 monimenta

563 5786 812 5858 episcopo
832 5784 1204 5848 dedicarentur
1229 5797 1246 5845 ;
1269 5797 1440 5854 eoque
1465 5781 1636 5853 magis
1665 5779 1805 5852 quod
1835 5780 1910 5838 tui
1937 5795 2136 5852 mores,

2228 1377 2327 1430 mis
2359 1374 2461 1427 illis
2502 1372 2709 1426 duobus
2745 1369 3082 1424 sermonibus
3123 1383 3252 1434 quos
3295 1369 3359 1422 de
3394 1375 3646 1427 communi
3672 1378 3754 1430 vita

2228 1484 2441 1522 suorum
2466 1467 2785 1520 clericorum
2813 1463 2878 1517 ad
2911 1463 3160 1532 populum
3185 1462 3569 1530 Hipponensem
3590 1467 3756 1526 habuit.

2240 5147 2404 5201 scapo
2423 5132 2624 5186 Vitensi
2650 5130 2860 5186 discere
2889 5147 2992 5184 non
3027 5131 3238 5198 potuit?
3267 5130 3354 5199 qui
3373 5119 3783 5195 elegantissimum

2241 5225 2308 5278 de
2361 5223 2465 5276 hoc
2516 5231 2701 5276 nostro
2749 5223 2987 5275 antistite
3030 5222 3261 5290 elogium
3309 5208 3784 5274 describeuszQ"3~

2241 5317 2454 5386 inquit,
2517 5326 2831 5385 tempestate
2875 5315 3120 5382 llippone
3172 5314 3392 5383 Regium
3458 5311 3663 5363 obsessa
3709 5296 3784 5350 fuit

2245 5409 2452 5474 civitas,
2481 5424 2635 5477 quam
2667 5408 2810 5461 omni
2851 5406 3008 5460 laude
3036 5406 3226 5474 dignus
3257 5406 3442 5459 beatus
3471 5393 3780 5467 Augustinus.

2247 5501 2502 5556 librorum
2536 5501 2821 5554 multorum
2871 5499 3148 5553 confector
3189 5495 3427 5567 pontifex
3466 5483 3781 5562 gubernabat-

2249 5593 2382 5648 Tum
2416 5593 2544 5647 illud
2575 5593 2896 5662 eloquentia:
2926 5591 3066 5661 quod
3089 5590 3318 5646 ubertim
3343 5604 3436 5657 per
3459 5597 3636 5640 omnes
3659 5588 3780 5632 cam-

2248 5701 2346 5752 pos
2393 5685 2645 5740 Ecclesia:
2689 5685 3028 5749 decurrebat,
3081 5686 3194 5751 ipso
3247 5693 3389 5736 metu
3439 5681 3674 5733 siccatum
3715 5669 3781 5719 est

2249 5778 2470 5847 ﬂumen,
2500 5785 2660 5847 atque
2699 5775 2926 5834 dulcedo
2969 5775 3244 5835 suavitatis
3280 5772 3487 5830 dulcius
3516 5762 3779 5839 propinata.

2241 5040 2410 5094 fuisse
2433 5041 2551 5109 quis
2588 5039 2838 5110 ignorat?
2865 5042 2968 5094 Aut
2997 5040 3113 5108 quis
3145 5055 3208 5092 ex
3240 5047 3426 5092 sancto
3457 5035 3658 5088 Victore
3697 5023 3787 5090 θρί-
3877 5067 3880 5080 ι
