3954 6364
221 380 308 434 581
877 369 1230 427 VABIOBUM
1266 369 1866 457 EXERCITATIONES
1906 371 1971 426 ΙΝ
2014 372 2070 427 S.
2110 371 2478 445 AUGUSTINI
2518 373 2766 430 OPERA.

3352 380 3458 435 582

218 496 265 548 in
293 490 690 546 amaritudinem
719 487 973 544 absinthii
1010 502 1161 544 versa
1192 495 1277 543 est
1320 505 1333 540 :
1362 497 1421 543 ut
1461 486 1768 543 Davidicunt
1796 491 1849 553 Α
1878 490 2101 543 honoris
2130 490 2332 560 apicem
2356 501 2575 555 ercetae,
2598 500 2651 545 et
2672 506 2738 545 ex
2760 498 3100 544 sacrosancto
3128 494 3457 546 melimenico

216 583 526 653 praeconium
550 581 881 643 conveniret,
913 580 1036 633 dum
1058 579 1375 634 consisteret
1399 587 1644 647 peccator
1672 577 1770 633 ad-

218 693 412 736 versum
430 692 534 739 me,
552 674 792 729 obmutui
808 682 863 728 et
884 674 1188 728 humiliatus
1201 688 1316 727 sum
1338 683 1390 727 et
1406 672 1528 726 silui
1554 687 1581 723 a
1597 671 1770 726 bonis.

216 770 379 839 Usque
404 768 471 822 ad
499 768 626 821 illud
658 777 869 834 tempus
908 766 1164 818 ducentos
1178 763 1287 832 jam
1319 762 1531 829 triginta
1561 770 1615 817 et
1638 761 1773 815 duos

214 862 501 917 confecerat
532 860 717 922 libros,
749 858 988 927 exceptis
1012 856 1483 912 innumerabilibus
1509 856 1768 924 epistolis,

214 952 286 1006 vel
311 952 639 1019 expositione
658 951 819 1006 totius
848 948 1088 1003 Psalterii
1110 958 1165 1002 et
1190 947 1596 1015 Evangeliorum
1619 957 1777 1014 atque

216 1047 515 1100 tractatibus
540 1043 903 1115 popularibus,
924 1058 1060 1112 quos
1090 1042 1260 1097 Graeci
1296 1040 1542 1095 homilias
1565 1047 1775 1103 vocant,

212 1152 430 1206 quorum
479 1152 758 1192 numerum
790 1134 1246 1203 comprehendere
1274 1133 1402 1186 satis
1450 1130 1777 1200 impossibile

214 1241 304 1285 est.
338 1230 605 1283 Hactenus
654 1229 764 1282 ille.
797 1227 919 1281 Haac
948 1238 1000 1281 et
1034 1226 1115 1279 his
1169 1225 1390 1287 similia,
1431 1224 1491 1277 υ.
1545 1221 1774 1291 Paulini,

214 1323 471 1392 ProSperi,
496 1323 715 1385 Leonis,
747 1320 1031 1387 Fulgentii,
1057 1318 1321 1387 Eugippii,
1353 1316 1616 1385 Gregorii,
1644 1317 1777 1368 alio-

211 1433 444 1485 rumque,
476 1426 688 1483 quantas
718 1413 857 1482 apud
883 1425 1070 1467 omnes
1099 1410 1435 1465 auctoritatis
1464 1416 1520 1461 et
1546 1407 1779 1461 aestima-
1852 1456 1855 1457 ν

211 1509 356 1561 tionis
387 1508 607 1561 beatiss.
636 1504 964 1574 Augustinus
994 1501 1174 1567 fuerit,
1212 1499 1514 1553 testimonia
1546 1497 1778 1565 allegare

208 1613 410 1669 possem
444 1615 457 1650 :
488 1598 587 1652 nisi
620 1606 671 1651 te
722 1596 926 1651 divinas
973 1593 1249 1661 Augustini
1295 1593 1516 1644 virtutes
1568 1590 1780 1644 assirlue

208 1688 563 1749 meditantem,
591 1697 643 1741 et
668 1698 785 1739 tuos
808 1685 974 1752 ipsius
998 1697 1175 1737 mores
1199 1681 1265 1735 ad
1294 1682 1503 1734 illarum
1537 1694 1776 1733 normam

207 1782 518 1851 exigentem,
549 1779 746 1834 diutius
785 1776 1131 1845 interpellare
1184 1772 1313 1826 mihi
1364 1771 1555 1840 religio
1585 1782 1727 1823 esset
1756 1785 1777 1827 :7

204 1885 329 1940 quas
354 1872 400 1924 si
432 1884 675 1938 usquam,
708 1877 853 1923 certe
884 1868 935 1919 in
960 1866 1041 1919 his
1065 1866 1127 1917 ad
1160 1863 1410 1933 p0pulum
1443 1862 1778 1916 sermonibus
1806 1852 1855 1912 B

205 1962 556 2032 amplissimas
584 1960 824 2029 reperire
855 1958 997 2012 licet.
1032 1957 1084 2010 In
1117 1956 1308 2024 quibus
1337 1952 1695 2007 iantaculandis
1725 1960 1779 2005 et

208 2053 580 2123 repurgandis.
604 2054 647 2106 si
679 2066 785 2105 non
831 2049 972 2116 quod
1016 2039 1157 2100 imlui
1183 2046 1428 2114 prmstiti,
1463 2054 1608 2099 certe
1638 2042 1779 2113 quod

216 2145 368 2211 potui.
399 2143 546 2198 Nihil
586 2143 729 2197 enim
762 2140 899 2195 adeo
925 2140 1083 2192 unius
1112 2137 1336 2205 alicujus
1380 2149 1539 2203 opera
1562 2134 1781 2188 absolu-

223 2244 319 2288 tum
343 2233 490 2289 reddi
520 2242 698 2299 queat,
754 2241 812 2285 ut
856 2245 961 2284 non
992 2229 1060 2283 sit
1091 2227 1232 2296 quod
1286 2226 1337 2281 in
1368 2241 1435 2280 eo
1473 2224 1780 2280 desiderare

218 2328 375 2389 liceat,
403 2324 541 2393 quod
594 2322 806 2393 egregie
859 2329 1117 2389 expertus
1164 2328 1245 2373 est
1300 2327 1483 2373 uoster
1532 2315 1777 2385 Lypsius,

212 2419 349 2486 cujus
375 2416 716 2472 incredibiles
758 2413 1002 2475 sudores,
1050 2426 1225 2480 neque
1249 2423 1480 2477 unquam
1512 2407 1781 2461 mstiman-

208 2510 285 2564 ds:
311 2508 524 2578 vigilite,
556 2522 687 2576 quas
712 2506 763 2559 in
816 2504 1111 2573 Augustino
1144 2500 1481 2557 emendando
1536 2498 1777 2569 pertulit,

205 2600 413 2656 abunde
456 2599 586 2653 mihi
632 2597 922 2668 exploratae
967 2604 1123 2659 sunt;
1156 2603 1212 2647 ut
1240 2606 1533 2661 perpaucos
1579 2590 1781 2644 futuros

205 2695 529 2757 existimem,
558 2705 694 2761 quos
726 2690 826 2744 hac
851 2688 920 2744 de
949 2703 1007 2741 re
1039 2688 1187 2755 plura
1219 2684 1402 2739 dicere
1423 2682 1695 2753 gestienti,
1722 2682 1783 2735 li-

202 2784 325 2843 dem
368 2783 644 2839 habituros
685 2780 926 2845 credam,
962 2779 1069 2832 nisi
1099 2779 1209 2831 suis
1236 2776 1337 2844 ipsi
1362 2774 1528 2829 oculis
1573 2788 1779 2827 mecum

206 2890 329 2939 una,
354 2873 479 2943 quid
504 2874 547 2926 is
566 2871 893 2940 praestiterit,
917 2867 1207 2938 periculum
1232 2866 1504 2920 fecissent.
1530 2863 1584 2917 ld
1604 2874 1781 2919 autem

203 2968 309 3043 iam
351 2964 482 3018 mihi
540 2966 591 3017 in
650 2972 883 3015 mentem
933 2961 1098 3027 venit,
1131 2958 1272 3026 quod
1324 2955 1612 3010 nonnullos
1663 2969 1783 3009 esse

203 3057 389 3123 sciam,
415 3055 506 3124 qui
531 3055 696 3124 ipsius
721 3054 936 3109 labores
968 3062 1219 3119 tanquam
1248 3048 1587 3117 infrugiferos
1610 3058 1664 3102 et
1689 3063 1783 3116 pa-

204 3165 319 3205 rum
360 3149 518 3203 utiles
566 3148 777 3203 elevare
828 3161 891 3200 ac
947 3147 1140 3214 passim
1184 3143 1438 3198 arrodere
1480 3153 1778 3211 creperum.

1874 581 2107 635 concilio
2138 581 2339 645 reduci,
2368 598 2489 638 cum
2514 592 2618 636 tam
2645 581 2793 635 multi
2816 582 2925 635 sint
2953 582 3037 650 qui
3068 597 3197 637 voce
3225 584 3459 651 gratula-

1875 671 2047 726 bunda
2074 673 2416 741 applaudant,
2443 689 2579 728 unus
2597 688 2698 742 ego
2722 684 2897 729 tacere
2927 674 3125 741 videar,
3158 691 3314 742 quem
3341 677 3457 729 sin-

1872 764 2039 827 gulari
2071 779 2283 832 semper
2308 764 2487 819 favore
2519 774 2827 831 prosecutus
2853 765 3070 819 videris.
3125 764 3232 819 Oro
3275 775 3455 820 autem

1877 854 2040 911 Deum
2072 855 2193 923 Opt.
2223 854 2362 909 Max.
2394 865 2449 908 ut
2472 855 2536 908 Τ.
2562 855 2707 910 R.C.
2734 866 2787 909 et
2816 856 2969 909 nobis
2998 866 3050 911 et
3071 856 3325 935 Ecclesiae
3349 872 3461 911 sua:

1878 962 2033 1011 quam
2057 946 2354 1003 diutissime
2383 957 2563 1003 servet
2593 947 2934 1011 incolumem,
2963 948 3048 1002 cui
3081 963 3165 1003 me
3193 948 3352 1002 etiam
3382 957 3463 1001 at.-

1878 1050 1981 1104 que
2004 1035 2162 1089 etiam
2188 1036 2528 1091 commendo.
2565 1037 2782 1091 Lovanii
2828 1053 2857 1091 e
2905 1048 3089 1093 nostro
3136 1038 3463 1093 monasterio

1878 1125 2210 1192 Martiniano,
2240 1141 2380 1181 anno
2409 1128 2596 1182 salutis
2629 1128 2791 1192 156/»,
2827 1145 3011 1184 mense
3040 1130 3256 1185 Martio.

1879 1258 2019 1314 JAC.
2060 1260 2377 1315 SIRMONDI
2418 1261 2477 1316 s.
2520 1261 2569 1315 J.
2604 1261 3032 1317 pnesevrutu
3072 1224 3462 1334 ipsarum

1881 1388 1947 1424 AD
1993 1386 2040 1424 S.
2071 1388 2282 1426 AURELII
2329 1387 2609 1428 Αυουετικι
2650 1390 2919 1429 SERMONES
2946 1391 3109 1430 NOVOS
3132 1393 3341 1431 NUMERO
3370 1394 3458 1456 κιρ,

1952 1458 2019 1495 EX
2076 1459 2309 1498 DIVERSIS
2364 1460 2603 1507 ANTIQUIS
2671 1461 3069 1500 EXEMPLARIBUS
3124 1463 3459 1515 COLLECTOS,

1954 1527 2179 1566 EIUSDEM
2233 1529 2475 1569 SIRMONDI
2539 1531 2730 1569 S'I'UDIO
2786 1533 2852 1569 ET
2899 1532 3105 1579 OPERA,
3166 1534 3460 1580 EDITOSQUE

1952 1598 2339 1709 PABlSlllzsAiPUD
2377 1602 2589 1640 SEBAST.
2624 1602 2899 1654 εΒΑωοιεΥ,
2922 1604 3009 1642 VIA
3026 1604 3162 1655 JAC.,
3191 1604 3285 1644 SUB
3311 1604 3461 1645 ωρο-

1953 1666 2074 1709 Νιιε.
2258 1694 2269 1707 .

1953 1666 2074 1718 sus,
2121 1666 2269 1709 lost.

2561 1724 2787 1780 Lectori.

1952 1839 2130 1894 Sancti
2159 1842 2435 1910 Augustini
2469 1858 2750 1897 sermones
2779 1844 2867 1912 qui
2906 1844 3161 1899 hactenus
3194 1845 3460 1911 latuerint,

1882 1932 2099 1999 reperiri
2130 1948 2294 1986 novos
2319 1948 2474 2000 posse
2504 1950 2608 1989 non
2640 1935 2939 1999 mirabitur,
2957 1936 3045 2006 qui
3076 1936 3143 1990 ab
3171 1937 3463 2005 Augustino

1882 2021 2015 2088 ipso,
2048 2036 2077 2074 a
2109 2023 2371 2084 Possidio,
2405 2038 2435 2076 a
2462 2022 2673 2078 Victore
2706 2024 2930 2086 Vitensi,
2955 2036 3009 2080 et
3034 2025 3174 2095 aliis,
3206 2027 3463 2086 inlinitam

1880 2113 1993 2179 ejus
2021 2121 2335 2166 tractatuum
2367 2113 2811 2183 homiliarumque
2842 2116 3237 2170 multitudinem
3269 2116 3460 2183 prmdi-

1881 2204 1990 2257 cari
2011 2207 2328 2259 meminerit.
2355 2207 2411 2260 in
2445 2207 2525 2260 his
2552 2222 2702 2273 vero,
2736 2223 2870 2278 quos
2922 2210 3112 2262 damus
3166 2208 3219 2261 iu
3268 2210 3464 2274 lucem,

1882 2305 1939 2349 ut
1966 2299 2241 2365 Augustini
2265 2341 2278 2364 ,
2305 2300 2443 2369 quod
2473 2301 2773 2368 proximum
2797 2311 2931 2366 erat,
2968 2317 3073 2354 non
3100 2300 3287 2354 falsum
3306 2301 3465 2356 fuisse

1882 2388 2091 2442 titulum
2120 2403 2485 2454 censeremus,
2515 2390 2865 2456 confirmavit,
2896 2378 3085 2460 partim
3116 2391 3467 2445 vetustissimi

1882 2488 1933 2534 et
1964 2479 2319 2548 probatissimi
2353 2482 2680 2549 exemplaris
2714 2482 2764 2534 in
2797 2483 2998 2536 cortice
3048 2481 3233 2550 scripti
3288 2491 3468 2534 aucto-

1883 2572 2034 2637 ritas,
2067 2571 2259 2639 partim
2315 2571 2537 2625 Possidii
2593 2571 2830 2638 ejusdem
2888 2573 3144 2642 episcopi,
3206 2582 3260 2626 et
3314 2572 3468 2628 Beda:

1888 2664 2209 2735 presbyteri,
2242 2664 2524 2734 pleresque
2545 2681 2607 2719 ex
2634 2664 2698 2719 iis
2723 2665 3046 2719 laudantium
3083 2665 3467 2733 prmjudicium,

1884 2758 2038 2826 cujus
2066 2758 2121 2812 in
2152 2758 2439 2813 censendis
2470 2758 2940 2828 approbandisque
2971 2757 3254 2824 Augustini
3298 2756 3468 2825 operi~

1886 2851 1983 2904 bus
2011 2852 2115 2903 vim
2143 2865 2263 2905 esse
2294 2852 2602 2915 maximam,
2630 2865 2734 2903 non
2764 2854 2876 2904 e'rat
2906 2849 3230 2916 ambiguum.
3275 2852 3467 2902 Acces-

1885 2945 1954 2997 sit
1981 2952 2035 2998 et
2063 2944 2280 2998 Roherti
2308 2943 2374 2997 de
2402 2944 2612 3007 Bardis,
2642 2943 2947 2997 cancellarii
2972 2928 3098 2995 olim
3129 2942 3465 3006 Parisiensis,

1887 3048 1990 3087 non
2022 3033 2449 3101 antiquissimum
2481 3035 2720 3101 quidem,
2751 3034 2845 3087 sed
2870 3033 3088 3087 minime
3120 3043 3467 3086 contemnen-

1885 3124 2011 3178 dum
2042 3124 2347 3192 suffragium
2374 3140 2388 3189 ;
2420 3124 2507 3193 qui
2539 3125 2691 3178 annis
2740 3123 2808 3176 ab
2838 3124 2961 3176 hinc
3003 3123 3255 3176 trecentis
3286 3120 3463 3174 Colle-

201 3242 342 3307 Quos
370 3242 471 3295 hoc
500 3256 664 3295 unum
684 3247 867 3294 oratos
890 3239 1071 3304 velim,
1102 3247 1157 3291 ut
1179 3236 1431 3293 candoris
1458 3246 1513 3291 et
1538 3235 1776 3289 humanae

1888 3216 2096 3269 ctoriam
2124 3226 2411 3269 scrntunum
2438 3216 2600 3267 sanati
2648 3216 2937 3287 Augustini,
2971 3214 3047 3267 sic
3095 3213 3235 3267 enim
3284 3212 3467 3280 appel-

202 3333 581 3389 imbecillitatis
636 3333 896 3387 rationem
952 3330 1202 3397 habeant,
1260 3342 1434 3396 neque
1487 3325 1688 3388 omnia,
1735 3325 1783 3379 si

202 3427 390 3481 alicubi
416 3426 553 3481 forte
577 3425 663 3479 vel
701 3425 1049 3479 dormitatum
1080 3424 1162 3477 vel
1190 3431 1457 3476 cessatum
1490 3421 1780 3487 sit,statim

205 3519 496 3577 damnanda
521 3517 773 3587 judicent.
810 3517 949 3570 Dura
1002 3516 1141 3570 enim
1180 3513 1447 3581 imprimis
1487 3522 1571 3567 est
1624 3511 1783 3567 casti-

207 3608 491 3676 gandorum
550 3608 802 3661 librorum
851 3605 1145 3675 provincia,
1187 3619 1372 3673 parum
1434 3602 1779 3666 amoenitatis,

212 3699 484 3766 plurimum
515 3713 645 3755 vero
672 3698 1037 3754 molestiarum
1069 3710 1250 3751 secum
1278 3695 1499 3749 trahens
1525 3711 1537 3745 :
1568 3694 1782 3762 potissi-

212 3805 344 3844 mum
385 3790 471 3846 ubi
514 3804 656 3859 saepe
682 3788 926 3845 codicum
952 3787 1205 3842 subsidiis
1252 3786 1562 3857 destitutus,
1610 3784 1777 3837 solam

212 3881 393 3936 habeas
423 3882 805 3937 divinationem
840 3897 855 3934 :
883 3893 989 3949 qua
1012 3888 1282 3946 utcunque
1313 3892 1342 3929 c
1370 3874 1688 3946 labyrinthis
1718 3889 1781 3928 ac

212 3975 430 4029 tenebris
458 3971 677 4027 eluctari
708 3986 893 4041 queas,
946 3968 1162 4024 difﬁcile
1190 3967 1240 4022 id
1269 3966 1430 4022 fuerit
1460 3966 1780 4030 persuadere

212 4065 269 4117 iis
288 4067 369 4131 qui
403 4065 452 4119 in
477 4067 616 4119 hanc
634 4078 851 4119 arenam
886 4076 1156 4129 nunquam
1184 4059 1579 4115 descenderunt
1604 4076 1615 4109 :
1648 4074 1778 4126 quo-

210 4168 319 4208 rum
344 4168 473 4209 sane
503 4153 605 4209 hoc
631 4161 714 4207 est
741 4152 806 4206 ad
836 4150 1160 4221 carpendum
1202 4149 1447 4203 voluntas
1472 4147 1775 4217 proclivior,

210 4260 308 4312 quo
330 4244 495 4315 magis
521 4244 575 4299 id
620 4245 867 4300 nesciunt
891 4242 1031 4311 quod
1062 4240 1477 4295 calumniantur.
1510 4240 1604 4293 His
1641 4240 1779 4292 adde

207 4339 340 4407 quod
361 4338 600 4409 quamvis
628 4337 1064 4393 accuratissimus
1093 4333 1319 4404 quisque
1345 4346 1412 4386 eo
1444 4332 1567 4385 lotis
1600 4331 1777 4385 nervis

205 4430 484 4495 incumbat,
517 4440 572 4485 ut
601 4438 788 4485 auctor
836 4428 1027 4496 aliquis
1071 4440 1229 4496 quam
1254 4423 1692 4492 castigatissimus
1724 4426 1774 4475 in

205 4524 368 4581 lucem
395 4535 570 4589 exeat,
599 4524 734 4579 adeo
762 4524 814 4577 id
838 4523 916 4577 illi
952 4521 1154 4576 incuria
1188 4535 1473 4589 operarum
1520 4526 1579 4573 et
1610 4519 1775 4589 negli-

1887 3308 2033 3371 Iavit,
2065 3306 2323 3376 singulari
2354 3306 2528 3360 studio
2574 3317 2627 3360 et
2670 3303 2927 3360 industria
2970 3303 3224 3366 condidit,
3248 3302 3467 3355 univer-

1886 3416 2083 3468 sosque
2134 3414 2228 3468 pro
2276 3399 2484 3453 diversa
2544 3399 2750 3452 ratione
2796 3398 3117 3467 argumenti,
3146 3396 3383 3464 quinque
3414 3393 3468 3448 in

1886 3502 2063 3562 partes
2108 3499 2360 3560 tanquam
2408 3491 2459 3543 in
2506 3490 2707 3543 classes
2756 3488 3042 3542 distribuit.
3087 3487 3250 3554 Cujus
3291 3488 3469 3556 operi:

1884 3600 2004 3638 cum
2037 3594 2213 3654 partes
2243 3583 2373 3637 duas
2401 3584 2601 3651 priores
2624 3583 2673 3635 in
2710 3581 3032 3635 Bibliotheca
3064 3580 3248 3650 Regia,
3279 3580 3458 3649 singu-

1884 3676 2055 3729 larum
2108 3674 2301 3729 deinde
2340 3676 2575 3727 omnium
2607 3673 2837 3727 iudicem
2880 3673 3034 3727 amici
3078 3688 3241 3741 opera
3283 3682 3468 3726 nactus

1885 3783 2084 3832 essem,
2118 3783 2182 3821 ex
2209 3767 2529 3821 caucellaria
2562 3765 2870 3830 Parisiensi,
2918 3766 3211 3834 gratulatus
3254 3780 3371 3818 sum
3401 3763 3466 3817 ab

1885 3870 2121 3926 auctore,
2179 3860 2459 3928 perpaucis
2497 3858 2755 3928 exceptis,
2814 3859 2903 3927 qui
2961 3858 3012 3911 in
3070 3857 3186 3925 ejus
3242 3856 3466 3909 fortasse

1883 3969 2073 4007 manus
2104 3969 2206 4007 non
2242 3964 2615 4023 pervenerant,
2656 3962 2867 4006 nostros
2897 3966 3085 4006 omnes
3116 3953 3167 4005 in
3210 3950 3462 4019 Augusti-

1885 4043 2054 4097 nianis
2080 4044 2196 4098 sine
2225 4044 2591 4097 controversia
2618 4043 2907 4097 numerari.
2936 4042 3070 4098 Tute
3097 4058 3243 4108 vero,
3274 4042 3458 4107 lector,

1884 4146 1938 4188 ut
1968 4135 2053 4187 alii
2104 4134 2311 4203 judices
2339 4150 2444 4188 non
2472 4137 2604 4199 sint,
2640 4135 2921 4203 Augustini
2954 4133 3166 4204 genium
3201 4143 3254 4188 et
3286 4135 3465 4187 facun-

1884 4231 2023 4284 diam
2048 4230 2134 4283 hic
2161 4231 2339 4284 statim
2385 4244 2662 4299 agnosces.
2711 4228 2949 4298 Cumque
2998 4230 3296 4284 suavissimi
3343 4243 3464 4281 san-

1882 4323 2212 4391 ctissimique
2239 4322 2496 4376 Ecclesiae
2541 4321 2778 4392 magistri
2823 4323 2997 4375 omnia
3034 4322 3245 4389 plurimi
3292 4320 3464 4374 facere

1881 4414 2073 4468 merito
2103 4414 2297 4477 soleas,
2331 4413 2434 4467 erit
2464 4421 2666 4480 tamen,
2700 4415 2749 4468 ni
2783 4414 2956 4482 fallor,
2990 4415 3129 4483 quod
3160 4415 3210 4467 in
3235 4413 3319 4467 his
3352 4428 3464 4467 ser-

1882 4507 2127 4560 monibus
2150 4506 2417 4575 praecipue
2448 4507 2698 4574 delectet,
2721 4522 2841 4561 cum
2869 4508 2933 4560 ad
2965 4515 3185 4561 caeteras
3213 4507 3464 4560 utilitates

205 4620 373 4685 gentia
400 4628 657 4685 praestare
684 4617 949 4684 integrum
1000 4628 1107 4668 non
1155 4612 1244 4676 sit,
1297 4622 1356 4668 ut
1405 4611 1563 4665 etiam
1596 4610 1776 4678 plures

1888 4597 2327 4651 animadverteris
2370 4612 2475 4650 non
2521 4613 2688 4666 pauca
2744 4598 3019 4652 continere
3074 4613 3191 4666 qua:
3242 4598 3306 4650 ad
3339 4597 3464 4649 ἰΙΙιι-

203 4709 481 4779 aliquando
510 4710 753 4773 maculas,
788 4710 920 4778 ipsis
946 4716 1038 4762 aut
1060 4705 1426 4761 nescientibus
1456 4715 1546 4757 aut
1577 4714 1777 4757 temere

200 4802 410 4871 quidvis
436 4801 863 4864 immutantibus,
892 4798 1194 4868 irrepsisse,
1223 4812 1380 4866 quam
1404 4795 1656 4849 radicitus
1683 4810 1776 4849 cx-

201 4894 436 4964 stirpatte
449 4909 570 4953 esse
584 4893 1005 4961 comperiantur.
1035 4892 1206 4959 Atque
1236 4889 1360 4942 hinc
1383 4887 1495 4942 ﬁeri
1518 4886 1773 4949 arbitror,

200 4996 252 5039 ut
278 5000 659 5055 nonnunquam
702 4983 849 5052 prior
896 4982 1066 5037 editio
1117 4978 1402 5048 posteriori
1432 4977 1591 5031 etiam
1638 4975 1779 5029 labo.

196 5080 502 5134 riosissimze
537 5093 566 5131 a
622 5076 909 5133 morosulis
954 5074 1224 5144 plerisque
1280 5070 1518 5141 praeferri
1564 5070 1771 5124 soleat:

192 5171 415 5238 quodet
442 5170 640 5242 Lypsio
691 5169 945 5236 obtigisse
984 5164 1198 5237 quidam
1244 5178 1434 5231 magna
1479 5176 1610 5217 voce
1660 5170 1772 5215 sto-

196 5261 547 5317 machabuudi
596 5261 914 5330 quiritantur
959 5276 973 5313 :
1023 5271 1086 5311 ac
1113 5271 1181 5311 ne
1210 5254 1340 5308 mihi
1369 5253 1580 5308 eveniat
1623 5266 1771 5306 sum-

196 5366 416 5422 mopere
450 5350 796 5413 metuendum
821 5349 1091 5410 existimo,
1140 5346 1264 5399 dum
1297 5344 1416 5399 aliis
1470 5342 1773 5411 frequenter

192 5443 451 5501 distracto
497 5444 692 5500 adesse
720 5442 884 5513 prmlo
921 5457 1028 5495 non
1069 5440 1236 5493 licuit.
1289 5437 1538 5492 Nostrum
1592 5436 1769 5515 itaque

194 5549 443 5595 conatum
486 5554 551 5595 ac
598 5538 1024 5607 qualemcunque
1071 5533 1305 5587 laborem
1353 5531 1478 5586 boni
1525 5530 1765 5594 consule,

194 5633 393 5698 pracsul
415 5632 772 5694 ornatissime,
793 5629 879 5683 cui
902 5627 1195 5682 studiorum
1224 5638 1462 5678 meorum
1485 5622 1767 5685 rationem,

195 5722 339 5787 quod
360 5724 423 5777 ad
456 5738 517 5779 ea
547 5720 912 5789 amplectenda
963 5732 1175 5788 semper
1205 5716 1331 5769 mihi
1380 5723 1565 5769 auctor
1586 5714 1769 5776 fueris;

196 5814 517 5870 reddendam
546 5814 723 5886 putavi
752 5831 765 5867 :
791 5812 1083 5883 praesertim
1109 5825 1175 5867 uc
1201 5808 1265 5863 T.
1304 5808 1365 5867 C.
1399 5817 1452 5865 et
1480 5807 1545 5863 ad
1569 5816 1773 5862 tantum

1880 4676 2150 4743 strandam
2186 4690 2397 4742 illorum
2425 4698 2721 4758 temporum
2746 4689 3058 4744 memoriam
3084 4689 3463 4755 historiamque

1882 4781 2201 4835 conducant.
2247 4782 2377 4849 Qum
2431 4798 2529 4836 nos
2584 4781 2764 4836 itidem
2825 4796 2983 4835 causa
3036 4781 3297 4848 permovit
3323 4790 3379 4833 ut
3410 4782 3461 4833 in

1883 4874 2023 4928 hunc
2053 4874 2317 4939 libellum,
2363 4890 2468 4943 quo
2515 4875 2617 4928 frui
2667 4875 2916 4928 omnibus
2960 4873 3156 4943 possis,
3185 4889 3461 4928 sermones

1882 4965 2040 5019 etiam
2079 4965 2196 5017 illos
2226 4965 2611 5027 conferremus,
2642 4967 2729 5033 qui
2764 4976 3029 5034 postrema
3058 4964 3292 5019 editione
3317 4966 3462 5018 Pari-

1884 5061 2043 5114 siensi
2063 5061 2259 5115 anobis
2288 5063 2547 5129 expressi,
2567 5061 2658 5115 sed
2684 5070 2876 5130 praeter
2906 5069 3083 5114 votum
3101 5071 3338 5115 nostrum
3370 5079 3461 5115 ex-

1880 5151 1991 5205 cusi
2024 5152 2250 5216 fuerant,
2280 5169 2381 5206 una
2414 5168 2533 5207 cum
2568 5152 2878 5222 fragmentis
2900 5152 3099 5205 Nicolai
3125 5152 3315 5206 Fabri:
3343 5170 3460 5222 quae

1879 5251 1933 5295 et
1959 5243 2092 5310 ipsa,
2116 5243 2387 5310 hucusque
2418 5258 2604 5296 manca
2627 5254 2679 5296 et
2711 5243 2905 5307 lacera,
2928 5258 3068 5295 nunc
3099 5244 3306 5298 tandem
3332 5246 3461 5298 alio-

1879 5347 1992 5385 rum
2028 5348 2128 5400 ope
2156 5332 2398 5386 codicum
2433 5334 2707 5400 piistiuam
2739 5331 2802 5384 ad
2845 5332 3077 5396 Speciem
3128 5344 3181 5387 et
3232 5335 3459 5389 nitorem

1876 5423 2221 5491 explevimus.
2274 5423 2472 5476 Fruere
2500 5422 2659 5489 igitur
2693 5421 2939 5487 feliciter,
2973 5433 3025 5475 et
3074 5424 3209 5479 vale.

2349 5532 2992 5588 ANIMADVERSIONES

2485 5639 2535 5676 IN
2564 5638 2852 5678 SEBHONES.

1947 5714 2205 5769 Sermone
2237 5714 2285 5770 i.
2320 5712 2490 5768 Class.
2524 5717 2573 5779 l,
2606 5714 2712 5784 θῇ.
2751 5715 2886 5781 Quid
2927 5716 3059 5767 enim
3089 5717 3274 5768 dicturi
3320 5726 3453 5778 sunt,

1876 5824 1987 5863 cum
2010 5808 2175 5876 ipsum
2198 5806 2504 5878 principium
2533 5807 2751 5878 (Cenes.
2787 5823 2823 5875 ι,
2852 5806 2927 5878 1.)
2958 5805 3156 5861 Filium
3211 5805 3305 5862 Dei
3350 5822 3454 5861 esse
