3954 6364
568 325 701 384 585

1472 323 2031 383 SUPPLEMENTUM
2076 325 2167 381 AD
2204 323 2435 380 OPERA
2474 327 2531 381 S.
2574 326 2965 385 AUGUSTINI.
3676 339 3743 395 δα

598 442 925 511 respondero,
956 442 1010 494 in
1037 456 1136 510 quo
1166 438 1329 492 Deum
1352 438 1530 505 {ecisse
1554 440 1733 493 caelum
1765 449 1811 493 et
1848 448 2035 494 terram
2079 436 2178 490 (ἱε-
2204 438 2258 497 Λ
2281 420 2512 493 custodes
2535 438 2786 493 librorum
2806 436 3137 508 nostrorum]
3170 434 3239 490 Ca
3250 438 3438 506 psarios
3460 442 3567 499 alibi
3595 446 3748 510 ludam

598 533 731 587 nesis
762 532 1019 600 loquitur?
1041 528 1170 600 etc.]
1196 529 1373 585 Utitur
1401 540 1584 598 postea
1613 530 1678 584 ad
1709 531 1809 584 hoc
1835 529 2170 599 probandum

596 623 751 678 Joan.
778 639 889 687 vus,
916 622 1004 686 25,
1041 621 1180 690 quod
1217 620 1609 676 conlutavimus
1641 622 1691 675 in
1739 620 2173 676 Animadversio-

596 715 752 770 nibus
768 715 830 769 ad
866 725 992 769 tom.
1026 714 1117 780 III,
1147 714 1213 770 de
1242 715 1688 783 explicationibus
1715 718 2028 786 Scriptum,
2052 734 2173 788 quas

596 809 806 863 suntin
852 809 997 863 hisce
1026 808 1383 873 sermonibus,
1433 808 1573 864 idem
1616 810 1953 865 sentiendum
1992 824 2055 865 ac
2106 811 2173 866 de

594 902 924 956 Psalmorum
976 902 1524 969 interpretationibus.
1570 903 1869 972 Cmteroqui
1909 914 2033 958 sunt
2085 904 2172 959 hic

594 1006 804 1060 quoque
851 993 992 1046 varia
1038 993 1358 1062 dogmatica,
1392 994 1615 1048 moralia
1643 1005 1696 1049 et
1739 994 2022 1059 historica;
2056 1011 2174 1065 qua:

594 1098 699 1137 non
727 1085 842 1138 sine
874 1084 1045 1139 fructu
1073 1086 1288 1153 excerpi
1343 1096 1565 1155 possunt
1608 1086 1677 1141 ab
1716 1088 2020 1143 hominibus
2063 1090 2173 1144 otio

594 1174 1006 1242 abundantibus,
1053 1188 1210 1247 atque
1242 1177 1293 1231 in
1318 1192 1468 1231 usum
1500 1194 1651 1232 suum
1675 1182 1935 1237 converti.

672 1266 933 1322 Sermone
954 1268 1008 1320 Ξ.
1036 1268 1111 1322 De
1134 1268 1425 1323 tentatione
1445 1269 1761 1336 Abrahami,
1784 1270 1811 1340 §
1834 1272 1886 1326 5.
1912 1272 2052 1343 Ergo
2078 1275 2175 1327 im-

561 1374 576 1389 ·
597 1358 736 1427 pleta
786 1359 1064 1413 Abrahami
1114 1362 1388 1415 deuotionis
1432 1361 1717 1416 obedientia
1742 1404 1756 1427 ,
1784 1366 1928 1417 audit
1960 1382 1992 1418 a
2026 1366 2131 1421 Deo
2154 1385 2174 1422 :

597 1449 748 1505 Nunc
769 1453 991 1520 cognovi
1036 1453 1284 1521 quoniam
1315 1463 1372 1507 tu
1415 1455 1568 1509 times
1606 1455 1792 1511 Deum.
1821 1458 1971 1524 Quod
2001 1460 2072 1513 ita
2095 1463 2176 1514 in-

594 1542 859 1614 telligitur,
884 1544 1020 1613 quod
1051 1543 1309 1597 Abraham
1333 1546 1503 1613 fecerit
1528 1546 1661 1599 Deus
1692 1556 1746 1601 ut
1767 1548 1863 1602 sibi
1892 1550 2175 1604 innotesce-

596 1630 715 1703 ret.]
744 1633 920 1703 Itaque
952 1637 1073 1700 hoc,
1108 1651 1171 1689 ex
1194 1637 1457 1690 sententia
1479 1639 1783 1706 Augustini,
1813 1640 1974 1695 vellet
1997 1642 2170 1697 Deus:

597 1746 737 1785 nunc
767 1731 865 1785 feci
896 1743 953 1786 ut
984 1734 1096 1800 ipse
1140 1748 1492 1803 cognosceres
1523 1744 1573 1788 te
1605 1736 1791 1791 timere
1836 1738 2024 1792 Deum.
2068 1738 2174 1794 Sed

2277 540 2431 585 vocat
2464 539 2520 585 et
2544 530 2793 585 librarios
2821 529 3262 584 Christianorum.
3297 528 3525 587 Tractatu
3550 535 3593 590 in
3613 544 3749 606 psalm.

2277 640 2382 679 xu:
2419 622 2593 695 Major
2614 626 2797 677 serviet
2830 623 3015 675 minori
3036 623 3187 675 modo
3218 622 3468 691 impletum
3494 637 3592 693 est;
3616 636 3751 705 modo,

2277 717 2485 784 fratres,
2520 716 2743 769 serviunt
2766 713 2957 769 Judaei.
2987 713 3251 784 Tanquam
3280 719 3482 785 capsarii
3508 724 3639 775 nostri
3655 737 3752 783 sunt.

2280 806 2611 863 Studentibus
2643 805 2807 872 nobis,
2837 807 3035 860 radices
3074 817 3296 876 portant.
3323 806 3387 861 Et
3414 809 3461 861 in
3493 811 3649 877 psalm.
3671 832 3754 871 va:

2276 898 2512 954 Codicem
2542 911 2710 969 portat
2736 899 2951 953 Judazus
2971 942 2985 964 ,
3015 900 3146 953 unde
3185 900 3351 953 credat
3384 901 3675 959 Christianus.
3701 909 3759 962 Li.

2278 990 2433 1045 brarii
2463 994 2620 1045 nostri
2646 992 2769 1061 facti
2799 1002 2938 1045 sunt.
2968 991 3235 1057 Quomodo
3261 991 3419 1046 solent
3453 997 3567 1048 serui
3584 1009 3673 1067 post
3693 1002 3758 1055 (lo-

2276 1085 2439 1137 minos
2469 1083 2666 1138 codices
2695 1086 2845 1154 ferre,
2890 1094 2943 1137 ut
2973 1084 3054 1138 illi
3083 1085 3336 1153 portando
3374 1084 3607 1157 deﬁciant,
3626 1091 3687 1143 illi
3715 1096 3761 1147 le-

2276 1178 2440 1247 gendo
2475 1179 2767 1247 proﬁciant.
2797 1176 3117 1231 Sttusounus.

2351 1267 2378 1337 §
2410 1269 2462 1322 7.
2488 1267 2720 1321 Tractaui
2745 1268 2863 1322 inde
2882 1266 3206 1338 aliquando.]
3240 1264 3537 1323 Sermonem
3564 1271 3701 1325 innuit
3717 1289 3763 1327 ex

2279 1358 2361 1414 his
2392 1361 2591 1415 nostris
2633 1361 2693 1414 l7
2726 1359 3000 1427 (editionis
3029 1359 3287 1413 Parisinus
3333 1359 3487 1429 2M),
3525 1362 3604 1431 qui
3635 1366 3767 1420 estde
3860 1358 3873 1447 ξ

2276 1451 2454 1505 verbis
2479 1450 2750 1521 Evangelii
2776 1469 2789 1504 :
2824 1449 2952 1504 Noli
2975 1467 3053 1504 me
3073 1460 3298 1520 tangere.
3324 1449 3465 1505 locis.

2348 1542 2611 1599 Sermone
2627 1546 2680 1611 6,
2716 1544 2743 1614 §
2774 1543 2827 1595 2.
2852 1543 3098 1599 Ostendit
3125 1546 3289 1597 Deum
3320 1558 3409 1612 per
3435 1545 3630 1613 angelos
3653 1561 3767 1616 appa-

2278 1636 2470 1700 ruisse,
2501 1652 2601 1705 qua
2631 1637 2684 1690 in
2713 1650 2772 1690 re
2801 1635 2972 1690 multo
3015 1636 3203 1690 melius
3234 1636 3567 1691 ratiocinatur
3594 1654 3718 1705 quam
3736 1644 3767 1699 in

2240 1756 2249 1769 ι
2280 1728 2541 1791 superiori
2572 1728 2946 1797 explicatione.
2976 1729 3157 1798 Itaque
3183 1744 3303 1784 eum
3338 1730 3507 1797 paucis
3530 1731 3767 1788 audiamus:

592 1832 834 1877 contorta
868 1824 1019 1890 plane
1051 1825 1163 1879 haec
1191 1836 1273 1879 est
1295 1825 1681 1893 interpretatio,
1713 1837 1767 1883 et
1788 1846 1889 1898 qua
1916 1830 2169 1896 admissa,
2205 1816 2252 1877 Β
2282 1820 2548 1884 Ωιιοηιοάο
2578 1836 2695 1890 "9°
2723 1818 2944 1874 νενίηιηι
2976 1820 3089 1888 θεῖν
3112 1820 3168 1873 id
3196 1830 3289 1884 m-
3321 1819 3487 1875 Filii“
3518 1821 3622 1886 θείν
3646 1834 3691 1877 ιιι
3715 1844 3767 1894 αρ-

594 1930 701 1969 non
736 1915 973 1987 intelligo
1004 1932 1119 1986 quae
1150 1918 1272 1984 alia,
1300 1917 1440 1987 quod
1472 1918 1605 1973 dura
1646 1920 1713 1973 sit
1757 1931 1812 1975 et
1836 1932 2045 1989 coacta,
2072 1939 2169 1993 po-

591 2006 715 2059 terit
737 2006 906 2075 rejici.
935 2006 1228 2061 Audiamus
1260 2018 1434 2063 tamen
1454 2010 1807 2078 Augustinum
1840 2014 2170 2083 exemplum,

600 2109 656 2153 ut
683 2100 782 2167 ipsi
805 2100 1016 2169 quidem
1048 2101 1273 2165 videtur,
1309 2102 1485 2156 simile
1507 2119 1570 2157 ex
1603 2103 1875 2172 Scriptura
1901 2106 2173 2174 proferen-

594 2204 718 2248 lem.
759 2195 921 2260 Sicut,
955 2198 1143 2267 inquit,
1168 2199 1370 2268 quando
1402 2201 1623 2265 loquitur
1643 2200 1913 2271 propheta,
1944 2206 2067 2270 quid
2092 2207 2172 2259 di-

594 2290 754 2340 cimus
772 2288 937 2343 ?dixit
963 2290 1121 2355 Deus,
1150 2289 1303 2360 plane
1330 2292 1564 2349 dicimus.
1594 2291 1825 2347 Dicimus
1842 2295 2173 2359 etiam,dixit

596 2379 893 2448 propheta,
937 2391 987 2435 et
1035 2390 1301 2451 utrumque
1345 2392 1477 2437 recte
1523 2384 1781 2451 dicimus,
1827 2396 1931 2440 etc.
1974 2386 2169 2443 Verum

593 2470 805 2539 quando
825 2470 1081 2526 dicimus:
1106 2472 1236 2526 dixit
1268 2472 1425 2539 Deus,
1454 2474 1800 2544 intelligimus
1830 2493 1922 2544 per
1944 2481 2174 2549 prophe-

593 2570 721 2627 tam,
752 2564 793 2616 si
822 2563 945 2631 quid
975 2580 1037 2618 ex
1063 2566 1441 2634 prophetarum
1459 2566 1611 2621 libris
1635 2582 1664 2620 a
1692 2568 1845 2623 nobis
1868 2569 2166 2638 profertur:

592 2664 648 2707 ut
672 2654 829 2707 etiam
857 2670 977 2708 cum
996 2654 1063 2709 de
1083 2655 1267 2709 iisdem
1290 2658 1465 2710 verbis
1480 2644 1727 2726 dicimus,
1754 2660 1883 2713 dixit
1898 2661 2168 2732 propheta,

592 2743 934 2813 intelligimus
951 2746 1102 2815 jussu
1128 2756 1219 2800 aut
1241 2749 1455 2802 nomine
1479 2748 1591 2811 Dei,
1620 2764 1714 2818 per
1734 2765 1855 2805 eum
1880 2752 2168 2821 loquentis.

592 2834 875 2901 Nimirum,
910 2852 1045 2891 unus
1077 2838 1324 2908 idemque
1364 2838 1586 2893 eﬂectus
1609 2856 1784 2895 causa:
1810 2843 2085 2913 principali
2114 2854 2169 2899 et

589 2942 765 2981 causa:
795 2930 1189 2996 instrumentali,
1212 2940 1270 2984 ut
1292 2932 1645 3002 metaphysici
1667 2933 1973 3003 loquuntur,
2004 2936 2167 2991 tribui

590 3035 740 3089 teque
770 3036 896 3075 vere
926 3030 1121 3090 potest,
1158 3025 1400 3091 quamvis
1430 3038 1534 3077 non
1575 3024 1763 3079 eodem
1792 3040 2011 3095 prorsus
2040 3042 2166 3081 sen~

588 3128 682 3175 su;
709 3127 877 3182 eaque
905 3122 986 3169 est
1011 3112 1248 3168 omnium
1282 3114 1576 3183 linguarum
1606 3118 1957 3181 consuetudo.
1983 3119 2052 3172 At
2079 3119 2165 3175 hic

2278 1921 2479 1982 pareret
2522 1912 2685 1966 oculis
2716 1928 2917 1967 carnem
2941 1914 3255 1981 assumpsit:
3293 1914 3367 1967 sic
3393 1930 3575 1981 semper
3595 1914 3723 1979 Deus,
3743 1928 3769 1969 Il

2277 2012 2549 2073 appareret
2594 2002 2755 2058 oculis
2805 2004 3069 2058 hominum
3098 2005 3152 2057 in
3195 2004 3371 2073 aliqua
3397 2015 3615 2058 creatura
3650 2006 3773 2059 risibili

2276 2111 2522 2163 apparere
2542 2096 2779 2167 dignatus
2798 2105 2887 2149 est.
2908 2095 3047 2150 Nam
3068 2097 3384 2165 apertissime
3399 2096 3543 2151 habes
3560 2097 3609 2150 in
3628 2099 3775 2152 Actibus

2275 2189 2625 2257 apostolorum
2644 2184 2797 2258 (Cap.
2815 2202 2908 2251 vn,
2927 2185 3019 2256 '50)
3040 2187 3161 2257 quia
3187 2188 3397 2258 angelus
3414 2189 3636 2257 apparuit
3660 2186 3777 2257 Moysi

2275 2280 2328 2333 in
2358 2280 2504 2334 rubo.
2530 2279 2782 2347 Nunquid
2804 2282 2899 2333 ista
2918 2280 3189 2350 Scriptura
3212 2295 3351 2344 vera,
3374 2288 3419 2333 et
3444 2280 3531 2333 illa
3553 2280 3778 2350 (Exod.m,

2274 2372 2309 2424 2
2329 2381 2383 2426 et
2408 2372 2588 2441 seqq.)
2617 2372 2751 2441 falsa
2772 2381 2873 2436 est;
2896 2380 2984 2425 aut
3010 2371 3103 2425 illa
3125 2388 3244 2425 vera
3271 2380 3317 2425 et
3334 2371 3430 2424 ista
3455 2373 3581 2441 falsa
3601 2371 3690 2424 est?
3707 2370 3779 2425 Sed

2273 2466 2396 2533 quid
2419 2466 2506 2519 ?si
2534 2463 2811 2519 Christiani
2832 2480 3027 2531 sumus,
3050 2464 3093 2518 si
3115 2463 3237 2518 bene
3256 2464 3527 2529 credimus,
3550 2462 3686 2516 amba
3702 2472 3781 2515 sunt

2272 2570 2419 2609 υενω.
2446 2555 2508 2610 Si
2531 2571 2649 2626 ergo
2676 2555 2835 2609 amba:
2868 2564 2987 2609 sunt
3014 2570 3165 2621 verae,
3193 2554 3448 2623 quomodo
3476 2553 3555 2607 hic
3574 2553 3691 2607 Deus
3722 2570 3783 2621 αρε

2272 2648 2478 2718 paruit;
2504 2647 2760 2716 quomodo
2802 2645 2872 2699 ibi
2916 2645 3125 2716 angelus
3156 2646 3352 2699 dicitur
3387 2646 3687 2715 apparuisse,
3718 2647 3783 2695 nisi

2270 2736 2393 2807 quia
2418 2736 2508 2790 ille
2549 2737 2758 2807 spiritus
2787 2736 2877 2807 qui
2902 2737 2956 2789 in
2986 2736 3194 2789 Actibus
3223 2734 3572 2806 apostolorum
3597 2734 3705 2787 dixit
3723 2746 3784 2798 αρε

2270 2827 2501 2897 paruisse
2528 2828 2795 2897 angelum,
2828 2827 3060 2898 exposuit
3087 2830 3216 2879 hanc
3257 2828 3549 2890 lectionem,
3590 2823 3784 2895 quomodo
3878 2830 3879 2897 l

2269 2919 2509 2988 apparuit
2536 2915 2694 2971 Deus.
2712 2915 2819 2971 Illa
2846 2917 3124 2971 declaratio
3146 2918 3403 2985 expositio
3427 2928 3501 2989 est
3526 2915 3785 2969 obscuritatis

2269 3010 2459 3082 hujus;
2490 3028 2552 3065 ne
2587 3009 2894 3080 intelligeres
2943 3009 3105 3062 Deum
3140 3025 3230 3079 per
3271 3010 3497 3079 seipsum
3523 3007 3784 3077 apparuisse,

2267 3102 2377 3155 illic
2403 3101 2492 3154 tibi
2520 3102 2804 3168 expositum
2829 3110 2900 3154 est
2920 3100 3352 3170 quemadmodum
3382 3100 3661 3170 apparuerit
3691 3095 3786 3149 Desii

587 3221 693 3259 non
723 3220 1004 3274 possumus
1035 3206 1213 3260 dicere
1236 3208 1459 3273 perinde
1490 3222 1609 3262 esse
1638 3223 1705 3261 an
1727 3208 1895 3272 dicas,
1930 3212 2163 3279 cognouit

2270 3208 2359 3261 per
2379 3200 2685 3256 creaturam,
2714 3193 2971 3262 angelum.
2992 3191 3081 3247 Sic
3105 3192 3229 3259 quid
3252 3192 3479 3254 miraris,
3499 3191 3610 3260 quia
3628 3189 3784 3250 dicitur,

586 3297 906 3352 Abrahamus
928 3315 979 3351 se
1010 3300 1183 3352 timere
1216 3298 1414 3362 Deum;
1461 3310 1569 3365 aut,
1601 3303 1831 3371 cognovit
1854 3301 1992 3357 Deus
2020 3320 2073 3357 se
2099 3305 2161 3357 ab

584 3388 872 3443 Abrahamo
904 3391 1085 3443 timeri.
1117 3390 1455 3446 Abrahamus
1498 3392 1641 3447 enim
1682 3393 1769 3448 hic
1819 3409 1925 3449 non
1962 3404 2046 3449 est
2074 3395 2159 3450 in-

582 3489 937 3535 strumentum
972 3498 1076 3552 quo
1103 3493 1285 3537 utatur
1314 3483 1455 3537 Deus
1484 3485 1549 3538 ad
1589 3484 1788 3555 aliquid
1837 3502 2162 3556 cognoscen-

587 3572 735 3626 dum.
771 3574 932 3642 Igitur
953 3574 1120 3628 multo
1143 3576 1309 3629 satius
1334 3584 1449 3629 erat
1474 3592 1764 3647 agnoscere
1796 3578 1879 3633 hic
1905 3580 2163 3654 ἀνθρωπο-

583 3665 792 3718 παθείαν
818 3664 933 3729 Dei,
957 3674 1046 3719 aut
1071 3666 1245 3733 angeli
1291 3680 1411 3721 sese
1450 3668 1687 3723 moribus
1711 3684 1773 3723 ac
1802 3669 2159 3726 locutionibus

584 3754 827 3810 humanis
853 3757 1279 3824 attemperantis,
1296 3774 1455 3826 quam
1482 3774 1700 3827 prorsus
1722 3760 1997 3817 dissimilia
2020 3762 2159 3817 inter

580 3859 661 3911 se,
691 3848 839 3915 quasi
867 3848 1078 3910 similia,
1115 3864 1393 3917 perperam
1426 3850 1693 3906 conferre.

646 3935 907 3993 Sermone
928 3940 982 3994 5.
1007 3938 1085 3991 De
1109 3940 1382 3993 luctatione
1410 3940 1619 4013 Jacob.]
1660 3943 1715 3997 In
1760 3943 1944 3999 codice
1976 3945 2033 4000 S.
2071 3945 2159 3999 Vi-

581 4031 740 4084 ctoris
772 4032 955 4085 titulus
997 4040 1117 4087 est;
1150 4032 1224 4084 De
1249 4034 1381 4086 lucta
1404 4032 1597 4098 Iacob;
1640 4035 1779 4102 apud
1814 4035 2110 4089 Possidium
2138 4054 2151 4089 :

581 4122 655 4175 De
684 4125 960 4175 luctatione
982 4122 1141 4176 Jacob
1163 4140 1277 4177 cum
1300 4123 1515 4194 angelis.
1560 4124 1787 4179 Secutus
1817 4142 1935 4179 sum
1966 4127 2157 4180 inscri-

582 4214 816 4281 ptionem
869 4215 1067 4269 veteris
1122 4217 1441 4283 exemplaris
1491 4216 1692 4279 nOSIri,
1734 4232 1890 4284 quam
1938 4216 2157 4272 exhibet

582 4308 738 4359 etiam
766 4306 932 4360 codex
965 4307 1302 4361 bibliothecae
1347 4306 1550 4375 Regius,
1582 4309 1626 4361 is
1655 4310 1745 4377 qui
1776 4308 2151 4363 Collectorium

580 4397 881 4451 cancellarii
914 4396 1265 4464 Parisicnsis,
1312 4398 1379 4451 de
1420 4413 1525 4467 quo
1569 4400 1818 4467 praelatus
1866 4414 2013 4460 sum,
2059 4414 2154 4467 pro

581 4500 729 4557 parte
751 4489 1011 4554 continet,
1038 4488 1417 4558 prmlixumque
1436 4489 1595 4544 habet
1611 4506 1891 4544 numerum
1915 4507 2147 4550 ccxxx".

580 4582 902 4635 Stanounus.

653 4672 679 4742 §
713 4672 764 4724 5.
793 4671 951 4725 Iussit
990 4674 1265 4738 imperator
1298 4672 1560 4727 Romanus
1595 4674 1712 4743 jam
1732 4672 2076 4739 Christianus,
2102 4686 2156 4730 ut

582 4765 644 4816 ad
672 4765 835 4834 ipsam
860 4764 1147 4817 Jerusalem
1168 4780 1269 4817 non
1288 4766 1579 4818 accederent
1603 4762 1823 4835 Judwi.J
1854 4764 2161 4819 Constanti-

581 4871 680 4909 nus
708 4856 945 4924 Magnus.
981 4854 1027 4906 Is
1049 4856 1190 4909 enim
1213 4865 1267 4908 ut
1290 4853 1873 4925 docetChrysostomus
1897 4855 2155 4911 adversus

580 4951 791 5007 Iudaeos
825 4949 1011 5003 homil.
1045 4950 1099 5014 5,
1133 4948 1367 5013 Judrens,
1404 4948 1543 5017 quod
1575 4950 1760 5004 urbem
1788 4965 1938 5003 suam
1965 4959 2152 5003 contra

580 5043 917 5099 interdictum
946 5042 1242 5097 instaurare
1266 5042 1500 5110 aggressi
1524 5054 1723 5106 essent,
1752 5042 2038 5110 amputatis
2061 5057 2157 5095 au-

580 5134 780 5198 riculis,
808 5137 943 5188 male
983 5135 1263 5189 mulctatos
1294 5133 1343 5186 in
1377 5133 1618 5187 diversas
1660 5134 1906 5201 regiones
1936 5133 2151 5200 sparsit,

581 5236 637 5281 ut
665 5228 855 5283 terrori
886 5227 1097 5280 caeteris
1122 5234 1321 5289 essent,
1351 5241 1416 5279 ne
1442 5224 1579 5279 idem
1609 5225 1660 5278 in
1692 5232 1967 5292 posterum
1990 5239 2155 5278 cona-

582 5329 784 5375 rentur.
816 5321 1133 5373 Slnuouous.
1160 5347 1226 5357 —-
1254 5317 1438 5381 Recte,
1461 5316 1715 5386 quidquid
1740 5324 1956 5370 censeat
1985 5316 2155 5371 Bene-

582 5411 831 5477 dictinus,
855 5411 945 5480 qui
976 5411 1211 5464 notulam
1243 5410 1329 5463 hic
1359 5408 1598 5473 addidit;
1640 5422 1759 5461 nam
1782 5407 1957 5461 nullus
1988 5406 2155 5477 impe-

582 5515 727 5557 rator
746 5502 1082 5556 Christianus
1109 5511 1233 5555 ante
1284 5499 1718 5553 Constantinum.
1744 5496 1895 5562 Quod
1936 5496 2004 5551 de
2031 5494 2156 5551 Phi-

582 5596 738 5665 lippis
764 5595 1015 5665 jactatnm
1044 5595 1111 5649 ab
1137 5592 1349 5657 Orosio,
1380 5599 1435 5646 et
1456 5590 1595 5656 aliis,
1624 5588 1726 5643 hoc
1750 5588 1861 5658 jam
1885 5587 1954 5641 ab
1983 5588 2153 5643 omni-

581 5690 680 5748 bus
707 5689 1003 5757 explosum.

650 5785 783 5843 Ibid.
815 5786 880 5843 Et
911 5788 1073 5859 sparsi
1103 5802 1190 5859 per
1228 5784 1399 5839 orbem
1426 5790 1673 5838 terrarum
1714 5776 1841 5847 [acti
1863 5783 1980 5832 sunt
2004 5774 2150 5842 quasi

2268 3301 2383 3338 cum
2405 3295 2615 3355 apparet
2635 3287 2865 3354 angelus,
2886 3284 3033 3338 Dixit
3050 3283 3209 3348 Deus,
3224 3293 3281 3337 et
3295 3282 3510 3337 vocabit
3527 3282 3673 3343 Deus,
3689 3279 3788 3333 etc..’

2269 3373 2402 3438 Quia
2446 3391 2548 3427 non
2582 3375 2860 3427 attenditur
2886 3374 3129 3443 templum
3157 3375 3398 3442 angelus,
3426 3374 3514 3427 sed
3539 3372 3791 3425 inhabitator

2264 3466 2454 3536 angeli.
2487 3463 2606 3535 Ipse
2633 3466 2767 3518 enim
2790 3467 3002 3535 angelus
3032 3464 3273 3536 templum
3304 3465 3408 3519 Dei
3432 3475 3557 3519 erat.
3584 3463 3707 3517 Nihil
3726 3476 3791 3515 ve-

2264 3560 2395 3615 rius.
2422 3558 2567 3613 lianc
2590 3558 2909 3613 sententiam
2930 3558 3125 3611 aliisin
3154 3558 3286 3611 locis
3311 3557 3581 3628 copiosius
3595 3553 3792 3624 exposuit

2263 3651 2605 3719 Augustinus,
2634 3661 2691 3704 ut
2716 3649 3266 3705 observavitJoannes
3285 3650 3531 3707 Clericus
3547 3648 3609 3702 ad
3636 3646 3791 3702 Cenes.

2261 3758 2410 3806 xvtn,
2428 3745 2479 3798 l.
2491 3742 2623 3797 Vide
2638 3742 2884 3797 eumdem
2901 3757 2962 3795 ea
2978 3742 3043 3796 de
3058 3756 3117 3796 re
3128 3742 3348 3811 copiose
3364 3752 3605 3811 agentem
3618 3739 3676 3793 ad
3689 3738 3790 3792 Ges.

2261 3851 2370 3901 xvs,
2390 3837 2477 3900 l5,
2497 3838 2617 3889 etin
2638 3837 2811 3890 indice
2830 3835 2895 3889 ad
2914 3834 3335 3890 Pentateuchum
3353 3835 3421 3889 ad
3437 3848 3620 3889 vocem
3632 3828 3792 3901 Angeli.

2330 3928 2589 3982 Sermone
2613 3927 2695 3981 l9.
2722 3928 2800 3981 Ad
2825 3927 3061 3980 titulum:
3086 3924 3152 3979 In
3172 3926 3388 3980 basilica
3414 3922 3795 3993 restituta.]Qua

2261 4018 2476 4073 basilica
2510 4020 2677 4086 major
2706 4017 3044 4087 Carthagine,
3078 4018 3129 4071 in
3166 4033 3272 4086 qua
3301 4018 3461 4072 sedes
3491 4014 3731 4085 episcopi,
3753 4022 3793 4065 ut

2262 4114 2421 4168 tradit
2441 4113 2621 4167 Victor
2640 4112 2870 4167 Vitensis
2888 4112 2975 4165 lib.
3004 4126 3040 4164 ι.
3064 4110 3261 4165 Eadem
3293 4112 3347 4164 in
3370 4110 3598 4165 concilio
3618 4105 3794 4162 Cartha-

2258 4207 2464 4274 ginensi
2495 4221 2530 4259 ll
2554 4206 2749 4273 duplici
2774 4204 2985 4257 nomine
3015 4202 3312 4273 appellatur
3336 4202 3553 4255 basilica
3583 4199 3795 4266 Perpetua

2264 4298 2542 4365 Restituto,
2575 4298 2626 4349 in
2675 4295 2888 4349 cmteris
2926 4295 3179 4362 deinceps
3208 4294 3454 4348 conciliis
3487 4308 3602 4361 qua:
3645 4289 3796 4344 ibidem

2259 4390 2524 4443 celebrata
2578 4388 2843 4456 leguntur,
2894 4386 3146 4441 Ilestituta
3176 4385 3521 4455 simpliciter,
3555 4392 3610 4439 ut
3654 4378 3797 4435 hocin

2259 4482 2399 4535 loco.
2432 4479 2753 4534 SIRMONDUS.

2178 4563 2233 4624 D
2331 4572 2464 4627 Ibid.
2499 4570 2595 4623 Die
2638 4566 2951 4639 munerum]
2982 4567 3145 4622 Vetus
3174 4569 3455 4638 exemplar
3496 4568 3547 4621 in
3580 4566 3678 4619 line
3716 4576 3800 4617 ser-

2261 4664 2466 4717 monis:
2508 4660 2733 4731 Explicit
2779 4675 2944 4714 sermo
2973 4660 3053 4714 die
3090 4676 3361 4714 munerum
3412 4656 3801 4731 spectaculorum.

2260 4755 2338 4811 De
2367 4754 2717 4826 gladiatorum
2748 4753 2923 4823 itaque
2947 4755 3253 4821 Spectacula
3277 4754 3671 4820 accipiendum,
3691 4744 3801 4817 quod

2262 4848 2474 4916 proprie
2488 4860 2675 4898 munus
2698 4844 3083 4912 appellabatur,
3107 4844 3246 4897 unde
3262 4844 3636 4911 gladiatorium
3658 4851 3805 4893 ntunus

2265 4936 2387 4992 cod.
2419 4936 2623 4990 Theod.
2648 4934 2714 4989 de
2743 4933 3133 4988 Gladiatoribus
3155 4935 3271 5003 lege
3289 4934 3349 5000 2,
3380 4942 3437 4987 et
3465 4935 3520 4987 in
3540 4928 3805 4987 calendario

2264 5030 2504 5083 Romano
2514 5026 3064 5081 Constantinianorum
3089 5038 3416 5096 temporum,
3433 5042 3619 5082 mense
3634 5027 3808 5079 Decem-

2266 5122 2367 5187 bri,
2398 5122 2610 5189 quando
2657 5118 2917 5173 committi
2963 5119 3286 5187 gladiatores
3335 5120 3611 5184 solebant,
3652 5113 3807 5169 crebra

2264 5214 2498 5268 muneris
2523 5212 2821 5268 estmentio
2838 5226 2902 5265 ex
2927 5214 2991 5264 Α.
3014 5211 3076 5265 1).
3105 5227 3156 5265 tv
3178 5226 3368 5277 nonas,
3396 5228 3506 5280 quo
3532 5208 3809 5265 dieinitium

2262 5308 2501 5363 muneris
2525 5307 2810 5360 adnotatur
2838 5318 3004 5373 usque
3035 5304 3086 5356 in
3118 5309 3182 5358 Α.
3210 5304 3271 5357 D.
3290 5321 3342 5358 ιχ
3364 5304 3623 5359 calendas
3642 5300 3809 5355 Janua-

2260 5401 2387 5465 rias,
2421 5412 2525 5469 quo
2550 5408 2771 5451 cruenta
2800 5399 2883 5449 καὶ
2912 5396 3193 5470 σκυθρωπὰ
3222 5394 3334 5449 haec
3363 5393 3669 5464 spectacula
3696 5384 3809 5443 desi~

2262 5492 2494 5554 nebant,
2528 5498 2585 5542 ut
2611 5488 2851 5543 Julianus
2891 5502 3101 5556 quoque
3132 5484 3311 5540 Czesar
3360 5485 3563 5553 docet,
3604 5488 3808 5538 extrema

2261 5588 2503 5643 oratione
2534 5600 2626 5638 sua
2659 5585 2709 5637 in
2735 5583 2939 5637 Solem.
2976 5582 3125 5635 Inest.

2331 5677 2476 5731 Voce
2504 5692 2687 5728 atratus
2729 5673 3050 5743 signiﬁcatus
3096 5672 3185 5725 illo
3213 5685 3325 5724 sevo
3372 5670 3683 5738 frequenter
3724 5671 3809 5712 non

2261 5778 2464 5829 tantum
2486 5767 2830 5834 gladiatorios
2858 5764 3036 5826 ludos.
3059 5764 3152 5822 sed
3182 5772 3237 5821 et
3264 5762 3505 5819 ferarum
3532 5754 3809 5816 venationes
