3954 6364
116 361 209 422 385

751 348 1111 409 VARIORUM
1149 343 1749 406 EXERCITATIONES
1786 344 1851 401 IN
1888 343 1946 401 S.
1985 341 2357 402 AUGUSTINI
2391 342 2637 405 OPERA.

3230 345 3332 403 586

109 473 423 537 ostenderunt
450 466 765 527 Franciscus
788 466 1003 522 Juretus
1021 466 1086 522 ad
1102 463 1413 538 Symmachi
1438 463 1534 519 lib.
1550 478 1646 529 vu,
1679 467 1735 528 Α
1758 462 1956 517 habent
1977 461 2142 515 verba
2172 461 2485 526 Marcellini,
2512 468 2786 529 postquam
2812 459 2943 514 dixit
2971 460 3212 515 civitates
3234 462 3335 515 vil-

108 572 242 639 epist.
267 567 320 631 ιι,
363 573 419 619 et
446 564 676 619 Jacobus
706 558 1063 615 Gothofredus
1112 558 1178 612 ad
1208 557 1331 614 cod.
1380 554 1650 611 Theodos.

105 663 183 717 lib.
211 673 278 721 vr,
312 656 394 710 tit.
426 654 481 719 4,
517 654 633 723 lege
662 652 717 707 4.

160 751 182 821 §
205 751 251 803 1.
282 747 534 815 Quoniam
562 745 876 814 iniquitatem
911 758 1097 809 meam,
1118 741 1243 814 etc.]
1270 739 1454 797 Codex
1486 739 1653 795 colle-

104 847 158 917 gii
178 840 440 899 Navarrici
460 853 674 894 versum
708 837 895 891 habet:
923 844 1087 891 averte
1104 835 1290 905 faciem
1310 841 1456 887 tuam
1476 849 1508 885 a
1539 847 1653 901 pec-

103 948 204 993 εαιιδ
223 951 367 988 mets.

156 1028 179 1098 ς
208 1028 259 1080 4.
292 1025 368 1079 De
394 1022 597 1095 regione
629 1022 885 1093 felicitatis
909 1020 1139 1076 Christus
1163 1022 1327 1088 venit,
1362 1028 1413 1075 et
1442 1019 1523 1072 hic
1545 1035 1656 1074 eam

101 1135 171 1173 nec
188 1118 292 1187 ipse
313 1115 522 1169 invenit.
552 1112 744 1167 Irrisus
765 1122 857 1177 est,
883 1113 1221 1183 exprobratus
1249 1121 1345 1179 est,
1368 1112 1658 1183 apprehen-
1726 1146 1730 1153 ν

98 1228 165 1265 sus
187 1215 278 1273 est,
311 1206 604 1277 ﬂagellatus
629 1214 724 1271 est,
760 1206 956 1257 vinctus
1000 1214 1102 1270 est,
1129 1202 1314 1274 palmis
1344 1218 1509 1258 casus
1544 1210 1615 1255 est
1641 1241 1656 1266 ,

98 1300 286 1368 affectus
318 1296 625 1352 contumelia
650 1303 940 1364 sputorum,
969 1296 1131 1363 spinis
1166 1302 1439 1348 coronatus
1468 1302 1563 1360 est,
1594 1292 1657 1344 li-
1688 1338 1692 1343 .

98 1412 179 1471 gno
212 1406 528 1460 suspensus;
556 1390 623 1443 ad
652 1398 933 1443 extremum
963 1387 1176 1441 Domini
1211 1388 1376 1441 exitus
1425 1382 1654 1456 mortis.]

98 1488 199 1543 Tria
228 1492 508 1554 postrema
533 1480 696 1537 verba
735 1489 859 1534 sunt
886 1494 916 1534 e
952 1479 1155 1548 psalmo
1187 1493 1390 1543 txxvu,
1419 1477 1485 1532 21
1511 1494 1526 1540 ;
1558 1478 1653 1531 sed

103 1582 143 1633 in
177 1578 405 1631 alienum
446 1588 661 1630 sensum
694 1574 848 1643 plane
871 1571 1100 1626 detorta.
1148 1570 1260 1626 illic
1283 1570 1423 1625 enim
1456 1570 1654 1641 psaltes

101 1674 159 1727 ait
180 1672 343 1725 exitus
364 1669 540 1722 mortis
560 1667 658 1721 Dei
678 1682 805 1730 esse,
822 1665 923 1720 hoc
949 1672 1054 1728 est,
1072 1672 1297 1719 mortem
1322 1677 1442 1718 esse
1472 1664 1523 1717 in
1552 1663 1654 1717 Do-

104 1765 206 1819 mini
234 1771 532 1833 potestate;
562 1761 650 1814 bic
679 1773 808 1813 vero
853 1758 1181 1826 Augustinus
1226 1757 1300 1811 ita
1327 1755 1432 1811 hoc
1454 1756 1647 1823 sumit,

1761 554 1946 625 lasque
1991 562 2299 608 terramotu
2348 554 2648 622 collapsas:
2694 552 2945 606 Dominus
2972 563 3158 619 noster
3186 552 3338 609 Jesus

1763 646 1993 700 Christus
2015 662 2209 712 semper
2231 645 2414 712 ubique
2435 661 2655 713 prasens
2671 654 2715 698 et
2741 657 2893 712 super
2914 656 3134 699 montem
3159 644 3339 699 Oliveti

1762 738 2132 809 Hierosolyma
2154 738 2375 791 vicinum
2399 754 2505 791 sese
2528 738 2591 790 de
2618 737 2749 791 nube
2768 738 3128 808 manifestavtt.
3156 736 3340 791 Multa

1761 837 1879 882 tunc
1902 831 2164 900 utriusque
2193 844 2365 898 sexus,
2406 837 2513 883 etc.
2545 829 2751 883 Talium
2786 830 3103 899 ineptiarum
3135 845 3228 899 per
3253 845 3340 883 sa-

1758 922 2005 976 cerdotes
2029 920 2193 975 didita
2219 920 2357 974 fama
2380 918 2632 975 facillime
2658 920 2799 975 inter
2817 921 3091 987 imperitos
3121 935 3339 991 sparge-

1759 1012 1936 1079 batur,
1967 1014 2209 1081 altasque
2233 1012 2287 1066 in
2317 1012 2511 1066 animis
2542 1011 2753 1067 radices
2782 1011 2992 1081 agebat.

1832 1106 1966 1162 ibid.
1996 1107 2255 1174 Sitifensis
2290 1107 2451 1177 uetiam
2499 1106 2676 1159 civitas
2707 1106 3005 1175 gravissimo
3046 1110 3338 1162 terrambtu

1758 1213 2002 1253 concussa
2025 1196 2139 1268 est.]
2167 1196 2353 1261 Sitifis,
2381 1212 2499 1266 qua
2529 1197 2815 1267 provincia:
2846 1198 2898 1250 in
2925 1196 3105 1251 Africa
3141 1212 3337 1253 nomen

1761 1290 1931 1357 dedit,
1964 1289 2017 1344 id
2048 1298 2130 1344 est
2158 1289 2487 1343 Mauritania
2527 1288 2788 1343 Sitifensi.
2834 1288 2911 1342 De
2938 1288 3039 1343 hoc
3067 1288 3183 1357 ejus
3212 1289 3340 1344 civi-

1765 1383 1889 1436 tatis
1914 1392 2220 1437 terramotu
2248 1398 2315 1437 an
2341 1382 2689 1438 meminerint
2710 1382 2798 1436 alii
2838 1398 2945 1438 non
2992 1382 3162 1438 habeo
3190 1398 3340 1438 com-

1761 1484 1993 1545 pertum.
2048 1476 2371 1546 Episcopum
2422 1490 2551 1531 sane
2598 1475 2736 1531 Sitifi
2767 1484 2876 1529 tum
2916 1475 3081 1531 fuisse
3132 1486 3340 1533 conStat

1756 1568 2042 1632 Novatum,
2075 1567 2162 1636 qui
2190 1577 2244 1622 et
2275 1566 2377 1621 hoc
2405 1568 2519 1636 ipso
2548 1582 2691 1622 anno
2713 1568 2954 1625 interfuit
2997 1570 3339 1639 subscripsit-

1756 1675 1865 1727 que
1893 1659 2125 1715 concilio
2142 1658 2569 1729 Carthaginensi,
2610 1669 2734 1731 post
2758 1662 3088 1717 consulatum
3119 1663 3338 1719 Honorii

1756 1768 1853 1817 xu,
1875 1759 1934 1808 et
1960 1752 2142 1820 paucis
2172 1759 2296 1805 ante
2321 1755 2475 1807 annis
2496 1752 2770 1808 collationi
2793 1768 3005 1825 quoque
3034 1755 3338 1812 Donatista-

105 1856 223 1926 quasi
244 1854 574 1925 significaret
598 1852 885 1906 Dominum
911 1858 1177 1905 mortuum
1195 1848 1378 1904 fuisse.
1400 1850 1651 1904 Attamen
1682 1858 1729 1919 Β
1755 1858 1874 1897 rum
1899 1841 2163 1897 adfuerat.
2190 1842 2510 1897 Stnuonous.

108 1953 184 2003 hoc
201 1950 250 2003 in
270 1951 410 2011 loco,
440 1945 591 2017 quasi
617 1960 712 2014 per
740 1943 1106 2015 parenthesin,
1137 1943 1459 1997 adnotarunt
1490 1942 1653 1996 libra-

108 2040 292 2096 riizhic
323 2040 736 2093 acclamaverunt
785 2037 872 2103 qui
912 2044 1267 2107 cognoverunt.
1316 2034 1449 2088 Cum
1495 2034 1654 2088 sibilo

119 2135 254 2203 dignis
269 2133 657 2188 acclamaretur
680 2173 695 2197 ,
730 2130 856 2200 quid
885 2138 1182 2198 supererat,
1215 2128 1317 2181 nisi
1368 2137 1424 2181 ut
1452 2128 1652 2196 optima

126 2241 303 2296 quaeque
327 2224 603 2279 fastidiose
646 2222 1016 2291 rejicercntur,
1055 2229 1145 2274 aut
1174 2219 1462 2273 oscitanter
1502 2217 1653 2272 audi-

129 2327 273 2372 rentur
291 2316 356 2369 ab
384 2314 570 2369 Afris?
599 2312 675 2367 De
701 2310 1172 2369 acclamationibus
1201 2309 1368 2374 hisce,
1398 2307 1520 2363 vide
1551 2321 1649 2360 no-

120 2421 194 2464 tata
219 2408 280 2462 ad
309 2423 446 2477 opus
477 2406 543 2461 de
576 2406 826 2461 Doctrina
855 2403 1154 2459 Christiana
1184 2403 1276 2456 lib.
1304 2417 1377 2468 tv,
1407 2415 1525 2471 cap.
1559 2401 1649 2469 24,

113 2506 153 2556 in
175 2514 289 2556 tom.
313 2499 405 2555 Ill.

160 2595 181 2665 §
205 2595 257 2650 6.
290 2593 467 2648 Terra
490 2591 655 2645 motus
679 2591 851 2663 magni
881 2591 944 2644 de
968 2587 1309 2644 Orientalibus
1328 2587 1652 2651 nuntiantur,

109 2684 344 2740 nonnulla
364 2699 561 2755 magna
588 2683 861 2751 repentinis
905 2680 1063 2753 (adde
1092 2680 1322 2743 casibus,
1354 2688 1443 2732 aut
1466 2678 1651 2747 ruinis)

108 2780 323 2845 collapsa
350 2785 468 2830 sunt
496 2772 765 2844 civitates.]
799 2774 869 2827 De
898 2772 981 2826 his
1012 2771 1345 2825 Marcellinus
1373 2784 1575 2835 comes,
1599 2769 1653 2823 in

106 2872 367 2931 Chronico,
391 2867 630 2921 Mnnasio
661 2876 717 2920 et
746 2865 915 2919 Plinta
940 2876 1108 2932 cnss.,
1131 2862 1197 2916 ad
1227 2876 1424 2915 annum
1455 2859 1653 2914 Christi

103 2962 211 3016 “9:
236 2957 726 3013 Multa'Palastina
747 2956 974 3009 civitates
995 2954 1226 3023 villaque
1247 2962 1530 3008 terramotu
1550 2950 1658 3005 σοι-
1684 3004 1687 3007 γ

103 3054 257 3121 lapsa.
293 3050 472 3103 Multa
508 3059 626 3102 tunc
654 3048 916 3117 utriusque
944 3062 1094 3099 sexus
1122 3046 1404 3099 vicinarum
1433 3044 1654 3113 gentium

104 3147 329 3207 nationes,
360 3150 464 3195 tam
502 3141 609 3193 visu
640 3157 794 3211 quam
824 3140 1000 3193 auditu
1037 3138 1332 3207 perterrita,
1370 3145 1517 3205 atque
1541 3152 1653 3190 cre-

1828 1934 1856 2004 §
1883 1935 1937 1988 6.
1971 1932 2140 1989 Pauci
2163 1935 2367 2003 quidem
2406 1935 2733 2001 convenistis,
2764 1935 2853 1989 sed
2875 1936 2919 1990 si
2954 1936 3077 1991 bene
3100 1938 3337 2004 audistis,

1756 2025 2079 2107 abundatis.]
2115 2026 2239 2081 Ideo
2264 2028 2417 2095 pauci
2446 2030 2511 2081 ad
2557 2027 2864 2096 ecclesiam,
2888 2029 3007 2097 quia
3039 2031 3336 2097 plurimi'ad

1757 2121 2124 2193 spectaculum
2154 2122 2549 2176 conﬂuxerant.
2579 2120 2995 2192 Chrysostomus
3021 2123 3087 2177 de
3115 2133 3339 2192 specta—

1756 2215 1877 2269 culo
1906 2212 2157 2275 circensi,
2186 2212 2240 2265 in
2261 2211 2483 2266 exordio
2503 2212 2772 2267 sermonis
2796 2212 2860 2265 de
2879 2211 3338 2272 Consubstantiali:

1756 2307 1902 2362 Πάλιν
1931 2303 2291 2377 ἱπποδρομίαι,
2347 2307 2428 2358 καὶ
2473 2303 2668 2358 πάλινὸ
2708 2304 2950 2376 σύλλογος
2977 2307 3092 2380 ἡμῖν
3121 2307 3338 2364 ἕλὰττων

1755 2401 1949 2471 γέγονεν
1978 2436 1990 2449 .
2017 2395 2215 2450 lterum
2245 2397 2519 2459 circensia,
2567 2404 2612 2448 et
2638 2396 2826 2449 iterum
2852 2396 2919 2448 ad
2946 2413 3037 2450 nos
3076 2400 3338 2468 pauciores

1755 2500 2110 2546 convenerunt.
2129 2492 2369 2545 Asterius
2392 2489 2673 2559 episcopus
2695 2490 2764 2543 de
2796 2491 2933 2545 festo
2959 2492 3336 2549 calendarum‘:

1756 2587 1923 2641 Πολλοί
1945 2593 2294 2660 προτιμῶντες
2321 2589 2411 2643 τήν
2455 2584 2511 2637 ἐκ
2551 2592 2643 2644 τῆς
2672 2585 3006 2655 ματαιότητος
3034 2595 3223 2663 τρυφήν
3252 2595 3338 2644 καὶ

1755 2678 2033 2749 ἀσχολίαν,
2058 2679 2425 2750 ἀπελείφθησαν
2454 2682 2549 2731 τοῦ
2577 2679 2706 2732 κατὰ
2747 2681 2841 2735 τὴν
2868 2679 3133 2739 ἐκκλησίαν
3160 2682 3338 2736 συλλό‹

1754 2790 1848 2842 γον
1872 2786 1887 2823 :
1913 2768 2231 2839 Complures,
2284 2770 2406 2822 dum
2437 2768 2675 2822 vanitatis
2720 2770 2921 2823 inhiant
2958 2772 3293 2842 voluptatibus
3318 2814 3334 2840 ,

1756 2869 1804 2913 et
1834 2861 1887 2912 in
1909 2861 2011 2914 illis
2040 2870 2373 2931 occupantur,
2413 2861 2475 2914 ab
2505 2861 2729 2915 ecclesia
2762 2872 3009 2917 conventu
3039 2867 3333 2935 obfuerunt.

1761 2950 2086 3008 Smuonous.

1826 3050 2089 3105 Sermone
2116 3048 2207 3115 20,
2241 3050 2340 3121 §L
2374 3050 2512 3106 Voce
2533 3068 2776 3119 consona,
2808 3069 2925 3108 voce
2961 3057 3219 3121 concordi,
3244 3074 3337 3126 pro

1756 3140 1867 3211 ipso
1898 3141 2052 3195 corde
2071 3151 2267 3207 nostro,
2290 3141 2569 3197 Dominum
2592 3145 2916 3213 deprecantes
2938 3146 3182 3214 diximus,
3206 3148 3337 3218 ctc.]

107 3235 239 3302 ἀπίω,
270 3249 415 3288 sacro
437 3232 626 3286 Christi
647 3231 786 3299 fonte
812 3231 1002 3283 abluta
1028 3239 1181 3294 sunt;
1209 3228 1534 3297 omniumque
1561 3228 1652 3279 ba-
1684 3226 1730 3292 C
1763 3230 1820 3284 ln
1850 3228 2171 3286 Collectorio
2201 3231 2522 3286 Sermonum
2552 3249 2672 3303 pag.
2700 3236 2755 3299 '5,
2789 3243 2843 3289 et
2871 3236 2922 3290 in
2948 3236 3135 3292 codice
3158 3239 3214 3293 S.
3249 3238 3338 3293 Vi-

105 3327 389 3391 ptisatorum
417 3325 472 3377 in
494 3324 676 3377 tunicis
704 3339 829 3376 crux.
849 3320 1038 3375 Christi
1069 3321 1373 3385 Salvatoris,
1405 3318 1655 3372 Divinita-

103 3420 151 3470 tis
175 3429 320 3484 nutu,
354 3417 605 3485 extemplo
654 3417 904 3483 impressa
949 3414 1170 3485 refulsit.
1202 3412 1400 3467 ldatius
1442 3427 1654 3482 quoque

106 3520 265 3564 noster
294 3511 347 3563 in
376 3510 681 3563 Chronico:
714 3506 947 3561 Durante
995 3507 1229 3576 episcopo
1254 3523 1354 3575 quo
1381 3522 1538 3575 supra
1579 3504 1653 3575 (id

107 3615 166 3655 est
190 3601 439 3671 Joanne),
468 3602 763 3672 gravissimo
794 3609 1084 3653 terrantotu
1120 3607 1297 3651 sancta
1315 3598 1369 3649 in
1404 3596 1656 3651 Hierusa-

107 3696 181 3749 lem
202 3696 313 3749 loca
346 3703 689 3763 quassantur;
716 3702 770 3746 et
802 3692 853 3745 in
888 3692 1062 3746 Fastis
1108 3689 1358 3745 Monaxio
1388 3698 1442 3742 et
1481 3687 1653 3743 Plinta

102 3802 256 3840 cnss.:
282 3786 381 3839 His
400 3784 694 3840 consulibus
721 3783 781 3840 S.
827 3782 1057 3837 Joannes
1078 3780 1349 3849 epistolam
1372 3779 1547 3850 dirigit
1569 3794 1658 3847 per

103 3875 337 3931 Ecclesias
358 3877 492 3931 orbis
517 3886 789 3939 terrarum,
822 3888 937 3943 qua
964 3871 1199 3936 habetur,
1230 3871 1292 3925 de
1314 3870 1473 3941 signis
1499 3880 1658 3924 terro-

104 3969 315 4035 ribusque
342 3967 580 4020 divinitus
612 3966 933 4034 perpetratis.
966 3962 1288 4019 Stauonnus.

152 4058 285 4112 Ibid.
315 4057 514 4112 Prater
541 4070 604 4110 ea
637 4071 753 4124 qua}
803 4054 964 4109 habet
991 4052 1327 4107 Marcellinus
1353 4059 1407 4105 et
1436 4049 1656 4117 ldatius,

92 4149 532 4203 circumstantiam
575 4147 897 4216 singularem
936 4144 1084 4199 addit
1111 4143 1458 4212 Augustinus,
1484 4142 1536 4195 in
1566 4155 1658 4196 se-

95 4241 368 4310 quentibus
397 4240 595 4294 verbis.
624 4238 839 4293 Judaeos
884 4238 1027 4292 enim
1068 4237 1227 4292 docet
1273 4236 1438 4291 fuisse
1464 4249 1559 4290 eos
1605 4235 1657 4288 in

95 4348 309 4401 quorum
350 4332 545 4386 tunicis
592 4345 800 4393 cruces,
835 4338 1115 4399 postquam
1147 4329 1400 4398 baptizati
1441 4327 1658 4382 fuerunt

99 4434 404 4495 conspectae.
436 4425 648 4490 Territi,
675 4424 864 4493 inquit,
884 4422 1025 4493 apud
1046 4421 1442 4491 Jerosolymam,
1467 4422 1552 4490 qui
1581 4422 1659 4474 in-

100 4528 237 4570 erunt
260 4517 461 4584 Judai,
494 4516 697 4586 pagani,
725 4514 1096 4579 catechumeni,
1124 4502 1297 4566 omnes
1337 4522 1452 4565 sunt
1492 4513 1659 4582 bapti-

1757 3324 1922 3378 ctoris
1950 3323 2037 3377 CC
2067 3323 2153 3391 16,
2178 3324 2458 3393 subjicitur
2474 3326 2710 3380 sermoni
2737 3326 2811 3379 De
2824 3327 3110 3381 humilitate
3128 3330 3338 3400 agenda

1761 3419 2069 3487 panitentia
2087 3428 2137 3473 et
2166 3418 2229 3474 de
2253 3421 2450 3489 psalmo
2476 3436 2526 3488 L,
2554 3419 2794 3474 Miserere
2814 3422 2912 3474 mei
2936 3420 3094 3482 Deus,
3122 3438 3240 3491 quae
3261 3434 3340 3478 est

1759 3508 1980 3586 homilia
2008 3510 2080 3566 28
2101 3510 2169 3564 de
2195 3511 2603 3582 quinquaginta.
2625 3513 2800 3579 Quare
2840 3513 2984 3568 illius
3025 3514 3077 3568 in
3112 3524 3339 3582 utroque

1759 3600 2036 3671 inscriptio
2061 3612 2143 3657 est
2168 3620 2182 3655 :
2210 3603 2289 3656 De
2308 3619 2455 3658 versu
2476 3604 2703 3672 ejusdem
2725 3605 2931 3676 psalmi,
2963 3604 3061 3659 Cor
3089 3607 3339 3661 mundum

1761 3710 1875 3747 crea
1914 3695 1967 3753 in
1996 3711 2096 3759 me,
2126 3694 2291 3751 Deus.
2339 3693 2606 3750 Cancrum
2641 3712 2760 3766 qua:
2815 3697 3254 3753 desiderabantur
3283 3700 3336 3754 in

1761 3786 2055 3854 exemplari
2085 3787 2283 3855 scripto
2335 3786 2388 3841 in
2427 3790 2668 3854 cortice,
2701 3789 2841 3858 quod
2878 3790 3122 3845 mutilum
3148 3801 3341 3848 etace-

1762 3877 1981 3947 phalum
2010 3887 2146 3944 erat,
2179 3878 2357 3932 omnia
2392 3880 2757 3949 supplevimus
2782 3895 2847 3936 ex
2881 3880 3167 3937 Victorino.
3218 3884 3339 3939 Col-

1762 3969 1970 4023 lectorii
2021 3969 2161 4022 enim
2197 3970 2230 4023 5
2256 3968 2422 4037 partis
2452 3980 2508 4024 et
2529 3971 2862 4036 sequentium
2903 3972 3076 4027 solum
3108 3973 3337 4030 indicem

1762 4060 1903 4115 nacti
1933 4074 2137 4114 sumus.
2170 4060 2492 4116 SIRMONDUS.

1835 4150 1961 4203 Post
1987 4149 2312 4221 sermonem]
2344 4150 2543 4207 Similis
2566 4151 2689 4207 huic
2734 4152 2988 4209 allocutio
3018 4154 3190 4224 plebis
3218 4166 3337 4226 post

1764 4256 2071 4297 sermonem
2103 4242 2325 4311 legitur,
2366 4241 2422 4295 in
2456 4244 2562 4298 line
2608 4244 2677 4298 '52
2707 4243 2776 4299 de
2800 4244 2979 4300 verbis
3012 4246 3255 4301 Domini:
3286 4264 3342 4303 et

1763 4341 1885 4402 post
1933 4347 2256 4399 sermonem,
2308 4332 2457 4400 Quod
2492 4335 2628 4387 novit
2678 4336 2866 4389 caritas
2903 4345 3067 4391 vestra
3113 4341 3344 4409 suggeri-

1764 4441 1900 4491 mus,
1934 4433 2041 4480 etc.
2075 4424 2223 4479 locu.

1844 4518 1871 4588 §
1905 4516 1959 4570 5.
1990 4517 2343 4572 Exhortamur
2371 4520 2636 4573 caritatem
2680 4528 2897 4573 vestram
2932 4528 2989 4573 ut
3042 4523 3257 4594 impigre
3300 4533 3346 4578 et

103 4613 219 4664 sati.
231 4612 471 4665 Dicuntur
488 4611 703 4680 fortasse
726 4608 964 4679 baptizati
982 4616 1171 4675 septem
1188 4606 1349 4659 millia
1372 4607 1656 4659 hominum.
1686 4610 1741 4673 D
1765 4609 2036 4682 vigilanter
2062 4610 2211 4664 verba
2240 4611 2357 4677 Dei,
2386 4612 2786 4665 ministrantibus
2812 4613 3114 4683 presbyteris
3145 4632 3230 4669 υυσ
3254 4632 3346 4669 αα.

109 4702 302 4772 Signum
346 4701 534 4756 Christi
580 4702 633 4754 in
682 4699 899 4753 vestibus
939 4697 1239 4752 Judaorum
1292 4697 1662 4766 baptizatorum

112 4796 342 4861 apparuit.
379 4793 564 4847 Relatu
593 4793 810 4862 fratrum
855 4790 1085 4859 ﬁdelium
1113 4790 1524 4843 constantissimo
1566 4790 1662 4843 ista

120 4887 407 4938 nuntiantur.
440 4884 604 4938 Multo
631 4882 939 4939 credibilius
964 4883 1134 4947 foret,
1176 4882 1219 4936 si
1250 4881 1543 4936 infidelium
1577 4896 1662 4936 re-

119 4973 202 5028 latu
224 4976 591 5031 confirmatum
622 4956 841 5039 fuisset;
872 4973 1060 5028 fideles
1084 4973 1232 5028 enim
1265 4973 1422 5027 facile
1471 4972 1658 5027 crede-

113 5064 221 5119 bant
246 5066 630 5130 sacerdotibus,
661 5065 853 5135 quibus
892 5064 1027 5117 fides
1073 5063 1283 5118 detrahi
1314 5078 1422 5118 non
1449 5077 1663 5133 semper

112 5165 209 5210 tuto
234 5160 399 5227 potuit
427 5170 480 5213 et
502 5160 614 5229 qui,
643 5158 753 5226 jam
786 5158 853 5211 iis
899 5156 1129 5221 saeculis,
1178 5155 1498 5211 Christiana:
1539 5156 1667 5211 reli-

109 5248 253 5315 gioni,
282 5250 551 5305 fraudibus
576 5250 704 5319 piis,
746 5248 943 5302 famam
972 5257 1120 5304 recte
1175 5248 1352 5316 parari
1384 5247 1660 5316 putabant.

110 5340 227 5397 Cum
253 5359 376 5398 vero
400 5343 577 5413 spargi
602 5342 669 5396 ab
698 5343 952 5412 episcopo
977 5340 1247 5410 quidpiam
1281 5350 1538 5409 caperat,
1573 5341 1663 5395 alii

114 5435 255 5491 totius
274 5436 498 5502 ordinis,
521 5436 630 5489 imo
650 5434 966 5489 Christiana:
988 5434 1262 5503 religionis
1287 5434 1550 5490 interesse
1572 5451 1667 5503 pu-

113 5524 276 5581 tabant
294 5543 473 5584 verum
491 5528 542 5581 id
564 5528 753 5583 videri.
783 5527 1019 5582 Indidem
1044 5536 1168 5581 nata
1189 5527 1291 5581 alia
1312 5528 1666 5583 circumstan-

118 5616 359 5688 lia.quam
385 5621 548 5676 habet
576 5621 932 5687 Marcellinus,
965 5622 1085 5676 loco
1110 5636 1137 5673 a
1169 5621 1457 5677 Sirmondo
1478 5622 1661 5691 allato,

117 5717 166 5760 et
194 5728 304 5781 quae
327 5727 421 5768 cur
449 5713 649 5768 omissa
684 5714 1051 5769 a'doctissimo
1093 5714 1288 5784 jesuita
1329 5714 1399 5769 sit
1436 5716 1661 5781 nescio;

121 5800 203 5857 nisi
232 5803 363 5862 forte
391 5805 636 5863 fabellam
678 5806 980 5864 exscribere
1006 5820 1126 5862 eum
1155 5804 1345 5879 piguit.
1370 5805 1459 5862 Sic
1506 5805 1649 5867 enim

1766 4702 1878 4755 dire
1917 4718 2018 4755 non
2059 4701 2273 4772 pigeat.]
2306 4702 2539 4757 Verbum
2588 4702 2679 4758 Dei
2724 4702 2825 4757 soli
2878 4702 3006 4757 olim
3034 4704 3088 4758 in
3120 4706 3346 4761 ecclesia

1766 4792 2129 4863 pradicabant
2146 4793 2407 4861 episcopi.
2427 4809 2654 4863 quorum
2678 4793 2730 4847 id
2762 4795 2980 4865 proprie
2998 4810 3189 4850 munus
3204 4805 3345 4865 crat.

1768 4885 1897 4939 Post
1946 4885 2105 4937 etiam
2155 4883 2517 4954 presbyteris,
2549 4884 2643 4938 sed
2676 4899 2781 4938 non
2836 4899 2943 4938 uno
2989 4885 3128 4953 apud
3158 4901 3346 4942 omnes

1776 4986 2049 5045 tempore,
2099 4975 2439 5043 permissum.
2499 4975 2663 5029 Primi
2703 4974 3002 5029 Orientales
3033 4986 3348 5045 caperunt,

1768 5069 1912 5138 quod
1935 5076 1989 5122 et
2014 5066 2171 5121 Pierii
2195 5067 2491 5139 presbyteri
2514 5066 2653 5137 apud
2668 5066 3088 5134 Alexandrinos,
3111 5077 3166 5123 et
3184 5068 3349 5141 Chry-

1770 5161 1995 5216 sostomi
2038 5159 2213 5215 adhuc
2255 5160 2382 5215 item
2436 5160 2733 5231 presbyteri
2777 5160 2917 5228 apud
2962 5161 3345 5230 Antiochenos,

1773 5254 2106 5324 aliorumque
2137 5253 2273 5323 apud
2305 5253 2439 5308 alios
2478 5252 2730 5322 exempla
2760 5250 3056 5306 declarant.
3089 5252 3147 5306 ln
3172 5252 3350 5312 Africa

1774 5346 2081 5401 inusitatum
2110 5346 2206 5401 fuit
2250 5356 2373 5401 ante
2396 5345 2781 5415 Augustinum,
2825 5343 2910 5399 cui
2962 5344 3189 5415 primum
3233 5363 3351 5403 om-

1777 5439 1946 5504 nium,
1970 5438 2111 5508 apud
2140 5439 2533 5508 Hipponem,ea
2566 5445 2803 5507 potestas
2824 5438 2961 5494 facta
2982 5448 3065 5494 est
3085 5455 3114 5495 a
3143 5439 3353 5497 Valerio

1778 5531 2051 5600 episcopo.
2082 5531 2350 5585 Possidius
2382 5531 2433 5584 in
2474 5530 2589 5599 ejus
2616 5530 2719 5584 vita
2745 5544 2862 5600 cap.
2894 5531 2967 5586 5:
3009 5530 3199 5587 Eidem
3239 5549 3353 5601 pre-

1777 5624 1977 5694 sbytero
2004 5633 2301 5693 potestatem
2331 5623 2467 5675 dedit
2488 5639 2659 5677 coram
2682 5639 2758 5689 se,
2780 5624 2834 5677 in
2860 5624 3091 5691 ecclesia,
3128 5624 3354 5696 Evange~

1776 5714 1903 5767 lium
1954 5713 2269 5781 praedicandi
2308 5730 2369 5767 ac
2403 5715 2805 5784 frequentissime
2848 5716 3142 5781 tractandi,
3181 5726 3355 5771 contra

1776 5821 1922 5865 usum
1941 5806 2144 5882 quidem
2174 5814 2221 5859 et
2248 5807 2666 5862 consuetudinem
2697 5807 3063 5883 Africanarum
3092 5804 3354 5869 Ecclesian
