3954 6364
571 325 676 397 387

1453 311 2001 372 SUPPLEMENTUM
2042 314 2133 369 AD
2171 311 2402 369 OPERA
2443 312 2499 369 S.
2548 312 2934 372 AUGUSTINI.
3661 336 3730 391 388

567 455 705 493 mm,
730 436 921 492 Valerii
949 433 1251 502 exemplum
1277 440 1458 500 postea
1490 431 1657 484 secuti
1683 440 1805 483 sunt
1832 429 1947 494 alii,
1970 428 2147 483 etAu—
2173 431 2225 492 Ἀ
2250 430 2492 483 desiderii
2514 433 2585 483 tui
2613 428 2941 499 ρνοεεσιιιῐο.]
2965 428 3404 487 Manumission‘eS'
3418 442 3470 491 ut
3494 438 3539 492 in
3567 445 3734 505 ecclesia

568 532 731 584 relius
760 529 1044 598 episcopus
1066 525 1423 593 Carthagine,
1458 514 1542 576 cui
1575 523 1675 577 hoc
1719 523 1931 576 nomine
1961 528 2145 589 gratu-

572 622 712 675 latus
735 632 816 675 est
841 619 1171 688 Augustinus
1194 618 1419 685 epistola
1448 615 1535 677 T7.
1560 613 1701 685 quod
1736 626 1993 682 usurpare
2033 626 2145 666 ςαξ-

570 716 740 783 pisset
765 722 820 766 ut
846 710 1162 780 presbyteri,
1195 719 1455 778 prtesente
1476 708 1613 775 ipso,
1638 720 1939 760 sermonem
1957 705 2149 773 populo

566 806 878 860 funderent.
914 803 1116 871 Itaque,
1150 810 1401 869 tanquam
1433 813 1529 851 usu
1560 800 1668 866 jam
1704 798 1755 850 in
1793 796 1970 849 Africa
2002 809 2151 848 rece-

565 909 678 968 pto,
710 896 1051 965 presbyteros
1090 895 1141 946 in
1175 896 1274 946 hoc
1304 905 1526 961 genere,
1556 903 1677 943 cum
1721 886 1992 956 episcopis
2022 901 2149 939 con-

562 991 759 1059 jungit,
786 992 1033 1043 sermune
1078 987 1146 1042 49
1189 987 1256 1039 de
1280 984 1455 1038 verbis
1488 981 1730 1035 Domini:
1768 979 2019 1047 Nunquid
2049 994 2149 1031 non

564 1084 791 1137 ascendit
840 1080 1119 1150 aliquando
1159 1090 1245 1132 aut
1298 1077 1577 1149 presbyter,
1626 1082 1713 1126 aut
1753 1072 2052 1142 episcopus,
2100 1081 2149 1124 et

566 1192 667 1228 non
699 1176 819 1228 dicit
850 1175 995 1226 aliud
1022 1172 1085 1225 de
1110 1170 1369 1242 superiore
1398 1170 1528 1231 loco,
1563 1166 1664 1220 nisi
1686 1182 1749 1219 ne
1782 1166 2053 1234 rapiantur
2069 1180 2148 1217 res

564 1265 762 1317 aliettw.
795 1264 945 1332 Apud
974 1263 1159 1317 Gallos
1189 1261 1361 1314 serius
1409 1269 1719 1325 usurpatum
1747 1254 1987 1319 videtur;
2022 1269 2147 1307 nam

570 1355 808 1424 synodus
834 1353 1083 1407 Vasensis
1115 1368 1173 1418 ll,
1196 1366 1314 1421 qua:
1340 1359 1551 1404 centum
1585 1348 1736 1400 annis
1762 1347 2027 1415 posterior
2048 1345 2147 1411 fuit

564 1446 885 1514 Augustino,
922 1445 1142 1497 verbum
1176 1440 1403 1496 faciendi
1435 1440 1763 1510 presbyteris
1791 1438 1883 1491 dat
1911 1446 2147 1507 potesta-

570 1548 696 1590 tem.
735 1540 899 1590 Antea
930 1549 1057 1605 ergo
1086 1549 1191 1587 non
1223 1533 1475 1587 habuisse
1515 1536 1819 1598 conjectura
1849 1540 1953 1594 est,
1985 1544 2143 1598 quam

563 1625 857 1697 Cyprianus
900 1640 1111 1695 quoque
1161 1625 1419 1678 diaconus
1460 1623 1512 1676 in
1545 1621 1767 1675 Cmsarii‘
1812 1621 2143 1676 Arelatensis

564 1719 805 1787 episcopi
838 1720 945 1772 vita
976 1718 1278 1772 conﬁrmat.
1312 1716 1639 1771 SIMIONDUS.

633 1810 761 1865 Ibid.
788 1811 842 1864 In
865 1812 1098 1877 Oriente,
1126 1826 1229 1864 non
1275 1810 1572 1880 presbyteri
1614 1817 1819 1862 tantum
1856 1807 2140 1876 przesenti-
2172 1804 2222 1865 Β

560 1901 660 1956 bus
689 1904 976 1969 episc0pis,
1000 1903 1091 1957 sed
1116 1904 1273 1955 etiam
1299 1901 1416 1954 laici
1436 1900 1528 1953 diu
1547 1909 1668 1954 ante
1690 1899 1845 1953 Pierii
1881 1907 2145 1967 tempora,

564 1995 830 2047 interdum
858 1994 1335 2048 concionabantur.
1365 1991 1559 2061 Liquet
1591 1993 1693 2044 hoc
1716 2006 1778 2044 ex
1804 1990 1996 2058 insigni
2031 1989 2146 2044 loco

563 2087 777 2140 Eusebii
811 2087 946 2140 Hist.
981 2087 1183 2141 Eccles.
1218 2086 1312 2140 lib.
1341 2101 1415 2149 vr,
1443 2100 1561 2151 cap.
1596 2084 1677 2150 I9,
1705 2084 1789 2136 ubi
1822 2085 1889 2135 ita
1920 2083 1987 2135 de
2027 2082 2148 2135 Ori-

560 2193 694 2247 gcne
724 2196 735 2229 ε
770 2179 943 2232 Ἐλθὼν
972 2180 1054 2232 ἐπὶ
1074 2180 1427 2243 Παλαιστίνης,
1458 2180 1505 2229 ἐν
1528 2178 1813 2249 Καισαρείᾳ
1836 2181 1927 2235 τὰς
1957 2173 2149 2246 διατρι-

566 2274 658 2331 ϐας
687 2274 936 2335 ἐποιεῖτο,
970 2272 1083 2326 ἔνθα
1112 2276 1193 2325 καὶ
1237 2270 1585 2341 διαλέγεσθαι,
1615 2272 1704 2328 τάς
1734 2289 1785 2323 τε
1818 2269 1950 2326 θείας
1991 2267 2147 2340 ἑρμη-

561 2367 714 2418 νεύειν
737 2367 935 2439 γραφάς
968 2367 1047 2419 ἐπὶ
1069 2370 1157 2418 τοῦ
1191 2369 1355 2416 κοινοῦ
1383 2372 1472 2422 τῆς
1497 2362 1790 2420 Ἐκκλησίας
1820 2360 1865 2413 οἱ
1893 2358 2007 2433 τῇδε
2037 2359 2148 2411 ἐπί-

561 2474 761 2519 σκοποι,
786 2457 871 2508 καί
889 2476 966 2509 τοι
986 2462 1075 2513 τῆς
1096 2461 1187 2507 τοῦ
1210 2454 1589 2528 πρεσϐυτερίου
1614 2454 1931 2527 χειροτονίας
1954 2448 2148 2503 οὐδέπω

560 2547 902 2615 τετυχηκότα,
934 2548 1082 2599 αὐτὸν
1110 2545 1297 2608 ἠξίουν,
1321 2542 1382 2597 ⁸0
1404 2547 1486 2597 καί
1507 2546 1628 2597 αὐτὸ
1649 2543 1822 2614 γένοιτ’
1846 2537 1904 2594 ἂν
1930 2539 2142 2603 ἔκδηλον,

561 2637 644 2706 ἀφ’
680 2636 744 2688 ὧν
782 2640 898 2710 περί
931 2639 1113 2691 τούτου
1154 2639 1417 2709 Δημητρίῳ
1452 2638 1725 2711 ’γράφοντες
1758 2632 2077 2707 Ἀλέξανδρος
2123 2633 2149 2687 ὁ

560 2727 925 2801 Ἰεροσολύμων
967 2731 1245 2786 ἐπίσκοπος
1286 2730 1369 2780 καί
1397 2728 1696 2785 Θεόκτιστος
1736 2724 1761 2779 ὁ
1809 2729 2145 2799 Καισαρείας,

560 2819 651 2875 ὧδέ
703 2842 811 2880 πως
856 2821 1241 2893 ἀπολογοῦνται·
1292 2820 1565 2893 Προσέθηκε
1606 2815 1660 2870 δὲ
1701 2823 1803 2877 τοῖς
1845 2816 2147 2891 γράμμασιν

563 2912 642 2967 ὅτι
672 2922 821 2968 τοῦτο
852 2911 1091 2967 οὐδέποτε
1116 2908 1353 2969 ἠκούσθη,
1385 2907 1492 2962 οὐδέ
1522 2914 1608 2961 νῦν
1631 2910 1914 2979 γεγένηται,
1947 2908 2021 2970 τὸ,
2042 2928 2149 2960 πα·-

561 3008 747 3080 ρόντων
783 3005 1100 3067 ἐπισκόπων,
1130 3004 1333 3061 λαϊκούς·
1366 3001 1577 3072 ὁμιλεῖν,
1612 3003 1702 3054 οὐκ
1733 2997 1822 3054 οἷδ’
1854 2998 1993 3059 ὅπως
2022 3020 2148 3071 προ-

561 3102 722 3164 φανῶς
753 3096 841 3147 οὐκ
868 3094 1021 3149 ἀληθῆ
1048 3094 1221 3163 λέγων*
1255 3091 1379 3145 ὅπου
1414 3096 1533 3163 γοῦν
1564 3091 1883 3161 εὑρίσκονται
1902 3091 1947 3141 oi
1972 3092 2146 3147 ἐπιτή·

561 3186 683 3238 δειοι
712 3187 842 3259 πρὸς
868 3187 926 3238 τὸ
954 3186 1155 3256 ὠφελεῖν
1193 3186 1315 3242 τοὺς
1340 3181 1599 3253 ἀδελφοὺς,
1630 3185 1715 3234 καὶ
1742 3182 2145 3257 παρακαλοῦνται
2169 3166 2222 3232 C

561 3286 631 3349 τῷ
657 3280 760 3350 λαῷ
788 3278 1113 3351 προσομιλεῖν
1140 3278 1242 3331 ὑπὸ
1286 3282 1383 3329 τῶν
1426 3276 1581 3346 ἁγίων
1614 3274 1931 3338 ἐπισκόπων,
1967 3276 2144 3349 ὥσπερ

562 3372 612 3421 ὲν
642 3369 916 3444 Λαράνδοις
956 3367 1165 3427 Εὕελπις
1195 3369 1294 3421 ὑπὸ
1333 3370 1519 3426 Νέωνος
1541 3407 1555 3429 ,
1589 3371 1674 3420 καὶ
1719 3369 1767 3419 ἐν
1787 3372 1963 3435 Ἰκονίῳ
2001 3374 2148 3419 Παν-

562 3460 685 3521 λὶνος
714 3462 815 3515 ὑπὸ
847 3462 1031 3514 Κέλσου
1062 3465 1139 3513 καί
1169 3463 1215 3512 ἐ)
1238 3458 1500 3519 Συννάδοις
1521 3458 1777 3533 Θεόδωρος
1798 3460 1899 3514 ὑπὸ
1918 3467 2143 3514 Ἀττικοῦ

563 3564 658 3609 τῶν
687 3557 949 3625 μακαρίων
972 3553 1221 3625 ἀδελφῶν.‹
1246 3553 1297 3604 Id
1323 3562 1426 3619 est,
1462 3554 1754 3621 interprele
1786 3552 2017 3605 Henrico
2048 3552 2148 3603 Va-

565 3646 725 3698 lt'SIOI
760 3644 1091 3697 Palwstinam
1118 3646 1258 3715 petiit
1279 3653 1325 3696 et
1372 3642 1616 3697 Ctesareae
1637 3644 1957 3696 domicilium
1987 3645 2145 3711 fixit;

564 3738 647 3789 ubi
679 3739 825 3789 etiam
855 3736 921 3788 ab
940 3737 1079 3788 illius
1102 3737 1323 3807 regionis
1352 3737 1600 3803 episcopis
1635 3744 1838 3803 rogatus
1867 3746 1939 3787 est
1968 3745 2022 3787 ut
2049 3751 2173 3803 pur

566 3828 690 3879 btice
720 3829 770 3879 in
799 3826 1012 3882 ecclesia
1060 3826 1347 3888 dissereret,
1372 3835 1417 3876 et
1456 3826 1654 3876 divinas
1711 3824 2027 3890 Scripturas,
2066 3834 2147 3876 ta-

565 3920 711 3970 ntetsi
735 3920 965 3971 nondum
990 3918 1248 3985 presbyter
1275 3917 1560 3980 ordinatus,
1589 3925 1881 3985 exponeret.
1908 3917 2068 3981 Atque
2089 3914 2151 3965 id

566 4013 891 4079 manifestum
924 4011 1076 4079 fuerit
1100 4008 1173 4062 vel
1203 4024 1263 4062 ea:
1289 4011 1349 4061 iis
1374 4026 1487 4079 quia
1518 4008 1808 4061 Alexander
1838 4007 2145 4077 Hierosoly-

570 4119 769 4154 morum
799 4111 846 4153 et
878 4101 1192 4154 Tlteoctistus
1218 4101 1542 4155 Ca’sariensis
1574 4104 1839 4171 episcopus
1872 4101 1940 4153 ad
1961 4101 2140 4154 Deme-

567 4194 739 4255 trium,
789 4206 881 4259 pro
928 4192 1086 4263 hujus
1132 4192 1256 4263 facti
1300 4192 1615 4259 defensione,
1657 4191 1882 4243 scribunt
1926 4191 1979 4242 in
2008 4189 2144 4243 hunc

565 4286 772 4337 modum
801 4302 817 4337 :
844 4286 989 4349 Quod
1012 4301 1128 4337 vero
1153 4287 1205 4337 in
1256 4285 1440 4337 litteris
1476 4286 1575 4336 tuis
1604 4284 1855 4350 adiecisti,
1886 4297 2144 4350 nunquam

564 4389 713 4431 antea
743 4380 925 4442 visunt,
959 4395 1048 4432 nec
1071 4379 1238 4431 adhuc
1263 4380 1457 4449 factum
1486 4378 1664 4446 fuisse,
1696 4387 1769 4438 ut,
1815 4376 2144 4445 prazsentibus

565 4474 833 4541 episcopis,
865 4474 984 4526 laici
1013 4475 1455 4539 concionarentur,
1498 4473 1552 4524 in
1595 4488 1651 4524 eo
1694 4471 1860 4523 nescio
1889 4470 2140 4539 quomodo

564 4584 595 4618 a
623 4567 829 4619 veritate
850 4568 1143 4637 longissime
1170 4566 1435 4619 aberrasti.
1474 4563 1607 4617 Nam
1635 4563 1795 4615 sicubi
1823 4563 2142 4628 reperiantur

565 4658 649 4727 qui
681 4657 925 4727 fratribus
953 4658 1189 4723 prodesse
1217 4657 1430 4727 possint,
1462 4671 1543 4707 eos
1567 4655 1728 4707 sancti
1758 4654 1979 4723 episcopi
2005 4656 2142 4706 ultro

564 4750 900 4804 adhortantur
948 4759 1003 4802 ut
1040 4752 1107 4802 ad
1157 4750 1406 4818 populum
1455 4749 1718 4800 conciones
1763 4746 2003 4800 habeant.
2050 4745 2140 4801 Sic

550 4843 777 4912 'Euelpis
802 4842 1057 4896 Larandis
1078 4852 1290 4913 rogatus
1313 4851 1387 4895 est
1417 4858 1447 4892 a
1480 4840 1672 4906 Neone,
1703 4838 1955 4893 Paulinus
1976 4837 2142 4892 Iconii

564 4953 595 4987 a
626 4935 805 5003 Celso,
830 4934 1131 4989 Theodorus
1152 4934 1289 5003 apud
1320 4933 1570 5003 Synnada
1598 4932 1660 4985 ab
1683 4931 1873 4998 Attico,
1900 4932 2141 5001 fratribus

566 5029 755 5081 nostris
791 5029 1115 5081 beatissimis.

635 5120 898 5174 Sermone
919 5119 1009 5179 21,
1044 5117 1071 5187 §
1101 5118 1151 5170 1.
1197 5115 1571 5169 Jocundabitur
1593 5119 1757 5179 iustus
1796 5116 1848 5168 in
1872 5114 2139 5188 Domino.]

565 5211 729 5277 Hujus
767 5210 1034 5264 sermonis
1066 5208 1269 5275 reliqua
1321 5216 1525 5259 tantum
1570 5214 1723 5259 erant
1768 5205 2058 5274 fragmenta
2086 5208 2140 5260 in

562 5304 744 5356 codice
771 5301 1025 5354 corticeo.
1079 5298 1344 5367 Integrum
1374 5306 1558 5365 postea
1590 5298 1865 5365 exemplar
1909 5296 2139 5351 offendi-

566 5407 684 5444 mus
732 5392 782 5444 in
813 5390 999 5443 codice
1046 5388 1104 5443 S.
1138 5389 1370 5443 Victoris
1406 5388 1498 5442 CC
1528 5388 1615 5443 16.
1660 5387 1781 5441 Fuit
1810 5396 1864 5441 et
1893 5388 1947 5441 in
1975 5389 2140 5443 colle-

563 5482 739 5535 ctione
780 5480 1087 5533 cancellarii
1130 5480 1467 5535 Parisiensis'
1498 5488 1650 5548 parte
1678 5479 1730 5543 5,
1764 5489 1821 5532 ut
1851 5492 1915 5533 ex
1962 5479 2138 5534 indice

563 5573 866 5627 didicimus.
900 5570 1223 5625 Sinuouous.

633 5663 735 5733 §6.
795 5662 1003 5718 Servum
1035 5674 1178 5716 tuum
1215 5663 1668 5715 manumittendum
1710 5677 1866 5714 manu
1894 5661 2038 5715 ducis
2078 5664 2131 5715 in

565 5758 841 5810 ecclesiam;
871 5752 958 5808 Fit
978 5756 1256 5819 silentium,
1287 5756 1484 5808 libellus
1510 5764 1625 5807 tuus
1664 5756 1923 5822 recitatur,
1948 5766 2033 5807 aut
2072 5755 2137 5823 ﬁt

2166 4532 2219 4592 D

2254 540 2431 578 coram
2459 523 2712 592 episc0po
2736 525 2912 578 facere
2938 522 3122 577 liceret
3141 565 3155 588 ,
3179 522 3492 581 Constantini
3517 531 3657 602 Magni
3675 540 3738 593 be.

2252 616 2445 669 neﬁcio
2470 615 2728 667 indultum
2761 622 2863 680 est,
2896 626 2952 668 ut
2977 615 3107 668 alias
3134 616 3511 674 observavimus
3528 624 3591 675 ad
3616 625 3742 683 Εηηο.

2249 707 2425 769 dium;
2456 708 2595 774 apud
2626 722 2817 775 quem,
2869 706 3008 761 inter
3046 708 3329 775 opuscula,
3372 721 3528 766 exstat
3567 717 3743 787 libellus,

2251 811 2345 851 seu
2379 798 2687 864 petitorium
2718 797 2941 866 Agapeti
2986 800 3201 852 nomine
3226 801 3573 867 compositum,
3608 806 3649 861 in
3674 829 3747 879 qun

2242 888 2564 943 'Gerontium
2610 889 2703 942 ille
2735 904 2946 943 servum
2978 905 3131 943 suum
3163 889 3404 945 libertate
3429 892 3595 948 donari
3616 913 3748 966 postu-

2251 980 2368 1035 lans
2395 979 2464 1034 ab
2491 980 2743 1050 episc0po
2792 980 3045 1035 desiderii
3092 984 3171 1034 sui
3225 996 3408 1037 causas
3452 990 3749 1059 persequitur,

2250 1087 2369 1141 quae
2398 1087 2519 1127 cum
2545 1072 2827 1142 Augustini
2849 1073 3025 1127 verbis
3052 1070 3277 1126 mirilice
3300 1079 3626 1131 consentiunt.
3644 1080 3750 1137 loss.

2250 1195 2319 1205 —
2356 1164 2544 1219 Exstat
2596 1165 2839 1217 columna
2872 1164 3007 1217 1719
3052 1165 3176 1216 tomi
3228 1162 3517 1219 [editionis
3559 1168 3756 1227 Parisinze

2250 1268 2469 1324 operum
2500 1255 2737 1308 omnium
2772 1236 2903 1308 Jaca
2924 1253 3214 1308 Sirmondi.

2322 1346 2455 1399 Ibid.
2503 1345 2571 1399 Ut
2611 1347 2939 1398 manumittas
2977 1360 3174 1398 servum
3219 1355 3359 1398 tuum
3388 1350 3571 1417 frangis
3611 1352 3761 1407 tabulas

2251 1434 2407 1507 ejus.]
2438 1435 2851 1505 Frangebantur
2888 1438 2941 1490 in
2979 1435 3398 1490 manumissione
3440 1450 3683 1495 servorum
3708 1456 3761 1497 ta-

2251 1527 2390 1581 bulae
2413 1528 2608 1595 quibus
2630 1529 2829 1595 emptio
2846 1528 3063 1582 illorum
3088 1538 3140 1581 et
3170 1530 3405 1581 servitus
3434 1533 3761 1589 continebatur.

2251 1619 2579 1687 Augustinus
2596 1618 2755 1687 epist.
2789 1619 2850 1671 51
2873 1619 2940 1672 de
2965 1618 3282 1673 Donatistis:
3307 1619 3629 1674 Pessimorum
3644 1641 3761 1678 smo-

2249 1725 2363 1762 rum
2381 1748 2395 1772 ,
2421 1719 2474 1761 ut
2504 1708 2647 1762 liberi
2674 1710 3023 1772 abscederent,
3061 1709 3245 1763 tabula:
3266 1711 3633 1781 frangebantur.
3657 1714 3763 1769 loss.

2323 1800 2451 1853 Ibid.
2479 1800 2550 1852 De
2572 1800 2671 1854 hac
2688 1802 3108 1855 manumissione
3130 1802 3220 1871 qui
3247 1803 3397 1869 plura
3424 1805 3636 1858 voluerit
3655 1809 3762 1865 adest

2253 1893 2625 1948 doctissimum
2674 1897 3114 1963 jurisconsultum
3154 1897 3411 1952 Jacobum
3443 1900 3763 1959 Gothofredus

2254 1985 2319 2039 ad
2349 1986 2440 2039 lib.
2476 2001 2526 2040 tv
2546 1988 2747 2041 codicis
2778 1987 3153 2051 Theodosiani,
3188 1992 3269 2045 tit.
3304 1990 3357 2053 7,
3394 1990 3505 2060 lege
3526 1994 3572 2047 1.

2323 2076 2585 2131 Sermone
2614 2079 2703 2143 24,
2740 2079 2766 2148 §
2798 2080 2849 2132 1.
2875 2077 3081 2132 Gratias
3108 2078 3330 2133 Domino
3356 2082 3462 2135 Deo
3490 2084 3771 2155 nostro,etc.]

2252 2170 2461 2238 Egregii
2487 2172 2749 2223 sermonis
2794 2173 3008 2225 unicum
3041 2175 3317 2239 exemplar
3348 2175 3605 2239 vidimus,
3637 2179 3679 2228 in
3708 2194 3772 2231 co-

2250 2259 2369 2313 dice
2398 2260 2453 2315 S.
2482 2260 2711 2315 Victoris
2740 2262 2833 2316 CC
2862 2263 2947 2316 16.
2980 2263 3310 2318 Recensetirr
3336 2276 3513 2320 tamen
3536 2281 3561 2319 a
3589 2267 3775 2320 Possidio

2251 2364 2370 2418 cap.
2398 2350 2430 2403 9
2462 2351 2699 2415 indiculi,
2729 2363 2783 2407 et
2809 2354 2860 2406 in
2886 2353 3211 2408 Colleetorio
3238 2357 3569 2421 cancellarii,
3600 2367 3721 2426 parte
3741 2359 3777 2411 3.

2253 2439 2574 2495 SIRMONDUS.

2324 2532 2350 2600 §
2380 2532 2432 2583 2.
2465 2533 2687 2599 Lapides
2718 2536 2907 2588 mortui
2928 2538 3123 2590 utinam
3142 2539 3195 2591 in
3226 2554 3281 2591 se
3307 2540 3529 2593 sentiant
3554 2542 3783 2594 misericor-

2257 2627 2392 2678 diam
2418 2629 2648 2696 lapidum
2677 2629 2949 2699 vivorum]
2971 2630 3190 2699 Lapides
3219 2642 3465 2687 mortuos
3494 2644 3635 2687 vocat
3652 2634 3782 2688 ethni-

2254 2732 2346 2770 cos
2368 2759 2382 2783 ,
2417 2730 2636 2788 propter
2665 2730 2940 2790 stuporem
2964 2764 2979 2787 ,
3011 2733 3065 2778 et
3111 2725 3307 2792 quibus
3350 2727 3426 2778 dii
3462 2728 3645 2780 similes
3684 2737 3785 2780 sunt.

2252 2807 2524 2862 Interdum
2557 2812 2657 2879 ipsi
2688 2812 2886 2867 ethnici
2926 2814 3085 2867 simili
3114 2819 3529 2885 comparatione
3570 2819 3643 2871 usi
3681 2825 3785 2871 sunt.

2248 2896 2532 2955 Juvenalis
2562 2910 2664 2954 sat.
2700 2902 2756 2969 8,
2788 2902 2895 2958 52:

2343 3068 2565 3162 sititet
2580 3071 2891 3162 desipias;
2911 3070 3180 3162 ίτδάέοξιιέ
3204 3041 3705 3152 έιῖηξιιίηῖιέςίῖιετωεε.

2342 3156 2486 3228 i‘lullo
2509 3161 2691 3219 quippe
2716 3156 2809 3207 alio
2830 3156 2981 3209 vincis
2996 3156 3299 3223 diacrimine,
3327 3178 3478 3225 quam
3503 3168 3641 3227 quod

2344 3217 2418 3266 Illi
2442 3217 2765 3269 marmoreum
2791 3229 2937 3283 caput
2958 3232 3052 3283 est,
3074 3232 3153 3273 tua
3179 3217 3297 3275 sivit:
3322 3217 3506 3287 iinago.

2321 3370 2348 3439 §
2382 3370 2432 3423 6.
2470 3370 2735 3433 Quomodo
2781 3370 2983 3439 Roma,
3014 3375 3087 3428 sic
3116 3385 3164 3429 et
3188 3376 3484 3448 Carthago.
3520 3378 3579 3431 Si
3604 3379 3651 3429 in
3679 3378 3801 3443 capite
3884 3378 3885 3448 ᾖ

2247 3465 2472 3532 gentium
2501 3479 2579 3515 res
2612 3465 2900 3531 prwcessit,
2944 3466 3167 3519 membra
3211 3483 3318 3521 non
3367 3476 3496 3522 sunt
3542 3464 3805 3535 secuturaﬂ

2248 3554 2384 3605 Hinc
2412 3565 2633 3621 apparet
2657 3553 2981 3625 Carthagine
3001 3556 3238 3611 habitum
3263 3560 3443 3612 etiam
3473 3561 3615 3613 hunc
3641 3572 3805 3613 εει-[ους
3884 3588 3885 3599 ι

2248 3658 2394 3707 nem,
2425 3656 2477 3696 et
2518 3646 2831 3713 episcopum
2861 3647 3019 3714 paulo
3041 3659 3165 3702 ante
3194 3650 3428 3719 intelligi
3462 3647 3809 3719 Carthaginem
3884 3716 3885 3719 η

2247 3748 2390 3798 sem;
2416 3743 2470 3788 et
2487 3734 2721 3799 judicem
2755 3735 2891 3789 infra
2922 3738 3323 3807 proconsulem,
3360 3742 3453 3794 cui
3483 3744 3811 3808 suggestum:
3884 3734 3885 3821 χ

2247 3828 2565 3881 Christianis
2589 3827 2764 3882 luerat
2787 3840 2843 3881 ut
2869 3829 3082 3885 Herculi
3109 3831 3343 3888 illudere
3367 3834 3585 3888 liceret.
3612 3830 3815 3887 Herculis

2248 3918 2449 3971 cultum
2499 3927 2752 3985 ceperant
2794 3917 3243 3987 Carthaginenses
3284 3938 3316 3977 a
3368 3923 3579 3993 Tyriis,
3626 3934 3813 3991 quorum

2245 4021 2399 4066 erant
2428 4011 2639 4076 coloni;
2672 4012 2846 4083 Tyrus
2877 4014 3019 4067 enim
3050 4014 3260 4070 Herculi
3295 4032 3486 4071 sacra.
3516 4016 3694 4087 Neque
3718 4026 3815 4067 vero

2246 4102 2569 4170 Carthagine
2597 4103 2885 4169 duntaxat,
2915 4105 3008 4157 scd
3038 4106 3158 4160 aliis
3188 4106 3393 4161 Africae
3421 4108 3564 4161 locis
3590 4152 3603 4173 ,
3648 4112 3818 4160 cons-tat
3876 4112 3885 4125 ‘

2248 4196 2301 4249 in
2344 4195 2493 4249 cultu
2527 4195 2806 4249 Herculem
2853 4195 3050 4262 fuisse;
3100 4206 3157 4251 ut
3195 4199 3339 4265 apud
3381 4194 3752 4259 Suﬁ'ectatios,
3779 4197 3820 4247 in

2247 4289 2519 4357 provincia
2547 4290 2841 4357 Byzacena;
2877 4290 2965 4343 ubi
2998 4305 3117 4345 cum
3153 4290 3411 4347 Herculis
3441 4303 3676 4348 statuam
3703 4305 3823 4345 com-

2246 4383 2885 4448 minuissentChristiani,
2910 4386 3191 4453 repentino
3214 4385 3267 4440 in
3291 4400 3395 4440 eos
3419 4387 3633 4455 impetu
3652 4380 3822 4454 populi,

2246 4476 2372 4529 caesi
2403 4484 2525 4528 sunt
2552 4476 2845 4545 sexaginta.
2872 4475 3040 4540 Quam
3066 4476 3264 4530 furoris
3294 4478 3707 4533 immanitatem
3730 4486 3826 4528 exa-

2245 4566 2417 4633 gitans
2476 4565 2803 4632 Augustinus
2859 4565 3083 4630 epistola
3132 4566 3280 4634 267,
3331 4569 3511 4621 simul
3576 4566 3821 4622 Herculem

2245 4657 2400 4710 deum
2429 4696 2443 4722 ,
2474 4667 2529 4709 ut
2559 4658 2659 4708 hoc
2680 4658 2797 4709 loco
2822 4698 2836 4722 ,
2868 4656 3002 4711 scite
3026 4658 3234 4712 deridet
3260 4675 3274 4712 :
3307 4658 3377 4715 Si
3416 4660 3706 4716 Herculem
3725 4699 3738 4724 ,
3769 4660 3827 4711 in-

2246 4748 2388 4815 quit,
2420 4757 2644 4800 vestrum
2675 4748 2937 4817 dixeritis,
2980 4766 3131 4819 porro
3170 4750 3485 4807 reddemus.
3524 4754 3729 4807 Adsunt
3754 4766 3831 4803 me-

2244 4841 2372 4894 talla
2390 4882 2405 4907 ,
2429 4856 2555 4893 sata
2580 4858 2678 4893 non
2703 4841 2905 4907 desunt,
2936 4851 3041 4897 etc.
3070 4843 3414 4901 Smuoupus.

2314 4932 2575 4986 Sermone
2622 4930 2711 4986 35.
2763 4930 2817 4985 In
2866 4933 3019 4989 titqu
3061 4952 3073 4986 :
3108 4934 3167 4989 Si
3212 4937 3431 5006 sapiens
3485 4939 3685 5008 fueris,
3731 4931 3839 5001 etin]

2246 5024 2528 5078 Consentit
2554 5024 2831 5094 inscriptio
2861 5025 3062 5079 codicis
3097 5026 3366 5083 Victorini
3402 5028 3508 5084 DD
3543 5030 3615 5086 12
3654 5045 3765 5083 cum
3794 5040 3845 5079 ea

2245 5129 2365 5185 qua:
2397 5115 2535 5184 apud
2564 5115 2863 5169 Possidium
2899 5116 3093 5185 legitur
3113 5157 3127 5182 ,
3159 5130 3212 5172 et
3240 5133 3367 5173 cum
3404 5122 3600 5177 indice
3616 5120 3774 5190 partis
3799 5116 3839 5168 5.

2245 5207 2575 5261 Collectorii.
2612 5206 3025 5263 Proverbiorum
3054 5210 3201 5263 locus
3237 5226 3557 5280 expressus
3586 5225 3693 5278 eSt,
3714 5213 3845 5280 juxta

2249 5301 2540 5355 editionem
2584 5299 2724 5353 LXX
2756 5302 3101 5370 interpretum
3123 5344 3138 5367 ,
3171 5318 3289 5373 qua:
3311 5306 3621 5376 aliquanto
3651 5303 3848 5360 uberior

2245 5401 2328 5445 est
2355 5393 2403 5444 in
2430 5391 2511 5445 his
2541 5391 2721 5445 verbis
2760 5401 2814 5445 et
2861 5394 3174 5461 explicatior
3207 5411 3371 5464 quam
3407 5397 3683 5468 Vulgata.
3718 5389 3851 5462 Apud

2243 5483 2681 5553 Cltrysostomum
2728 5492 2904 5538 autem
2938 5484 3173 5539 homilia
3225 5488 3274 5540 in
3324 5487 3483 5555 psaI.
3541 5503 3575 5543 c
3631 5496 3688 5541 et
3716 5482 3848 5548 alibi,

2244 5576 2454 5643 quando
2473 5576 2585 5628 haec
2601 5576 2761 5628 verba
2795 5577 3001 5642 recitat,
3034 5578 3213 5645 priore
3231 5581 3347 5633 loco
3384 5596 3533 5648 non,
3561 5584 3606 5635 si
3640 5582 3851 5648 sapiens,

2243 5669 2325 5722 ἐὰν
2356 5668 2636 5739 σοφὸς,εθά
2663 5670 2706 5720 si
2729 5668 2888 5721 bonus
2922 5670 3081 5738 fueris
3112 5670 3304 5739 legitur
3326 5672 3388 5724 in
3428 5673 3588 5729 hunc
3616 5674 3851 5728 modum:

2243 5762 2430 5824 Τέκνον,
2484 5763 2569 5816 ἐὰν
2609 5762 2791 5832 ἀγαθὸς
2832 5759 2909 5821 ἧς,
2967 5772 3168 5833 σεαυτῷ
3217 5766 3371 5834 σοφὸς
3425 5764 3559 5839 ἴσῃ,
3618 5770 3707 5822 καί
3759 5768 3859 5819 τοῖς
