3954 6364
182 362 282 420 ’580

847 350 1203 410 VARIORUM
1240 348 1839 408 EXERCITATIONES
1877 350 1945 406 IN
1984 351 2039 407 S.
2084 349 2454 410 AUGUSTINI
2491 352 2741 410 OPERA.

3329 357 3431 414 590

180 475 389 533 πληᾱίον
415 491 533 528 σου.
571 468 697 535 Fili,
729 469 772 522 si
794 468 952 522 bonus
981 468 1160 530 fueris,
1181 465 1268 519 tibi
1304 466 1400 536 ipsi
1427 465 1627 533 sapiens
1657 464 1756 519 eris
1781 474 1836 532 Α
1861 465 2029 519 Roma
2060 464 2296 520 funditus
2319 480 2504 521 eversa
2537 467 2758 536 periisse
2785 464 3071 523 diceretur.
3102 467 3336 524 Titulum
3365 485 3433 527 ex

179 578 222 618 et
250 566 494 634 proximis
539 565 674 627 tuis;
721 563 919 630 reliqua
950 576 1074 613 vero
1111 575 1215 612 nun
1261 559 1586 628 discrepant.
1627 557 1751 612 Sin-

179 674 400 712 uosuus.
435 687 505 696 -—
540 657 723 711 Melior
765 664 846 708 est
877 655 1035 708 lectio
1061 651 1350 722 Augustini
1383 666 1544 719 quam
1583 650 1754 718 Chry-

174 763 398 806 sostomt
423 790 439 816 ,
472 760 526 804 ut
558 749 593 802 li
617 757 725 815 ;uet
753 765 816 802 ex
849 747 1076 801 Hebraeo
1116 756 1264 800 textu
1293 789 1307 811 ,
1357 745 1400 798 si
1444 744 1602 798 modo
1641 743 1756 797 haec

175 843 442 913 posterior
472 843 632 898 lectio
663 841 764 895 dici
792 848 974 910 queat,
1011 854 1115 892 tton
1142 839 1322 892 minus
1343 845 1590 892 accurata
1626 837 1758 890 cita-

175 936 269 997 tio,
298 935 490 1002 quales
517 949 635 1002 qua:
670 948 734 986 ex
768 932 1024 986 memoria
1061 930 1172 984 ﬁeri
1205 929 1398 984 solent.

241 1028 506 1082 Sermone
550 1027 636 1087 «11.
671 1025 722 1078 in
767 1024 922 1077 titulo
952 1039 967 1076 :
998 1019 1182 1074 Fidem
1225 1021 1430 1090 posside
1475 1037 1592 1075 cum
1632 1036 1756 1091 pro-

172 1117 332 1181 :rimo,
376 1117 428 1168 in
470 1122 768 1183 paupertate
788 1109 997 1183 ipsius.]
1029 1111 1166 1166 Huic
1203 1122 1261 1165 ut
1291 1124 1486 1166 caetera
1509 1112 1760 1166 deessent

174 1209 337 1262 fidem
371 1208 562 1261 astruit
586 1214 824 1261 vetustas
871 1204 1194 1274 exemplaris
1220 1247 1235 1272 ,
1279 1203 1421 1274 quod
1474 1206 1758 1258 maximam

172 1299 288 1366 ejus
337 1309 542 1366 partem
595 1297 926 1352 continebat.
979 1296 1202 1364 Reliqua
1255 1295 1476 1350 suffecta
1518 1304 1642 1350 sunt
1692 1309 1758 1350 es

173 1391 368 1444 eodem
400 1389 583 1445 codice
603 1391 660 1444 S.
700 1389 928 1443 Victoris
960 1388 1050 1441 DD
1080 1387 1164 1452 12,
1198 1401 1304 1442 non
1335 1388 1524 1456 prisca:
1547 1387 1758 1457 quidem

174 1483 267 1536 illo
298 1485 506 1548 aetatis,
539 1484 629 1536 sed
671 1482 760 1552 qui
803 1483 1038 1536 omnium
1080 1495 1336 1550 generum
1379 1493 1658 1536 sermones
1699 1481 1758 1536 S.

177 1576 462 1644 Augustini
495 1575 753 1642 plurimos
786 1574 1095 1642 collegerat.
1132 1572 1254 1626 Fuit
1286 1571 1528 1628 etiamin
1558 1580 1707 1642 parte
1727 1573 1761 1626 ὖ

176 1665 482 1718 Collectorii
506 1705 520 1726 ,
551 1676 605 1717 ιιι
634 1665 794 1718 index
825 1664 1082 1717 declarat.
1117 1663 1438 1717 SIRMONDUS.

250 1755 277 1824 §
312 1757 369 1808 5.
414 1753 567 1808 Prior
593 1757 795 1824 quidem
842 1771 962 1825 pars
988 1756 1249 1808 sententia:
1295 1756 1448 1824 hujus
1481 1754 1763 1809 secundum

1855 558 2218 611 vetustissimo
2238 559 2424 612 codice
2451 559 2796 627 ascripsimus
2821 602 2835 625 ,
2869 560 2958 628 qui
2982 561 3120 629 apud
3152 560 3347 615 Bedam
3376 563 3428 616 in

1858 651 2084 720 vulgatis
2103 651 2492 721 exemplaribus
2511 651 2867 718 desideratur,
2885 669 2990 723 quo
3020 656 3140 709 loco
3161 655 3429 710 sermonis

1858 743 2035 812 hujus,
2067 758 2172 797 non
2195 757 2449 812 expresso
2469 743 2585 813 ejus
2606 745 2834 806 nomine,
2870 745 3036 800 verba
3057 745 3422 817 proferuntur.

1857 836 2181 892 SIBMONDUS.
2577 821 2579 824 l
3446 847 3478 863 ⁶

1931 929 1962 1000 §-
1986 930 2040 984 9.
2066 929 2230 984 Roma
2251 931 2353 984 ruit
2383 945 2535 1000 quam
2574 930 2804 984 condidit
2833 929 3130 1003 Romulus]
3175 932 3437 988 Sermone

1855 1025 1928 1080 29
1953 1024 2020 1078 de
2052 1024 2244 1079 Verbis
2273 1023 2484 1078 Domini
2515 1041 2528 1076 :
2558 1023 2832 1078 Transient
2857 1041 2972 1093 qua:
2999 1025 3118 1094 fecit
3139 1025 3251 1094 ipse
3274 1023 3433 1090 Deus,

1857 1125 2050 1184 quanto
2076 1115 2228 1168 citius
2271 1115 2410 1183 quod
2441 1115 2674 1168 condidit
2722 1115 3009 1168 Romulus?
3033 1115 3136 1170 Ubi
3165 1116 3232 1170 de
3272 1115 3439 1170 Roma

1859 1215 2036 1276 capta,
2065 1217 2283 1276 totoque
2310 1208 2411 1261 hoc
2438 1217 2758 1277 argumento
2783 1223 2886 1260 non
2910 1207 3187 1262 dissimilia
3214 1218 3437 1274 tractat;

1860 1309 2019 1364 atque
2051 1299 2246 1352 iterum
2268 1307 2322 1352 et
2358 1298 2411 1352 in
2461 1314 2709 1355 sermone
2758 1299 2859 1354 106
2889 1299 2956 1354 de
2996 1299 3230 1354 Diversis
3253 1311 3354 1365 ,.et
3383 1300 3437 1356 in

1863 1390 1960 1444 lib.
1988 1405 2044 1443 Ill
2073 1389 2141 1444 de
2165 1388 2395 1443 Civitate
2430 1391 2518 1444 Dei
2542 1406 2696 1460 capp.
2741 1392 2806 1446 17
2848 1401 2901 1445 et
2929 1391 3014 1446 18.
3047 1392 3364 1449 Summanus.

1934 1483 2194 1536 Sermone
2224 1482 2312 1536 90.
2343 1481 2418 1536 De
2445 1484 2639 1554 nuptiis
2669 1484 2767 1551 ﬁlii
2800 1483 2994 1556 Regis.]
3027 1484 3102 1539 Ex
3126 1485 3316 1540 eodem
3347 1503 3441 1541 vo-

1865 1575 2068 1629 lumine
2091 1574 2400 1629 Corbeiensi
2432 1590 2495 1628 ex
2531 1574 2917 1644 qroaleriani
2938 1575 3064 1629 olim
3088 1577 3332 1632 homilias
3354 1579 3442 1634 de-

1867 1666 2199 1735 scripsimus.
2229 1665 2334 1720 Sed
2364 1665 2582 1720 mutilus
2607 1674 2740 1729 erat,
2773 1667 2877 1720 line
2904 1667 3108 1721 avulso.
3140 1668 3289 1734 Quod
3318 1683 3443 1739 ergo

1865 1757 2050 1810 deerat
2077 1756 2506 1825 supplementum
2531 1797 2544 1819 ,
2584 1756 2649 1810 ad
2677 1773 2774 1810 nos
2804 1766 2988 1826 postea
3021 1759 3238 1813 missum
3269 1771 3349 1814 est
3377 1776 3442 1815 ex

180 1848 330 1900 istum
361 1846 676 1901 intellectum
696 1847 1016 1916 popularem,
1052 1838 1214 1914 placet
1231 1847 1354 1899 mihi
1371 1861 1390 1909 ;
1411 1847 1659 1915 posterior
1682 1857 1764 1899 ta-
1795 1841 1844 1901 Β
1869 1847 1976 1902 alio
2003 1847 2188 1900 codice
2213 1846 2454 1915 ejusdem
2469 1847 2800 1903 monasterii.
2828 1849 2976 1902 IDEII.

181 1957 290 1992 men
312 1982 327 2005 ,
361 1943 560 2008 fateor,
603 1938 815 2006 offendit
854 1954 930 1990 me
962 1938 1115 2008 (utet
1149 1938 1301 1991 bonis
1328 1937 1444 2006 ejus
1471 1937 1766 2006 perfruaris

185 2032 543 2085 Ecclesiastici
575 2047 703 2085 χχιιι
724 2071 738 2096 ,
777 2030 888 2100 18).
917 2032 978 2085 Si
1005 2032 1138 2085 enim
1164 2041 1431 2102 prapterea
1459 2048 1630 2084 manes
1651 2047 1766 2084 cum

196 2121 354 2177 amico
376 2125 429 2176 in
462 2132 760 2193 paupertate
792 2126 929 2196 ejus,
957 2134 1010 2175 ut
1049 2123 1251 2190 quando
1291 2124 1429 2176 dives
1473 2123 1623 2191 fuerit
1651 2140 1769 2192 per-

207 2219 372 2288 fruaris
419 2217 608 2270 divitiis
639 2220 782 2288 ejus;
821 2215 990 2268 adhuc
1022 2231 1124 2267 non
1148 2216 1409 2278 amicum,
1441 2214 1529 2266 sed
1575 2213 1771 2284 aliquid

203 2312 327 2363 aliud
353 2326 500 2383 amris
528 2311 581 2362 in
611 2309 822 2380 amico.]
871 2308 976 2362 Sed
1013 2309 1227 2374 sapiens
1261 2308 1520 2362 Hebrmus
1547 2324 1653 2361 non
1701 2310 1773 2362 ita

197 2402 426 2469 loquitur
449 2441 465 2466 ,
491 2405 641 2470 quasi
669 2400 798 2454 velit
833 2414 894 2453 ea
925 2399 1037 2453 sola
1081 2400 1148 2454 de
1190 2414 1351 2453 causa
1380 2399 1430 2452 in
1465 2405 1775 2468 paupertate

193 2495 366 2548 amico
395 2493 712 2548 servandam
745 2493 922 2557 ﬁdem,
958 2500 1036 2555 ut,
1069 2493 1113 2545 si
1145 2493 1281 2548 forte
1306 2487 1524 2547 divitias
1553 2503 1777 2560 recupe-

190 2596 291 2650 ret,
343 2587 628 2639 utilitatem
673 2599 740 2637 ex
792 2598 857 2638 eo
903 2583 1206 2649 capiamus;
1247 2598 1430 2638 verum
1460 2583 1507 2637 si
1553 2581 1777 2636 velimus

187 2677 366 2732 amico
397 2676 644 2731 secundis
681 2676 850 2730 utenti
883 2673 1022 2737 frui,
1054 2683 1304 2743 oportere
1335 2691 1435 2729 nos
1457 2675 1507 2728 ei
1537 2672 1692 2728 fidem
1724 2673 1778 2727 in

187 2771 250 2823 ad
261 2770 433 2843 versis
464 2784 706 2824 servare.

261 2862 530 2915 Sermone
579 2862 668 2914 45.
719 2860 791 2914 De
829 2876 887 2913 eo
914 2861 1050 2930 quod
1096 2869 1168 2912 est
1195 2858 1248 2911 in
1289 2855 1431 2910 Isaia
1479 2873 1597 2927 cap.
1641 2871 1778 2922 Lvu,

189 2954 326 3024 etc.]
359 2953 513 3024 Apud
562 2953 859 3007 Possidium
885 2994 900 3016 ,
930 2968 1047 3020 cap.
1078 2951 1110 3006 8
1137 2991 1151 3015 ,
1182 2965 1291 3004 non
1339 2950 1573 3004 auctoris
1603 2949 1778 3017 culpa,

189 3045 290 3100 sed
327 3043 530 3098 librarii
562 3086 576 3110 ,
606 3044 788 3097 titulus
828 3043 913 3098 hic
959 3052 1162 3096 temere
1212 3041 1264 3093 in
1304 3039 1438 3093 duos
1469 3039 1668 3092 divisus
1700 3047 1780 3092 est

192 3136 347 3204 quasi
382 3147 522 3187 unus
569 3148 746 3187 sermo
788 3132 855 3187 de
892 3131 1068 3186 verbis
1105 3129 1256 3183 Isaia:
1285 3169 1299 3194 ,
1341 3128 1476 3182 alter
1505 3128 1572 3182 de
1606 3127 1782 3182 verbis

193 3226 470 3297 Apostoli.
495 3224 816 3280 Smnosnus.

273 3319 303 3389 ς
335 3320 389 3370 7.
421 3317 479 3372 Si
505 3317 734 3378 dixisset,
756 3315 907 3368 crevit
929 3314 1016 3368 ille
1032 3329 1175 3366 mons
1205 3319 1251 3365 et
1282 3310 1507 3380 implevit
1533 3309 1784 3378 Africam,

195 3409 435 3478 nunquid
467 3408 691 3460 dicerent
720 3406 821 3470 illi,
850 3405 953 3458 nisi
993 3405 1113 3472 quia
1142 3419 1260 3471 pars
1297 3403 1482 3455 Donati
1510 3397 1631 3470 est.]
1659 3401 1790 3454 Tra-

197 3509 348 3552 ctatu
400 3501 448 3551 in
474 3499 663 3566 psalm.
711 3511 831 3550 xu:
865 3493 1126 3548 :Locutus
1173 3504 1246 3546 est
1278 3502 1324 3546 et
1354 3493 1546 3544 vocavit
1577 3501 1785 3545 terram.

201 3591 376 3658 Quam
413 3591 637 3642 terram?
681 3589 759 3640 Au
788 3589 917 3659 forte
946 3588 1198 3656 Africam,
1229 3594 1438 3656 prapter
1466 3599 1548 3636 eos
1586 3583 1672 3652 qui
1711 3582 1792 3634 di-

199 3692 361 3747 cunt,
393 3681 623 3736 Ecclesia
652 3678 841 3734 Christi
866 3695 984 3751 pars
1023 3678 1212 3732 Donati
1237 3687 1330 3730 est.
1364 3674 1681 3739 Donatista,
1711 3674 1793 3727 lti-

199 3776 404 3829 m'xunt
448 3773 743 3828 Ecclesiam
785 3771 1118 3826 inmunibus
1149 3768 1332 3822 mundi
1376 3767 1612 3836 partibus
1651 3781 1795 3820 com-

202 3865 464 3918 munione
515 3863 832 3917 traditurum
875 3864 1193 3915 exstinctam
1220 3899 1234 3923 ,
1264 3859 1403 3928 apud
1441 3873 1498 3912 se
1533 3858 1585 3910 in
1615 3858 1795 3910 Africa

202 3955 321 4010 sola
353 3956 679 4009 remansisse
706 3953 1027 4007 delirahant.
1053 3949 1381 4020 Augustinus
1405 3950 1545 4002 idem
1569 3948 1797 4016 epistola

205 4049 317 4102 165
356 4049 422 4101 ad
452 4045 777 4100 Generosam
818 4062 831 4098 :
892 4043 993 4097 Vos
1030 4044 1196 4096 dicitis
1242 4051 1448 4110 propter
1488 4040 1793 4103 traditores,

206 4155 338 4210 quos
371 4154 471 4190 non
500 4138 794 4203 ostenditis,
822 4136 1126 4188 remansisse
1159 4131 1441 4186 Ecclesium
1479 4132 1701 4196 Christi,
1743 4131 1798 4184 in

209 4231 326 4283 sola
364 4229 542 4298 Africa
584 4230 740 4295 partis
792 4227 1003 4279 Donati.
1045 4225 1193 4290 Quod
1221 4241 1324 4276 non
1353 4224 1416 4277 de
1444 4222 1575 4293 lege,
1602 4239 1703 4275 non
1735 4221 1799 4275 de

211 4321 510 4389 praphetis,
543 4335 642 4371 non
688 4320 750 4370 de
783 4317 990 4370 Psalmo
1011 4356 1026 4380 ,
1068 4333 1167 4368 non
1198 4315 1260 4368 de
1295 4313 1570 4385 Apostolo,
1603 4329 1702 4365 non
1735 4312 1798 4366 de

216 4413 528 4482 Evangelia;
561 4409 650 4464 sed
678 4409 740 4463 de
787 4409 938 4462 corde
970 4418 1128 4461 vestro
1151 4418 1193 4460 et
1217 4409 1278 4458 de
1309 4416 1578 4474 parentum
1598 4414 1800 4459 uestro-

213 4521 333 4558 rum
386 4504 656 4556 ralumniis
696 4502 941 4554 recitatis.
987 4500 1186 4554 Eodem
1229 4514 1411 4553 rursus
1449 4497 1695 4552 alludens
1743 4495 1798 4573 in

1941 1939 2248 2008 Carthagine
2267 1940 2321 1991 in
2335 1938 2630 2010 Restitula.]
2645 1939 2719 1994 De
2737 1941 2951 1995 basilica
2973 1940 3227 2016 Restitute
3249 1942 3446 1998 dictum

1855 2029 2046 2084 .estrad
2076 2044 2379 2084 sermonem
2405 2030 2492 2083 19.
2523 2030 2580 2083 In
2607 2031 2790 2085 eadem
2823 2031 3061 2086 habitum
3087 2035 3245 2088 etiam
3283 2035 3448 2090 fuisse

1873 2135 2175 2174 sermonem
2206 2120 2307 2174 102
2329 2120 2397 2174 de
2420 2121 2671 2186 Diversis,
2698 2121 2896 2176 indicat
2920 2125 3213 2194 inscriptio.
3240 2125 3451 2180 Tertius

1873 2220 2134 2280 praeterea
2161 2210 2228 2265 de
2259 2211 2496 2265 Diversis
2514 2255 2527 2278 ,
2548 2213 2636 2279 qui
2665 2221 2750 2266 est
2777 2213 2844 2267 de
2867 2213 3045 2268 verbis
3065 2217 3286 2282 psalmi:
3320 2215 3452 2270 Con-

1876 2303 2086 2368 [itemini
2118 2300 2338 2355 Domino
2364 2303 2604 2371 quoniam
2631 2304 2791 2356 bonus
2813 2344 2826 2366 ,
2851 2313 2906 2358 et
2927 2313 3184 2359 tractatus
3222 2306 3272 2359 in
3318 2307 3454 2376 psal-

1879 2407 2021 2444 mum
2074 2407 2158 2446 LV.
2202 2392 2295 2446 Ille
2326 2392 2378 2446 in
2424 2392 2609 2446 codice
2634 2395 2690 2447 S.
2723 2393 3006 2458 Germani,
3049 2396 3134 2451 hic
3165 2398 3216 2449 in
3249 2408 3454 2465 nostro,

1879 2484 2195 2553 Carthagine
2222 2484 2386 2538 habiti
2410 2485 2676 2549 dicuntur,
2699 2486 2749 2539 in
2783 2487 3001 2541 basilica
3033 2489 3319 2543 Restituta.
3353 2491 3458 2544 Ne-

1878 2592 1983 2645 que
2009 2578 2058 2640 in
2107 2577 2202 2631 hac
2233 2578 2441 2645 solum,
2491 2593 2611 2648 qua:
2649 2581 2898 2648 primaria
2927 2589 3077 2647 erat,
3125 2582 3220 2637 sed
3250 2584 3303 2638 in
3338 2584 3458 2638 aliis

1880 2670 2036 2723 etiam
2069 2670 2575 2740 Carthaginensibus
2598 2673 2832 2728 basilicis
2861 2673 3026 2727 habiti
3055 2675 3121 2727 ab
3154 2689 3221 2729 eo
3253 2691 3458 2730 sermo-

1884 2775 1977 2814 nes
2001 2774 2367 2815 memorantur
2391 2807 2405 2829 ,
2451 2773 2506 2816 ut
2535 2765 2586 2816 in
2621 2764 2837 2818 basilica
2881 2764 3059 2819 Fausti
3091 2766 3156 2818 12
3185 2775 3237 2820 et
3268 2766 3370 2819 122
3393 2767 3460 2822 de
3535 2748 3538 2752 1

1887 2854 2152 2915 Diversis,
2204 2856 2254 2907 in
2284 2854 2501 2908 basilica
2541 2856 2832 2909 Leontiana
2866 2856 2927 2910 11
2964 2846 3042 2910 ’(18
3090 2857 3358 2926 Diversis,
3407 2861 3460 2916 in

1887 2946 2105 3000 basilica
2133 2945 2395 3001 Celerinm
2427 2947 2531 3003 195
2553 2947 2622 3003 de
2650 2948 2948 3018 Tempore,
2972 2951 3020 3002 in
3047 2951 3264 3005 basilica
3291 2951 3463 3005 Nova-

1885 3053 2004 3092 rum
2027 3039 2129 3094 110
2155 3039 2222 3093 de
2235 3039 2518 3108 Tempore,
2539 3039 2597 3094 in
2615 3040 2832 3095 basilica
2862 3041 3002 3096 Petri
3029 3043 3266 3112 regionis
3293 3046 3463 3098 tertias

1887 3131 1988 3185 251
2019 3131 2085 3185 de
2112 3131 2378 3200 Tempore
2397 3172 2412 3195 ,
2447 3132 2499 3184 in
2527 3131 2743 3187 basilica
2775 3132 2920 3186 Pauli
2946 3133 3180 3202 regionis
3209 3143 3374 3188 sexta:
3395 3135 3464 3190 24

1812 3212 1860 3279 C
1889 3223 1955 3277 de
1979 3223 2262 3290 Tempore.
2296 3223 2444 3278 lusu.

1963 3317 2220 3370 Sermone
2251 3315 2384 3381 115,
2416 3314 2443 3385 §
2484 3314 2538 3366 2.
2585 3313 2816 3368 Primum
2861 3314 2988 3380 quid
3027 3323 3103 3369 est
3128 3316 3467 3370 mammona?

1906 3408 2120 3462 Verbum
2160 3416 2234 3462 est
2278 3409 2414 3462 enim
2453 3408 2590 3476 quod
2633 3407 2873 3461 Latinum
2907 3423 3009 3462 non
3052 3417 3146 3463 est.
3197 3407 3470 3463 Hebrwum

1889 3499 2094 3552 uerbum
2123 3508 2194 3552 est
2240 3506 2511 3567 cognatum
2543 3497 2731 3568 linguw
2762 3498 2995 3552 Punica}.
3031 3498 3158 3553 Isim
3193 3501 3327 3554 enim
3374 3503 3471 3553 lin-

1891 3606 2003 3658 gua:
2047 3590 2143 3642 sibi
2187 3589 2577 3660 signiﬁcationis
2624 3590 2849 3658 quadam
2893 3591 3150 3644 uicinitate
3187 3592 3470 3646 sociantur.

1898 3680 2048 3748 Quod
2070 3680 2252 3734 Punici
2301 3681 2474 3733 dicunt
2503 3696 2778 3734 mamma-rs
2802 3679 2983 3734 Latine
3009 3682 3215 3736 lucrum
3243 3694 3471 3737 vocatur.

1900 3771 2049 3837 Quod
2075 3771 2125 3823 Η
2131 3770 2282 3824 ει)γωὶ
2311 3771 2486 3824 dicunt
2515 3785 2818 3825 mammona
2849 3771 3029 3826 Latine
3054 3772 3258 3827 divitiae
3284 3788 3475 3826 uocan-

1897 3872 1997 3916 tur.
2034 3863 2164 3917 Vide
2207 3871 2320 3915 not.
2365 3863 2418 3916 in
2461 3862 2553 3915 lib.
2586 3878 2661 3916 vn
2696 3865 3060 3928 Qtwstionum
3112 3865 3165 3918 in
3197 3865 3477 3934 Heptateu-

1897 3954 2054 4006 chum
2077 3991 2101 4016 ,.
2125 3964 2314 4022 quiest.
2345 3953 2412 4006 16
2437 3993 2450 4016 ,
2494 3953 2579 4006 ubi
2610 3954 2802 4006 similia
2857 3953 3016 4008 habe’t
3047 3957 3376 4024 Augustinus
3410 3957 3478 4012 de

1897 4043 2077 4112 lingua
2110 4043 2335 4106 Punica;
2367 4057 2485 4111 qua:
2502 4058 2607 4110 quo
2634 4042 2962 4110 frequentius
2995 4044 3251 4113 legimus,
3277 4061 3343 4100 eo
3369 4061 3480 4099 ma<

1896 4135 1977 4203 gis
2001 4142 2214 4187 movent
2235 4133 2370 4188 iram
2392 4143 2631 4187 nostram
2656 4134 2708 4187 in
2731 4133 3016 4188 Poenorum
3041 4137 3364 4198 socordiam,
3389 4138 3481 4206 qui

1898 4241 2015 4278 eam
2040 4226 2272 4294 linguam
2302 4227 2419 4278 sine
2440 4239 2538 4278 usu
2561 4225 2780 4278 interire
2801 4225 2941 4293 passi
2972 4235 3116 4293 sunt,
3140 4225 3266 4281 dum
3295 4238 3373 4281 tot
3395 4228 3482 4282 fri-

1899 4316 2048 4385 gidas
2078 4326 2130 4369 et
2158 4315 2354 4369 nullius
2381 4314 2538 4383 pretii
2564 4313 2808 4369 homilias
2836 4315 3054 4371 Latinas
3095 4319 3484 4375 exscriberent.

1973 4408 2232 4463 Sermone
2253 4406 2378 4461 118.
2406 4405 2484 4460 De
2503 4406 2692 4460 eisdem
2722 4406 2884 4460 verbis
2915 4410 3234 4478 euangelista:
3256 4409 3414 4465 Joan.
3439 4429 3476 4478 ι,

1902 4495 2029 4568 etc.]
2053 4495 2220 4570 Hujus
2240 4497 2403 4550 etiam
2433 4496 2651 4550 unicum
2670 4495 2902 4552 vidimus
2927 4499 3204 4566 exemplar
3229 4501 3290 4553 inx
3303 4502 3486 4559 codice

216 4595 409 4664 psalm.
442 4610 526 4647 xxI
559 4611 572 4645 :
604 4591 670 4645 In
695 4593 831 4646 omni
855 4592 966 4644 loco
997 4590 1194 4643 Paulus
1221 4590 1343 4642 dicit
1373 4588 1559 4641 bonum
1588 4588 1796 4642 odorem
1822 4579 1878 4641 Ῑ)
1901 4593 1959 4648 S.
1992 4591 2224 4645 Victoris
2249 4591 2337 4645 DD
2369 4590 2456 4644 12.
2497 4588 2602 4644 Sed
2639 4590 2911 4658 designari
2942 4593 3152 4646 videtur
3185 4609 3214 4644 a
3244 4594 3486 4649 Possidio

216 4703 332 4740 esse
367 4701 536 4738 omnes
567 4684 742 4752 ﬁdeles
767 4698 786 4747 ;
818 4690 866 4735 et
895 4681 1259 4733 contradicitur
1287 4690 1334 4733 et
1373 4680 1599 4732 dicitur:
1626 4679 1802 4748 Africa

207 4776 341 4828 sola
371 4776 490 4829 bene
513 4778 632 4840 olet,
660 4783 793 4827 totus
815 4774 1037 4826 mundus
1064 4782 1226 4843 putet.
1258 4771 1580 4827 Stnuosnus.

303 4869 430 4923 Ibid.
458 4869 546 4924 Sic
575 4869 901 4937 Augustinus
918 4880 1011 4920 eos
1033 4867 1321 4934 alloquitur
1347 4864 1375 4936 §
1405 4864 1460 4930 8,
1487 4865 1576 4935 qui
1604 4862 1806 4918 vellent

221 4960 439 5030 quidem
468 4976 688 5030 peccare
728 4961 774 5014 si
808 4969 919 5013 tuto
949 4959 1061 5013 ﬁeri
1088 4968 1301 5028 posset,
1326 4959 1422 5013 sed
1451 4969 1667 5028 propter
1692 4973 1806 5027 pte-

224 5067 354 5104 nam
404 5061 456 5106 et
504 5051 776 5105 infamiam
811 5067 912 5102 non
945 5050 1143 5104 audent
1180 5067 1193 5101 :
1243 5047 1421 5101 Libido
1449 5049 1621 5114 ardet,
1651 5049 1802 5100 timor

227 5152 442 5194 reuocat.
479 5141 616 5208 Quid
664 5143 844 5194 times?
881 5141 1098 5194 inveniri
1145 5151 1191 5193 et
1229 5141 1484 5205 damnari,
1519 5141 1732 5193 inveniri
1757 5149 1805 5194 et

233 5231 569 5304 expompari.]
610 5231 722 5286 Hoc
750 5241 832 5285 est
853 5272 867 5295 ,
898 5230 1141 5284 infamari
1168 5268 1185 5294 ,
1213 5229 1474 5284 conviciis
1503 5229 1762 5298 exagitari
1787 5268 1804 5296 ,

240 5331 299 5373 ut
325 5322 532 5375 verbum
559 5321 800 5375 Griecum
829 5321 1179 5394 πομπεύεσθαι
1199 5363 1213 5387 ,
1240 5320 1306 5372 de
1335 5335 1438 5387 quo
1467 5319 1587 5372 vide
1613 5319 1804 5372 Henri-

242 5425 357 5463 cum
381 5411 703 5480 Stephanum
735 5411 786 5463 in
815 5409 1088 5464 Thesauro
1117 5406 1541 5477 litigumGrmcm.
1573 5408 1723 5463 Adde
1751 5417 1808 5463 et

233 5501 706 5566 *Harpocrationem
753 5503 803 5554 in
842 5501 1064 5555 vocibus
1090 5501 1346 5574 πομπείας
1384 5504 1468 5554 καὶ
1505 5504 1802 5572 πομπεύειν.

315 5593 564 5650 Sermone
607 5597 694 5650 81.
740 5593 817 5649 De
861 5595 1019 5647 verbis
1071 5593 1337 5664 Evangelii
1385 5592 1570 5647 Matth.
1632 5592 1804 5666 xvm.]

255 5684 458 5741 Habitus
496 5702 638 5742 anno
673 5687 872 5742 Christi
922 5687 1066 5753 610,
1117 5697 1238 5757 post
1281 5687 1468 5741 urbem
1516 5696 1725 5757 captam
1771 5703 1803 5742 a

255 5774 421 5836 Gothis
442 5821 457 5846 ,
485 5796 606 5836 cum
634 5780 795 5836 allato
837 5783 890 5835 in
924 5781 1148 5836 Africam
1200 5780 1317 5849 ejus
1355 5782 1522 5836 cladis
1573 5782 1760 5837 nuntio
1786 5822 1800 5848 ,

1907 4685 2126 4740 indiculi
2156 4699 2276 4752 cap.
2305 4686 2362 4750 5,
2387 4697 2509 4738 cum
2535 4683 2673 4736 inter
2693 4697 2754 4736 ea
2783 4697 2904 4751 quae
2924 4685 3250 4754 Augustinus
3277 4687 3490 4754 scripsit

1909 4777 2166 4831 adversus
2214 4775 2448 4830 Arianos
2486 4783 2767 4829 tractatum
2812 4787 3059 4830 numerat
3105 4775 3174 4830 In
3226 4776 3489 4847 Principio

1909 4879 2016 4923 erat
2058 4867 2296 4921 Verbum.
2327 4867 2420 4922 Est
2449 4877 2708 4936 prmterea
2735 4868 2808 4921 de.
2833 4867 3068 4922 Diversis
3107 4883 3288 4923 sermo
3315 4869 3400 4923 14-
3419 4871 3488 4925 de

1912 4957 2099 5012 iisdem
2149 4956 2322 5012 verbis
2373 4955 2594 5012 Genesis
2628 4965 2682 5010 et
2737 4957 2980 5022 Joannis,
3021 4958 3284 5012 adversus
3324 4961 3492 5014 Mani-

1914 5047 2092 5101 i-haaos
2115 5088 2134 5114 ,
2181 5047 2335 5117 cujus
2364 5047 2491 5102 item
2529 5047 2774 5104 meminit
2803 5046 3080 5104 Possidius
3104 5064 3222 5118 cap.
3274 5050 3329 5106 2.
3372 5051 3493 5106 Stn-
3591 5067 3594 5070 ’

1912 5153 2012 5194 IION
2022 5153 2136 5192 DUS.

1985 5230 2012 5300 §
2045 5232 2094 5283 1.
2125 5229 2188 5284 Si
2241 5245 2345 5284 non
2397 5239 2538 5298 potes
2577 5228 2890 5302 intelligere,
2935 5230 3081 5284 crede
3119 5241 3174 5284 ut
3217 5232 3494 5302 intelligas.

1917 5321 2166 5376 Prwcedit
2190 5323 2344 5389 ﬁdes,
2382 5325 2608 5393 sequitur
2637 5322 2948 5386 intellectus,
2985 5325 3226 5386 quoniam
3246 5329 3497 5396 propheta

1914 5417 2038 5470 dicit
2068 5433 2088 5471 :
2123 5419 2228 5473 Nisi
2257 5418 2589 5472 credideritis
2610 5457 2626 5481 ,
2659 5441 2666 5462 ε
2692 5431 2762 5470 on
2796 5416 3144 5488 intelligetis]
3175 5418 3282 5474 Hoc
3306 5419 3494 5474 eodem

1919 5509 2038 5562 loco
2069 5524 2375 5564 sermonem
2407 5507 2606 5564 claudit
2633 5548 2648 5571 ,
2681 5509 2750 5563 de
2773 5522 2877 5576 quo
2909 5507 3032 5563 vide
3060 5518 3239 5564 notata
3270 5511 3335 5564 ad
3364 5525 3498 5580 opus

1918 5600 1982 5654 de
2010 5600 2202 5654 Libero
2225 5600 2460 5654 Arbitrio
2491 5600 2584 5653 lib.
2608 5616 2624 5652 ι
2651 5641 2665 5664 ,
2688 5615 2808 5668 cap.
2833 5599 2896 5655 2.

1991 5691 2252 5745 Sermone
2294 5691 2418 5746 125.
2461 5691 2538 5745 De
2562 5692 2779 5759 quinque
2809 5690 3139 5763 porticibu-s.]
3169 5693 3322 5750 Hunc
3347 5694 3500 5749 nobis

1912 5785 2265 5853 suppeditavit
2293 5787 2459 5840 codex
2492 5786 2547 5842 S.
2577 5785 2837 5840 Vincentii
2868 5785 3143 5842 Metensis.
3182 5787 3334 5853 Quod
3373 5801 3501 5842 vero
