3954 6364
522 293 621 353 591

1407 280 1966 341 SUPPLEMENTUM
2004 281 2096 339 A’D
2133 280 2365 340 OPERA
2405 282 2463 339 S.
2505 281 2896 340 AUGUSTINI.
3667 290 3742 354 59!

522 408 575 464 in
607 403 870 461 sermonis
894 401 1114 459 exordio
1140 400 1215 455 ait
1240 398 1567 469 Augustinus
1592 436 1608 461 ,
1636 397 1703 451 de
1729 396 1918 450 eodem
1947 397 2095 466 capi-
2126 406 2179 465 Α
2277 398 2541 452 Sermone
2580 397 2706 451 944.
2743 395 2808 450 In
2846 395 3023 450 diebus
3058 397 3391 465 paschalibus
3416 396 3527 471 15.]
3556 399 3745 465 [labetur

520 500 632 554 tulo
655 497 922 567 Evangelii
952 511 1010 550 se
1037 494 1147 564 jam
1181 494 1414 546 locutum
1442 529 1457 555 ,
1488 503 1790 544 sermonem
1817 528 1834 555 ,
1863 488 2061 558 opinor
2081 528 2097 555 ,

519 592 692 649 inuuit
718 590 787 646 42
813 590 880 643 de
910 588 1100 642 Verbis
1146 584 1374 650 Domini,
1412 582 1499 653 qui
1548 580 1891 647 inscribitur,
1926 579 2003 633 De
2022 580 2100 633 in-

518 687 667 754 ﬁrmo
686 687 892 757 jacente
919 680 985 733 ad
1006 679 1277 748 piscinam.
1308 675 1413 732 Sed
1444 675 1613 730 nostri
1635 673 1839 729 diserte
1856 671 2101 727 meminit

458 820 465 825 .
518 778 811 834 PosSidius.
844 773 1171 830 Sinuouuus.

592 867 619 937 §
665 867 717 920 7.
776 864 843 918 In
890 860 1301 933 quadragenario
1350 874 1560 914 numera
1590 856 1858 926 completio
1880 856 2100 928 justitiae

516 956 813 1033 ﬁguratum]
844 955 1092 1011 Pluribus
1116 969 1227 1009 rem
1264 961 1480 1008 enarrat
1510 950 1537 1022 §
1568 951 1624 1008 9.
1649 949 1787 1004 Dixit
1817 948 1916 1003 hac
1935 948 2011 1014 de
2039 963 2100 1004 re

418 1066 423 1069 λ
516 1064 569 1108 et
599 1053 736 1107 libro
779 1066 817 1105 ιι
847 1050 914 1104 de
943 1047 1193 1103 Doctrina
1245 1047 1570 1112 Christiana,
1599 1044 1626 1115 ς
1653 1043 1723 1099 25
1744 1084 1759 1109 ,
1786 1042 1886 1115 {ubi
1909 1043 2099 1113 [tamen

516 1158 624 1199 non
674 1152 779 1197 tam
832 1140 1054 1211 iustitiae
1100 1137 1539 1206 completionem,
1582 1149 1739 1205 quam
1770 1134 1931 1188 vitam
1964 1135 2102 1189 banc

517 1247 872 1291 aerumnosam
913 1233 1312 1301 interpretatur.
1336 1228 1471 1284 Vide
1498 1243 1617 1299 quas
1646 1228 1718 1282 ibi
1745 1227 2031 1282 diximus.l

589 1330 850 1384 Sermone
890 1326 1012 1380 140.
1055 1324 1241 1379 Contra
1280 1324 1540 1390 quoddam
1585 1323 1778 1375 dictum
1824 1320 2101 1375 Maximini

517 1421 825 1475 Arianorum
844 1414 1071 1484 episcopi
1094 1455 1109 1480 ,
1131 1414 1219 1481 qui
1248 1429 1362 1467 cum
1399 1412 1690 1484 Segisvulto
1713 1409 1895 1465 comite
1916 1411 2103 1464 consti-

420 1547 426 1557 ι
521 1521 659 1567 tutus
707 1510 760 1562 in
802 1507 981 1578 Africa
1006 1502 1435 1578 blasphemabat.]
1462 1502 1821 1573 Segisvultum
1849 1503 2099 1558 comitem

520 1602 755 1668 Prosper
775 1598 827 1652 in
851 1597 1122 1652 Chronico
1147 1603 1331 1650 narrat
1355 1594 1408 1649 in
1436 1593 1671 1650 Africam
1690 1594 1909 1648 missum
1939 1593 2104 1648 fuisse

520 1700 706 1748 contra
736 1688 1063 1744 Bonifacium
1086 1728 1100 1752 ,
1144 1686 1325 1741 Hierio
1354 1696 1409 1740 et
1443 1685 1721 1741 Ardabure
1756 1683 2099 1748 consulibus,

2205 491 2257 544 in
2291 490 2477 545 codice
2514 490 2685 560 Regio
2709 500 2862 561 parte
2904 490 2938 544 ‘3.
2981 489 3295 546 Collectorii
3337 501 3394 547 et
3436 492 3488 547 in
3518 492 3747 558 Victorino

2204 580 2294 636 DD
2318 581 2403 636 12.
2599 633 2608 642 .

2276 673 2303 744 §
2331 674 2387 728 4.
2412 673 2664 729 Procedat
2694 675 2949 740 Arianus;
2978 676 3121 747 prius
3155 677 3402 749 procedat
3430 676 3749 740 Photinianus.

2204 766 2587 839 Respondemus
2632 768 2966 837 Photiniano,
3015 767 3146 841 etc.]
3201 771 3365 840 Apud
3410 771 3623 841 Bedam,
3661 791 3753 834 cum

2204 860 2319 917 haec
2348 862 2510 917 verba
2542 863 2709 929 citat,
2752 864 2803 918 in
2829 863 3124 933 Epistolam
3161 863 3235 917 ad
3268 863 3637 932 Philippenses
3662 861 3783 940 θερί

2201 969 2260 1016 ιι.
2292 954 2394 1007 alia
2425 954 2666 1023 quaedam
2699 955 2903 1009 intexta
2933 956 3203 1025 leguntur,
3238 955 3350 1011 hoc
3377 956 3538 1011 modo
3564 975 3579 1012 :
3602 977 3620 1011 ι
3654 958 3757 1016 Pro-

2203 1046 2346 1097 cedat
2389 1045 2612 1098 Arianus
2635 1086 2651 1112 ,
2684 1047 2827 1114 prius
2867 1048 3108 1117 procedat
3138 1046 3519 1104 Photinianus.
3548 1050 3757 1113 llaaretici

2203 1137 2293 1206 qui
2328 1136 2632 1205 Dominum,
2660 1138 2760 1191 nisi
2787 1137 3079 1204 hominem,
3116 1140 3344 1193 omnino
3376 1154 3487 1193 non
3514 1156 3758 1212 noverunt,

2203 1228 2665 1284 Homunciouistm
2711 1228 2965 1283 dicuntur
3013 1229 3102 1284 isti
3154 1230 3439 1295 hmretici;
3488 1232 3761 1291 homuncio.

2204 1322 2382 1388 nistze,
2432 1323 2556 1392 quia
2595 1338 2703 1378 non
2735 1331 3001 1377 noverunt
3022 1322 3300 1377 Christum
3322 1364 3338 1389 ,
3369 1324 3475 1378 nisi
3504 1323 3757 1385 hominem.

2204 1413 2647 1483 Respondebimus
2679 1414 2987 1468 Photiniano
3014 1456 3030 1482 ,
3078 1424 3183 1469 etc.
3224 1434 3245 1467 ι
3282 1414 3422 1483 Quae
3447 1417 3609 1469 verba
3632 1458 3644 1482 ,
3667 1432 3760 1475 cum

2204 1506 2384 1561 absint
2437 1521 2465 1560 a
2513 1506 2931 1577 manuscriptis,
2971 1506 3267 1562 omittenda
3312 1508 3432 1561 visa
3482 1518 3620 1563 sunt.
3672 1510 3759 1565 Sui-

2204 1613 2408 1653 IIONDUS
2419 1638 2430 1651 .

2280 1690 2307 1760 §
2337 1690 2392 1744 2.
2423 1689 2500 1745 De
2529 1690 2710 1745 verbis
2736 1690 2934 1746 Christi
2962 1692 3121 1747 Joan.
3154 1708 3247 1746 xx.
3286 1692 3358 1746 i7
3385 1708 3401 1746 :
3430 1692 3558 1747 Noli
3583 1711 3656 1750 me
3676 1706 3759 1751 tan-

522 1785 623 1839 boc
651 1794 734 1840 est
759 1797 901 1837 auno
914 1780 1110 1837 Christi
1128 1779 1254 1834 427.
1279 1779 1411 1834 Cum
1430 1792 1497 1833 eo
1519 1779 1736 1833 venisse
1756 1777 2100 1831 Maximinum
2131 1795 2182 1858 Β
2206 1799 2342 1854 gere,
2358 1782 2585 1836 nondum
2597 1779 2731 1837 enim
2745 1784 2954 1838 ascendi
2974 1785 3042 1837 ad
3064 1784 3277 1838 Patrem
3292 1801 3493 1852 meum,
3520 1797 3756 1857 postquam

520 1878 827 1948 episcopum
858 1873 1184 1928 Maximinus
1210 1871 1327 1940 ipse
1355 1870 1656 1939 proﬁtetur,
1679 1868 1832 1923 initio
1860 1868 2104 1922 collatio-

520 1972 605 2027 nis
634 1984 790 2041 quam
840 1966 1085 2036 Hippone
1125 1963 1310 2018 habuit
1335 1977 1475 2032 ,cum
1507 1962 1565 2019 S.
1596 1960 1920 2032 Augustino.
1953 1958 2101 2031 Ego,

521 2063 728 2132 inquit,
762 2061 815 2113 in
852 2057 985 2111 hanc
1024 2056 1277 2111 ciuitatem
1320 2054 1506 2108 missus
1552 2070 1583 2105 a
1613 2053 1792 2107 comite
1819 2050 2106 2122 Segisvulto

523 2156 625 2226 (sic
645 2156 785 2209 enim
810 2151 1092 2221 legendum
1121 2148 1249 2220 est),
1280 2144 1709 2213 contemplatione
1738 2145 1883 2215 pacis
1904 2144 2103 2198 adveni.

524 2249 727 2304 Praeter
765 2243 1106 2300 collationem
1150 2249 1328 2295 autem
1360 2248 1414 2294 et
1436 2238 1603 2292 libros
1634 2237 1769 2292 duos
1797 2245 1915 2304 post
1942 2234 2108 2289 colla-

525 2339 724 2394 tionem
766 2344 953 2391 contra
994 2332 1340 2389 Maximinum
1385 2330 1613 2398 scriptos
1638 2370 1653 2394 ,
1700 2329 1791 2397 qui
1835 2325 2107 2380 collationi

531 2435 690 2501 vulgo
731 2429 1008 2485 adhaerent
1034 2468 1049 2491 ,
1084 2440 1205 2480 cum
1235 2422 1440 2493 sejungi
1472 2422 1538 2476 ab
1568 2422 1634 2476 iis
1663 2420 1932 2485 debeant,
1975 2418 2111 2473 scri-

530 2533 713 2596 pserat
739 2522 901 2579 etiam
953 2519 1285 2591 Augustinus
1311 2516 1589 2588 epistolam
1638 2513 1991 2585 dogmaticam
2036 2512 2103 2566 ad

528 2618 878 2674 Maximinum
896 2653 912 2679 ,
944 2613 1098 2683 cujus
1121 2611 1235 2668 sola
1264 2609 1467 2665 mentio
1496 2615 1741 2679 superest
1762 2606 1899 2677 apud
1931 2604 2111 2660 Possi-

527 2710 696 2776 dium,
728 2723 870 2763 nunc
896 2706 1040 2763 enim
1070 2720 1177 2760 non
1206 2712 1401 2760 exstat.
1434 2703 1755 2757 SIRIO‘NDUS.

600 2800 863 2856 Sermone
887 2796 1011 2862 167',
1045 2794 1145 2866 §4.
1177 2794 1511 2848 Proverbium
1534 2804 1709 2846 notum
1738 2799 1811 2845 est
1833 2789 2109 2857 Punicum,

529 2892 664 2963 quod
701 2891 904 2963 quidem
948 2889 1127 2943 Latine
1167 2888 1305 2941 vobis
1348 2888 1553 2951 dicam,
1596 2886 1718 2956 quia
1768 2884 1964 2938 Punice
2010 2900 2114 2937 non

530 3004 700 3043 omnes
725 2985 908 3041 nostis.
926 2982 1183 3037 Punicum
1204 2984 1339 3037 enim
1367 2981 1689 3053 prouerbium
1710 2990 1784 3034 est
1810 2982 2077 3049 antiquum
2094 2994 2113 3032 :

529 3080 764 3137 Nouum
790 3092 1000 3142 QUAtltlT
1026 3089 1395 3139 aususausus,
1428 3087 1561 3127 nuos
1595 3087 1697 3127 lLLl
1726 3088 1816 3139 ns,
1848 3087 1916 3125 ur
1948 3086 2115 3124 uucxr

2208 1873 2537 1944 quaaStiones
2563 1874 2846 1944 proposuit
2867 1890 2998 1941 quas
3034 1874 3203 1931 ferme
3230 1875 3339 1930 sibi
3387 1877 3685 1933 insolubiles
3708 1882 3759 1934 [λι

2209 1974 2351 2020 tetur
2373 2006 2389 2034 ,
2432 1965 2504 2019 ita
2535 1965 2709 2036 pergit
2740 1984 2753 2019 :
2786 1966 3005 2035 Adjuvet
3049 1983 3128 2020 me
3162 1966 3423 2021 Dominus
3460 1979 3514 2021 ut
3553 1970 3761 2035 solvatur;

2208 2056 2295 2125 qui
2338 2056 2582 2126 dignatus
2617 2064 2689 2109 est
2734 2072 2845 2109 eam
2873 2071 3157 2127 praponere
3180 2096 3196 2122 ,
3248 2059 3501 2129 dignetur
3534 2076 3760 2130 exponere.

2215 2148 2368 2202 Orate
2404 2165 2599 2202 mecum
2636 2148 2908 2216 eﬂ'ectum;
2950 2149 3018 2201 ad
3061 2165 3140 2203 me
3182 2166 3370 2213 aures,
3405 2151 3474 2202 ad
3504 2151 3644 2203 illum
3682 2169 3762 2206 cor.

2214 2240 2365 2303 Quod
2390 2240 2517 2293 mihi
2540 2256 2812 2311 suggerere
2824 2240 3067 2310 dignatur
3092 2242 3490 2296 communicabo
3503 2244 3647 2310 vobis,
3662 2244 3762 2315 etc.]

2212 2331 2271 2385 Si
2304 2331 2435 2385 nihil
2465 2333 2633 2400 parati
2663 2331 2824 2385 domo
2852 2331 3106 2387 attulerat
3144 2332 3285 2388 hanc
3322 2334 3379 2387 in
3411 2350 3525 2389 rem
3556 2335 3765 2405 Augusti-

2214 2440 2315 2479 nus
2340 2466 2356 2491 ,
2389 2436 2591 2480 temere
2632 2439 2764 2481 sane
2804 2426 2968 2480 Deum
3002 2426 3176 2481 oravit
3212 2426 3269 2481 in
3304 2428 3429 2496 ipso
3474 2440 3703 2500 suggestu
3725 2442 3765 2486 ut

2214 2520 2317 2575 sibi
2350 2534 2413 2573 ex
2447 2529 2684 2588 tempore
2702 2518 2993 2573 verborum
3015 2517 3216 2574 Christi
3257 2519 3585 2575 sententiam
3615 2537 3765 2591 sugge-

2215 2620 2380 2665 reret.
2412 2610 2481 2664 lis
2516 2609 2856 2679 pulsantibus
2884 2625 2991 2664 non
3014 2611 3188 2678 aperit
3216 2610 3397 2677 Deus,
3425 2612 3538 2681 qui,
3566 2614 3765 2683 exceptis

2216 2702 2281 2757 iis
2310 2704 2398 2771 qui
2449 2702 2764 2772 pmphetico
2808 2702 2998 2773 spiritu
3031 2702 3100 2756 ab
3138 2717 3205 2757 eo
3252 2703 3553 2769 donantur,
3583 2714 3766 2758 ceteros

2218 2795 2347 2850 nihil
2372 2797 2555 2861 docet;
2582 2795 2680 2850 nisi
2697 2795 2936 2851 laborem
2963 2806 3018 2851 et
3040 2796 3402 2852 intentionem
3420 2798 3601 2864 animi,
3621 2798 3765 2867 quales

2216 2904 2314 2959 par
2343 2898 2425 2943 est
2451 2889 2730 2955 adhiberi,
2761 2890 2813 2943 in
2844 2905 2904 2945 re
2929 2890 3077 2959 gravi
3105 2905 3168 2944 ac
3200 2891 3368 2956 seria,
3404 2906 3529 2948 cum
3560 2890 3765 2960 precibus

2219 2982 2611 3051 conjunxerint.
2639 2983 2835 3039 Sivero
2859 2984 2970 3053 jam
2999 2984 3291 3040 meditatus
3311 2994 3432 3040 erat
3453 2985 3590 3055 quod
3617 2994 3764 3055 postes

2222 3074 2386 3141 dicit,
2416 3075 2749 3130 histrioniam
2777 3116 2792 3143 ,
2825 3076 2871 3130 si
2898 3076 2969 3130 ita
2998 3076 3142 3146 loqui
3173 3076 3253 3131 l‘as
3274 3086 3360 3133 est
3386 3122 3400 3146 ,
3431 3076 3568 3148 apud
3594 3076 3766 3147 plebem

532 3169 662 3254 δεῖ]
708 3168 938 3238 Sapiens
980 3180 1110 3221 sane
1156 3163 1518 3235 proverbium,
1566 3172 1620 3217 et
1670 3162 1811 3232 quod
1854 3161 2022 3231 possit
2061 3163 2113 3215 in

2225 3169 2618 3239 Hipponensem
2666 3170 2829 3238 fecit,
2864 3184 2985 3225 cum
3029 3172 3103 3225 ita
3150 3170 3401 3241 loquatur
3445 3171 3591 3240 quasi
3630 3170 3766 3224 subita

532 3252 686 3318 nobis
708 3259 1027 3315 Punicorum
1055 3256 1315 3312 librorum
1346 3255 1638 3309 vehemens
1665 3252 1990 3308 desiderium
2021 3266 2117 3307 ex-

474 3412 479 3418 _
535 3358 735 3421 citare;
768 3367 902 3424 quos
932 3353 1131 3406 utinam
1156 3351 1303 3405 hisce
1323 3349 1635 3404 tractatibus
1661 3361 1943 3417 possemus
1968 3346 2115 3424 redi-

535 3449 711 3527 mere!
751 3422 1012 3500 ll'ehraice
1052 3441 1254 3498 dixeris
1289 3458 1300 3493 :
1339 3425 1393 3499 1")
1427 3448 1493 3527 in
1530 3450 1642 3499 "mn
1678 3449 1790 3525 γῆῠὲ
1839 3447 1952 3497 ’ΊΞἾ
1991 3422 2116 3497 53w

592 3546 689 3597 ῗΠἺῚ
730 3544 897 3596 D’JW.

527 3622 868 3703 ,ﬂSermone
914 3628 1036 3683 118.
1092 3625 1168 3680 De
1200 3624 1363 3680 Versu
1415 3623 1600 3693 psalmi
1625 3622 1734 3695 cv.]
1783 3623 1927 3678 Hanc
1975 3622 2117 3678 tituli

536 3714 742 3793 partem
787 3719 889 3790 ipsi
935 3716 1264 3787 adiecimus,
1296 3732 1419 3771 cum
1467 3717 1520 3772 in
1557 3715 1779 3786 antiquo
1824 3716 2117 3784 exemplari

537 3812 677 3869 nuda
703 3821 759 3866 et
804 3811 923 3866 sine
958 3810 1193 3865 auctoris
1223 3809 1438 3864 nomine
1477 3816 1623 3862 esset
1668 3805 1988 3876 inscriptio:
2023 3804 2120 3860 Die

538 3904 871 3960 colendarum
896 3900 1159 3956 Januarii.
1194 3900 1456 3970 Congruit
1482 3908 1661 3954 autem
1696 3913 1818 3968 pars
1855 3906 2116 3968 utraque;

541 4015 663 4054 nam
692 4004 912 4052 et-totus
950 4005 1036 4050 est
1069 4004 1258 4050 auctor
1286 3996 1340 4049 in
1365 3993 1654 4063 arguendis
1682 3993 1798 4060 ejus
1826 3991 1932 4046 diei
1958 4005 2121 4061 paga-

541 4091 625 4146 nis
653 4090 839 4144 ritibus
864 4132 880 4158 ,
912 4096 968 4143 et
993 4086 1210 4143 Davidis
1250 4086 1413 4143 verba
1461 4086 1515 4141 in
1557 4101 1673 4140 eam
1705 4100 1819 4141 rem
1844 4085 2122 4155 eleganter

542 4182 929 4239 accommodat.
955 4180 1031 4234 De
1059 4180 1247 4235 iisdem
1283 4177 1523 4235 calendis
1547 4176 1805 4242 Januarii,
1834 4192 1949 4247 quae
1975 4178 2121 4231 varia

544 4273 778 4346 gentium
828 4271 1209 4342 superstitione
1245 4270 1645 4341 polluebantur,
1701 4276 1877 4323 exstat
1921 4266 2121 4323 Asterii

546 4366 793 4425 Atinasea:
858 4364 1136 4434 episcopi,
1203 4378 1361 4435 quem
1428 4377 1587 4433 supra
1659 4361 1915 4426 laudavi,
1981 4361 2123 4433 λόγος

546 4459 873 4535 κωτηγορικός
924 4467 1014 4520 τῆς
1063 4458 1243 4531 ἑορτῆς
1288 4464 1385 4512 τῶν
1437 4454 1710 4511 καλανδῶν.
1762 4454 1907 4511 Petri
1959 4454 2121 4508 etiam

2218 3262 2559 3330 suggestione
2586 3262 2677 3317 Dei
2704 3262 2999 3332 accepisset
3028 3262 3264 3316 difficilis
3286 3262 3394 3317 loci
3418 3262 3769 3331 interpretatio-

2218 3369 2365 3408 nem.
2389 3353 2493 3408 Sed
2529 3363 2705 3408 utrum
2737 3353 2891 3408 malis
2910 3395 2924 3418 ,
2958 3353 3180 3421 perinde
3209 3362 3328 3419 est;
3358 3368 3480 3408 nam
3509 3368 3541 3407 a
3563 3351 3665 3406 Deo
3690 3365 3770 3403 non

2218 3458 2300 3503 est
2329 3447 2573 3517 proiecto
2621 3447 2905 3501 exauditus
2942 3447 3311 3517 Augustinus,
3358 3447 3449 3515 qui
3476 3454 3671 3515 tangere
3709 3441 3772 3495 hic

2219 3542 2599 3609 interpretatur
2621 3539 2875 3611 credere,
2890 3548 2946 3594 et
2974 3540 3047 3593 ita
3075 3553 3290 3594 sensum
3330 3537 3436 3592 loci
3462 3536 3649 3591 evolvit
3674 3533 3769 3605 §5z

2223 3632 2359 3697 Quid
2389 3647 2510 3701 ergo
2535 3630 2630 3685 sibi
2655 3629 2763 3684 vult
2788 3645 2806 3683 :
2836 3629 2953 3684 Noli
2999 3646 3087 3685 me
3115 3640 3372 3699 tangere,
3410 3628 3636 3683 nondum
3660 3623 3769 3680 enim

2218 3722 2435 3778 ascendi
2482 3721 2546 3776 ad
2590 3722 2802 3777 Patrem
2852 3725 3067 3776 meum?
3100 3722 3251 3786 Quod
3295 3738 3383 3777 me
3427 3721 3565 3774 vides
3600 3720 3684 3770 hoc
3714 3728 3773 3766 me

2220 3827 2370 3887 putas
2386 3832 2405 3870 :
2428 3818 2662 3870 nondum
2679 3814 2895 3871 ascendi
2918 3815 2985 3869 ad
3003 3815 3215 3870 Patrem
3234 3816 3523 3881 ;hominem
3544 3828 3626 3866 me
3645 3808 3769 3870 rides,

2222 3912 2475 3965 hominem
2518 3918 2703 3978 putas;
2743 3924 2854 3961 sum
2893 3908 3096 3977 quidem
3125 3908 3312 3974 homo,
3348 3908 3439 3961 sed
3474 3922 3572 3960 non
3604 3903 3676 3955 hic
3702 3907 3772 3953 stet

2223 4004 2349 4072 ﬁdes
2379 4013 2487 4056 tua.
2517 4001 2643 4055 Noli
2671 4017 2750 4054 me
2771 4002 2843 4053 sic
2871 4009 3078 4071 tangere
3100 4010 3154 4053 ut
3187 4000 3445 4054 hominem
3467 3991 3772 4051 tantummodo

2222 4095 2418 4149 credas.
2471 4093 2714 4148 Nondum
2760 4094 2902 4148 enim
2953 4093 3169 4148 ascendi
3223 4094 3290 4147 ad
3342 4093 3553 4148 Patrem
3606 4101 3768 4142 meum.

2225 4186 2453 4239 Ascendo
2483 4184 2551 4238 ad
2585 4183 2793 4237 Patrem
2838 4200 3004 4237 meum
3031 4192 3078 4237 et
3123 4192 3275 4253 tange
3312 4199 3439 4247 me;
3472 4182 3521 4236 id
3550 4188 3651 4243 est,
3676 4191 3770 4245 pro-

2224 4279 2339 4347 ﬁce,
2370 4276 2598 4348 intellige
2619 4292 2697 4329 me
2722 4277 2971 4345 wqualem
2996 4274 3181 4339 Patri,
3202 4285 3248 4329 et
3279 4284 3405 4329 tunc
3430 4284 3579 4345 tange
3604 4278 3644 4325 et
3664 4266 3772 4322 salva

2224 4371 2343 4421 eris.
2376 4368 2874 4437 lnterpretationem
2920 4366 3137 4421 homine
3184 4367 3345 4437 paulo
3386 4365 3629 4436 peritior‘e
3653 4372 3771 4427 pror-

2227 4476 2320 4516 sus
2338 4461 2608 4531 indignam
2629 4475 2660 4514 a
2679 4460 2791 4515 Deo
2812 4466 3115 4529 suggestam
3137 4474 3244 4513 non
3264 4459 3429 4513 fuisse
3452 4456 3599 4511 facile
3623 4460 3774 4507 omnes

546 4551 859 4625 Chrysologi
879 4565 1060 4606 sermo
1084 4550 1208 4614 155,
1239 4559 1294 4605 et
1320 4548 1529 4604 Maximi
1561 4543 1868 4603 Taurinatis
1895 4548 1979 4601 ιο.
2012 4544 2118 4603 Sed
2148 4554 2198 4614 Β
2225 4555 2558 4623 intelligunt;
2607 4564 2661 4608 et
2702 4563 2987 4623 antequam
3032 4568 3150 4608 eam
3184 4552 3453 4621 proferret
3475 4590 3491 4614 ,
3533 4549 3686 4602 lassus
3710 4549 3773 4594 εει

547 4656 601 4703 et
626 4646 952 4716 Augustinus
981 4654 1166 4697 noster
1200 4643 1267 4697 de
1312 4642 1549 4696 Diversis
1586 4655 1836 4696 sermone
1876 4640 1944 4695 59
1976 4654 1988 4691 :
2022 4637 2145 4692 Ca-y

548 4739 709 4794 lendte
738 4780 751 4803 ,
776 4736 981 4805 inquit,
1023 4735 1264 4788 Januarii
1286 4745 1509 4789 ventura:
1530 4741 1668 4789 sunt.
1704 4733 1983 4787 Christiani
2006 4734 2129 4787 estis

548 4849 758 4896 omnes;
791 4831 899 4885 Deo
919 4830 1140 4901 prapitio
1163 4868 1179 4894 ,
1205 4828 1497 4881 Christiana
1526 4838 1599 4880 est
1618 4827 1817 4880 civitas.
1852 4825 1973 4878 Non
2001 4826 2129 4894 ﬁant

549 4924 640 4980 illa
665 4939 780 4995 qua:
804 4923 909 4976 odit
934 4919 1096 4974 Deus.
1123 4918 1225 4973 Per
1249 4925 1417 4972 lusum
1437 4920 1698 4987 iniquitas,
1722 4933 1813 4988 per
1832 4918 2007 4987 jocum
2031 4916 2128 4969 im-

550 5016 795 5087 probitas.
832 5012 954 5068 Non
991 5013 1084 5065 sibi
1119 5012 1311 5081 faciant
1339 5010 1568 5064 homines
1585 5009 1814 5080 judices,
1838 5023 1901 5061 ne
1923 5007 2129 5061 veniant

550 5111 604 5162 in
630 5122 809 5160 manus
849 5105 953 5159 veri
996 5103 1219 5157 Iudicis.
1246 5102 1462 5158 Judices
1482 5142 1496 5167 ,
1528 5100 1806 5165 videlicet,
1840 5100 2129 5168 magistra-

552 5210 763 5270 tusque,
792 5199 933 5253 inter
962 5197 1069 5251 alia
1094 5196 1209 5266 ejus
1224 5196 1332 5251 diei
1359 5195 1583 5260 ludicra,
1616 5194 1965 5265 efﬁngebant.
1987 5193 2127 5260 Quin

552 5306 607 5349 et
636 5294 767 5349 deos
794 5293 957 5347 etiam
980 5307 1127 5358 suos,
1150 5302 1210 5347 ut
1235 5291 1599 5363 Chrysologus
1625 5291 1802 5357 docet,
1832 5305 2131 5361 represen-

556 5389 738 5442 tabant
763 5395 819 5441 et
842 5386 1082 5441 ludibriis
1116 5386 1460 5441 inlamabant.
1495 5387 1815 5441 SIRIIONDUS.

628 5478 657 5550 ᾗ
699 5478 754 5533 5.
801 5476 1068 5531 Haemonia
1096 5477 1411 5533 delectantur
1444 5478 1655 5532 canticis
1687 5478 1954 5542 vanitatis,
1992 5476 2133 5531 dele-

557 5582 758 5628 ctantur
786 5573 1053 5644 nugatoria
1099 5569 1416 5639 spectaculo,
1447 5579 1496 5624 et
1541 5570 1937 5638 turpitudinibus
1982 5570 2137 5624 variis

559 5664 892 5729 theatrorum,
931 5661 1062 5733 etc.]
1103 5662 1487 5733 Copiosissime
1513 5662 1613 5717 hac
1640 5662 1709 5717 de
1734 5677 1792 5717 re
1820 5663 1931 5731 egit
1956 5664 2135 5742 Augu-

560 5756 734 5811 stinus
761 5752 829 5810 de
851 5751 1076 5808 Civitate
1104 5751 1198 5807 Dei
1230 5752 1323 5809 lib.
1347 5768 1403 5819 ιι,
1434 5768 1553 5824 cap.
1576 5752 1611 5808 8
1635 5762 1690 5809 et
1718 5767 1867 5825 seqq.

2230 4645 2559 4716 Augustinus
2583 4644 2729 4699 hisce
2757 4645 2937 4698 verbis
2962 4660 3081 4714 quae
3109 4643 3137 4715 §
3161 4645 3197 4698 2
3219 4644 3463 4713 proxime
3491 4642 3767 4704 sequuntur.

2229 4752 2288 4792 ea
2320 4753 2438 4808 qua:
2468 4735 2619 4791 initio
2655 4736 2927 4790 attulimus
2958 4752 2973 4791 :
3010 4736 3113 4802 Qui
3140 4736 3321 4788 melius
3350 4730 3601 4802 intelligit,
3629 4725 3771 4776 doceat

2229 4846 2345 4895 me;
2367 4830 2441 4883 sic
2458 4829 2637 4883 doctor
2658 4844 2789 4893 sum,
2809 4836 2864 4881 ut
2888 4827 3130 4881 indocilis
3152 4844 3254 4879 non
3277 4828 3393 4880 sim.
3418 4825 3561 4885 Hinc,
3578 4813 3767 4886 ianiCS.

2235 4920 2467 4976 hominis
2496 4929 2621 4976 sunt
2661 4920 2910 4975 modesti.
2940 4918 3153 4974 Fateor.
3191 4918 3300 4973 Sed
3340 4912 3561 4973 modesti
3591 4923 3683 4963 non
3708 4908 3769 4957 est

2236 5013 2416 5069 dicere
2444 5028 2475 5067 a
2517 5015 2626 5067 Deo
2665 5013 2760 5068 tibi
2788 5025 3013 5067 ea‘esse
3043 5020 3289 5082 suggesta
3317 5052 3333 5077 ,
3364 5009 3552 5081 quibus
3588 4999 3769 5057 meliol’a

2237 5105 2445 5159 discere
2462 5115 2676 5173 paratus
2699 5105 2794 5159 sis.
2812 5104 2928 5159 Jam
2954 5104 3085 5157 alibi
3110 5104 3491 5175 ἐνθουσιασμὸν,
3518 5108 3609 5152 nec
3623 5098 3768 5146 secum

2238 5198 2368 5251 satis
2396 5196 2845 5261 consentientem,
2882 5194 3175 5249 redolentia
3213 5194 3530 5247 notavimus.

2312 5291 2571 5346 Sermone
2590 5290 2718 5354 256,
2744 5290 2847 5360 §2.
2865 5288 3100 5343 Conversi
3124 5289 3192 5341 ad
3215 5280 3526 5352 Dominum]
3548 5266 3768 5333 Solemnis

2243 5387 2479 5456 precatio
2502 5400 2602 5455 qua
2635 5399 2909 5438 sermones
2933 5398 3060 5438 suos
3086 5381 3339 5437 claudere
3374 5376 3570 5434 solebat
3591 5369 3762 5456 Αυευξ·

2244 5480 2407 5534 tinus.
2447 5478 2575 5547 Ejus
2605 5477 2657 5530 in
2704 5476 2874 5530 veteri
2905 5475 3095 5530 codice
3134 5475 3303 5543 prima
3335 5479 3527 5527 tantum
3555 5458 3693 5516 verba
3715 5449 3766 5504 de

2244 5586 2396 5625 more
2422 5570 2755 5639 legebantur.
2799 5551 3005 5623 Caetera
3032 5568 3302 5637 descripta
3330 5569 3454 5621 sunt
3473 5574 3533 5614 ex
3561 5554 3763 5639 sermone

2245 5665 2314 5717 50
2338 5663 2406 5717 de
2429 5636 2619 5717 verbis
2648 5661 2881 5717 Domini.
2922 5662 3027 5716 Sed
3070 5662 3332 5715 incertum
3361 5659 3593 5714 istamne,
3621 5645 3664 5697 in
3687 5636 3763 5691 hoc

2244 5769 2493 5812 sermone
2540 5762 2729 5810 nostro
2764 5752 3080 5825 usurparit,
3117 5767 3185 5809 an
3232 5752 3448 5807 alteram
3493 5735 3758 5799 breviorem
