3954 6364
171 359 270 421 593

844 366 1194 424 VARIORUM
1235 366 1835 428 EXERCITATIONES
1872 370 1939 428 IN
1978 371 2035 427 S.
2076 371 2444 429 AUGUSTl‘NI
2484 372 2733 428 OPERA.

3340 376 3449 435 391

170 482 333 555 qualis
356 491 441 539 est
468 498 521 537 tn
558 496 811 539 sermone
835 483 930 539 {21
960 484 1027 540 de
1068 485 1327 551 Diversis,
1378 485 1429 539 in
1462 486 1603 539 hunc
1635 501 1749 540 mo-
1774 490 1827 547 Α
1926 486 1953 557 §
1989 488 2042 542 5.
2076 488 2431 555 Quadraginta
2470 490 2578 544 dies
2617 499 2799 557 quater
2836 489 3019 543 habent
3060 505 3250 546 aecem.
3295 493 3448 547 Com-

170 579 325 633 dum:
369 576 606 631 Conversi
652 578 720 630 ad
757 576 1034 631 Dominum
1074 579 1245 649 ipsum
1291 580 1620 649 deprecemur
1655 594 1750 647 pro

172 672 327 734 nobis,
351 680 399 723 et
427 688 520 741 pro
547 672 685 724 omni
707 670 849 743 plebe
871 688 965 725 sua
983 711 998 735 ,
1023 680 1226 725 astante
1255 671 1515 726 nobiscum
1542 672 1595 723 in
1622 671 1754 724 atrio

170 764 341 817 domus
368 778 508 826 sua;
530 779 682 826 quant
706 764 961 817 custodire
983 772 1346 834 protegereque
1374 764 1636 834 dignetur,
1663 779 1753 833 per

168 855 339 910 Iesum
365 853 565 909 Filium
580 858 692 923 eius
711 897 726 921 ,
755 855 1036 911 Dominum
1060 867 1312 924 nostrum,
1335 857 1421 925 qui
1451 872 1568 909 cum
1595 871 1654 909 eo
1682 856 1755 909 vi-

169 950 235 1003 vit
270 957 315 1003 et
342 957 519 1018 regnat
542 950 596 1002 in
626 950 815 1003 stecula
843 951 1175 1003 surculorum.
1204 951 1388 1003 Amen.
1426 948 1749 1003 SIRIIONDUS.

235 1043 495 1099 Sermone
522 1042 644 1109 159,
681 1043 707 1113 §
736 1042 791 1098 2.
824 1044 1077 1116 Regnabit
1105 1045 1241 1096 enim
1267 1042 1519 1096 Dominus
1543 1042 1597 1094 in
1620 1051 1757 1094 terra

166 1152 277 1188 cum
301 1136 491 1189 sanctis
515 1136 654 1199 suis,
685 1135 816 1189 sicut
838 1136 1009 1188 dicunt
1037 1133 1321 1205 Scriptum
1340 1173 1355 1198 ,
1380 1141 1428 1186 et
1456 1130 1655 1185 habebit
1674 1130 1759 1184 hic

166 1225 466 1293 Ecclesium,
500 1243 600 1295 quo
628 1226 801 1281 nullus
831 1228 999 1281 malus
1022 1228 1267 1292 intrabit,
1288 1236 1580 1297 separatam
1607 1233 1760 1295 atque

165 1330 430 1388 purgatam
460 1321 522 1372 ab
556 1319 697 1373 omni
737 1320 1038 1389 contagione
1070 1318 1342 1386 nequitite;
1370 1333 1525 1386 quam
1551 1316 1759 1387 signi/i-

162 1422 275 1466 cant
302 1425 503 1467 centum
518 1414 894 1484 quinquaginta
914 1422 1012 1465 tres
1032 1411 1113 1465 illi
1137 1412 1303 1483 pisces
1331 1410 1393 1463 de
1420 1409 1601 1479 quibus
1616 1412 1753 1481 jam,

157 1514 410 1573 quantum
442 1505 649 1558 memini
675 1546 689 1570 ,
720 1502 999 1574 aliquando
1029 1500 1409 1571 tractavimus.]
1435 1500 1703 1556 Sermone
1725 1502 1761 1556 4

157 1606 209 1650 et
237 1597 273 1651 5
301 1595 373 1651 de
396 1594 663 1662 Diversis,
688 1603 743 1649 et
770 1610 1019 1650 sermone
1041 1594 1111 1647 22
1136 1594 1216 1665 (in
1247 1593 1347 1649 hac
1377 1594 1615 1648 editione
1630 1593 1761 1662 370)

154 1685 224 1740 de
254 1687 477 1741 nostris.
507 1686 612 1743 Sed
643 1686 761 1741 aliis
787 1695 1048 1757 praeterea
1076 1686 1210 1740 locis
1242 1686 1571 1754 Augustinus
1591 1725 1605 1749 ,
1639 1700 1760 1738 cum

155 1780 209 1833 in
234 1780 554 1835 tractatibus
580 1820 595 1845 ,
634 1788 746 1835 tum
777 1782 829 1833 in
864 1778 983 1834 aliis
1035 1778 1185 1833 libris
1227 1779 1341 1833 suis
1363 1819 1377 1844 ,
1411 1778 1461 1832 in
1489 1777 1589 1831 hoc
1620 1790 1764 1845 saepe

1859 581 2132 633 mendatur
2173 582 2271 634 hoc
2300 599 2531 646 numero,
2569 593 2815 653 quantum
2859 583 2987 636 mihi
3016 585 3237 651 videtur,
3273 602 3450 640 sacra-

1857 682 2100 727 mentum.
2142 673 2391 728 Homines
2438 676 2570 728 enim
2614 676 2901 729 [nominibus
2945 678 3203 748 loquimur
3231 686 3279 731 et
3318 690 3451 732 recte

1861 766 2254 835 Scripturarum
2282 778 2581 823 tractatores
2612 770 2848 835 dicimur,
2876 787 2979 824 non
3017 782 3310 825 nostrarum
3342 775 3453 839 opie

1858 859 2071 912 nionum
2086 859 2466 931 a/ﬁrmatores.]
2482 859 2574 915 llle
2589 860 2804 915 demum
2822 863 2942 931 jure
2958 874 3037 917 est
3062 862 3454 936 Scripturarum

1861 959 2126 1014 tractator,
2167 950 2259 1020 qui
2295 952 2405 1021 agit
2440 950 2507 1005 de
2539 966 2597 1006 re
2628 968 2746 1020 qua:
2772 953 2889 1007 sine
2923 953 3088 1007 dubio
3126 954 3356 1011 habetur
3400 957 3453 1012 in

1865 1039 2173 1110 Scriptura;
2204 1056 2309 1095 non
2338 1043 2428 1112 qui
2455 1041 2752 1099 levissimas
2776 1053 2830 1098 et
2859 1044 3192 1101 {utilissimas
3216 1063 3455 1118 quasque

1863 1132 2203 1202 conjecturas
2250 1148 2347 1202 pro
2390 1134 2586 1190 divinis
2641 1136 2914 1202 mysteriis
2958 1138 3233 1195 venditat.
3275 1140 3454 1209 qualia

1864 1235 1989 1279 sunt
2018 1226 2133 1280 haec
2165 1240 2361 1280 arcana
2400 1226 2771 1291 arithmetica,
2808 1243 2924 1298 qua;
2966 1244 3055 1298 qm
3085 1230 3323 1285 allirniat
3362 1228 3457 1284 ille

1864 1333 1991 1373 suas
2039 1319 2280 1388 proiecto
2321 1321 2605 1389 opiniones
2653 1323 2906 1377 attirmat.
2955 1324 3138 1378 Sensit
3189 1319 3297 1376 hoc
3342 1338 3456 1391 ipse

1865 1413 2232 1483 Augustinus,
2278 1423 2335 1469 ut
2385 1415 2552 1484 liquet
2595 1430 2664 1469 ex
2713 1414 2860 1469 hisce
2903 1413 3189 1468 Platonicis
3243 1414 3453 1481 verbis,

1870 1508 2099 1561 homines
2126 1508 2258 1560 enim
2282 1508 2567 1563 hominibus
2598 1509 2876 1575 loquimur,
2926 1506 3029 1562 hoc
3064 1518 3147 1561 est
3170 1547 3185 1572 ,
3232 1521 3329 1561 nos
3367 1506 3458 1577 qui

1868 1598 2251 1652 verisimilibus
2281 1599 2528 1653 ducimur
2548 1599 2778 1653 dicimus
2807 1597 2949 1669 apud
2978 1612 3074 1651 eos
3100 1598 3295 1667 quibus
3319 1598 3459 1652 veri-

1870 1691 2161 1745 similitndo
2183 1690 2464 1756 satisfacit,
2494 1690 2707 1761 quando
2736 1691 2853 1760 ipsa
2877 1689 3073 1745 veritas
3100 1690 3326 1743 inveniri
3352 1704 3458 1742 non

1869 1793 2061 1853 potest.
2114 1784 2203 1837 Sic
2234 1783 2375 1837 enim
2415 1783 2651 1838 Timaeus
2689 1784 2827 1850 apud
2872 1783 3145 1837 Platonem
3174 1798 3188 1833 :
3219 1785 3331 1837 Ἐὰν
3363 1780 3461 1859 ἄρα

153 1871 280 1925 lusit
313 1880 665 1941 argumento,
697 1882 754 1925 ut
782 1872 1097 1926 ostenderet
1135 1884 1360 1924 numero
1406 1871 1625 1938 piscium
1659 1868 1764 1922 155

1886 1875 2081 1935 ιηδενός
2104 1873 2253 1936 ἧττον
2274 1878 2627 1950 παριχὼμεθα
2648 1876 2859 1939 εἰκότας,
2886 1877 3092 1948 ἀγαπᾷν
3116 1879 3245 1950 χρὴ.
3270 1896 3432 1945 μεμνη
3460 1916 3463 1925 .

153 1967 245 2034 qui
276 1976 403 2034 post
426 1965 877 2020 resurrectionem
905 1965 1044 2034 capti
1074 1972 1203 2018 sunt
1242 1962 1309 2015 ad
1343 1977 1491 2015 mare
1520 1961 1762 2016 Tiberia-

157 2059 275 2125 dis,
312 2045 597 2115 numerum
629 2070 935 2114 sanctorum
968 2058 1020 2112 in
1064 2064 1270 2111 aeterna
1303 2056 1409 2109 vita
1444 2054 1759 2125 signiﬁcari.

168 2152 433 2208 Luserunt
472 2163 529 2207 et
570 2152 743 2208 Graeci
782 2152 969 2213 Patres
1018 2149 1288 2205 interdum
1324 2190 1339 2215 ,
1381 2159 1439 2201 ut
1473 2148 1763 2218 Gregorius

180 2245 655 2301 Tauromenitanus
691 2247 994 2315 episcOpus,
1030 2246 1143 2315 qui,
1195 2256 1449 2297 sermone
1480 2241 1546 2295 10
1574 2256 1761 2295 eorum

175 2355 299 2409 quos
354 2341 538 2395 ἑωθινά
589 2338 898 2408 inscripsit,
942 2340 1243 2394 Rebeccani
1285 2347 1567 2406 pr0pterca
1609 2335 1766 2387 docet

171 2432 424 2488 Ecclesia:
448 2442 632 2504 typum
661 2441 1110 2501 repraesentasse,
1137 2431 1277 2501 quod
1302 2430 1497 2484 litterm
1530 2427 1764 2481 nominis

177 2525 427 2581 Rebecca:
451 2568 467 2592 ,
499 2527 547 2581 si
578 2525 644 2580 ad
672 2526 911 2580 calculos
943 2536 1262 2580 revocentur
1287 2567 1303 2589 ,
1338 2538 1619 2578 numerum
1646 2521 1767 2576 red-

180 2619 303 2673 dant
324 2619 560 2688 piscibus
578 2620 681 2675 155
702 2635 903 2689 parem.
926 2632 976 2674 ‘ll
998 2628 1119 2693 γοῦν
1141 2621 1362 2674 Ῥεϐέκκα
1376 2624 1465 2677 τὴν
1476 2618 1769 2676 Ἐκκλησίαν

185 2714 380 2778 ιίκόνιζι
402 2717 741 2787 συναφθεῖσαν
761 2723 968 2790 Χριστῷ
1000 2713 1083 2769 διὰ
1113 2714 1498 2789 βαπτίσματος.
1535 2720 1642 2766 Τῶν
1668 2713 1766 2784 γὰρ

189 2808 447 2879 στοιχείων
473 2816 568 2868 τῆς
609 2807 871 2867 Ῥεϐέκκας
902 2807 1139 2877 ὀνόματος
1179 2811 1249 2865 εἰς
1288 2806 1482 2878 ψήφους
1508 2805 1770 2875 μεταλαμ-

192 2898 477 2968 ϐανομὲνων,
526 2905 670 2973 τρεῖς
723 2902 806 2951 καὶ
855 2901 1166 2955 πεντήκοντα
1211 2900 1294 2950 καὶ
1342 2897 1513 2951 ἑκατὸν
1558 2893 1770 2966 μονάδες

193 2991 610 3061 συναχθήσονται,
637 2987 790 3049 ὅσους
814 2992 1038 3048 καὶτοὺς
1060 2989 1399 3063 ἀγρευθέντας
1420 2988 1577 3055 ἰχθῦς·
1604 2986 1772 3061 εὑρίσ-

194 3099 365 3153 κομενε
400 3081 628 3136 Rebecca
656 3082 812 3153 igitur
849 3080 1019 3150 imago
1061 3089 1169 3133 erat
1210 3078 1455 3132 Ecclesia:
1485 3078 1774 3147 conjunctae

193 3174 383 3229 Christo
404 3192 493 3246 per
515 3176 803 3245 baptisma;
832 3173 1018 3227 litteris
1048 3174 1185 3228 enim
1214 3173 1439 3226 nominis
1458 3171 1696 3225 Rebecca:
1718 3171 1773 3224 in

1870 1970 2012 2037 μένον
2044 1970 2111 2028 ὡς
2140 1966 2165 2021 ὁ
2192 1968 2375 2041 λέγων,
2421 1972 2559 2037 ὑμεῖς
2587 1988 2640 2019 τε
2686 1968 2733 2020 οἱ
2772 1969 2939 2039 κριταὶ
2980 1968 3129 2035 φύσιν
3158 1968 3463 2043 ἁνθρὼττινσν

1867 2059 2079 2133 ἔχομεν’
2110 2063 2241 2115 ὥστε
2272 2064 2389 2139 περὶ
2424 2062 2617 2115 τούτων
2646 2060 2729 2114 τὸν
2761 2061 2929 2113 εἰκότα
2958 2061 3111 2130 μῦθον
3140 2056 3465 2129 ἀπθδεχομὸ

1867 2175 2007 2220 νους,
2040 2154 2223 2225 πρέπει
2246 2150 2400 2222 μηδὲν
2432 2150 2513 2206 ἔτι
2534 2154 2670 2225 πέρα
2692 2155 2856 2213 ζητεῖν
2881 2163 2901 2201 :
2926 2148 2988 2202 Si
3013 2160 3144 2202 certe
3176 2164 3275 2199 non
3299 2148 3466 2200 minus

1870 2247 2172 2299 verisimiles
2195 2262 2351 2314 quam
2378 2245 2797 2314 quisquamalius
2822 2242 3103 2313 (rationes)
3130 2240 3466 2308 prwbeanms,

1870 2348 2163 2391 contentum
2193 2347 2241 2391 te
2281 2354 2390 2392 esse
2419 2348 2648 2407 Oportet,
2682 2352 2953 2389 memorem
2983 2344 3029 2388 et
3076 2352 3153 2387 nte
3194 2337 3282 2405 qui
3322 2336 3467 2401 dico,

1869 2440 1919 2483 et
1965 2447 2051 2483 vos
2098 2430 2185 2500 qui
2226 2430 2343 2483 estis
2380 2431 2618 2500 judices,
2658 2427 2935 2481 humanam
2986 2427 3170 2481 habere
3208 2437 3467 2480 naturam.

1872 2523 2060 2594 Itaque
2082 2524 2127 2577 si
2148 2524 2210 2577 de
2232 2525 2369 2578 hisce
2392 2523 2716 2576 verisimilem
2734 2521 2967 2593 fabulam
2992 2522 3305 2591 acceperitis,
3333 2523 3470 2576 decet

1873 2633 1962 2670 vos
1991 2616 2121 2669 nihil
2151 2617 2375 2685 amplius
2398 2632 2645 2684 quaerere.

1950 2710 1977 2779 §
2014 2711 2062 2762 7.
2101 2707 2209 2761 Iste
2250 2724 2493 2763 numerus
2526 2708 2678 2778 (155)
2710 2717 2950 2779 tanquam
2989 2711 3143 2763 arbor
3183 2726 3212 2762 a
3254 2712 3472 2779 quodam

1875 2802 2068 2857 semine
2093 2801 2290 2855 videtur
2331 2817 2669 2867 succrescere,
2703 2817 2872 2855 semen
2906 2812 3074 2855 autem
3112 2803 3264 2873 hujus
3304 2805 3474 2874 magni

1878 2895 2077 2948 numeri
2114 2894 2327 2963 quidam
2362 2894 2531 2946 minor
2562 2909 2802 2946 numerus
2831 2904 2936 2959 est,
2968 2895 3059 2965 qui
3101 2902 3173 2947 est
3218 2898 3386 2949 decem
3428 2903 3476 2947 et

1878 2984 2113 3058 septem.]
2141 2985 2571 3041 Fundamentum
2605 2985 2841 3055 appellat
2862 2999 3116 3041 sermone
3144 2984 3177 3037 4
3198 2986 3265 3039 de
3291 2986 3477 3039 Diver-

1882 3082 1988 3145 sis,
2025 3080 2112 3134 ubi
2146 3079 2359 3149 planius
2387 3078 2619 3147 explicat
2659 3092 2766 3149 quo
2795 3089 2951 3146 pacto
2974 3094 3039 3132 ex
3078 3080 3144 3132 17
3185 3089 3477 3147 exsurgant

1887 3172 2008 3229 155.
2040 3172 2161 3227 Jam
2189 3190 2330 3246 ergo,
2367 3173 2555 3243 inquit,
2583 3172 2647 3226 de
2675 3188 2890 3225 numero
2941 3170 3045 3226 155
3076 3171 3329 3241 piscium,
3358 3170 3478 3238 quid

194 3282 416 3320 numeros
461 3266 668 3319 mutatis
698 3307 713 3331 ,
747 3273 952 3319 centum
1001 3265 1373 3335 Quinquaginta
1413 3273 1513 3317 tres
1552 3264 1774 3317 um'lam
1802 3257 1849 3321 C
1882 3285 2012 3339 opus
2034 3278 2105 3323 est
2129 3270 2307 3322 eadem
2328 3267 2590 3323 retexere?
2609 3264 2790 3319 Nostis
2812 3264 2925 3318 illa.
2956 3266 2999 3319 Α
3021 3265 3192 3318 decem
3220 3277 3265 3321 et
3288 3277 3479 3333 septem

192 3357 518 3428 colliguntur,
550 3367 672 3426 quot
694 3367 869 3425 captas
901 3357 1063 3425 pisces
1093 3358 1451 3425 comperimus.
1480 3355 1695 3410 Etenim
1723 3370 1772 3422 ι),

193 3466 304 3521 qua:
334 3451 499 3521 prima
525 3461 607 3505 est
628 3451 864 3505 nominis
894 3449 1094 3515 littera,
1119 3459 1333 3503 centum
1351 3448 1530 3513 valet;
1561 3464 1592 3502 ε
1617 3449 1778 3518 quin-

191 3558 311 3614 que,
345 3561 371 3597 ιι
399 3545 525 3610 (1υο,
549 3558 585 3597 x
617 3543 829 3613 viginti,
859 3559 891 3596 κ
915 3542 1330 3611 rursusviginti,
1362 3556 1395 3595 Α
1426 3555 1626 3605 unum;
1659 3553 1779 3609 qua:

194 3637 245 3691 in
297 3651 561 3691 summum
611 3636 829 3690 redacta
870 3644 1087 3690 centum
1140 3642 1194 3688 et
1230 3632 1615 3702 quinquaginta
1667 3639 1779 3686 tres

192 3729 493 3782 conﬁciunt.
522 3728 672 3782 lusu.

258 3820 393 3876 Ibid.
426 3822 561 3876 Ludi
583 3820 803 3891 quidem
824 3819 878 3874 hi
905 3829 1081 3885 erant,
1101 3817 1388 3888 etquidem
1414 3818 1631 3887 ingenio
1645 3817 1777 3872 abu-

194 3914 415 3968 temium
443 3954 459 3979 ,
508 3928 630 3967 cum
685 3926 782 3983 pro
820 3910 1207 3966 somniantium
1251 3910 1509 3965 arbitratu
1562 3908 1778 3963 conﬁcti

192 4006 337 4068 sint;
369 4005 460 4061 sed
487 4007 765 4075 parciores
792 4006 845 4058 in
887 4002 1151 4071 ejusmodi
1191 4001 1332 4056 ludis
1360 4002 1528 4055 fuisse
1556 4006 1779 4069 oporte-

194 4108 304 4165 ret,
350 4114 448 4154 nec
498 4100 624 4153 talia
670 4107 1013 4162 commenta,
1057 4097 1213 4166 quasi
1256 4095 1485 4151 eximias
1522 4093 1779 4164 quasdam

197 4191 485 4261 Scriptura:
514 4190 992 4260 interpretationes
1020 4188 1284 4259 proferre.

262 4284 311 4353 §.
344 4283 548 4337 Peracti
577 4292 698 4335 sunt
733 4282 841 4335 dies
881 4282 1090 4352 feriati,
1122 4280 1391 4334 succedent
1412 4280 1528 4349 jam
1554 4279 1632 4332 illi
1662 4294 1784 4332 con-

199 4378 479 4429 tentionum
505 4416 521 4441 ,
550 4375 877 4429 exactionum
898 4414 916 4439 ,
948 4372 1281 4445 litigiorum.]
1330 4370 1650 4438 Quindecim
1678 4413 1694 4437 ,
1728 4381 1785 4425 ut

202 4483 320 4521 mox
335 4468 507 4533 dicet;
540 4467 642 4520 hoc
664 4477 745 4521 est
770 4467 979 4535 septeni
1007 4476 1133 4520 ante
1159 4465 1385 4531 Pascha,
1416 4466 1640 4520 totidem
1664 4473 1786 4533 post

204 4557 401 4614 Pascha
426 4601 441 4627 ,
474 4559 671 4630 quibus
698 4558 890 4614 diebus
916 4601 930 4626 ,
961 4559 1084 4614 lites
1112 4574 1300 4613 omnes
1323 4566 1379 4613 et
1406 4558 1785 4613 contentiones

205 4653 479 4708 cessabant
509 4669 577 4708 ex
604 4655 720 4722 lege
742 4651 1035 4707 Theodosii
1066 4653 1164 4707 lib.
1193 4667 1231 4707 tt
1270 4650 1390 4707 cod.
1419 4650 1687 4706 Theudos.
1719 4649 1787 4705 de

202 4745 385 4801 feriis:
418 4746 608 4801 Sacros
655 4761 854 4815 quoque
897 4744 1115 4798 Paschce
1157 4744 1300 4809 dies,
1337 4743 1423 4812 qui
1462 4754 1669 4813 septeno
1710 4742 1788 4795 vel

207 4839 491 4905 pracedunt
520 4854 733 4893 numero
756 4878 772 4904 ,
816 4838 894 4891 vel
920 4847 1231 4906 sequuntur,
1262 4838 1318 4890 in
1336 4836 1514 4891 eadem
1540 4836 1789 4904 feriamus

207 4932 541 4987 observatione
574 4948 923 4988 numeramus.
960 4933 1284 4987 Stnuounus.

278 5024 535 5080 Sermone
555 5024 683 5079 268.
709 5024 777 5078 In
800 5025 882 5079 die
897 5021 1269 5093 Pentecostes.]
1285 5022 1551 5091 Vidimus,
1571 5036 1677 5076 non
1701 5034 1790 5076 so-

213 5115 313 5169 lum
365 5118 422 5171 in
462 5116 631 5186 Regio
674 5126 729 5172 et
766 5117 821 5171 in
850 5115 1125 5171 Victorino
1174 5114 1264 5169 DD
1304 5114 1390 5184 12,
1434 5115 1526 5168 sed
1571 5114 1626 5166 in
1668 5112 1792 5167 aliis

212 5209 362 5262 etiam
407 5210 807 5279 manuscriptis.
849 5208 1003 5276 Quod
1045 5222 1175 5264 vero
1217 5208 1359 5263 inter
1405 5222 1685 5263 sermones
1723 5207 1793 5262 de

216 5296 517 5357 Pentecoste
550 5302 725 5372 primo
758 5304 897 5356 hunc
927 5301 1046 5357 loco
1066 5302 1373 5364 statuimus,
1400 5300 1597 5354 Bedam
1620 5298 1792 5353 secuti

214 5405 402 5463 sumus,
416 5396 507 5467 qui
522 5396 757 5466 appellat
772 5396 1116 5451 sermonem!
1138 5437 1153 5461 ,
1174 5394 1243 5450 de
1264 5393 1606 5449 Pentecoste.
1637 5392 1789 5447 lusu.

279 5486 527 5544 Sermone
545 5488 673 5543 270.
700 5488 779 5541 De
794 5488 877 5543 die
896 5485 1270 5560 Pentecostes.]
1288 5488 1495 5543 Citatur
1519 5487 1603 5541 hic
1630 5488 1793 5541 etiam

220 5593 248 5633 a
272 5581 495 5650 Beda,ut
508 5583 785 5652 admonui,
809 5584 853 5639 ll
873 5583 939 5638 ad
962 5584 1289 5649 Corinthios,
1307 5599 1387 5639 tu.
1406 5584 1476 5638 At
1492 5583 1545 5637 in
1568 5583 1796 5654 vulgatis

220 5678 602 5748 exemplaribus
630 5678 790 5733 Bedae
808 5719 821 5742 ,
853 5694 916 5732 ex
944 5694 1176 5733 sermone
1207 5678 1269 5732 de
1302 5676 1503 5732 Pascha
1531 5677 1789 5748 scriptum

228 5780 302 5829 est
320 5788 409 5844 pro
434 5791 495 5828 ea:
523 5790 755 5827 sermone
798 5775 861 5827 de
891 5771 1211 5829 Pentecoste.
1244 5773 1431 5827 Exstat
1460 5782 1637 5826 autem
1666 5786 1788 5827 cum

232 5862 282 5924 in
302 5866 456 5939 Regio
485 5867 691 5936 codice,
727 5879 836 5923 tum
870 5869 920 5922 in
954 5868 1229 5926 Victorino
1252 5868 1341 5923 DD
1378 5865 1461 5922 12.
1495 5866 1643 5921 lusu.

411 5968 681 6028 Ρηιιοι..
764 5966 1016 6029 XLVII.

1882 3362 2113 3415 nascitur
2144 3376 2386 3414 numerus
2412 3374 2663 3415 crescens.
2714 3356 2897 3427 Incipe
2923 3360 2983 3411 ab
3015 3374 3138 3422 uno,
3181 3359 3385 3430 perveni
3412 3361 3480 3411 ad

1882 3455 2053 3508 decem
2081 3462 2129 3508 et
2160 3464 2387 3524 septem,
2416 3461 2473 3509 ut
2503 3468 2679 3507 omnes
2702 3453 2867 3505 addas
2899 3468 2917 3505 :
2948 3452 3003 3505 id
3031 3462 3102 3505 est
3134 3470 3292 3505 unum
3319 3454 3480 3505 addas

1881 3548 1951 3599 ad
1981 3548 2130 3613 duos,
2174 3556 2220 3600 et
2248 3547 2376 3616 ﬁant
2401 3557 2536 3611 tres;
2567 3546 2733 3599 addas
2764 3554 2886 3609 tres,
2919 3552 2965 3597 et
2996 3545 3123 3613 ﬁant
3147 3562 3238 3599 sex
3269 3562 3287 3599 :
3318 3545 3482 3599 addas

1882 3646 2125 3709 quatuor,
2150 3647 2195 3691 et
2216 3637 2343 3707 [iant
2365 3638 2556 3692 decem.
2587 3637 2678 3691 Sic
2700 3652 2871 3691 omnes
2891 3636 3026 3690 adde
3046 3638 3285 3703 usquead
3308 3638 3483 3691 decem

1883 3742 1931 3786 et
1967 3741 2190 3803 septem,
2228 3740 2275 3784 et
2313 3731 2572 3801 pervenies
2608 3730 2677 3783 ad
2722 3742 2923 3786 centum
2951 3730 3321 3802 quinquaginta
3358 3740 3479 3783 tres.

1885 3824 2019 3890 Quae
2048 3825 2160 3893 ipsa
2208 3824 2427 3877 uberius
2474 3822 2660 3879 itidem
2697 3831 2751 3876 et
2780 3820 3098 3890 explicatius
3142 3822 3482 3891 persequitur

1886 3926 2119 3971 tractatu
2153 3917 2205 3970 in
2241 3917 2431 3985 psalm.
2466 3916 2555 3971 49.
2586 3916 2906 3971 Stuuounus.

1958 4008 2222 4062 Sermone
2250 4006 2379 4061 279.
2431 4006 2511 4061 De
2557 4006 2619 4060 S.
2657 4004 2828 4059 Paulo
2869 4004 3151 4077 apostolo.]
3194 4008 3251 4063 ln
3296 4007 3483 4065 codice

1888 4101 2055 4170 Regio
2100 4109 2157 4155 et
2190 4099 2499 4166 Victorino,
2546 4098 2729 4154 titulus
2769 4108 2892 4152 est:
2935 4096 3002 4152 In
3047 4102 3373 4155 conversione
3418 4104 3479 4157 S.

1890 4192 2071 4247 Pauli.
2106 4192 2213 4247 Sed
2239 4191 2435 4247 Bedam
2478 4191 2629 4260 sequi
2656 4189 2874 4257 placuit,
2901 4190 2993 4259 qui
3024 4201 3281 4259 perpetuo
3321 4192 3482 4258 citat,

1891 4285 1974 4339 Ea:
2000 4301 2233 4340 sermone
2259 4284 2322 4337 de
2348 4282 2521 4337 Paulo
2541 4283 2797 4354 apostolo.
2828 4282 3141 4352 Quanquam
3168 4294 3221 4337 et
3251 4284 3477 4338 alterum

1890 4393 2103 4448 quoque
2136 4376 2318 4431 laudat
2354 4376 2421 4430 de
2461 4375 2821 4430 conversione
2868 4375 3113 4444 Apostoli
3139 4418 3153 4441 ,
3183 4376 3274 4447 qui
3303 4388 3385 4432 est
3413 4381 3481 4435 ’54

1890 4473 1959 4527 de
1989 4472 2244 4526 Diversis.
2269 4468 2533 4524 Caeterum
2559 4484 2627 4522 ex
2656 4468 2759 4522 hoc
2786 4484 2894 4524 uno
2911 4482 3117 4535 nostro,
3139 4475 3487 4531 membratim.

1893 4563 2129 4621 dissecto
2149 4602 2163 4627 ,
2196 4560 2414 4615 contlati
2455 4568 2581 4615 sunt
2618 4560 2724 4614 duo
2753 4562 2807 4614 in
2832 4561 3078 4631 vulgatis,
3109 4577 3289 4616 sermo
3323 4564 3385 4616 Μ
3415 4567 3483 4619 de

1811 4634 1866 4695 1)
1894 4660 2107 4715 Sanctis
2137 4668 2189 4713 et
2220 4658 2289 4713 ss
2314 4658 2381 4712 de
2412 4656 2665 4711 Diversis.
2700 4656 2851 4711 Inest.

1970 4756 1997 4827 §
2026 4758 2079 4811 4.
2132 4755 2394 4823 Quidquid
2420 4762 2493 4808 est
2520 4753 2655 4821 quod
2684 4754 2848 4819 saevit,
2897 4767 2989 4819 pro
3016 4751 3218 4803 nomine
3258 4750 3482 4814 Christi;

1894 4850 1938 4903 si
1968 4857 2129 4919 potest
2151 4847 2270 4913 vivi,
2296 4844 2559 4900 tolerabile
2587 4855 2689 4909 est;
2716 4846 2759 4897 si
2798 4860 2901 4897 non
2929 4852 3090 4910 potest
3118 4843 3234 4906 vivi,
3264 4844 3485 4912 migrare

1894 4941 2014 4996 hinc
2049 4938 2219 5011 facie]
2274 4939 2388 4993 Hoc
2433 4948 2552 5004 est,
2609 4936 2858 5006 quamvis
2901 4950 3077 4989 saevus
3111 4933 3202 4989 tibi
3244 4935 3486 4989 \idcatur

1896 5033 2053 5088 dolor
2097 5048 2255 5103 quem
2291 5032 2490 5100 pateris
2522 5045 2620 5099 pro
2658 5030 2871 5083 nomine
2900 5026 3129 5091 Christi,
3174 5036 3488 5083 constanter

1900 5136 2113 5197 patere;
2156 5140 2277 5179 nam
2305 5124 2347 5177 si
2384 5124 2547 5177 vitam
2576 5122 2669 5175 tibi
2702 5135 2808 5173 non
2833 5118 3048 5187 eripiat,
3082 5116 3277 5187 poterit
3308 5118 3434 5172 ferri
3475 5138 3486 5171 :

1904 5220 1949 5273 si
1970 5218 2195 5287 eripiat,
2228 5216 2320 5270 tibi
2348 5214 2615 5270 felicitatis
2647 5212 2854 5267 initium
2885 5210 3011 5264 erit.
3043 5209 3205 5280 Igitur
3230 5209 3361 5263 nihil
3404 5210 3489 5265 hic

1902 5309 2236 5365 mutandum.
2262 5308 2411 5363 Hanc
2431 5316 2607 5361 autem
2626 5304 2948 5358 sententiam
2974 5304 3136 5358 debet
3158 5304 3488 5373 Augustinus

1905 5405 2136 5475 Epicuro
2159 5443 2173 5465 ,
2202 5401 2355 5470 cujus
2390 5399 2530 5469 apud
2556 5414 2710 5453 suum
2754 5396 3069 5453 Ciceronem
3112 5397 3317 5467 legerat
3348 5398 3487 5452 hanc

1902 5501 2079 5574 κυρίαν
2107 5494 2255 5559 δόξαν
2274 5534 2287 5557 ,
2341 5507 2589 5563 magnum
2620 5490 2850 5543 dolorem
2877 5490 3105 5555 brevem,
3156 5488 3493 5559 longinquum

1901 5593 2058 5646 levem
2087 5605 2192 5644 esse
2215 5628 2230 5655 ,
2262 5603 2419 5658 quam
2452 5584 2785 5655 pulcherime
2815 5585 3136 5639 illustratani
3166 5582 3410 5638 invenies
3439 5584 3492 5638 in

1904 5684 2045 5737 notis
2068 5682 2209 5736 Petri
2236 5676 2495 5733 Gassendi
2517 5717 2530 5740 ,
2565 5676 2629 5731 ad
2674 5692 2705 5730 κ
2738 5675 2990 5747 Diogenis
3022 5674 3220 5729 Laertii
3268 5672 3487 5728 librum.

1975 5776 2234 5829 Sermone
2262 5772 2389 5827 288.
2420 5768 2487 5823 In
2525 5769 2687 5823 natali
2712 5770 2775 5824 S.
2819 5768 3038 5823 Joannis
3070 5760 3367 5835 Baptista]
3413 5764 3491 5821 Ex

1908 5867 2088 5923 codice
2112 5865 2277 5934 Regio
2303 5875 2356 5922 et
2381 5863 2553 5919 altero
2573 5864 2632 5918 S.
2668 5862 2895 5917 Victoris
2922 5862 3008 5917 DD
3034 5860 3101 5915 12
3125 5856 3348 5913 suﬂ‘ecta
3369 5865 3495 5930 sunt

3061 5952 3137 6013 13
