3954 6364
494 314 596 389 sus

1401 300 1954 361 SUPPuEMENTUM
1995 301 2085 356 AD
2128 300 2358 358 OPERA
2397 302 2455 357 S.
2501 300 2897 361 AUGUSTINI.
3609 320 3687 380 393

492 446 612 502 quae
642 430 695 485 in
724 426 1070 486 vetustissimi
1114 425 1234 480 libri
1268 424 1579 492 fragmentis
1603 421 2069 477 desiderabantur.
2100 423 2151 483 Α
2179 436 2281 476 nus
2327 419 2521 475 frustra
2573 422 2947 475 auctoritatem
2992 420 3247 476 Ecclesia:
3297 428 3483 495 oggerit
3530 433 3690 496 misem

494 524 553 579 In
580 533 806 594 utroque
834 531 1015 577 autem
1041 518 1227 574 codice
1249 561 1263 587 ,
1304 525 1424 586 post
1464 515 1608 570 hunc
1636 529 1940 570 sermonem
1986 528 2077 568 se-

494 617 757 687 quebatur
776 616 915 670 alter
940 613 1006 668 de
1027 611 1216 668 eodem
1234 609 1397 665 natali
1412 608 1471 664 S.
1496 607 1739 673 Joannis,
1760 620 1925 676 quem
1951 606 2083 660 citat

495 708 677 763 itidem
708 704 850 761 Beda
877 704 943 760 ad
976 704 1344 772 Philippenses
1372 717 1431 755 ιι.
1462 700 1555 755 Est
1584 708 1761 754 autem
1798 712 1978 754 sermo
2012 695 2083 751 25

496 797 563 852 de
594 797 826 853 Sanctis.
863 794 1186 849 SIBIONDUS.

566 887 827 945 Sermone
850 885 978 940 294.
1002 882 1069 937 In
1093 882 1253 938 natali
1270 882 1510 953 martyris
1534 877 1864 951 Guddentis.]
1888 878 2087 945 Quam-

496 980 575 1035 vis
602 978 937 1035 Benedictini
965 976 1281 1031 existiment
1301 973 1694 1030 restituendum
1725 972 1811 1026 hic
1833 969 2087 1026 Gauden-

500 1072 583 1140 tii,
616 1070 989 1125 Theodoricus
1021 1078 1197 1123 tamen
1226 1067 1519 1122 Ruinartus
1547 1063 1789 1133 ejusdem
1815 1061 2089 1117 societatis

497 1159 814 1225 monachus,
840 1158 924 1215 vir
949 1159 1224 1224 eruditus,
1258 1158 1309 1210 in
1354 1156 1502 1210 Actis
1531 1151 1763 1209 sinceris
1789 1160 1846 1207 et
1872 1152 2089 1207 selectis

498 1258 795 1322 martyrum
818 1292 834 1315 ,
867 1250 1126 1304 admonit.
1162 1248 1213 1303 in
1251 1247 1423 1301 Vitam
1451 1256 1506 1301 et
1538 1248 1668 1300 Acta
1710 1244 1768 1299 S.
1800 1243 2087 1314 Cypriani,

499 1352 648 1411 putat
677 1342 960 1411 legendum
991 1338 1291 1403 Gudennis,
1324 1336 1585 1401 Gudenis,
1619 1344 1709 1388 aut
1748 1332 2088 1397 Gundennis,

499 1450 619 1505 quae
647 1434 799 1503 virgo
820 1447 974 1502 passa
1007 1439 1091 1485 est
1119 1430 1463 1497 Carthagine,
1500 1427 1600 1481 sub
1631 1426 1834 1482 Severo
1863 1426 2093 1492 impera-

500 1538 641 1591 tore,
665 1526 974 1581 consulibus
1006 1520 1139 1578 Geta
1177 1532 1231 1577 et
1260 1521 1574 1583 Plautiano,
1625 1528 1676 1573 et
1714 1518 1869 1586 cujus
1897 1516 2091 1571 fesmm

502 1618 713 1688 vulgata
737 1616 1117 1687 martyrologia
1160 1615 1247 1668 die
1274 1613 1359 1667 l8.
1383 1612 1506 1665 Julii
1534 1620 1985 1665 commemorant.

573 1712 597 1780 §
624 1712 675 1764 5.
708 1710 948 1765 Recitato
981 1708 1099 1762 loco
1130 1705 1366 1760 Mattlitei
1394 1720 1520 1771 xxv,
1554 1703 1643 1758 53.
1679 1700 1831 1768 Hac,
1886 1702 2092 1768 inquit,

2190 512 2523 581 Pelagianis;
2549 526 2648 565 nec
2665 526 2726 565 ea
2752 512 2929 581 magni
2954 511 3091 565 facta
3119 512 3325 579 fuisset,
3351 517 3441 571 nisi
3464 524 3695 583 rationibus

2193 606 2458 663 destitutas
2511 606 2685 660 edicta
2744 606 3126 676 imperatorum
3178 612 3433 677 suppetias
3472 616 3696 684 tulissent;

2190 696 2335 765 quod
2364 697 2607 751 odiosius
2644 696 2853 752 factum:
2873 698 2925 751 in
2965 712 3125 752 causa
3172 698 3545 768 Pelagianorum
3584 725 3701 777 quam

2193 790 2245 842 in
2279 789 2683 844 Donatistarum

2267 878 2295 949 §
2330 878 2417 933 l9.
2446 878 2507 935 Si
2535 884 2690 937 etiam
2718 880 3035 949 grauissimis
3064 879 3385 936 delictoribus
3418 894 3460 937 et
3492 887 3541 940 in
3572 887 3707 946 Domi.

2188 987 2316 1026 num
2341 972 2556 1025 multum
2593 979 2713 1027 ante
2735 973 3065 1039 peccantibus
3083 1016 3099 1038 ,
3130 989 3245 1026 cum
3275 983 3439 1041 postea
3468 982 3712 1041 crediderim

2190 1064 2413 1118 remissa
2436 1073 2759 1134 peccatorum
2802 1063 2959 1119 datur
2984 1073 3030 1117 et
3061 1081 3093 1116 a
3134 1065 3380 1131 baptismo
3421 1075 3554 1138 atque
3590 1078 3716 1141 gratia

2198 1176 2345 1213 nemo
2384 1159 2716 1229 prohibetur;
2754 1165 2946 1227 quanto
2990 1159 3155 1225 magis
3201 1160 3446 1225 prohiberi
3484 1179 3573 1216 non
3610 1168 3717 1223 debet

2198 1250 2394 1317 infans,
2444 1250 2535 1319 qui
2570 1265 2741 1302 recens
2774 1259 2928 1303 natus
2962 1250 3093 1304 nihil
3123 1251 3345 1320 peccauit
3365 1291 3380 1314 ,
3419 1254 3507 1306 nisi
3526 1258 3639 1323 quod
3664 1276 3720 1312 se-

2200 1342 2427 1395 cundum
2457 1341 2623 1394 Adam
2650 1342 2927 1396 carnaliter
2956 1353 3104 1395 natus
3127 1344 3420 1412 contagium
3446 1348 3605 1397 martis
3624 1352 3723 1403 antio

2198 1449 2333 1501 quat,
2357 1435 2525 1502 prima
2555 1434 2813 1487 nativitate
2825 1434 3081 1487 contraxit
3094 1435 3119 1487 ?
3133 1435 3221 1500 qui
3240 1436 3307 1488 ad
3326 1436 3570 1489 remissam
3588 1455 3723 1507 βείω.
3752 1424 3760 1463 ί

2202 1535 2371 1579 torum
2399 1525 2753 1594 accipiendam
2784 1528 2880 1578 hoc
2907 1526 3021 1591 ipso
3059 1526 3269 1594 facilius
3295 1528 3499 1589 accedit,
3527 1532 3642 1592 quod
3669 1532 3725 1585 illi

2201 1616 2531 1670 dimittuntur
2568 1633 2668 1669 non
2713 1618 2955 1687 propria,
3000 1617 3089 1670 sed
3142 1616 3315 1670 aliena
3364 1617 3596 1689 peccata]
3631 1620 3726 1678 Sunt

2202 1712 2366 1765 verba
2397 1712 2682 1782 Cypriani,
2712 1728 2833 1780 qua:
2876 1711 3222 1779 proferuntur
3257 1712 3322 1765 ab
3353 1712 3650 1779 Augustino,
3681 1729 3728 1769 es

501 1818 713 1873 regnum
730 1802 979 1866 nominat,
1004 1801 1097 1855 hac
1123 1814 1236 1852 cum
1252 1796 1456 1851 diabolo
1480 1796 1883 1848 damnationem.
1904 1794 2098 1848 Nullus
2128 1804 2178 1865 Β
2206 1802 2365 1869 epist,
2393 1804 2463 1857 64
2492 1802 2557 1857 ad
2590 1802 2794 1857 Fadum
2813 1844 2827 1864 ,
2855 1812 2913 1856 ur,
2944 1803 3137 1871 probe;
3160 1803 3275 1871 ejus
3312 1803 3607 1857 auctor-iure
3644 1820 3728 1873 pec.

494 1894 714 1963 relictus
743 1902 815 1945 est
843 1893 1037 1944 medius
1069 1893 1209 1943 locus
1237 1888 1325 1942 ubi
1356 1903 1545 1955 ponere
1571 1902 1726 1955 queas
1753 1887 1992 1955 infantes.
2019 1884 2098 1939 De

492 1968 627 2040 nivis
649 1996 697 2040 et
726 1986 943 2039 mortuis
958 1984 1301 2056 judicabitur,
1333 1981 1425 2034 alii
1456 1988 1606 2033 erunt
1636 1980 1704 2031 ad
1727 1979 1980 2040 dextram,
2006 1979 2099 2031 alii

503 2078 571 2131 ad
600 2078 879 2140 sinistram,
913 2091 1021 2129 non
1041 2075 1155 2128 novi
1184 2073 1350 2127 aliud.
1388 2073 1486 2137 Qui
1504 2072 1704 2124 inducis
1732 2070 1979 2135 medium,
2011 2086 2097 2123 re-

506 2173 624 2225 cede
652 2170 715 2224 de
743 2170 945 2233 medio;
977 2184 1077 2221 non
1100 2175 1148 2221 te
1174 2165 1401 2233 offendat
1429 2164 1514 2234 qui
1544 2164 1777 2218 dextram
1799 2166 2005 2234 quierit.
2034 2164 2101 2218 Et

506 2279 552 2323 te
582 2268 749 2337 ipsum
778 2266 1059 2327 admoneo,
1102 2261 1277 2317 recede
1303 2261 1367 2315 de
1398 2260 1595 2328 medio,
1629 2259 1719 2312 sed
1749 2259 1852 2312 noli
1884 2259 1938 2311 in
1969 2259 2099 2311 sini-

506 2370 689 2423 strum,
712 2356 843 2430 etc.]
863 2357 984 2410 ιιιεο
1009 2354 1281 2423 quomodo
1303 2353 1644 2408 consentiant
1666 2368 1785 2406 cum
1809 2352 1872 2406 iis
1894 2366 2013 2420 quae
2035 2352 2103 2406 de

510 2454 678 2508 limbo
708 2469 735 2504 a
758 2449 1096 2505 scholasticis
1119 2458 1299 2517 postea
1323 2448 1519 2513 scripta
1547 2455 1675 2500 sunt
1698 2460 1805 2499 non
1836 2444 2098 2515 intelligo.

509 2545 617 2599 Sed
636 2558 733 2599 nec
760 2543 913 2610 capio
934 2557 1036 2610 qua
1063 2542 1271 2593 ratione
1284 2538 1454 2608 redigi
1475 2540 1527 2593 in
1540 2536 1883 2592 concordiam
1907 2530 2107 2605 queant

509 2650 630 2688 cum
676 2636 740 2688 iis
771 2650 889 2701 quae
919 2633 1045 2686 alibi
1093 2632 1253 2686 docet
1294 2631 1365 2685 de
1408 2629 1731 2700 purgatoriis
1780 2628 1995 2697 pinnis,
2046 2635 2108 2682 ut

509 2728 666 2781 Civit.
704 2727 801 2780 Dei
826 2727 917 2781 lib.
948 2740 1058 2793 χχι,
1082 2739 1200 2792 cap.
1234 2723 1318 2777 15.

583 2819 688 2890 §6.
730 2817 832 2871 Vos
868 2813 1183 2887 (Pelagiani)
1216 2815 1387 2869 dicitis
1421 2830 1440 2867 :
1484 2812 1649 2867 Vitam
1671 2814 1878 2883 quidem
1908 2813 2109 2868 habebit

509 2911 602 2966 iste
627 2928 729 2965 non
760 2911 1045 2979 baptizatus
1076 2916 1359 2973 retentam,
1400 2907 1488 2961 sed
1520 2923 1623 2960 non
1652 2906 1855 2959 habebit
1893 2921 2109 2976 regnum

510 3002 771 3058 caelorum.
808 3000 910 3055 Ille
943 3010 1124 3055 contra
1151 3015 1171 3054 :
1202 2999 1316 3053 Imo
1345 3009 1393 3053 et
1427 3001 1582 3052 vitam
1622 3009 1669 3052 et
1706 3016 1920 3071 regnum
1958 3000 2111 3053 cmlo-

508 3114 641 3150 rum.
678 3094 851 3163 Quare
878 3094 1019 3147 enim
1053 3093 1420 3161 patrimonium
1448 3091 1590 3160 regni
1626 3092 1869 3145 calorum
1918 3091 2111 3160 abripis

510 3185 806 3240 innocenti?
831 3181 963 3253 etc.]
991 3181 1156 3236 Recte
1181 3192 1588 3253 argumentatur
1618 3183 1973 3251 Augustinus,
2010 3197 2109 3236 nec
2133 3186 2181 3250 ε
2215 3190 2380 3242 multa
2404 3196 2676 3241 oratorum
2700 3187 3187 3241 ecclesiasticarum
3210 3185 3355 3240 dicta
3378 3199 3499 3239 esse
3525 3183 3601 3236 vel
3622 3181 3754 3234 diluto

512 3286 629 3331 erat
678 3276 783 3330 ulla
829 3276 968 3328 ratio
1008 3272 1373 3341 distinguendi
1427 3273 1578 3339 regni
1625 3274 1863 3327 caelestis
1912 3288 1940 3325 a
1998 3273 2107 3327 vita

512 3380 737 3422 interna.
766 3365 871 3420 Sed
914 3381 979 3420 eo
1009 3364 1269 3419 devenire
1308 3366 1479 3419 euacti
1513 3375 1638 3421 sunt
1680 3365 1948 3434 Pelagiani
1990 3366 2107 3420 loco

510 3459 669 3515 Joan.
701 3472 780 3523 ιιι,
804 3458 859 3522 5,
894 3473 1054 3527 quem
1078 3458 1145 3510 de
1177 3456 1595 3525 pmdobaptismo
1626 3456 2026 3524 intelligebant,
2050 3468 2107 3511 ut

510 3551 597 3605 alii
634 3567 645 3603 :
673 3548 794 3602 Nisi
813 3550 922 3618 quis
946 3559 1152 3603 renatus
1174 3549 1329 3617 fuerit
1361 3565 1422 3602 ea:
1448 3566 1579 3616 aqua
1607 3559 1654 3601 et
1681 3548 1882 3618 Spiritu
1906 3560 2102 3612 sancto,

511 3661 611 3696 non
638 3641 849 3695 intrabit
881 3642 932 3693 in
974 3656 1187 3709 regnum
1215 3639 1484 3703 Dei;cum
1517 3642 1647 3693 Snlls
1698 3643 1896 3709 liqueat
1942 3643 1992 3694 in
2039 3658 2104 3697 eo

510 3738 630 3789 loco
653 3735 719 3789 de
742 3734 937 3788 adultis
966 3742 1173 3786 tantum
1202 3733 1472 3787 Christum
1497 3750 1678 3801 agere,
1707 3746 1761 3786 ut
1792 3744 1845 3787 et
1869 3736 1919 3787 in
1945 3716 2105 3789 caete-

508 3829 585 3883 ris
613 3827 861 3882 omnibus
891 3828 941 3879 in
967 3826 1161 3896 quibus
1206 3826 1401 3879 ctelum
1434 3827 1717 3894 pollicetur
1745 3828 1809 3879 iis
1836 3827 2103 3881 conditio-

508 3923 666 3977 nibus
694 3936 815 3989 quze
843 3935 949 3973 non
974 3918 1074 3971 nisi
1102 3917 1170 3970 ab
1199 3918 1394 3970 adultis
1427 3917 1636 3985 impleri
1680 3927 1922 3985 possunt.

581 4014 607 4083 §
640 4014 725 4067 ιε.
764 4011 901 4078 Quid
930 4012 974 4064 ei
1006 4010 1134 4062 dicis
1170 4020 1222 4061 ut
1252 4007 1463 4062 credat?
1494 4007 1609 4063 Hoc
1645 4011 1781 4063 enim
1820 4010 2101 4078 responde-

511 4112 596 4157 tur
616 4122 649 4156 a
676 4113 911 4174 portante
938 4099 1232 4171 parvulum.
1266 4101 1345 4153 Ad
1370 4101 1519 4153 verba
1553 4100 1720 4154 aliena
1740 4102 1989 4163 solvatur,
2015 4103 2104 4171 qui

509 4197 577 4249 ad
617 4196 813 4267 factum
844 4192 1072 4246 alienum
1108 4192 1422 4246 vulneratur.
1454 4191 1627 4245 Credit
1662 4193 1716 4244 in
1751 4189 1927 4246 Jesum
1957 4192 2105 4247 Clui-

507 4288 680 4341 stum?
707 4283 796 4338 Fit
828 4284 1183 4353 interrogatio,
1211 4286 1569 4352 respondetur,
1600 4280 1804 4353 credit.]
1839 4283 1948 4336 lmo
1976 4298 2102 4337 vero

508 4379 683 4441 credo,
710 4378 761 4430 in
786 4376 955 4445 prima
981 4390 1231 4443 persona,
1261 4372 1384 4441 quia
1410 4374 1633 4425 formula
1664 4374 1912 4441 baptismi
1947 4373 2098 4427 adul-

508 4482 689 4526 torum
733 4469 799 4521 ad
846 4466 1075 4521 infantes
1106 4466 1223 4518 sine
1268 4465 1563 4517 nmtatioue
1605 4463 1776 4518 fuerat
1821 4464 2096 4519 translata.

508 4564 645 4618 Vide
667 4562 807 4617 dicta
840 4560 905 4613 ad
932 4571 1059 4613 tom.
1093 4558 1158 4622 ll,
1186 4557 1343 4625 epist.
1375 4556 1463 4621 98,
1504 4555 1530 4626 §
1562 4557 1615 4612 9.

584 4658 611 4728 §
643 4658 728 4711 17.
760 4655 857 4707 Dic
887 4652 1029 4715 mihi,
1065 4651 1269 4704 obsecro
1293 4660 1356 4715 te,
1388 4651 1611 4719 parvulis
1646 4648 1916 4717 baptisatis
1951 4646 2101 4704 Chri-

510 4759 616 4803 stus
666 4746 879 4816 aliquid,
933 4760 1002 4796 an
1029 4742 1159 4795 nihil
1202 4742 1443 4808 prodest?
1484 4738 1705 4793 Necesse
1749 4752 1821 4793 est
1868 4748 1921 4792 ut
1964 4743 2101 4794 dicat

510 4842 767 4911 prodesse,
799 4838 1045 4909 premitur
1067 4835 1197 4888 mole
1219 4835 1398 4885 matris
1423 4832 1685 4885 Ecclesiae.
1720 4828 1876 4885 Forte
1896 4833 2097 4902 quidem

508 4937 693 4990 vellent
728 4936 822 4987 hoc
852 4934 1051 4996 dicere,
1080 4946 1198 4981 nam
1229 4927 1641 4981 ratiocinationes
1673 4942 1846 4979 eorum
1887 4928 1955 4977 ad
2004 4924 2099 4978 hoc

510 5028 746 5081 videntur
768 5024 1091 5092 compellere,
1116 5019 1205 5073 sed
1226 5020 1531 5072 auctoritate
1552 5018 1897 5089 reprimuntur
1920 5013 2099 5069 Eccle-

510 5120 621 5182 δίας,
648 5132 709 5170 ne
738 5132 839 5169 non
866 5115 1032 5167 dicam
1070 5111 1229 5182 sputis
1262 5109 1527 5163 hominum
1555 5109 1857 5173 obruantur,
1897 5108 1997 5161 sed
2020 5110 2099 5175 ip.

510 5224 683 5262 sorum
710 5206 987 5276 infantium
1030 5203 1271 5273 lacrymis
1290 5243 1303 5264 ,
1336 5211 1579 5267 tanquam
1600 5202 1758 5271 ﬂuvio
1796 5201 2096 5268 pertrahun-

511 5298 637 5370 tur.]
658 5298 997 5352 Rhetoricum
1022 5295 1120 5348 hoc
1142 5292 1404 5362 posterius
1425 5301 1506 5347 est
1527 5302 1922 5361 argumentum,
1948 5295 2095 5359 prius

511 5407 541 5443 a
573 5400 778 5445 terrore
799 5388 1045 5457 petitum,
1074 5402 1179 5440 non
1210 5402 1239 5437 a
1268 5386 1508 5439 veritate.
1543 5384 1642 5439 Ubi
1671 5384 1814 5438 enim
1851 5387 2094 5452 promisit

511 5484 651 5538 Deus
685 5483 803 5537 fore
830 5492 889 5537 ut
924 5482 1067 5535 nulla
1092 5482 1143 5536 in
1176 5497 1234 5535 re
1261 5483 1491 5535 maxima
1513 5481 1938 5537 Christianorum
1972 5496 2093 5549 pars

509 5576 752 5631 erraret?
797 5575 1088 5642 Nusquam.
1121 5572 1220 5628 Ubi
1262 5575 1517 5629 revelavit
1563 5576 1872 5629 necessario
1922 5573 2092 5643 bapti-

507 5667 709 5724 zandos
726 5666 974 5728 infantes,
1000 5665 1451 5720 autmorientibus
1468 5667 1517 5719 in
1539 5665 1765 5719 infantili
1789 5676 1945 5719 aetate
1971 5682 2092 5734 pro-

506 5757 666 5817 desse
690 5762 1044 5828 baptismum?
1075 5759 1345 5827 Nusquam
1389 5760 1571 5814 etiam.
1607 5760 1786 5831 itaque
1828 5760 2083 5829 Angusti-

2202 1907 2380 1950 catum
2412 1898 2695 1965 originale.
2730 1898 2797 1950 At
2825 1896 3010 1967 quidni
3043 1896 3194 1950 licuit
3222 1895 3515 1963 Pelagianis
3556 1896 3731 1961 rcjicere

2203 1987 2319 2054 ejus
2351 1989 2723 2041 auctoritatem
2743 2029 2757 2051 ,
2792 1988 2845 2041 in
2878 1987 2983 2041 hoc
3014 1987 3254 2056 neg0tio,
3296 1996 3353 2039 ut
3390 1987 3657 2056 Augustino
3689 1989 3734 2040 li-

2203 2083 2316 2133 cuit
2360 2080 2501 2148 qnod
2531 2080 2725 2133 attinet
2753 2080 2817 2133 ad
2861 2080 3185 2149 baptismum
3217 2079 3609 2133 haereticorum?
3643 2078 3736 2133 Pro-

2206 2174 2347 2227 fecto
2369 2173 2538 2227 multo
2557 2174 2777 2238 clarius,
2795 2174 3008 2242 plenius
3029 2189 3089 2227 ac
3105 2177 3439 2229 constantius
3454 2173 3737 2241 baptizandus

2206 2281 2329 2319 esse
2355 2266 2422 2317 ab
2446 2266 2714 2319 haereticis
2744 2266 2810 2318 ad
2843 2266 3141 2320 Ecclesium
3168 2264 3493 2319 catholicam
3513 2265 3740 2318 venientes

2208 2357 2518 2419 affirmavit,
2537 2372 2694 2424 quam
2710 2358 2852 2426 quod
2876 2358 2988 2411 vult
3010 2357 3094 2412 hic
3122 2358 3477 2426 Hipponensis
3495 2356 3741 2423 cpiscopus.

2212 2448 2413 2502 Deinde
2445 2463 2550 2502 non
2580 2448 2708 2502 dicit
2729 2448 2782 2501 in
2815 2449 3048 2504 infantes
3080 2451 3312 2503 transire
3342 2450 3499 2503 ullam
3524 2448 3667 2503 labem
3689 2449 3743 2502 in-

2209 2549 2438 2607 ternum,
2458 2556 2561 2609 qua
2582 2556 2765 2594 eorum
2790 2540 3068 2597 facultates
3089 2543 3200 2596 sint
3230 2542 3455 2603 vitiatae;
3480 2541 3566 2595 sed
3586 2548 3745 2594 tantum

2212 2636 2425 2690 trahere
2441 2650 2536 2689 eos
2547 2635 2904 2705 contagionem
2922 2636 3099 2689 mortis
3111 2635 3179 2689 ab
3194 2635 3424 2702 Adamo,
3440 2634 3552 2701 quia
3566 2649 3624 2687 ex
3638 2643 3747 2699 patro

2214 2726 2423 2781 mortali
2456 2742 2564 2779 non
2598 2726 2697 2779 nisi
2734 2728 2997 2781 mortales
3020 2735 3345 2791 nascuntur;
3394 2726 3540 2794 quod-
3573 2724 3747 2777 multum

2211 2820 2366 2873 abest
2392 2834 2420 2872 a
2447 2818 2714 2873 sententia
2740 2818 3045 2887 Augustini.
3073 2819 3317 2886 Denique
3342 2818 3597 2875 rhetorice
3618 2820 3748 2885 potius

2212 2911 2441 2966 fortasse
2470 2911 2607 2964 dixit
2630 2911 2829 2965 remitti
2853 2912 3023 2964 aliena
3052 2920 3297 2979 peccata,
3327 2926 3483 2977 quam
3508 2908 3749 2967 didactice;

2214 3019 2277 3057 ac
2300 3018 2431 3058 sane
2462 3018 2561 3057 nec
2592 3002 2872 3071 imputari,
2915 3017 3017 3057 nec
3047 3003 3248 3056 remitti
3273 3003 3445 3056 aliena
3474 3010 3694 3071 peccata,
3718 2996 3750 3051 si

2220 3097 2436 3165 proprie
2481 3096 2786 3164 loquamur,
2814 3110 2844 3148 a
2871 3095 3019 3164 justo
3037 3094 3218 3163 judice
3243 3101 3488 3163 possunt.
3533 3092 3661 3146 Satis
3697 3098 3753 3141 est

2211 3294 2372 3335 sensu
2401 3295 2525 3333 vera
2550 3320 2564 3343 ,
2592 3295 2715 3334 cum
2744 3279 2876 3333 satis
2907 3286 3123 3334 constet
3158 3294 3253 3334 eos
3301 3278 3518 3333 minime
3555 3283 3758 3329 accurate

2214 3374 2355 3443 loqui
2388 3372 2600 3426 solitos.

2284 3463 2429 3533 μθ.
2477 3461 2818 3533 Impetremus
2857 3478 3010 3532 ergo,
3041 3460 3085 3515 si
3131 3476 3433 3529 possumus,
3484 3477 3513 3512 a
3557 3456 3759 3528 fratribus

2198 3557 2419 3617 nostris,
2450 3572 2510 3609 ne
2558 3571 2653 3608 nos
2677 3556 2887 3624 insuper
2927 3552 3184 3624 appellent
3206 3554 3493 3617 htereticos,
3534 3551 3660 3621 quod
3697 3564 3759 3600 eos

2212 3652 2338 3703 talia
2360 3650 2680 3715 disputantes
2704 3665 2795 3701 nos
2820 3648 3083 3718 appellare
3104 3648 3364 3717 possimus
3390 3647 3617 3715 forsitan,
3649 3642 3762 3695 sive-

2208 3744 2388 3807 limus,
2412 3759 2501 3797 nec
2525 3752 2691 3795 tamen
2712 3736 3077 3812 appellamus.]
3101 3738 3225 3793 Haec
3254 3738 3527 3794 scribebat
3552 3732 3761 3802 Augusti-

2209 3851 2309 3889 nus
2340 3848 2483 3888 anno
2529 3833 2637 3888 415
2659 3874 2675 3898 ,
2714 3832 2867 3885 initio
2918 3830 3088 3885 ferme
3123 3829 3642 3889 controversiarum,
3669 3839 3760 3877 cum

2210 3924 2444 3979 nondum
2479 3921 2857 3991 scriptionibus
2883 3918 3177 3976 contrariis
3207 3928 3263 3974 et
3310 3919 3453 3973 odiis
3491 3915 3679 3972 incensi
3699 3928 3763 3967 es-

2206 4025 2332 4071 sent
2360 4016 2548 4070 animi.
2591 4014 2783 4069 Postea
2831 4012 2991 4082 pleno
3020 4027 3115 4066 ore
3146 4011 3437 4067 haereticos
3464 4008 3688 4076 vocavit,
3724 4013 3765 4058 et

2208 4107 2467 4161 conviciis
2494 4104 2745 4159 omnibus
2768 4102 3055 4173 proscidit,
3089 4113 3147 4158 ut
3177 4103 3319 4157 solet
3343 4102 3485 4156 ﬁeri.

2282 4199 2564 4261 Sustineat,
2589 4196 2782 4264 inquit,
2804 4212 2897 4250 eos
2920 4204 3081 4249 mater
3099 4196 3199 4265 piis
3221 4194 3503 4248 uisceribus
3523 4189 3763 4250 sanandos,

2205 4300 2369 4362 portet
2395 4289 2685 4352 docendos,
2722 4303 2787 4341 ne
2822 4288 3033 4358 plangat
3064 4296 3311 4340 mortuos.
3349 4286 3585 4339 Nimium
3609 4290 3673 4336 est
3690 4293 3766 4346 qua

2204 4382 2622 4455 progrediuntur,
2658 4380 2877 4434 multum
2902 4388 2976 4434 est
2995 4420 3011 4445 ,
3039 4381 3124 4433 via:
3150 4380 3422 4447 ferendum
3469 4387 3574 4446 est,
3602 4384 3769 4444 magna

2206 4474 2465 4543 patientia:
2492 4474 2660 4526 adhuc
2693 4472 2838 4542 ferri,
2869 4469 3001 4542 etc.]
3030 4470 3223 4524 Mellito
3256 4471 3373 4525 haec
3394 4476 3548 4531 sunt,
3584 4464 3669 4521 sed
3696 4461 3770 4515 de-

2127 4555 2180 4617 Β
2209 4566 2486 4621 honestata
2534 4563 2749 4617 fuerunt
2773 4563 3112 4639 sequentium
3145 4569 3451 4630 temporum
3500 4551 3772 4614 incredibili

2206 4658 2533 4721 acerbitate;
2554 4664 2613 4711 ut
2633 4655 3026 4725 propemodum
3046 4654 3308 4724 suSpicari
3325 4655 3448 4723 quis
3467 4651 3629 4721 possit
3648 4662 3772 4703 man-

2208 4748 2545 4805 suetudinem
2577 4748 2715 4801 hanc
2740 4747 2866 4800 data
2891 4760 3057 4815 opera
3084 4745 3416 4819 simulatam,
3449 4754 3505 4796 ut
3528 4741 3687 4809 major
3708 4739 3769 4790 in-

2207 4841 2344 4895 vidia
2371 4840 2583 4895 miseris
2636 4837 2941 4892 hominibus
2988 4836 3337 4901 conﬂaretur,
3377 4837 3480 4890 nisi
3511 4833 3771 4893 cederent,

2210 4946 2371 5003 utque
2410 4918 2656 4985 homines
2682 4929 2914 4999 imperiti
2941 4929 3112 4999 magis
3158 4930 3209 4981 in
3249 4928 3373 4982 illos
3404 4936 3588 4993 postea
3631 4935 3772 4976 exar-

2208 5026 2511 5081 descerent.
2568 5024 2675 5077 Has
2710 5031 2853 5078 artes
2882 5037 2912 5076 a
2953 5036 3231 5076 sacromm
3282 5020 3609 5090 praesidibus
3652 5024 3775 5078 saepe

2206 5116 2470 5172 adhibitos
2493 5130 2654 5171 nemo
2679 5115 2879 5179 nescit,
2900 5116 3127 5183 ejusque
3155 5116 3234 5168 rei
3253 5113 3466 5183 insigne
3493 5108 3773 5178 exemplum

2206 5209 2448 5263 videmus
2470 5207 2522 5262 in
2554 5206 2900 5261 damnatione
2930 5206 3352 5261 Donatistarum.
3390 5204 3636 5259 Profecto
3670 5211 3773 5252 com

2203 5300 2462 5370 ejusmodi
2490 5299 2653 5353 initiis
2681 5299 2901 5353 minime
2920 5298 3265 5353 consentiunt
3291 5298 3481 5368 viginti
3512 5295 3769 5350 minimqu

2202 5392 2526 5461 synodorum
2542 5391 2677 5448 intra
2702 5406 2898 5460 paucos
2913 5405 3087 5445 annos
3102 5390 3368 5445 festinata
3387 5389 3771 5458 Pelagianorum

2202 5486 2509 5554 dogmatum
2536 5484 2932 5551 damnationes,
2960 5492 3015 5538 ut
3038 5484 3309 5553 episcopis
3338 5484 3540 5551 saepius
3560 5482 3623 5534 ad
3642 5480 3772 5531 dam-

2198 5579 2406 5632 nandos
2421 5577 2735 5648 Pelagianos
2756 5578 3025 5641 adductis,
3049 5575 3190 5632 nulla
3214 5577 3334 5633 iniri
3365 5588 3550 5646 posset
3566 5572 3770 5641 amplius

2198 5672 2332 5724 ratio
2363 5670 2745 5725 audiendarum
2793 5670 3033 5739 partium
3055 5682 3160 5725 tam
3204 5685 3345 5740 saepe
3378 5669 3766 5725 damnatarum;

2195 5775 2315 5815 cum
2342 5762 2481 5814 enim
2507 5760 2697 5831 synodi
2720 5763 3025 5830 quempiam
3054 5762 3395 5828 damnarunt,
3425 5759 3643 5817 honoris
3666 5765 3769 5812 esse
