3954 6364
220 340 313 430 ἐτη
891 371 1247 431 VARIORUM
1284 368 1878 429 sxaacrrarioxes
1915 368 1981 423 ra
2019 369 2076 425 s.
2118 369 2486 431 AUGUSTINI
2521 372 2771 433 ornas.

3358 366 3489 442 Μ

226 497 299 535 sui
328 492 509 551 putant
547 484 827 541 hominem
850 485 1013 540 videri
1036 487 1157 553 jure
1195 485 1528 549 damnatum,
1561 496 1657 537 nec
1687 497 1780 552 pa-
1806 485 1862 543 Α
1888 497 2155 550 nunquam
2182 484 2359 538 audita
2384 484 2613 539 fuerant.
2646 486 2753 541 Sed
2776 485 2922 556 quid,
2952 487 3188 558 inquies,
3213 502 3281 543 an
3304 503 3487 548 nemo

227 576 414 631 tiuntur
465 575 683 633 decreta
720 592 815 631 sua
847 578 1037 631 iterum
1084 578 1338 645 expendi.
1388 576 1505 631 Sed
1548 577 1790 641 legantur

225 666 390 721 edicta
420 667 637 721 Honorii
668 678 721 722 et
750 668 1071 729 Constantii,
1097 678 1281 723 contra
1306 668 1637 735 Pelagianos,
1672 681 1793 731 qum

224 767 341 811 sunt
369 760 435 811 ad
460 759 660 812 calcem
690 760 818 813 tomi
841 759 911 821 X,
940 768 994 813 et
1015 774 1157 828 saepe
1182 758 1304 812 alibi
1333 758 1505 820 edita,
1538 765 1591 810 et
1619 758 1794 825 lique-

223 850 301 903 bit
320 852 489 905 multo
517 851 891 907 vehementius
920 852 1025 905 illis
1052 851 1531 920 quam'rationihus
1557 864 1676 904 esse
1700 864 1796 917 pu-

222 950 455 1010 gnatum.

287 1032 709 1096 Sermonet305,
754 1033 804 1086 in
846 1034 1045 1086 titulo:
1083 1032 1311 1085 Habitus
1350 1030 1418 1083 ad
1459 1046 1683 1084 mensam
1728 1030 1790 1085 S.

222 1120 507 1193 Cyprtani.]
540 1122 619 1176 Ad
649 1125 819 1177 altare
840 1124 895 1179 S.
916 1123 1187 1193 Cypriani.
1213 1123 1445 1177 Mensam
1464 1122 1607 1175 enim
1628 1123 1799 1176 altare

220 1215 503 1278 dicebant,
559 1224 615 1267 ut
645 1214 815 1268 Graeci
863 1215 1000 1289 ἱερὰν
1041 1214 1314 1288 τράπεζαν.
1371 1214 1443 1264 De
1475 1211 1573 1263 hac
1616 1219 1795 1264 autem

219 1307 357 1374 apud
385 1305 758 1374 Carthaginem
786 1322 965 1359 mensa
992 1306 1051 1360 S.
1082 1305 1329 1374 Cypriani
1360 1318 1523 1373 agens
1548 1318 1803 1358 sermone

227 1397 321 1449 H5
350 1396 418 1449 de
446 1396 685 1450 Diversis
716 1413 730 1447 :
760 1396 908 1449 Sicut
939 1396 1114 1459 nostis,
1147 1395 1334 1464 inquit,
1357 1395 1640 1462 quicunque
1668 1394 1796 1447 Car-

215 1490 474 1557 thaginem
503 1490 693 1555 nostis,
726 1491 779 1541 in
805 1489 982 1542 eodem
1012 1489 1122 1541 loco
1161 1478 1342 1557 in'quo
1380 1499 1585 1558 propter
1622 1503 1805 1541 nomen

216 1579 407 1633 Christi
435 1583 648 1652 sanguis
676 1582 823 1647 [usus
869 1590 943 1634 est
972 1580 1247 1650 Cypriani,
1300 1595 1475 1633 mensa
1526 1579 1632 1633 Deo
1678 1596 1801 1632 con-

210 1682 412 1725 structa
466 1683 560 1725 est.
596 1672 783 1726 Tamen
829 1689 1004 1727 mensa
1029 1673 1216 1725 dicitur
1244 1673 1519 1741 Cypriani,
1550 1688 1651 1725 non
1679 1673 1802 1742 quia

209 1766 279 1817 ibi
310 1773 390 1817 est
412 1782 635 1829 unquam
656 1764 942 1835 Cyprianus
970 1765 1220 1831 epulatus,
1246 1764 1476 1832 sedquia
1505 1763 1570 1816 ibi
1599 1776 1672 1816 est
1702 1766 1800 1817 im-

1899 583 2022 627 tunc
2050 575 2148 628 fuit
2171 576 2257 629 cui
2302 577 2505 631 veritas
2537 579 2803 644 antiquior
2836 587 2978 632 esset
3006 594 3163 648 quam
3212 580 3469 639 utilitates

1896 663 2232 716 sacerdotum
2254 703 2270 729 ,
2313 672 2368 719 et
2394 666 2485 733 qui
2517 664 2732 721 fraudes
2760 665 2880 720 illas
2918 667 3143 721 candide
3171 670 3470 738 retegeret!

1896 754 2012 809 Non
2042 755 2229 811 dubito
2255 758 2384 825 quin
2414 774 2444 814 a
2476 759 2654 813 multis
2693 774 2760 819 eo
2789 770 3029 829 tempore
3059 762 3251 817 iuerint
3278 764 3473 832 agnita

1897 856 1952 899 et
1973 847 2172 913 irrisas;
2201 849 2296 903 sed
2324 858 2464 904 tanta
2502 860 2617 904 erat
2660 854 2894 920 potentia
2924 868 3109 908 eorum
3132 857 3220 923 qui
3251 855 3354 909 illis
3380 868 3475 910 ar-

1900 938 2040 992 tibus
2064 940 2368 1007 utebantur,
2390 950 2535 995 tanta
2560 944 2697 1010 apud
2718 944 3048 1011 plebeculam
3077 947 3269 1014 gratia,
3296 956 3497 1004 tantus

1900 1028 2131 1099 denique
2158 1029 2306 1085 furor
2332 1034 2719 1102 superstitiosa:
2754 1035 2926 1103 plebis
2943 1038 3108 1091 semel
3132 1038 3391 1106 decepta),
3416 1049 3477 1093 ut

1901 1128 2071 1174 tutum
2102 1136 2205 1174 non
2247 1131 2393 1176 esSet
2425 1133 2612 1177 contra
2651 1140 2742 1178 eas
2778 1136 2921 1179 artes
2962 1128 3134 1195 palam
3190 1130 3474 1198 quidquam

1903 1222 2108 1271 tentare
2136 1224 2227 1267 aut
2252 1215 2527 1279 scribere.
2546 1216 2698 1282 Quod
2727 1219 2854 1271 satis
2884 1218 3051 1287 liquet
3088 1223 3345 1289 exemplis
3386 1224 3478 1276 Vi-

1900 1304 2104 1372 gilantii
2140 1314 2193 1357 et
2215 1305 2487 1360 .loviniani
2528 1306 2595 1360 ab
2634 1308 2959 1379 Hieronymo
2983 1320 3037 1364 et
3064 1310 3182 1363 aliis
3207 1323 3311 1365 tam
3339 1314 3478 1368 male

1904 1395 2230 1459 habitorum,
2264 1398 2405 1465 quod
2440 1400 2645 1466 negatis
2676 1398 2981 1468 hujusmodi
3011 1402 3300 1456 historiolis
3337 1404 3479 1460 sacri

1901 1485 2104 1538 ordinis
2130 1485 2451 1540 utilitatibus
2472 1488 2747 1541 adversari
2772 1490 3100 1545 viderentur.

1918 1632 1921 1637 λ
1975 1576 2002 1645 §
2037 1579 2086 1631 1.
2124 1578 2247 1630 Ante
2279 1579 2473 1644 aliquot
2500 1595 2698 1645 annos,
2725 1582 2870 1633 nobis
2896 1582 3177 1636 videntibus
3200 1584 3338 1650 apud
3370 1585 3480 1637 Me-

1902 1667 2167 1720 diolanum
2196 1668 2480 1722 constitutis
2501 1709 2516 1732 ,
2562 1681 2909 1741 apparuerunt
2937 1688 3155 1742 corpora
3191 1685 3481 1729 sanctorum

1903 1765 2188 1826 martyrum
2216 1756 2447 1812 Gervasii
2482 1767 2529 1812 et
2575 1759 2845 1832 Protasii.]
2891 1762 2944 1816 In
2979 1762 3282 1829 Victorino,
3339 1767 3483 1821 nobis

206 1856 478 1921 molatus,
526 1868 575 1910 et
610 1861 732 1926 quia
768 1860 880 1925 ipsa
921 1857 1271 1909 immolatione
1304 1872 1397 1907 sua
1424 1856 1621 1924 paravit
1664 1855 1799 1909 hanc
1827 1848 2186 1917 Bjuvenibus.
2224 1850 2297 1903 De
2336 1850 2564 1904 inventis
2595 1852 2874 1906 Mediolani
2905 1870 2935 1907 a
2963 1855 3018 1909 S.
3048 1856 3330 1911 Ambrosio
3360 1861 3485 1913 reli-

204 1964 481 2011 mensam,
514 1963 614 2000 non
652 1948 706 2000 in
737 1963 836 2016 qua
868 1956 1044 2015 pascat
1068 1948 1169 1999 sive
1204 1954 1459 2013 pascatur,
1506 1946 1593 1998 sed
1620 1952 1671 1998 in
1700 1963 1802 2011 qua

204 2039 532 2106 sacriﬁcium
566 2039 703 2106 Deo,
737 2039 820 2091 cui
850 2050 896 2091 et
931 2040 1038 2104 ipse
1066 2038 1263 2091 oblatus
1300 2046 1392 2101 est,
1423 2037 1686 2105 oﬂ‘eratur.
1720 2039 1801 2092 Ad

216 2129 469 2185 eamdem
498 2144 655 2197 porro
684 2144 924 2183 mensam
941 2127 1000 2183 S.
1025 2128 1273 2200 Cypriani
1296 2127 1614 2197 Carthagine
1638 2126 1803 2182 habiti

224 2222 379 2275 etiam
407 2235 687 2274 sermones
711 2219 780 2274 94
823 2233 878 2274 et
902 2222 1002 2276 157
1031 2220 1098 2275 de
1128 2220 1425 2288 Tempore,
1453 2228 1508 2274 et
1548 2231 1802 2275 tractatus

221 2317 275 2369 in
303 2315 572 2384 psalmum
597 2306 818 2367 xxxvnt.
845 2315 1165 2368 SIRIONDUS.

279 2406 548 2460 Sermone
593 2406 695 2460 518
723 2446 737 2471 ,
774 2406 825 2459 in
871 2405 1026 2458 titulo
1060 2423 1071 2456 :
1126 2405 1199 2458 De
1240 2414 1460 2474 martyre
1497 2403 1815 2477 Stephano},

209 2496 473 2565 Ejusdem
497 2498 799 2566 argumenti
835 2508 915 2552 εει
946 2497 1083 2565 apud
1109 2512 1206 2551 nos
1229 2511 1408 2550 sermo
1433 2497 1665 2551 nondum
1692 2498 1805 2552 edi-

209 2600 297 2642 tus
320 2589 510 2642 Fausti
536 2590 795 2657 episcopi,
822 2588 1049 2643 fortasse
1073 2588 1335 2653 lleiensis,
1358 2588 1510 2657 cujus
1526 2591 1807 2645 exordium

210 2682 294 2735 sic
329 2696 395 2736 se
444 2681 604 2735 habet
647 2699 659 2734 :
689 2680 950 2735 Prtesentc
985 2683 1198 2736 lectione
1226 2699 1541 2753 percepimus
1570 2686 1809 2739 visionem

214 2774 453 2827 omnibus
493 2773 736 2828 Ecclesiis
765 2774 1087 2827 celebratam.
1132 2775 1433 2828 Audiuimus
1464 2793 1566 2829 non
1612 2779 1810 2830 somnia

221 2881 464 2917 sensuum
492 2881 661 2919 errore
691 2866 897 2930 delusa,
942 2865 1030 2919 sed
1068 2865 1280 2920 oracula
1322 2883 1495 2920 rerum
1549 2869 1810 2936 c/fectibus

227 2957 531 3026 approbata.
563 2955 747 3009 Merito
770 2958 1067 3011 reuelationi
1091 2959 1344 3012 credimus
1366 2960 1421 3012 in
1445 2975 1692 3025 sermone,
1723 2962 1812 3031 qui

234 3049 449 3116 fructum
476 3058 698 3101 tenemus
734 3050 786 3101 in
826 3067 1050 3103 munere.
1101 3049 1198 3104 Ubi
1227 3062 1341 3104 sunt
1374 3053 1460 3118 qui
1488 3054 1662 3106 dicunt
1700 3055 1811 3122 pios

241 3142 542 3211 martyribus
570 3142 784 3195 [tonores
806 3160 909 3196 non
929 3160 1037 3197 esse
1060 3145 1362 3212 delerendos
1377 3146 1403 3199 .7
1424 3144 1557 3200 Ecce
1584 3148 1700 3215 iste,
1725 3147 1813 3216 qui

1904 1939 2046 2008 quiis
2074 1941 2169 1994 SS.
2195 1941 2437 1994 Gervasii
2468 1951 2523 1995 et
2548 1942 2769 1997 Protasii
2791 1987 2805 2009 ,
2839 1960 2957 1998 cum
2983 1948 3032 1998 in
3064 1963 3123 2001 ca
3148 1949 3275 2003 urbe
3300 1966 3483 2005 versa-

1906 2041 2053 2084 retur
2083 2030 2140 2085 S.
2171 2033 2528 2100 Augustinus,
2577 2050 2717 2088 anno
2749 2036 2948 2091 Christi
2989 2040 3113 2103 587,
3146 2041 3258 2108 ipse
3302 2045 3484 2101 itidem

1908 2123 2098 2174 scribit
2139 2123 2233 2176 lib.
2263 2140 2314 2177 ix
2342 2123 2752 2179 Confessionum
2777 2143 2897 2195 cap.
2923 2130 2976 2193 7,
3008 2140 3061 2184 et
3089 2134 3203 2186 loco
3233 2135 3394 2189 citato
3418 2138 3486 2192 de

1905 2208 2132 2266 Civitate
2164 2213 2255 2268 Dei
2312 2232 2326 2268 :
2362 2214 2557 2281 Tantm,
2594 2217 2795 2284 inquit,
2825 2222 3004 2287 gloria:
3030 2234 3306 2292 martyrum
3334 2231 3487 2283 etiam

1906 2323 1999 2376 eqo
2023 2309 2160 2360 testis
2189 2308 2282 2379 fui,
2317 2308 2402 2361 ubi
2433 2308 2713 2364 Mediolani
2739 2326 2879 2364 eram
2909 2312 3044 2380 facta
3074 2314 3319 2369 miracula
3349 2327 3488 2388 novi,

1906 2411 2014 2455 etc.
2041 2398 2361 2457 SIRIIONDUS.

1981 2492 2112 2545 Ibid.
2149 2494 2397 2547 Attamen
2434 2509 2534 2547 vox
2565 2496 2884 2557 constitutis,
2931 2511 3051 2563 quae
3090 2502 3352 2567 sequitur,
3396 2518 3489 2558 os-

1911 2582 2082 2636 tendit
2114 2584 2212 2651 legi
2262 2600 2366 2636 non
2412 2600 2567 2652 posse
2619 2587 2934 2651 videntibus,
2981 2590 3121 2657 quod
3168 2591 3491 2651 addiderunt

1914 2678 2158 2731 homines
2184 2679 2319 2730 male
2350 2679 2498 2741 sani,
2533 2689 2589 2731 ut
2621 2679 2878 2746 majorem
2914 2681 3280 2737 Ambrosianae
3314 2702 3493 2743 scenas

1915 2771 2073 2825 fidem
2099 2771 2355 2827 facerent.
2382 2773 2543 2841 Igitur
2565 2775 2762 2827 rectius
2787 2776 2966 2843 plures
2990 2758 3144 2843 mss.,
3177 2790 3233 2833 ut
3265 2781 3493 2838 Benedi-

1915 2864 2044 2916 ctini
2074 2873 2357 2925 testantur,
2394 2865 2588 2917 habent
2608 2866 2879 2935 juvenibus

1987 2956 2247 3009 Sermone
2278 2954 2405 3022 5‘22,
2434 2954 2534 3024 legi
2563 2965 2739 3023 potest
2768 2966 2822 3011 et
2850 2973 2978 3012 sane
3017 2959 3177 3013 debet
3223 2962 3397 3019 fabula
3429 2982 3494 3023 ex

1916 3061 2019 3114 qua
2045 3046 2108 3098 de
2128 3053 2234 3099 tota
2260 3044 2401 3099 illius
2428 3048 2524 3099 aevi
2552 3047 2834 3102 histrionia
2851 3060 3054 3105 certum
3075 3052 3333 3120 judicium
3368 3056 3495 3113 ferri

1916 3145 2096 3204 queat.
2145 3135 2323 3189 Primo
2357 3136 2442 3189 die
2473 3137 2693 3190 Paschm
2728 3139 3038 3205 producitur
3084 3143 3277 3197 Paulus
3317 3149 3497 3201 nescio

241 3236 343 3301 iam
370 3234 563 3287 dudum
592 3234 735 3288 beata
765 3235 995 3305 paradisi
1033 3236 1304 3302 splendore
1345 3239 1646 3308 perfruitur,
1677 3256 1810 3293 nunc

1920 3228 2038 3294 quis
2067 3244 2096 3281 e
2124 3226 2483 3296 Cappadocia,
2517 3229 2789 3282 hominum
2824 3236 3048 3300 nequam
3076 3234 3421 3304 feracissima,
3452 3239 3498 3295 si

242 3328 423 3378 mundo
450 3327 638 3387 adhoc
667 3328 953 3385 ostenditur
980 3339 1033 3382 ut
1064 3330 1282 3383 colatur.
1320 3330 1465 3385 Unde
1494 3334 1814 3400 dispensator

244 3419 514 3473 ufrlitatum
544 3431 835 3475 nostrarum
875 3419 1005 3475 Deus
1030 3421 1285 3476 evidenter
1314 3438 1426 3474 eum
1461 3428 1694 3494 prwcepit
1724 3424 1817 3477 Ito-

243 3514 430 3577 norari,
456 3530 605 3581 quem
634 3516 871 3580 prwstittt
900 3516 1135 3570 inveniri.
1170 3515 1251 3568 Ait
1286 3531 1407 3586 ergo
1436 3532 1600 3569 sermo
1624 3517 1815 3570 revela-

244 3607 406 3670 tionis,
456 3616 562 3660 etc.
596 3607 669 3660 De
697 3607 937 3661 revelato
967 3607 1019 3661 in
1058 3608 1335 3663 Palaestina
1371 3610 1470 3664 sub
1499 3610 1657 3663 linem
1690 3610 1818 3664 anni

244 3695 346 3749 413
369 3712 591 3766 corpore
617 3698 675 3752 S.
709 3698 990 3767 Stephani,
1018 3699 1240 3769 ejusque
1268 3702 1506 3768 reliquiis
1534 3702 1658 3755 inde
1684 3700 1818 3759 alla-

246 3784 315 3839 tis
344 3787 389 3839 in
439 3788 715 3852 Africam,
759 3796 813 3841 et
857 3789 923 3842 de
964 3790 1236 3844 memoriis
1268 3792 1319 3844 in
1363 3806 1545 3846 earum
1589 3794 1816 3862 gratiam

248 3875 386 3930 [ἕκαιί
413 3879 479 3931 ab
507 3877 711 3933 Evodio
740 3880 1017 3947 episcopo,
1043 3879 1274 3934 Calamus
1313 3897 1343 3935 a
1374 3882 1636 3948 Possidio,
1684 3884 1818 3953 llip-

247 3979 378 4032 pone
398 3970 462 4019 ab
484 3968 784 4037 Augustino
798 3972 1061 4033 excitatis,
1086 3974 1408 4039 Augustinus
1440 3975 1552 4041 ipse
1578 3976 1817 4030 omnium

250 4055 617 4117 instat-narrat
647 4060 738 4114 lib.
768 4076 874 4114 XXII
916 4061 983 4114 de
1006 4061 1229 4117 Civitate
1260 4062 1389 4129 Dei,
1418 4078 1537 4132 cap.
1580 4065 1636 4120 8.
1664 4066 1815 4121 Ini-zu.

322 4145 445 4201 Ibid.
501 4148 865 4204 lnventionem
904 4152 1247 4219 reliquiarum
1297 4153 1353 4210 S.
1412 4156 1668 4225 Stephani
1698 4157 1818 4213 vide

254 4235 303 4287 in
334 4240 630 4293 narratione
662 4239 880 4294 Luciani
927 4243 1221 4313 presbyteri
1264 4245 1816 4315 Caphargamalensis,

253 4326 380 4393 apud
400 4329 645 4383 Photium
667 4331 787 4385 cod.
812 4345 989 4385 cum.
1014 4334 1175 4387 Miror
1206 4333 1351 4389 hisce
1373 4337 1583 4391 saeculis
1604 4338 1816 4407 quibus,

260 4427 314 4470 ut
342 4420 407 4473 ait
435 4420 519 4475 ille
539 4462 555 4487 ,

427 4511 515 4559 Vel
540 4514 683 4574 pueri
702 4526 868 4564 nasum
892 4516 1223 4568 rhinocerotis
1246 4520 1442 4569 habent.

1916 3321 2083 3373 veteri
2112 3319 2264 3372 famm
2286 3328 2341 3372 et
2364 3320 2567 3373 Isidoro
2590 3321 2872 3375 Pclusiota:
2901 3324 3168 3379 credimus
3185 3372 3197 3391 ,
3219 3339 3437 3383 curatus
3467 3344 3498 3385 a

1919 3410 1973 3465 S.
2033 3410 2340 3479 Stephano;
2402 3412 2493 3465 sed
2536 3410 2741 3465 libellus
2772 3416 2912 3485 ejus,
2961 3414 3062 3468 hoc
3107 3426 3218 3479 est,
3276 3418 3498 3474 historia

1919 3502 2091 3555 morbi
2119 3510 2173 3555 et
2202 3502 2494 3555 curationis
2533 3501 2796 3565 differtur,
2832 3514 2887 3557 ut
2915 3508 3081 3571 magis
3111 3508 3262 3578 plebs
3297 3527 3500 3581 cogno.

1920 3596 2102 3649 scendi
2128 3594 2375 3663 cupidine
2403 3594 2780 3651 inﬂammetur.
2806 3598 2855 3652 ls
2882 3610 2963 3653 est
2988 3601 3189 3667 primus
3210 3615 3381 3673 actus,
3407 3608 3499 3678 qui

1920 3698 2001 3740 est
2024 3702 2274 3740 sermone
2298 3686 2423 3741 320.
2454 3687 2555 3751 Qui
2580 3688 2761 3753 nostis,
2792 3689 2963 3759 inquit
2995 3694 3342 3761 Augustinus,
3375 3700 3500 3767 quid

1921 3780 1973 3832 in
2001 3779 2088 3832 illo
2116 3777 2282 3829 videre
2305 3775 2508 3830 soleatis
2529 3777 2669 3847 (lege
2691 3779 2949 3844 solebatis,
2970 3797 3149 3837 sermo
3169 3786 3309 3839 enim
3328 3799 3405 3841 est
3432 3788 3500 3845 de

1922 3886 1980 3924 re
2004 3868 2315 3939 praeterita),
2341 3869 2392 3921 in
2410 3870 2644 3938 prtesenti
2667 3871 2943 3939 gaudentes
2968 3874 3116 3944 legite
3140 3878 3277 3945 quod
3300 3880 3498 3935 videtis.

1924 3964 2087 4015 Actus
2118 3961 2383 4015 secundus
2414 3961 2642 4016 habetur
2671 3976 2920 4017 sermone
2952 3963 3075 4030 Sili,
3110 3968 3194 4021 ubi
3237 3974 3501 4038 promitti-

1925 4044 2009 4104 tur
2038 4052 2178 4120 plebi
2207 4051 2421 4105 libellus
2460 4052 2548 4106 ille
2578 4053 2835 4107 mirificus
2871 4055 3052 4122 Pauli,
3086 4061 3205 4126 quia
3247 4066 3498 4121 nonnulla

1924 4142 2220 4211 Augustino
2242 4141 2506 4195 indicarat
2535 4159 2652 4211 qua:
2677 4158 2833 4198 nosse
2856 4146 3080 4200 debebat
3113 4151 3260 4216 plebs
3295 4154 3364 4205 ad
3388 4171 3501 4207 ma-

1913 4239 2085 4307 jorem
2113 4236 2505 4289 admirationem
2525 4244 2571 4288 et
2603 4234 2809 4289 Domini
2833 4239 2993 4291 nostri
3019 4240 3257 4309 gloriam.
3291 4245 3501 4304 Tertius

1923 4340 2005 4382 est
2030 4342 2278 4382 sermone
2298 4326 2427 4393 322,
2461 4328 2512 4381 in
2537 4343 2643 4395 quo
2664 4332 2989 4398 Augustinus
3010 4334 3282 4401 przefatur,
3306 4337 3502 4395 deinde

1926 4419 2201 4472 historiam
2252 4418 2433 4483 Pauli,
2484 4417 2569 4473 die
2600 4419 2818 4474 Paschzn
2848 4424 3047 4489 curati,
3088 4424 3239 4492 jubet
3264 4430 3499 4486 reeitari.

1923 4510 2155 4578 Quartus
2177 4519 2325 4564 actus
2346 4511 2653 4565 continetur
2672 4521 2918 4567 serm‘one
2944 4513 3068 4579 5°23,
3094 4515 3181 4569 ubi
3204 4517 3500 4587 Augustino

260 4601 503 4669 ejusmodi
534 4603 802 4674 ﬁgmentis
826 4605 985 4660 ﬁdem
1019 4609 1222 4674 haberi,
1254 4627 1371 4679 qua,
1401 4613 1581 4666 omnia
1628 4613 1820 4668 indicia
1843 4588 1900 4648 ἶ)
1926 4605 1990 4657 ad
2026 4603 2275 4671 populum
2308 4604 2541 4669 dicente,
2576 4603 2751 4656 subito
2781 4614 2998 4658 curatur
3026 4604 3178 4659 Pauli
3218 4623 3391 4674 soror,
3417 4627 3504 4666 se-

260 4697 447 4760 piarum
492 4695 695 4750 scilicet
746 4697 989 4751 fraudum
1032 4715 1140 4768 prze
1185 4715 1244 4754 se
1291 4702 1485 4755 ferunt.
1538 4702 1817 4775 Plerisque

260 4787 586 4862 ecclesiarum
619 4788 936 4855 rectoribus,
970 4799 1026 4842 ut
1049 4806 1115 4843 ex
1146 4791 1304 4844 rebus
1338 4792 1466 4860 ipsis
1487 4793 1675 4861 liquet,
1709 4805 1819 4850 tum

264 4891 553 4939 persuasum
589 4878 684 4931 loit
715 4894 1045 4948 quaecunque
1078 4896 1172 4949 per
1212 4898 1270 4936 se
1305 4883 1443 4935 mala
1482 4899 1585 4938 non
1635 4896 1817 4953 erant,

265 4975 595 5035 poterantque
636 4976 726 5021 aut
755 4969 999 5024 ethnicos
1047 4970 1113 5023 ad
1145 4970 1299 5024 fidem
1343 4970 1695 5027 Christianam
1727 4977 1822 5029 ad-

264 5057 461 5123 ducere,
491 5068 581 5111 aut
611 5060 891 5113 hazreticos
919 5070 1143 5125 sanare,
1177 5074 1266 5115 aut
1296 5072 1441 5118 certe
1490 5064 1699 5133 plebem
1730 5082 1820 5120 ca-

268 5150 497 5204 tholicam
527 5152 578 5205 in
624 5153 727 5206 fide
760 5155 1111 5223 confirmare,
1156 5172 1216 5208 ea
1245 5157 1420 5210 omnia
1464 5173 1583 5213 esse
1629 5160 1770 5213 licita
1801 5176 1816 5225 ;

268 5256 419 5310 neque
471 5244 628 5298 nimis
682 5245 852 5314 rigide
903 5246 1282 5315 inquirendum
1339 5264 1538 5304 verane
1589 5263 1816 5317 essent,

273 5346 439 5386 necne.
472 5335 623 5389 Adde
651 5336 790 5405 quod
820 5337 1122 5406 quicunque
1167 5348 1411 5407 poterant
1457 5344 1621 5396 semel
1664 5345 1821 5413 vulgo

270 5422 569 5489 persuadere
597 5428 852 5482 miracula
887 5428 1246 5499 frequentiora
1277 5432 1417 5502 apud
1451 5449 1509 5487 se
1534 5474 1549 5498 ,
1598 5449 1693 5502 per
1734 5451 1821 5489 re-

273 5512 443 5583 liquias
471 5527 775 5573 sanbtorum
805 5521 942 5583 ﬁeri,
977 5523 1010 5575 ii
1039 5523 1301 5591 ingentem
1322 5524 1495 5591 plebis
1524 5524 1825 5578 multitudi-l‘

277 5620 378 5662 nem
404 5611 464 5664 ad
513 5612 793 5666 ecclesiam
838 5628 987 5667 suam
1015 5615 1351 5679 alliciebant,
1402 5617 1623 5683 ejusque
1665 5616 1827 5671 donis

278 5698 573 5759 dilabantur.
599 5702 733 5760 Hinc
761 5707 957 5760 factum
982 5716 1037 5761 ut
1067 5718 1140 5762 tot
1171 5708 1305 5761 lictm
1328 5723 1392 5761 eo
1436 5718 1673 5775 tempore
1710 5710 1823 5764 fue-

280 5790 370 5845 rint
392 5796 655 5863 reliquiae,
708 5806 894 5865 totque
947 5812 1155 5855 narrata
1191 5801 1478 5862 miracula,
1513 5811 1638 5864 qum
1668 5809 1829 5858 antea‘

1925 4694 2210 4763 quiturque
2236 4694 2549 4746 acclamatio
2578 4692 2766 4771 plebis.
2785 4694 3035 4761 Quintum
3060 4698 3292 4767 denique
3322 4713 3499 4759 actum

1925 4785 2299 4851 complectitur
2328 4799 2508 4838 sermo
2537 4785 2665 4847 524',
2705 4786 2793 4837 ubi
2824 4787 2942 4854 pius
2973 4787 3197 4843 antistes
3232 4794 3504 4860 sapienter

1925 4880 2101 4933 omnia
2130 4880 2181 4932 in
2213 4892 2324 4933 rem
2348 4892 2498 4931 suam
2522 4878 2803 4939 convertit,
2832 4879 3192 4948 populumque
3215 4883 3504 4948 prudenter

1926 4981 2110 5026 monet
2136 4986 2254 5025 cum
2301 4950 2447 5023 Deus
2483 4969 2604 5022 alibi
2637 4969 2897 5037 potuisset
2939 4969 3050 5021 haec
3100 4970 3351 5027 miracula
3394 4984 3502 5031 tam

1928 5063 2152 5131 insignia
2176 5062 2372 5125 facere,
2398 5061 2484 5114 ubi
2503 5061 2661 5114 etiam
2688 5068 2842 5114 erant
2870 5059 3108 5127 reliquiae
3139 5060 3195 5116 S.
3222 5062 3499 5135 Stephani,

1928 5162 2107 5207 tamen
2134 5152 2353 5206 Paulum
2377 5158 2691 5205 etsoror‘em
2713 5150 2777 5203 ad
2804 5164 2862 5204 se
2886 5150 3046 5204 fuisse
3068 5151 3305 5207 directos
3331 5174 3341 5207 :
3369 5174 3496 5225 quo,

1929 5243 2029 5297 nisi
2059 5243 2229 5307 fallor,
2261 5242 2533 5311 spectabat
2561 5252 2665 5295 tota
2708 5240 2904 5296 fabula.
2936 5238 3071 5306 Quia
3106 5257 3232 5298 vero
3274 5247 3500 5304 fortasse

1932 5336 2029 5388 hoc
2059 5333 2303 5386 volumen
2337 5333 2530 5387 incidet
2558 5333 2612 5385 in
2640 5338 2824 5385 ecrum
2858 5346 3046 5385 manus
3077 5335 3164 5402 qui
3197 5351 3300 5390 non
3337 5337 3503 5395 halte-

1933 5429 2061 5479 hunt
2115 5426 2291 5478 omnia
2320 5424 2490 5491 Opera
2520 5423 2831 5491 Augustini,
2884 5425 3160 5478 autetiam
3199 5438 3323 5481 sunt
3368 5432 3521 5497 quos"

1927 5522 2130 5590 pigeret
2161 5519 2405 5573 volumen
2437 5518 2550 5586 ejus
2579 5516 2625 5571 V
2651 5518 2700 5571 in
2737 5532 2924 5571 manus
2955 5535 3197 5587 sumere,
3230 5524 3355 5578 dum
3386 5526 3501 5582 haec

1927 5614 2194 5674 evolvunt,
2228 5622 2394 5666 totam
2430 5611 2745 5665 comoediam
2778 5613 2862 5665 hic
2892 5613 3157 5681 subjicere
3192 5616 3363 5670 visum
3395 5627 3499 5676 est.

1928 5706 2030 5760 Sed
2078 5722 2181 5759 non
2214 5720 2426 5775 possum
2475 5704 2715 5759 dolorem
2755 5706 3090 5761 dissimulare
3127 5709 3215 5777 qui
3262 5710 3519 5764 animunt‘

1928 5810 2103 5851 meum
2134 5798 2273 5851 subit
2306 5812 2424 5851 cum
2455 5806 2644 5852 reputo
2680 5797 2806 5851 dum
2852 5798 3216 5865 imprudentes
3257 5800 3522 5855 homine?
3610 5792 3613 5795 ἢ
