3974 6356
516 318 626 378 599

1442 326 1996 390 SUPPLEMENTUM
2038 335 2129 391 AD
2168 337 2395 393 OPERA
2437 340 2493 394 S.
2539 338 2938 397 AUGUSTINI.

3672 357 3750 418 ιοο

515 449 775 520 majorem
806 448 1173 505 auctoritatem
1231 448 1519 505 conciliare
1546 430 1814 505 conantur
1854 453 2099 523 religioni
2131 456 2181 515 Α
2206 454 2519 526 injuriosum
2548 456 2715 523 ﬁlium
2747 458 3099 512 maledicendo
3127 460 3305 527 punire
3332 463 3593 519 constituit.
3621 469 3746 526 Cum.

513 544 834 600 Christiana:
864 544 1126 613 ejusmodi
1170 544 1337 608 dolis,
1376 560 1471 598 eos
1500 545 1718 615 quidem
1761 545 1967 599 lucrum
2028 547 2105 599 fe-

512 638 655 693 cisse
680 638 781 691 sibi
830 638 1057 691 fortasse
1096 652 1202 691 non
1244 639 1639 706 spernandum,
1691 638 1787 694 sed
1818 638 1969 694 valde
2006 655 2105 693 no-

511 729 689 783 cuisse
718 728 961 798 religioni
990 728 1129 797 apud
1160 728 1405 784 homines
1431 731 1738 800 suspicaees
1767 741 1821 786 et
1856 732 2098 801 iniquos;

510 822 600 891 qui
638 822 706 875 ob
748 821 869 875 licta
920 822 1161 876 utilitatis
1205 837 1364 878 causa
1420 823 1777 877 recentiorum
1810 825 2100 889 miracula,

507 914 819 984 apostolicis
851 914 1009 969 fidem
1043 916 1313 970 immerito
1343 916 1629 972 detrahunt
1656 959 1670 983 ,
1700 918 1944 986 quamvis
1985 919 2101 974 haec

506 1017 585 1062 tot
632 1009 863 1062 habeant
896 1007 1007 1062 \eri
1054 1009 1250 1063 indicia
1282 1020 1413 1079 quot
1456 1020 1578 1065 sunt
1610 1011 1661 1064 in
1709 1012 2098 1066 recentioribus

504 1118 613 1158 non
640 1102 891 1156 credendi
918 1103 1179 1156 rationes.
1212 1101 1282 1157 At
1307 1103 1436 1158 faxit
1464 1104 1603 1158 Deus
1634 1092 1690 1157 ut
1721 1104 2008 1173 aliquando
2029 1104 2096 1159 ad

502 1194 898 1249 defendendam
940 1195 1220 1249 veritatem
1262 1195 1374 1249 sola
1410 1195 1611 1249 veritas
1642 1194 1979 1254 adhibeatur.
2016 1196 2097 1249 lu-

500 1303 669 1356 ceque
711 1302 805 1341 sua
858 1288 972 1342 sola
1030 1288 1271 1340 omnium
1320 1289 1530 1341 animos
1587 1288 1653 1341 ad
1698 1288 2093 1343 sanctissimam

500 1378 776 1449 Evangelii
806 1378 1107 1433 doctrinam
1138 1378 1462 1434 credendam
1506 1394 1569 1434 ac
1620 1380 1861 1434 moribus
1915 1380 2096 1449 expri-

499 1471 748 1525 mendam
780 1470 1027 1525 adducat.

567 1566 755 1618 Sermo
786 1563 911 1617 320.
951 1562 1047 1616 Ubi
1083 1563 1396 1632 Augustinus
1420 1579 1473 1617 se
1503 1572 1709 1615 excusat
1739 1563 1874 1631 quod
1899 1578 2093 1616 sermo-

495 1675 611 1712 nem
635 1659 801 1728 facere
845 1674 947 1710 non
990 1657 1178 1725 potuit,
1228 1656 1429 1709 habitus
1459 1656 1570 1727 ipso
1603 1656 1685 1709 die
1724 1655 1984 1729 Pascha]
2018 1656 2092 1712 De
2132 1637 2141 1647 ⁸

492 1751 762 1805 miraculis
797 1751 884 1804 Dei
916 1765 1015 1820 per
1044 1749 1318 1803 orationes
1361 1748 1655 1802 beatissimi
1693 1750 1943 1820 martyris
1965 1750 2088 1805 Ste-

490 1802 1184 1913 phani,Vlibellﬁos‘solemus
1226 1802 1410 1895 audire
1448 1860 1460 1893 :
1498 1842 1712 1896 libellus
1746 1802 1904 1911 hujus
1934 1802 2090 1910 aspe-
2119 1802 2168 1863 Β

490 1949 609 1993 etus
631 1950 742 2003 est,
785 1954 882 2007 pro
928 1938 1193 2004 scriptura
1227 1938 1434 2001 notitia,
1468 1952 1565 2005 pro
1597 1937 1784 1989 charta
1812 1938 1974 1991 facies
1999 1938 2090 1992 de-

486 2040 835 2085 monstratur.
879 2030 977 2097 Qui
1017 2028 1188 2082 nostis
1228 2028 1351 2097 quid
1393 2030 1447 2082 in
1487 2029 1581 2081 illo
1620 2028 1866 2082 dolentes
1905 2029 2088 2084 videre

486 2124 766 2186 solebatis,
797 2123 849 2175 in
881 2122 1133 2190 przesenli
1158 2121 1455 2190 gaudentes
1482 2120 1647 2188 legite
1676 2122 1816 2190 quod
1847 2121 2038 2175 videtis
2070 2138 2084 2174 :

484 2228 541 2267 ιιι
578 2215 834 2269 Dominus
863 2213 1004 2267 Deus
1035 2224 1221 2267 noster
1258 2212 1620 2268 abundantius
1661 2213 1988 2277 bonoretur,
2031 2224 2087 2269 et

483 2308 626 2375 quod
660 2309 711 2361 in
750 2307 934 2361 libello
966 2304 1329 2372 conscriptum
1371 2315 1475 2371 est,
1522 2305 1577 2359 in
1605 2316 1838 2359 vestram
1872 2321 2083 2361 inemo-

482 2402 619 2456 riam
667 2399 1057 2454 eonscribatur.
1117 2398 1250 2452 Date
1290 2398 1505 2451 veniam
1533 2443 1547 2464 ,
1601 2399 1722 2466 quia
1769 2398 2081 2453 diuturnum

482 2508 589 2545 non
627 2491 793 2545 reddo
853 2505 1194 2553 sermonem;
1249 2489 1418 2543 nostis
1467 2491 1667 2544 etenim
1715 2490 2080 2560 fatigationem

480 2598 681 2637 meam.
723 2581 791 2636 Ut
828 2582 942 2635 heri
971 2581 1183 2650 jejunus
1218 2589 1363 2633 tanta
1402 2596 1562 2649 agere
1601 2598 1835 2650 possem,
1874 2594 1927 2637 et
1974 2600 2079 2638 non

480 2676 736 2735 deficere,
765 2682 898 2727 utet
923 2673 1080 2726 hodie
1106 2672 1381 2727 vobiscum
1413 2673 1624 2739 loquar,
1656 2676 1931 2728 orationes
1956 2690 2081 2728 san-

478 2770 548 2825 cti
580 2766 834 2836 Stephani
860 2767 1250 2835 praestiterunt.
1269 2766 1522 2819 Conversi
1547 2766 1613 2819 ad
1645 2768 1949 2831 Dominum,
1968 2777 2074 2822 etc.

549 2864 739 2917 Sermo
763 2862 884 2916 59.1.
923 2860 1022 2914 Ubi
1044 2860 1147 2913 alio
1178 2861 1261 2913 die
1293 2876 1577 2912 sermonem
1609 2862 1749 2928 fecit,
1776 2872 1821 2914 et
1850 2861 2078 2915 libellum

475 2956 645 3009 sanati
666 2955 885 3006 hominis
904 2954 1136 3023 promisit
1161 2952 1291 3020 feria
1312 2953 1533 3003 secunda
1556 2950 1819 3023 Pascha]
1838 2954 2078 3008 Diximus

474 3047 714 3116 quidem,
746 3046 998 3099 hesterno
1030 3044 1138 3106 die,
1182 3044 1318 3096 sicut
1350 3043 1594 3095 meminit
1635 3044 1834 3097 caritas
1869 3055 2071 3107 vestra,

474 3141 632 3207 hujus
682 3138 894 3191 libellus
938 3147 1187 3204 aspectus
1235 3142 1339 3189 est.
1388 3135 1588 3189 Tamen
1647 3136 1766 3203 quia
1815 3139 2071 3191 nonnulla
2101 3176 2148 3240 ϐ

472 3232 631 3286 nobis
667 3230 919 3282 indicavit
948 3244 1067 3297 qum
1108 3242 1269 3281 nosse
1306 3226 1538 3289 debetis,
1576 3226 1643 3279 ad
1687 3226 1945 3295 tnajorem
1976 3229 2071 3281 ad-

472 3324 813 3378 mirationem
854 3330 907 3375 et
954 3320 1166 3373 Domini
1210 3318 1378 3372 nostri
1420 3319 1681 3388 gloriam,
1736 3319 1802 3372 de
1851 3334 2068 3375 suorum

473 3424 781 3470 sanctorum
816 3414 1109 3476 memoriis,
1140 3413 1206 3467 de
1235 3412 1429 3481 quibus
1466 3412 1667 3465 dictum
1696 3421 1799 3476 est,
1833 3410 2070 3467 Pretiosa

471 3514 526 3563 in
554 3518 823 3576 conspectu
857 3506 1063 3559 Domini
1094 3522 1230 3558 mors
1252 3512 1547 3557 sanctorum
1571 3507 1700 3575 ejus,
1722 3505 1879 3558 etiam
1908 3506 2066 3559 libel-

470 3603 581 3657 lum
614 3602 745 3655 dare
780 3604 955 3667 decet,
996 3598 1087 3667 qui
1132 3598 1293 3651 habet
1331 3598 1508 3649 omnia
1554 3611 1674 3665 qua:
1711 3613 1779 3651 ex
1821 3596 1937 3661 eius
1974 3614 2067 3652 ore

420 3684 428 3692 ’
471 3695 839 3763 cognovimus.
874 3690 978 3744 Sed
1013 3690 1056 3744 si
1089 3690 1346 3743 Dominus
1376 3690 1628 3752 voluerit,
1666 3688 1824 3743 hodie
1855 3690 2067 3758 parabi-

471 3799 577 3852 tnr,
605 3798 659 3843 et
686 3787 836 3839 vobis
866 3786 955 3839 die
977 3785 1212 3837 crastino
1244 3782 1559 3837 recitabitur

544 3886 734 3938 Sermo
762 3880 887 3933 5‘22.
926 3879 1023 3936 Ubi
1058 3879 1282 3931 libellum
1322 3877 1624 3944 promissum
1647 3878 1815 3930 sanati
1844 3878 2066 3930 hominis

469 3977 815 4049 pra’sentavit,
856 3974 986 4043 feria
1028 3974 1177 4025 tertia
1214 3970 1470 4041 Paschaa.]
1503 3970 1763 4026 Ilesterno
1788 3971 1874 4025 die
1914 3970 2066 4024 libel-

470 4073 580 4125 lnm
625 4070 963 4136 promisimus
1004 4065 1211 4120 caritati
1254 4074 1465 4129 vestrae,
1508 4064 1597 4117 ubi
1634 4067 1703 4117 de
1746 4064 1836 4117 illo
1876 4075 2064 4119 sanato

469 4165 655 4218 audire
690 4165 849 4217 etiam
892 4158 1108 4228 possitis
1148 4173 1269 4227 qua:
1313 4158 1496 4211 videre
1537 4172 1641 4209 non
1688 4158 1956 4224 potuistis.
2007 4158 2063 4211 Si

469 4272 597 4325 ergo
628 4256 801 4325 placet
832 4251 1046 4307 caritati
1075 4260 1298 4315 vestra),
1340 4250 1449 4303 imo
1487 4252 1610 4320 quia
1655 4252 1866 4319 placere
1902 4251 2064 4306 debet

470 4352 610 4421 quod
635 4360 687 4404 et
719 4348 845 4401 mihi
879 4348 1073 4416 placet,
1106 4345 1267 4399 ambo
1296 4344 1489 4398 fratres
1518 4354 1660 4397 stent
1688 4344 1739 4397 in
1770 4354 2061 4413 conspectu

468 4452 649 4496 vestro
683 4456 697 4493 :
738 4438 912 4507 utqui
957 4438 1105 4490 illum
1147 4449 1251 4487 non
1298 4434 1564 4499 viderant,
1614 4434 1665 4487 in
1706 4436 1808 4487 isto
1846 4437 2062 4490 videant

468 4533 595 4604 quid
640 4532 725 4585 ille
766 4528 1087 4600 patiebatur.
1121 4527 1275 4581 Stent
1311 4540 1439 4595 ergo
1464 4527 1643 4591 ambo,
1671 4541 1811 4579 unus
1836 4528 1918 4579 cui
1959 4526 2055 4581 do-
2086 4554 2140 4613 Β

468 4637 589 4679 nata
619 4634 699 4679 est
726 4622 915 4691 gratia,
944 4628 996 4673 ct
1025 4620 1161 4673 alter
1192 4619 1273 4671 cui
1298 4618 1523 4687 petenda
1552 4628 1633 4673 est
1663 4616 2055 4673 misericordia.

545 4717 828 4785 Exemplar
859 4695 1021 4769 libelli
1062 4710 1169 4765 dati
1210 4726 1238 4762 a
1282 4710 1481 4774 Psuco,
1526 4718 1714 4765 sancto
1760 4711 2059 4780 Augustino

466 4812 739 4883 cpisc0po.

541 4994 703 5062 Rogo,
739 4991 942 5044 domine
984 4988 1269 5041 beatissime
1314 5004 1451 5057 papa
1492 4988 1794 5060 Augustine,
1841 5000 1895 5042 ut
1923 4990 2056 5044 hunc

467 5088 694 5141 libellum
732 5102 929 5149 meum,
969 5100 1117 5154 quem
1147 5101 1206 5137 ex
1236 5092 1486 5153 prtecepto
1526 5093 1612 5137 tuo
1652 5083 1839 5146 obtuli,
1868 5093 2056 5138 sancta:

467 5179 597 5249 plebi
621 5177 806 5250 jubeas
833 5176 1057 5229 recitari.

539 5287 558 5318 ι
600 5267 726 5319 Cum
760 5266 929 5318 adhuc
964 5267 1016 5318 in
1052 5267 1220 5335 patria
1254 5262 1487 5320 Cresarea
1513 5264 1853 5335 Cappadocia:
1882 5283 2052 5322 mora-

463 5376 654 5421 remur,
689 5360 846 5425 frater
876 5367 1045 5411 noster
1074 5370 1200 5411 natu
1226 5361 1391 5430 major
1409 5356 1645 5427 gravibus
1682 5365 1830 5425 atque
1872 5360 2054 5413 intole-

463 5455 642 5509 randis
671 5467 987 5505 communem
1010 5461 1222 5505 matrem
1249 5449 1418 5516 affecit
1446 5450 1496 5499 in
1527 5457 1723 5499 tantum
1752 5450 1976 5516 iniuriis,
2001 5461 2055 5505 ut

464 5548 510 5600 ei
534 5546 684 5599 etiam
712 5560 891 5597 manus
916 5562 1015 5597 non
1046 5544 1301 5597 dubitaret
1332 5540 1539 5609 inferre.
1579 5542 1729 5605 Quod
1758 5558 1849 5594 nos
1880 5558 2053 5597 omnes

466 5638 560 5702 ﬁlii
588 5639 777 5705 pariter
801 5640 1092 5708 congregati
1125 5642 1373 5707 patienter
1408 5635 1636 5699 tulimus,
1676 5644 1729 5687 ut
1760 5652 1822 5689 ne
1848 5636 2052 5690 verbum

466 5729 672 5798 quidem
695 5732 843 5794 fratri
874 5744 1065 5797 nostra,
1086 5746 1177 5799 pro
1210 5737 1371 5781 matre
1393 5738 1694 5795 nostra,cur
1718 5728 1814 5782 hoc
1836 5733 2047 5798 faceret,

467 5822 761 5879 dixerimus.
797 5823 898 5879 Illa
932 5834 1101 5879 autem
1131 5823 1335 5894 feminei
1375 5822 1567 5875 doloris
1605 5822 1824 5877 stimulis
1854 5824 2049 5891 agitata

2209 564 2307 617 que
2332 550 2400 601 ad
2430 550 2562 603 sacri
2594 550 2913 621 baptismatis
2936 552 3151 620 fontem,
3184 564 3295 620 post
3319 556 3562 625 gallorum
3582 574 3746 631 cantus,

2211 652 2489 695 memorato
2525 642 2637 711 filio
2670 660 2762 696 suo
2801 645 2934 696 iram
2967 644 3061 697 Dei
3110 647 3449 714 imprecatura
3481 668 3746 723 properaret,

2210 744 2329 786 tunc
2359 735 2403 789 ei
2431 736 2604 789 nescio
2628 736 2745 806 quis
2773 738 2827 789 in
2854 738 3030 805 patrui
3068 740 3228 793 nostri
3258 741 3598 811 similitudine,
3620 759 3665 800 ut
3687 752 3747 804 iti-

2209 824 2475 897 telligitur,
2503 826 2705 881 dcemon
2739 830 2977 893 occurrit,
3008 839 3053 882 et
3085 832 3147 882 ab
3175 848 3235 884 ea
3272 833 3410 900 prior
3437 852 3531 902 qua
3559 854 3747 910 pergeret

2206 918 2485 987 requisivit.
2513 916 2609 972 Cui
2633 920 2748 984 illa,
2770 922 2839 973 ad
2868 921 3275 976 maledicendum
3300 924 3407 992 filio
3432 942 3539 990 suo,
3567 930 3621 981 ob
3642 932 3748 985 into-

2208 1011 2466 1065 lerabilem
2503 1014 2860 1068 contumeliam
2880 1055 2895 1079 ,
2933 1032 2988 1069 se
3026 1017 3101 1069 ire
3135 1018 3417 1087 respondit.
3450 1018 3583 1073 Tunc
3608 1035 3746 1079 autem

2204 1102 2294 1156 ille
2338 1103 2610 1170 inimicus,
2658 1107 2899 1174 quoniam
2947 1109 3003 1161 in
3046 1108 3275 1161 mulieris
3318 1112 3467 1163 corde
3508 1112 3747 1171 insaniente

2204 1193 2373 1246 locum
2412 1195 2565 1263 facile
2599 1196 2828 1251 invenire
2864 1198 3052 1267 potuit,
3100 1208 3155 1252 ut
3199 1200 3431 1253 omnibus
3470 1203 3747 1261 malediceret

2204 1290 2477 1357 persuasit.
2506 1287 2613 1343 Illa
2648 1299 2817 1344 autem
2837 1291 3052 1359 vipereis
3078 1292 3401 1360 inﬂammata
3430 1296 3658 1360 consiliis,
3684 1317 3749 1351 sa-

2201 1396 2344 1434 crum
2384 1386 2575 1448 fontem
2613 1386 2883 1454 provoluta
2922 1385 3192 1453 corripuit,
3233 1393 3281 1439 et
3322 1386 3513 1454 sparsis
3541 1390 3747 1455 crinibus,

2199 1471 2509 1542 nudatisque
2536 1473 2771 1528 uberibus
2810 1476 2906 1529 hoc
2943 1492 2975 1527 a
3007 1473 3114 1528 Deo
3139 1476 3462 1546 potissimum
3487 1480 3744 1546 postularit,

2198 1574 2254 1617 ut
2274 1574 2499 1619 extorres
2528 1567 2695 1635 patria
2721 1574 2772 1621 et
2799 1568 3167 1623 circumeuntes
3208 1569 3403 1622 alienas
3435 1577 3604 1633 terras,
3632 1587 3747 1624 omne

2196 1655 2460 1710 hominum
2493 1674 2649 1728 genus
2677 1666 2851 1712 nostro
2886 1668 3186 1713 terreremus
3222 1658 3478 1731 exemplo.
3526 1659 3642 1713 Mox
3663 1680 3746 1714 ma-

2197 1757 2367 1802 ternas
2399 1765 2571 1817 preces
2591 1750 2768 1820 efﬁcax
2793 1751 3019 1804 vindicta
3046 1752 3375 1822 prosequitur
3406 1769 3425 1805 :
3460 1753 3747 1823 eamdemque

2194 1840 2437 1892 continuo
2468 1842 2678 1908 fratrem
2706 1852 2933 1895 nostrum
2960 1853 3107 1897 aetate
3134 1846 3387 1915 culpaque
3413 1847 3644 1915 majorem
3668 1855 3747 1900 tre-

2195 1950 2307 1986 mor
2343 1934 2682 1989 membrorum
2718 1945 2889 1991 tantus
2921 1937 3125 2001 invasit,
3168 1948 3417 2007 quantum
3445 1940 3495 1991 in
3523 1955 3596 1993 nte
3622 1957 3749 2008 usque

2192 2038 2311 2081 ante
2341 2029 2435 2081 hoc
2466 2029 2695 2083 triduum
2725 2040 2890 2083 vestra
2924 2032 3168 2083 sanctitas
3195 2032 3347 2085 vidit.
3380 2031 3583 2087 Servata
3610 2045 3747 2088 autem

2193 2120 2373 2173 ordine
2399 2137 2499 2188 quo
2524 2123 2629 2174 nati
2656 2138 2875 2186 eramus,
2920 2124 3056 2175 intra
3083 2139 3241 2175 unum
3267 2140 3464 2177 annum
3488 2128 3653 2177 eadem
3676 2142 3746 2178 nos

2190 2229 2338 2280 poma
2361 2230 2531 2267 omnes
2558 2216 2826 2283 corripuit.
2864 2215 3057 2270 Videns
3086 2226 3255 2270 autem
3276 2227 3440 2273 mater
3468 2217 3745 2271 malediciio-

2190 2320 2277 2356 nes
2303 2321 2422 2357 suas
2450 2308 2516 2357 ad
2538 2314 2733 2359 tantam
2755 2309 3028 2375 efﬁcaciam
3048 2310 3351 2377 pervenisse,
3386 2310 3644 2379 impietatis
3661 2326 3744 2365 sua

2187 2398 2556 2451 conscientiam
2587 2408 2631 2452 et
2662 2400 2991 2469 opprobrium
3021 2402 3282 2455 hominum
3306 2402 3499 2456 diutius
3529 2405 3649 2473 ferre
3666 2420 3745 2457 non

2187 2491 2385 2559 potuit;
2413 2494 2502 2545 sed
2532 2494 2712 2563 laqueo
2742 2504 2918 2563 guttur
2958 2496 3277 2565 astringens,
3316 2495 3600 2549 luctuosam
3621 2498 3743 2551 vitam

2185 2584 2400 2637 termino
2442 2584 2717 2653 funestiore
2745 2585 3014 2640 conclusit.
3061 2586 3265 2656 Egressi
3293 2603 3418 2656 ergo
3461 2603 3548 2639 nos
3584 2604 3742 2650 omnes.

2185 2676 2521 2744 opprobrium
2560 2686 2790 2729 nostrum
2835 2694 2938 2729 non
2967 2678 3206 2747 ferentes,
3252 2686 3299 2731 et
3348 2694 3651 2731 communem
3674 2695 3743 2746 pa-

2184 2768 2333 2819 triam
2371 2768 2729 2837 relinquentes,
2762 2770 2954 2837 passim
2986 2786 3161 2823 sumus
3188 2786 3277 2839 per
3311 2769 3513 2823 diversa
3540 2770 3741 2837 dispersi.

2183 2857 2266 2910 Ex
2286 2859 2430 2911 nobis
2460 2871 2629 2912 autem
2654 2860 2887 2913 omnibus
2916 2860 3089 2914 decem
3111 2860 3384 2930 fratribus,
3421 2864 3509 2931 qui
3535 2861 3741 2915 nascendi

2180 2965 2376 3017 quoque
2424 2950 2602 3002 ordine
2644 2950 2865 3017 primum
2916 2952 3144 3019 sequitur
3183 2952 3252 3004 ad
3272 2951 3489 3023 gloriosi
3536 2952 3740 3019 martyris

2180 3040 2446 3094 Laurentii
2476 3042 2792 3104 memoriant,
2822 3057 2938 3110 qua:
2962 3042 3103 3110 apud
3145 3041 3448 3095 Ravennam
3487 3056 3636 3109 nuper
3659 3041 3741 3092 col-

2179 3134 2347 3187 locata
2372 3142 2466 3201 est,
2500 3136 2632 3189 sicut
2655 3135 2964 3199 audivimus,
3004 3137 3189 3188 meruit
3210 3137 3507 3188 sanitatem.
3538 3134 3639 3205 Ego
3665 3152 3739 3187 att-

2178 3235 2277 3279 tem
2317 3228 2403 3294 qui
2430 3228 2672 3280 nascendi
2702 3228 2881 3280 ordine
2904 3244 3018 3280 sum
3046 3239 3219 3280 sextus
3260 3228 3493 3293 illorum,
3533 3246 3640 3282 cum
3667 3228 3739 3280 bac

2175 3336 2349 3373 sorore
2372 3336 2505 3385 mea,
2547 3335 2662 3389 qua:
2693 3335 2771 3371 me
2792 3327 2940 3372 (etate
2966 3321 3315 3390 subsequitur,
3344 3308 3618 3389 ubicunque
3643 3335 3740 3389 gen-

2174 3413 2319 3477 tium,
2351 3411 2635 3481 ubicunque
2656 3424 2908 3463 terrarum
2939 3411 3053 3464 loca
3076 3428 3185 3465 esse
3206 3428 3359 3464 sacra
3382 3413 3433 3464 in
3452 3414 3625 3482 quibus
3645 3426 3742 3480 ape~

2173 3514 2377 3558 raretur
2402 3504 2537 3557 Deus
2559 3503 2833 3569 miracula,
2857 3506 3233 3573 comperissem,
3253 3522 3442 3575 magno
3468 3504 3740 3557 desiderata:

2172 3598 2408 3650 sanitatis
2438 3613 2610 3649 amore
2637 3596 2908 3664 carpebam
2936 3598 3051 3649 iter.
3097 3597 3202 3651 Sed
3232 3607 3285 3650 ut
3318 3599 3383 3651 de
3407 3598 3597 3652 ceteris
3636 3594 3740 3650 cele-

2173 3689 2401 3743 berrimis
2438 3698 2727 3742 sanctorum
2765 3688 2890 3741 locis
2931 3698 3143 3753 taceam,
3182 3689 3339 3743 etiam
3386 3690 3456 3742 ad
3488 3691 3737 3750 Anconam,

2171 3778 2345 3833 Italia:
2374 3782 2648 3848 civitatem,
2678 3780 2764 3833 ubi
2789 3798 2875 3846 per
2904 3782 3333 3850 gloriosissimum
3356 3792 3621 3851 martyrem
3642 3781 3737 3835 Ste-

2170 3872 2397 3940 phanum
2424 3875 2585 3925 multa
2612 3873 2865 3925 miracula
2899 3873 3149 3926 Dominus
3170 3883 3440 3941 operatur,
3472 3873 3637 3927 eadem
3656 3873 3735 3924 cir-

2170 3965 2391 4017 cuitione
2434 3965 2657 4035 perveni.
2686 3965 2793 4019 Sed
2821 3966 2933 4017 ideo
2960 3964 3082 4017 alibi
3109 3966 3281 4018 curari
3303 3982 3410 4019 non
3450 3966 3606 4035 potui,
3639 3965 3736 4033 quia

2168 4058 2288 4110 huic
2320 4059 2428 4111 loco
2456 4059 2631 4111 divina
2659 4058 3112 4125 prwdestinatione
3131 4058 3393 4111 seruabar.
3430 4058 3538 4112 Nec
3565 4054 3735 4112 Usalim

2167 4153 2416 4203 civitatem
2449 4153 2639 4221 Africa:
2664 4150 2988 4218 praetermisi,
3015 4150 3099 4203 ubi
3122 4152 3293 4205 beatus
3321 4162 3519 4222 martyr
3544 4148 3732 4220 Stepha-

2167 4262 2262 4297 nus
2284 4261 2469 4311 ntagna
2494 4244 2805 4314 prredicatur
2833 4246 3121 4313 frequenter
3142 4246 3366 4312 operari.
3404 4243 3729 4297 Verumtamen

2165 4347 2283 4390 ante
2316 4340 2407 4389 hos
2436 4340 2534 4389 tres
2563 4352 2775 4399 menses,
2813 4336 2867 4388 id
2890 4344 2986 4401 est,
3021 4335 3358 4389 colendarum
3385 4335 3728 4389 Ianuariarum

2164 4430 2267 4491 die,
2293 4438 2398 4479 tant
2426 4444 2518 4497 ego
2548 4444 2699 4497 quam
2729 4443 2875 4480 soror
2903 4444 3035 4492 mea,
3076 4443 3189 4495 qute
3218 4428 3302 4480 hic
3343 4444 3535 4481 mecum
3559 4436 3647 4489 est,
3665 4440 3729 4477 ea-

2167 4520 2281 4573 dem
2321 4521 2491 4573 adhuc
2535 4522 2770 4590 passione
2810 4522 3046 4583 detenta,
3089 4521 3307 4573 evidenti
3350 4538 3527 4574 sumus
3569 4518 3732 4571 visione

2173 4612 2487 4665 commoniti.
2538 4612 2621 4664 Ait
2666 4613 2798 4664 enim
2833 4611 2956 4665 mihi
3001 4612 3208 4681 quidam
3244 4622 3457 4681 aspectu
3480 4612 3659 4674 clarus,
3692 4616 3731 4659 et

2170 4704 2392 4757 candido
2420 4704 2557 4756 crine
2586 4704 2905 4761 venerabilis.
2947 4706 3085 4772 quod
3120 4706 3257 4757 intra
3296 4707 3502 4758 tertium
3540 4715 3730 4755 mensem

2169 4796 2458 4850 desiderata
2494 4805 2621 4849 esset
2660 4795 2783 4847 mihi
2825 4798 3020 4849 sanitas
3059 4797 3330 4864 adfutura.
3374 4795 3552 4852 Sorori
3588 4801 3729 4845 autem

2169 4906 2293 4943 mea:
2316 4890 2368 4943 in
2398 4890 2589 4942 visione
2616 4890 2861 4942 sanctitas
2884 4898 2971 4941 tua
3000 4891 3052 4942 in
3084 4906 3140 4941 ea
3168 4891 3328 4959 eﬁigie
3358 4891 3409 4941 in
3435 4905 3532 4956 qua
3557 4899 3600 4938 te
3620 4898 3728 4955 prcr-

2167 4994 2331 5036 sentes
2356 4983 2584 5035 videmus
2622 4984 2865 5051 apparuit
2898 5000 2912 5036 :
2948 4999 3035 5047 per
3061 4983 3198 5051 quod
3230 4983 3375 5035 nobis
3411 4980 3727 5052 signiﬁcatum

2165 5088 2236 5129 est
2275 5077 2344 5128 ad
2383 5077 2537 5128 istum
2579 5075 2745 5128 locum
2788 5093 2878 5127 nos
2915 5078 3083 5129 venire
3122 5074 3369 5129 debuisse.
3424 5074 3559 5127 Nam
3588 5082 3628 5123 et
3651 5083 3725 5138 ego

2163 5171 2523 5225 beatitudinem
2545 5180 2684 5222 tuam
2714 5170 2900 5239 swpius
2930 5178 3107 5238 postea
3136 5168 3366 5221 videbam
3398 5184 3486 5235 per
3518 5166 3638 5217 alias
3667 5160 3723 5212 ci-

2161 5268 2358 5330 vitates;
2385 5269 2437 5320 in
2460 5268 2637 5320 itinere
2652 5282 2752 5333 quo
2779 5266 3123 5329 veniebamus,
3148 5265 3299 5316 talem
3318 5276 3528 5332 prorsus
3549 5256 3721 5326 qualem

2162 5363 2316 5416 modo
2344 5362 2619 5429 conspicio.
2656 5361 2915 5413 Admoniti
2944 5376 3061 5429 ergo
3092 5359 3312 5413 evidenti
3342 5358 3632 5411 auctoritate
3656 5350 3721 5402 di-

2160 5458 2299 5519 vina,
2326 5456 2393 5509 ad
2425 5456 2557 5507 hanc
2586 5456 2811 5509 venimus
2841 5454 3093 5507 civitatem
3123 5463 3239 5507 ante
3274 5453 3382 5505 dies
3412 5453 3564 5522 ferme
3590 5445 3718 5511 quin-

2160 5548 2343 5601 decim.
2393 5544 2659 5599 Passionis
2690 5561 2815 5597 mew
2843 5543 2919 5597 vel
2956 5544 3089 5598 oculi
3127 5544 3275 5597 vestri
3309 5551 3460 5597 testes
3492 5546 3619 5603 sunt,
3657 5532 3717 5586 vel

2159 5638 2459 5692 miserabilis
2505 5654 2652 5691 soror
2704 5652 2834 5699 mea,
2879 5653 2991 5703 qua:
3031 5637 3099 5689 ad
3138 5636 3477 5689 eruditionem
3516 5629 3713 5684 omnium

2158 5732 2436 5783 communis
2464 5730 2584 5783 mali
2614 5728 2800 5798 prtcbet
2827 5730 3115 5797 exemplum
3138 5746 3156 5792 ;
3186 5739 3239 5781 ut
3266 5729 3350 5793 qui
3380 5728 3432 5778 in
3457 5725 3546 5777 illa
3572 5716 3711 5793 quali!

2114 5868 2119 5871 ς
2156 5840 2246 5894 ego
2271 5824 2454 5893 fuerint
2476 5822 2663 5887 vident,
2682 5822 2732 5874 in
2751 5837 2828 5875 me
2844 5832 3089 5883 quantum
3122 5838 3209 5890 per
3233 5820 3483 5889 Spiritum
3507 5822 3707 5870 sanctum
