3974 6356
231 342 303 404 illi

228 480 343 521 suum
370 460 617 516 Dominus
646 463 713 517 sit
751 474 1029 534 operatus,
1074 475 1376 537 agnoscant.
1432 464 1653 519 Orabam
1698 478 1787 533 ego
1816 464 1864 522 A

226 557 414 629 quotidie
434 571 549 609 cum
577 556 781 627 magnis
809 557 1054 627 lacrymis
1080 564 1134 613 in
1175 559 1289 614 loco
1310 560 1412 633 ubi
1442 568 1514 612 est
1546 556 1791 612 memoria

224 650 544 723 gloriosissimi
582 652 825 720 martyris
863 649 1135 718 Stephani.
1177 651 1275 706 Die
1318 662 1489 706 autem
1523 650 1790 703 Dominico

228 746 431 810 Paschaa,
459 744 591 798 sicut
623 745 716 799 alii
750 746 838 817 qui
876 756 1151 817 pra’sentes
1190 760 1339 803 erant
1382 749 1635 813 viderant,
1670 747 1791 799 dum

224 857 349 895 orans
390 856 500 892 cum
540 856 727 910 magno
762 842 889 910 ﬂetu
924 842 1179 896 cancellos
1217 852 1378 908 teneo,
1412 842 1579 896 subito
1608 842 1790 896 cecidi.

222 932 457 988 Alienotus
485 941 657 985 autem
681 949 713 984 a
738 949 912 998 sensu,
942 934 1029 987 ubi
1070 934 1254 1003 fuerim
1282 936 1473 989 nescio.
1507 932 1635 988 Post
1666 951 1795 1002 pau-

224 1030 359 1083 lulum
387 1027 667 1087 assurrexi,
694 1035 741 1080 et
763 1027 911 1081 illum
935 1037 1206 1083 tremorem
1234 1029 1287 1081 in
1314 1045 1527 1099 corpore
1551 1045 1661 1081 meo
1693 1044 1794 1080 non

224 1124 387 1177 inveni.
430 1119 564 1173 Huic
599 1121 772 1190 itaque
814 1132 955 1175 tanta
994 1121 1088 1176 Dei
1125 1124 1370 1193 bene/icio
1409 1140 1509 1177 non
1537 1125 1793 1188 ingratus,

228 1217 340 1269 hunc
368 1212 592 1267 libellum
620 1213 786 1267 obtuli
814 1230 832 1267 :
873 1216 927 1268 in
954 1231 1055 1283 quo
1085 1217 1237 1269 etiam
1262 1233 1376 1286 quae
1405 1217 1468 1270 de
1499 1218 1683 1270 nostris
1712 1234 1795 1269 ca-

229 1306 515 1361 lamitatibus
540 1307 880 1378 ignorabatis,
924 1318 970 1362 et
1004 1310 1141 1380 quod
1164 1310 1225 1362 de
1248 1326 1360 1361 mea
1380 1310 1726 1363 incolumitate
1752 1317 1797 1362 et
1836 1344 1839 1345 ν

230 1400 373 1452 salute
406 1399 708 1467 cognovisti:
744 1399 984 1467 exhibui,
1020 1412 1076 1455 ut
1103 1412 1150 1455 et
1182 1416 1275 1470 pro
1305 1419 1418 1456 mea
1446 1418 1623 1471 sorore
1650 1418 1798 1457 orare

232 1491 500 1561 dignemini,
533 1499 584 1546 et
613 1510 705 1561 pro
731 1510 811 1547 me
840 1511 990 1565 agere
1022 1495 1129 1549 Deo
1154 1496 1366 1565 gratias.
1408 1515 1426 1547 ι

300 1585 469 1640 Sermo
504 1587 629 1659 523.
676 1586 859 1641 Sermo
904 1588 1179 1659 Augustini
1208 1590 1408 1643 habitus
1436 1600 1550 1661 post
1572 1590 1801 1645 libellum

236 1680 289 1732 de
308 1686 464 1731 sancto
487 1677 1175 1751 Stephano.]Misericordia
1204 1684 1419 1753 quidem
1447 1684 1558 1749 Dei,
1586 1684 1797 1749 fratres,

238 1772 355 1825 sicut
377 1770 697 1825 credendum
724 1782 829 1838 est,
861 1789 1047 1828 omnes
1079 1774 1163 1829 isti
1198 1774 1393 1830 fratres
1414 1792 1549 1846 quos
1578 1793 1679 1831 una
1702 1778 1795 1832 Dei

239 1867 303 1919 ira
330 1873 550 1917 materna
586 1864 737 1934 plaga
769 1868 1053 1934 percussit,
1088 1867 1155 1921 ad
1190 1867 1348 1935 hujus
1375 1844 1447 1923 de
1468 1884 1573 1939 quo
1601 1869 1799 1937 gaude-
1827 1844 1876 1904 Β

241 1972 357 2023 mus,
399 1957 713 2027 quandoque
736 1962 1047 2027 perventuri
1079 1970 1205 2015 sunt
1231 1961 1538 2018 sanitatem.
1576 1962 1800 2017 Verum—

246 2063 392 2107 tamen
421 2051 626 2105 discant
670 2052 763 2107 filii
794 2053 1039 2124 obsequi,
1074 2054 1297 2110 timeant
1330 2065 1579 2124 parentes
1616 2057 1799 2113 irasci.

256 2147 474 2213 Scriptum
498 2154 602 2209 est,
618 2144 911 2201 Benedictio
932 2149 1094 2216 patris
1116 2150 1285 2215 firmat
1308 2151 1514 2205 domum
1544 2151 1800 2217 ﬁliorum;

262 2237 495 2289 nteledictio
521 2240 699 2293 matris
738 2241 968 2293 eradicat
994 2241 1352 2311 fundamenta.
1399 2242 1554 2297 Modo
1584 2243 1675 2296 isti
1708 2258 1804 2310 per

256 2342 385 2385 terras
411 2330 459 2384 in
489 2332 851 2388 fundamentis
883 2336 1068 2404 patriae
1095 2350 1205 2390 suae
1236 2352 1343 2390 non
1378 2346 1535 2401 sunt;
1564 2335 1805 2405 praebent

252 2423 397 2492 utique
442 2424 843 2493 spectaculum,
894 2437 1203 2497 proponunt
1240 2442 1395 2482 suum
1442 2428 1800 2498 supplicium;

248 2519 452 2587 praebent
488 2518 659 2573 oculis
699 2520 971 2575 miseriam
1022 2537 1198 2588 suam,
1244 2531 1448 2577 terrent
1497 2522 1804 2592 superbiam

246 2610 459 2664 alienam.
498 2609 729 2676 Discite,
764 2611 883 2680 ﬁlii,
932 2614 1073 2682 quod
1104 2614 1236 2669 dicit
1270 2614 1548 2684 Scriptura
1579 2613 1806 2669 reddere

247 2700 475 2757 honorem
519 2706 832 2772 parentibus
872 2706 1132 2761 debitum.
1180 2707 1285 2762 Sed
1324 2716 1382 2763 et
1419 2723 1515 2763 vos
1560 2716 1808 2776 parentes

245 2795 430 2863 quando
455 2795 786 2852 otfendimini
809 2839 825 2864 ,
871 2808 1125 2869 parentes
1154 2814 1248 2854 vos
1277 2815 1397 2855 esse
1424 2800 1806 2855 recordamini.

247 2887 407 2941 Oravit
443 2898 611 2945 mater
646 2902 832 2947 contra
864 2891 1026 2956 filios,
1071 2893 1319 2949 exaudita
1359 2905 1470 2960 est;
1512 2896 1633 2963 quia
1668 2895 1810 2949 Deus

248 2993 360 3034 vere
373 2982 537 3049 justus
557 2993 660 3049 est,
684 2984 810 3053 quia
831 2998 957 3038 vere
979 2984 1229 3055 injuriam
1253 3000 1412 3055 passa
1442 2986 1631 3040 fuerat.
1659 2984 1809 3041 Unus

246 3070 459 3139 ipsorum
505 3083 559 3128 et
594 3074 757 3129 verba
797 3076 1186 3131 contumeliosa
1217 3086 1271 3132 et
1312 3092 1500 3132 manus
1530 3078 1807 3147 iniecerat,

245 3175 296 3219 et
332 3166 495 3221 caeteri
544 3168 729 3221 matris
783 3168 1031 3239 injuriam
1083 3169 1346 3237 patienter
1398 3170 1656 3235 tulerunt,
1707 3184 1807 3225 nec

245 3270 388 3311 unum
420 3274 512 3327 pro
547 3275 609 3314 ea
652 3260 874 3315 verbum
904 3270 1093 3316 contra
1140 3262 1360 3317 fratrem
1393 3262 1807 3333 responderunt.
1836 3229 1886 3294 ο

246 3346 403 3401 iuStus
432 3349 591 3417 Deus,
624 3352 713 3420 qui
744 3350 946 3406 audivit
974 3362 1307 3422 precantem,
1340 3356 1489 3408 audit
1514 3355 1805 3412 dolentem.

246 3436 341 3491 Sed
368 3441 485 3509 quid
518 3442 605 3496 illa
649 3444 882 3498 misera?
920 3444 1109 3499 Nonne
1150 3446 1291 3501 unde
1337 3446 1495 3501 citius
1534 3446 1807 3517 exaudita,

247 3531 360 3585 inde
387 3532 494 3600 plus
526 3535 748 3603 punita?
780 3535 977 3591 Discite
1007 3535 1110 3592 hoc
1141 3548 1322 3607 petere
1356 3554 1386 3593 a
1419 3539 1552 3603 Deo,
1584 3539 1674 3593 ubi
1706 3554 1813 3594 non

248 3623 458 3680 timeatis
504 3629 773 3683 exaudiri.
825 3629 933 3685 Nos
980 3641 1181 3700 autem,
1240 3632 1456 3697 fratres,
1508 3642 1814 3703 satagamus

245 3714 447 3771 Domino
474 3718 585 3774 Deo
615 3730 802 3775 nostro
827 3722 1026 3792 gratias
1056 3723 1259 3778 referre
1290 3740 1387 3794 pro
1418 3724 1510 3778 illo
1537 3724 1628 3794 qui
1658 3740 1817 3779 sana-
1898 3736 1899 3739 ‘

250 3818 323 3859 tus
351 3818 447 3873 est,
476 3820 527 3863 et
558 3826 655 3879 pro
684 3812 772 3865 illa
803 3828 925 3882 quae
960 3812 1136 3868 adhuc
1169 3826 1378 3870 tenetur
1410 3832 1597 3885 preces
1622 3817 1815 3871 funda-

248 3914 373 3954 mus.
404 3902 791 3960 Benedicamuis
815 3905 1007 3973 Deum,
1042 3908 1163 3976 quia
1191 3907 1381 3978 dignos
1412 3924 1510 3964 nos
1551 3910 1734 3965 habuit
1759 3919 1818 3963 ut

246 3991 336 4046 hoc
362 3994 685 4052 videremus.
732 3997 867 4065 Quid
895 3999 1038 4053 enim
1072 4014 1281 4065 sumus,
1312 4002 1432 4070 quia
1465 4016 1564 4070 ego
1593 4002 1816 4070 apparui

245 4082 351 4137 istis
372 4088 650 4141 nesciens?
672 4089 749 4142 Illi
780 4089 925 4144 enim
967 4105 1053 4143 me
1086 4091 1357 4157 videbant,
1388 4101 1443 4145 et
1470 4106 1570 4161 ego
1607 4092 1817 4145 nescie-

244 4175 387 4241 bam;
419 4188 473 4232 et
511 4180 941 4235 admonebantur
980 4190 1037 4236 ut
1066 4182 1131 4237 ad
1164 4183 1319 4237 istum
1361 4183 1635 4237 civitatem
1664 4182 1818 4237 veni-

245 4284 369 4325 rent.
400 4273 529 4340 Quis
555 4289 671 4329 sum
704 4276 841 4344 ego?
874 4275 1046 4330 Homo
1067 4290 1185 4330 sum
1213 4292 1352 4330 unus
1382 4277 1447 4330 de
1478 4277 1678 4340 multis,
1711 4291 1817 4331 non

244 4363 304 4417 de
331 4367 551 4435 magnis.
583 4368 648 4422 Et
677 4385 829 4435 vere,
860 4378 918 4423 ut
942 4370 1121 4424 audiat
1142 4372 1337 4425 caritas
1364 4380 1564 4436 veSIra,
1594 4371 1819 4424 multum

247 4460 416 4526 miror,
450 4471 502 4515 et
528 4462 735 4532 gaudeo
758 4462 914 4517 nobis
935 4479 1055 4519 esse
1079 4480 1419 4532 concessum,
1444 4464 1695 4533 quoniam
1721 4466 1823 4518 iste

248 4550 397 4607 homo
444 4570 544 4609 nec
588 4560 821 4610 Anconae
861 4558 1038 4611 curari
1070 4559 1282 4627 potuit:
1337 4559 1445 4612 imo
1486 4560 1675 4627 potuit,
1727 4557 1820 4612 sed

250 4654 451 4711 propter
481 4662 579 4700 nos
608 4647 804 4701 factum
827 4665 934 4703 non
958 4649 1197 4719 est,quia
1216 4649 1469 4704 facillime
1495 4650 1604 4703 fieri
1629 4649 1821 4719 potuit.

248 4735 418 4791 Sciunt
448 4740 591 4793 enim
624 4740 775 4794 multi
807 4753 1002 4811 quanta
1036 4741 1292 4795 miracula
1336 4758 1431 4811 per
1459 4742 1825 4795 beatissimum

250 4838 526 4901 martyrem
564 4832 893 4902 Stephanum
918 4833 971 4888 in
1000 4834 1096 4889 ista
1129 4834 1342 4889 civitate
1371 4836 1515 4889 fiant.
1554 4835 1617 4888 Et
1647 4834 1826 4888 audite

247 4925 373 4992 quod
399 4926 665 4981 miremini
690 4944 701 4979 ε
726 4926 979 4981 Memoria
1002 4928 1118 4997 ejus
1137 4929 1350 4998 antiqua
1374 4928 1444 4981 ibi
1474 4936 1611 4991 erat,
1635 4937 1687 4981 et
1710 4926 1824 4996 ipsa

246 5024 322 5068 est
346 5016 435 5071 ibi.
476 5017 582 5072 Sed
611 5018 839 5074 fortasse
869 5019 1042 5073 dicis:
1075 5019 1281 5088 Corpus
1316 5019 1433 5088 ejus
1464 5020 1700 5073 nondum
1732 5034 1825 5087 ap-

248 5120 501 5180 paruerat,
560 5115 816 5167 memoria
864 5113 936 5167 ibi
990 5113 1131 5169 unde
1182 5115 1342 5168 erat?
1397 5115 1551 5168 Latet
1608 5114 1823 5184 quidem

251 5216 392 5256 causa
419 5246 431 5266 ,
465 5204 561 5259 sed
591 5204 717 5274 quid
743 5205 808 5259 ad
840 5220 939 5258 nos
972 5206 1107 5259 fama
1160 5206 1441 5275 pertulerit
1493 5223 1599 5261 non
1635 5204 1826 5261 tacebo

252 5296 441 5353 caritati
466 5308 682 5353 vestrm.
722 5298 949 5366 Quando
982 5298 1321 5369 lapidabatur
1350 5310 1569 5354 sanctus
1597 5300 1825 5368 Stepha-

254 5400 358 5451 nus,
398 5391 560 5461 aliqui
591 5392 751 5446 etiam
793 5391 1134 5459 innocentes,
1176 5402 1232 5447 et
1270 5393 1506 5447 maxime
1549 5392 1614 5447 de
1646 5393 1711 5447 iis
1738 5394 1831 5461 qui

256 5478 348 5547 iam
389 5484 438 5538 in
479 5484 693 5540 Christo
741 5486 1103 5553 crediderant,
1147 5485 1597 5552 circumstabant;
1636 5487 1831 5542 dicitur

258 5572 373 5642 lapis
399 5580 609 5632 venisse
638 5579 689 5632 in
722 5579 923 5641 cubito,
949 5590 1001 5633 et
1028 5594 1285 5634 excussus
1314 5579 1439 5635 inde
1466 5579 1677 5635 venisse
1704 5590 1829 5636 ante

258 5670 515 5733 quemdam
550 5670 879 5741 religiosum.
914 5671 1060 5726 Tulit
1098 5672 1245 5725 illum
1275 5682 1327 5727 et
1357 5672 1615 5726 servavit.
1660 5672 1832 5727 Homo

260 5771 354 5812 erat
385 5762 447 5816 de
477 5765 870 5833 navigantibus,
903 5780 1022 5819 sors
1068 5766 1423 5835 navigationis
1464 5768 1643 5819 attulit
1676 5768 1826 5821 illtnn

260 5853 313 5906 ad
342 5855 476 5910 littus
509 5861 764 5920 Aut-omne.
796 5866 848 5914 et
878 5858 1172 5916 revelatum
1199 5869 1283 5916 est
1306 5859 1379 5915 illi
1410 5858 1483 5917 ibi
1510 5858 1713 5917 debere
1742 5874 1831 5916 re-

1871 5956 1903 5989 ς

870 340 1229 402 VARIORUM
1271 339 1879 401 nAERGlTATIODll-IS
1919 337 1983 392 ΙΝ
2024 339 2079 394 S.
2122 334 2487 398 AUGUSTINI
2526 342 2773 400 OPERA.

3373 337 3486 400 4υὲ

1898 464 2020 532 poni
2051 463 2283 531 lapidem
2318 465 2487 521 illum.
2525 466 2619 521 llle
2648 466 2887 522 obedivit
2915 465 3249 530 revelationi,
3278 474 3330 520 et
3357 465 3485 524 fecit

1895 558 2033 627 quod
2055 559 2262 625 jussum
2282 569 2366 614 est
2384 580 2395 612 :
2416 577 2481 615 ex
2502 562 2591 615 illo
2611 561 2776 628 erepit
2795 575 2917 615 esse
2938 560 3011 615 ibi
3034 561 3290 615 memoria
3312 557 3488 616 sancti

1895 654 2191 724 Stephani,
2231 664 2285 710 et
2324 672 2508 711 rumor
2547 666 2665 711 erat
2708 656 2827 726 quia
2865 655 3140 710 brachium
3171 655 3339 708 sancti
3368 654 3489 709 Ste-

1895 747 2055 815 phani
2086 748 2156 802 ibi
2188 758 2289 814 est,
2338 750 2706 804 nescientibus
2739 748 3047 804 hominibus
3073 748 3197 819 quid
3230 747 3487 816 enntigis-

1896 849 1996 894 set.
2043 839 2241 895 Verum
2284 853 2463 895 autem
2512 841 2829 908 intelligitur
2880 852 3161 911 propterea
3209 840 3277 893 ibi
3327 839 3492 895 fuisse

1897 932 2213 1001 revelatum,
2239 944 2297 987 ut
2322 932 2397 988 ibi
2424 944 2645 1001 poneret
2675 934 2903 1002 lapidem
2932 935 3020 1003 qui
3048 936 3115 988 de
3145 932 3325 986 cubito
3348 946 3491 985 mar-

1899 1025 2035 1096 tyris
2054 1041 2313 1081 excussus
2333 1028 2575 1096 est,quia
2605 1026 2792 1081 Graece
2815 1026 3052 1080 cubitum
3080 1041 3244 1079 aucon
3269 1024 3485 1079 dicitur.

1899 1121 2004 1178 Sed
2036 1126 2125 1193 qui
2158 1124 2335 1178 sciunt
2363 1140 2480 1187 qua}
2508 1124 2578 1177 ibi
2612 1124 2867 1178 miracula
2898 1123 3027 1177 fiant
3051 1164 3066 1189 ,
3113 1124 3214 1189 ipsi
3254 1138 3350 1176 nos
3395 1121 3496 1177 do-

1900 1225 2079 1274 ceant.
2126 1216 2239 1271 Non
2298 1218 2369 1271 ibi
2421 1226 2699 1283 coeperunt
2754 1216 2865 1270 fieri
2916 1215 3014 1269 ista
3057 1214 3332 1274 miracula.
3387 1214 3494 1269 nisi

1904 1320 2250 1380 posteaquam
2274 1324 2469 1377 corpus
2492 1311 2661 1364 sancti
2686 1308 2944 1378 Stephani
2966 1309 3232 1377 apparuit.
3256 1308 3396 1362 Ecce
3421 1306 3496 1361 ibi

1903 1421 2008 1459 non
2039 1412 2124 1459 est
2152 1412 2374 1459 curatus
2404 1404 2504 1459 iste
2527 1405 2763 1474 juvenis,
2806 1413 2861 1457 nt
2894 1404 3091 1457 nostris
3116 1400 3286 1456 oculis
3315 1416 3497 1455 serva-

1904 1506 2072 1552 retur.
2110 1496 2266 1566 Apud
2298 1496 2523 1562 Usalitn,
2568 1496 2655 1550 ubi
2698 1505 2781 1549 est
2816 1495 3101 1565 episcopus
3142 1494 3307 1550 frater
3346 1508 3499 1549 meus

1907 1588 2161 1652 Evodius,
2196 1597 2393 1657 quanta
2424 1588 2678 1642 miracula
2712 1588 2783 1642 ibi
2830 1588 2957 1641 fiant
2982 1587 3236 1656 quaerite,
3268 1594 3323 1641 et
3352 1587 3502 1641 inve-

1906 1682 2083 1736 nietis.
2117 1681 2499 1736 Prmtermissis
2528 1692 2707 1735 autem
2751 1680 2897 1744 aliis,
2942 1680 3119 1734 indico
3149 1679 3301 1733 vobis
3334 1696 3501 1733 unum

1906 1775 2047 1846 quod
2086 1776 2157 1830 ibi
2198 1774 2397 1830 factum
2438 1785 2543 1839 est,
2578 1784 2635 1828 ut
2668 1774 2898 1829 videatis
2928 1783 3125 1843 quanta
3168 1775 3236 1828 sit
3265 1773 3336 1829 ibi
3365 1790 3503 1844 prse-

1906 1871 2077 1926 sentia
2122 1869 2438 1936 maiestatis.
2492 1870 2683 1924 Mulier
2730 1870 2972 1940 qum-dam
3020 1870 3196 1924 subito
3243 1880 3504 1936 mgrotum

1908 1965 2100 2032 filium,
2132 1964 2217 2019 cui
2242 1977 2562 2018 succurrere
2599 1962 2900 2017 festinando
2927 1977 3034 2016 non
3069 1962 3259 2030 potuit,
3306 1962 3359 2014 in
3385 1976 3508 2028 gre-

1882 2058 2018 2110 Amio
2046 2072 2145 2111 suo
2181 2055 2628 2109 catechumenum
2670 2055 2891 2110 amisit:
2921 2069 3041 2123 qua;
3070 2054 3333 2117 clamans,
3368 2051 3509 2107 Mor-

1910 2158 2032 2203 tuus
2062 2155 2167 2215 est,
2199 2147 2390 2217 inquit,
2424 2147 2565 2201 filius
2592 2162 2744 2202 meus
2774 2146 3216 2202 catechumenos.

1985 2239 2052 2293 Et
2081 2256 2196 2293 cum
2228 2240 2335 2292 htec
2358 2240 2545 2294 diceret
2574 2240 3153 2311 Augustinus,populus
3181 2238 3244 2290 de
3267 2238 3512 2290 memoria

1910 2332 2074 2387 sancti
2113 2330 2370 2398 Stephani
2414 2330 2640 2384 clamare
2678 2330 2825 2398 coepit
2856 2346 2875 2383 :
2905 2328 3013 2383 Deo
3054 2329 3268 2399 gratias,
3306 2325 3513 2381 Christo

1913 2426 2115 2479 laudes.
2158 2423 2225 2478 In
2269 2439 2367 2493 quo
2404 2424 2645 2477 continuo
2681 2423 2929 2487 clamore,
2972 2421 3146 2492 puella
3180 2436 3295 2491 qua:
3333 2427 3515 2472 curata

1912 2526 2010 2583 est,
2048 2516 2117 2570 ad
2146 2516 2377 2569 obsidam
2416 2516 2657 2587 perducta
2694 2524 2788 2570 est.
2838 2516 2952 2580 Qua
2984 2515 3115 2579 visa,
3154 2512 3373 2583 populus
3400 2527 3515 2565 cum

1913 2609 2106 2682 gaudio
2136 2618 2182 2663 et
2221 2611 2345 2679 ﬂetu
2382 2606 2543 2661 nullis
2567 2606 2884 2677 interpositis
2914 2604 3245 2667 sermonibus,
3284 2606 3375 2656 sed
3402 2604 3515 2656 solo

1915 2704 2131 2768 strepitu
2168 2702 2471 2772 interposito
2498 2701 2805 2770 aliquandiu
2846 2701 3124 2755 clamorem
3158 2698 3436 2768 protraxit,
3469 2704 3517 2749 et

1915 2796 2121 2851 silentio
2165 2797 2332 2867 facto,
2377 2797 2696 2865 Augustinus
2727 2794 2999 2864 episcOpus
3040 2794 3214 2847 dixit:
3245 2790 3517 2860 Scriptum

1915 2897 2003 2944 est
2029 2889 2081 2942 in
2107 2888 2313 2957 psalmo
2344 2905 2356 2940 :
2385 2885 2534 2954 Dixi,
2562 2884 2857 2955 Protoquar
2877 2885 3149 2939 aduersum
3169 2900 3248 2938 me
3274 2884 3521 2937 de!icturn

1916 2999 2089 3036 meum
2110 2979 2334 3035 Domino
2362 2977 2473 3035 Deo
2496 2996 2629 3045 meo,
2653 2987 2699 3034 et
2727 2988 2781 3032 tu
2810 2979 3051 3033 dimisisti
3072 2977 3381 3047 impietatem
3404 2991 3521 3030 σον-ι

1919 3074 2001 3129 dis
2030 3076 2148 3128 mei.
2182 3073 2339 3139 Dixi,
2372 3072 2697 3144 Proloquar,
2745 3072 2983 3127 nondum
3018 3072 3324 3141 prolocutus
3354 3085 3471 3125 sunt
3502 3089 3518 3125 :

1918 3165 2030 3219 dixi
2076 3163 2390 3236 Proloquar,
2430 3173 2485 3219 et
2522 3173 2578 3219 tu
2618 3161 2890 3218 dimisisti.
2937 3158 3319 3218 Commeutlavi
3359 3160 3521 3216 istam

1923 3258 2208 3323 miseram,
2251 3258 2361 3311 imo
2398 3272 2469 3311 ex
2510 3255 2705 3311 misera
2747 3255 3118 3310 commendavi
3168 3270 3286 3311 eam
3329 3254 3523 3310 vestris

1921 3347 2277 3403 orationibus.
2320 3347 2692 3417 Disposuimus
2723 3363 2913 3413 orare,
2952 3357 3007 3403 et
3035 3348 3269 3403 exauditi
3312 3362 3520 3402 sumus.

1891 3450 1899 3457 '
1921 3442 2003 3497 Sit
2028 3441 2278 3512 gaudium
2308 3450 2548 3496 nostrum
2578 3442 2719 3495 actio
2741 3440 3055 3510 gratiarum.
3081 3437 3252 3494 Citius
3272 3438 3525 3500 exaudita

1922 3543 2008 3588 est
2038 3545 2209 3588 mater
2233 3532 2494 3599 Ecclesia,
2514 3549 2675 3604 quam
2704 3534 2758 3587 in
2788 3533 3081 3603 perniciem
3108 3532 3391 3588 maledicta
3414 3547 3525 3588 ma-

1925 3636 2009 3682 ter
2031 3626 2142 3681 illa.
2176 3626 2437 3683 Conversi
2466 3627 2531 3681 ad
2565 3626 2874 3691 Dominum,
2900 3635 3009 3682 etc.

1998 3723 2191 3777 Sermo
2220 3720 2346 3777 524.
2392 3721 2575 3777 Sermo
2606 3720 2903 3792 Augustini,
2942 3738 3042 3791 quo
3086 3721 3301 3793 complet
3330 3729 3528 3791 partem

1923 3816 2176 3869 sermonis
2202 3830 2323 3869 mea:
2352 3813 2687 3882 praecedentis
2723 3814 2971 3867 miraculo
3008 3810 3327 3883 interrupti.]
3358 3812 3530 3867 Debet

1926 3925 1959 3963 a
1988 3908 2147 3963 nobis
2180 3908 2466 3963 hesternas
2493 3922 2674 3961 sermo
2697 3906 2980 3976 compleri,
3013 3906 3103 3973 qui
3131 3906 3318 3975 majori
3358 3905 3529 3959 inter-

1926 4008 2121 4068 ruptus
2148 4008 2232 4055 est
2259 3998 2473 4070 gaudio.
2510 3998 2816 4053 Statueram
2843 3998 2986 4053 enim
3008 4006 3061 4050 et
3090 4012 3359 4065 coeperam
3387 3996 3530 4065 loqui

1926 4097 2139 4153 caritati
2161 4104 2559 4164 vestrae,quare
2582 4093 2714 4148 mihi
2738 4093 2990 4148 videntur
3012 4092 3098 4147 isti
3127 4093 3320 4147 fratres
3348 4090 3533 4145 divina

1928 4192 2251 4247 auctoritate
2283 4192 2348 4246 ad
2386 4192 2525 4246 hanc
2557 4190 2829 4245 civitatem
2863 4204 2983 4243 esse
3013 4187 3227 4254 directi,
3260 4194 3317 4239 ut
3347 4186 3435 4240 hic
3478 4185 3534 4239 in

1930 4285 2012 4339 eis
2055 4283 2146 4338 diu
2185 4290 2368 4352 Optata
2407 4293 2462 4337 et
2499 4288 2805 4351 exspectata
2852 4280 3055 4334 sanitas
3092 4278 3426 4347 impleretur.
3468 4275 3535 4329 Et

1931 4377 2038 4432 hoc
2065 4377 2254 4432 volens
2283 4376 2489 4440 dicere,
2519 4376 2668 4446 prius
2691 4374 3077 4429 commendare
3096 4387 3369 4441 cteperam
3397 4369 3535 4424 cari-

1932 4472 2029 4525 tati
2060 4480 2252 4525 vestraa
2280 4470 2395 4524 loca
2426 4478 2633 4533 sancta,
2670 4469 2720 4522 in
2750 4468 2948 4536 quibus
2972 4482 3077 4520 non
3102 4476 3225 4520 sunt
3254 4461 3449 4528 sanati,
3481 4470 3538 4515 ει

1934 4565 2003 4618 ad
2035 4580 2133 4619 nos
2168 4564 2290 4619 inde
2326 4574 2453 4618 sunt
2483 4563 2698 4617 directi.
2738 4562 2800 4617 Et
2828 4562 2938 4614 dixi
2970 4560 3036 4614 de
3067 4562 3287 4614 Ancona
3316 4558 3536 4611 civitate

1938 4658 2105 4712 Italiae
2136 4674 2149 4710 :
2183 4672 2453 4724 coeperam
2484 4655 2551 4709 de
2584 4655 2727 4711 Usali
2757 4653 2974 4707 civitate
3000 4652 3201 4718 dicere,
3227 4666 3344 4719 quas
3370 4659 3450 4703 est
3480 4648 3537 4702 iu

1938 4750 2115 4804 Africa
2142 4749 2476 4820 (episcopum
2509 4747 2667 4802 habet
2690 4748 2911 4801 fratrem
2945 4757 3319 4812 meum,quem
3343 4741 3534 4805 nostis,

1940 4842 2265 4912 Evodium),
2307 4841 2431 4911 quia
2484 4850 2540 4894 et
2579 4839 2647 4893 ad
2700 4839 2842 4892 illam
2889 4837 3160 4891 civitatem
3208 4849 3302 4889 eos
3349 4832 3540 4888 venire

1938 4936 2080 4989 fama
2123 4934 2365 5003 ejusdem
2397 4932 2650 5002 martyris
2682 4939 2737 4985 et
2763 4944 2986 4998 operum
3022 4927 3138 4995 ejus
3166 4926 3536 4995 compulisset.

1938 5027 2058 5082 Non
2099 5035 2181 5079 est
2224 5025 2332 5079 illic
2360 5024 2541 5079 datum
2572 5022 2714 5093 quod
2757 5022 2871 5076 dari
2906 5022 3098 5091 potuit,
3131 5018 3294 5072 uthic
3317 5018 3539 5073 daretur

1942 5117 2033 5172 ubi
2077 5116 2190 5171 dari
2229 5115 2433 5170 debuit.
2474 5113 2605 5168 Cum
2654 5124 2833 5166 autem
2876 5126 3039 5179 Opera
3081 5109 3258 5164 divina
3300 5126 3393 5178 per
3420 5124 3543 5163 san-

1942 5222 2088 5267 ctum
2121 5221 2414 5281 martyrem
2438 5221 2867 5263 commemorare
2892 5204 3127 5259 breviter
3147 5202 3361 5269 vellem,
3380 5203 3544 5256 omis-

1945 5306 2021 5359 sis
2050 5303 2259 5359 cteteris
2285 5318 2445 5356 unum
2473 5301 2810 5354 institueram
2841 5298 3025 5352 dicere
3049 5313 3063 5354 :
3089 5296 3227 5365 quod
3248 5311 3370 5350 cum
3396 5294 3542 5360 dico,

1945 5397 2197 5451 restituta
2227 5393 2301 5448 illi
2333 5392 2525 5462 puellus
2564 5391 2815 5453 sanitate,
2849 5390 3031 5445 subito
3059 5390 3257 5444 laetitias
3288 5388 3545 5443 tumultus

1948 5498 2172 5544 exortus
2201 5496 2301 5548 est.
2330 5495 2384 5541 et
2424 5501 2521 5539 nos
2549 5485 2706 5538 aliter
2737 5483 2998 5554 compulit
3028 5484 3181 5538 finire
3214 5496 3543 5537 sermonem.

1952 5580 2096 5650 Ergo
2137 5579 2243 5633 tale
2276 5578 2345 5631 ibi
2391 5576 2711 5631 miraculum
2745 5577 2945 5630 scimus
2983 5576 3178 5630 factum
3210 5576 3351 5630 inter
3380 5574 3547 5629 multa

1947 5676 2057 5728 alia
2085 5716 2101 5739 ,
2132 5688 2251 5742 qua:
2283 5670 2697 5725 commemorari
2728 5672 2913 5741 utique
2939 5679 3130 5725 cuncta
3167 5685 3274 5723 non
3298 5676 3546 5739 possunt.

1946 5767 2149 5820 Mulier
2179 5762 2424 5832 quaidam
2452 5763 2635 5817 amisit
2669 5764 2719 5817 in
2750 5762 2957 5832 gremio
2998 5770 3343 5831 aegrotantem
3377 5757 3548 5812 tilium

1950 5857 2399 5917 catechumenum
2422 5853 2682 5916 infantem
2704 5856 3015 5919 lactentem.
3031 5854 3162 5921 Qua
3184 5867 3307 5911 cum
3329 5850 3552 5911 vidisse.
