3974 6356
482 331 588 389 ωδ

1402 320 1957 384 SUPPLEMENTUM
1998 316 2088 376 AD
2125 317 2353 374 OPERA
2395 320 2450 375 S.
2494 316 2885 377 AUGUSTINI.

3636 315 3724 372 illi

483 445 740 500 atriissum
755 452 810 498 et
832 441 1241 512 lrreparablliter
1265 440 1862 510 perditum,ctrpiteum
1886 436 2053 505 magis
2079 436 2135 495 Α
2160 433 2210 487 in
2242 449 2491 489 sermone
2532 436 2562 489 8
2603 436 2670 489 de
2698 434 2889 489 Verbis
2925 434 3153 498 Domini,
3180 447 3313 487 cum
3345 429 3414 485 ad
3446 427 3531 495 illa
3566 432 3726 501 verba,

476 532 614 590 ﬂere
645 534 871 589 lideliter
905 550 1061 603 quam
1094 543 1281 587 mater.
1326 531 1438 587 Non
1472 533 1614 586 enim
1661 532 1753 584 lilii
1800 530 1881 583 sui
1912 528 2053 582 desi-

485 625 707 680 derabat
754 625 913 677 vitam
960 622 1061 677 nisi
1102 624 1154 676 in
1195 624 1373 677 iuturo
1413 623 1639 684 smculo,
1693 630 1747 674 et
1784 623 1919 673 hanc
1951 618 2055 678 sibi

486 716 712 769 ablatam
740 728 788 769 et
816 714 1020 783 perisse
1049 714 1344 782 plangebat.
1382 714 1604 781 impleta
1630 711 1818 767 aﬁectu
1850 710 2057 763 ﬁducia:

487 806 604 860 tulit
635 806 780 858 illum
813 815 1189 870 mortuum,.et
1214 806 1450 859 cucurrit
1480 805 1545 857 ad
1573 803 1884 857 memoriam
1915 798 2057 854 beati

490 900 741 965 martyris
767 897 1046 965 Stephani,
1073 910 1126 951 et
1155 898 1319 965 coepit
1345 898 1411 951 ab
1440 898 1529 950 illo
1550 898 1767 964 exigere
1791 895 1977 953 tilium,
2004 901 2059 946 et

485 990 693 1042 dicere:
739 989 928 1044 Sancte
948 999 1169 1058 martyr,
1200 989 1339 1043 vides
1374 988 1572 1043 nullum
1604 987 1727 1038 mihi
1756 984 2060 1039 remansisse

484 1080 742 1135 solatium.
780 1078 901 1135 Non
928 1081 1063 1132 enim
1094 1095 1297 1147 possunt
1329 1078 1497 1132 dicere
1518 1078 1684 1145 ﬁlium
1722 1074 2056 1145 prtecessisse,

483 1186 633 1238 quem
652 1173 785 1224 nosti
806 1172 1025 1239 perisse:
1041 1182 1094 1225 tu
1116 1174 1251 1225 enim
1274 1156 1411 1225 vides
1434 1187 1589 1233 quare
1603 1171 1862 1239 plangam.
1880 1165 2062 1219 tRedde

485 1261 648 1326 ﬁlium
678 1277 861 1327 meum,
898 1274 949 1313 ut
977 1261 1189 1317 habeam
1218 1278 1329 1315 eum
1355 1271 1471 1317 ante
1490 1270 1810 1329 conspectum
1828 1257 2064 1311 Corona-

487 1349 611 1403 toris
642 1351 738 1405 tui.
768 1350 896 1406 llaec
925 1362 977 1405 et
1010 1353 1133 1405 talia
1162 1367 1280 1413 cum
1315 1360 1619 1418 precaretur
1652 1350 1899 1419 lacrymis
1924 1361 2060 1416 quo-

485 1438 773 1501 dammodo
800 1456 902 1507 non
936 1442 1259 1509 petentibus,
1292 1443 1384 1499 sed
1404 1482 1419 1508 ,
1452 1452 1507 1494 ut
1534 1442 1675 1503 dixi,
1704 1439 2061 1508 exigentibus,

488 1535 680 1588 revixit
708 1533 845 1588 ﬁlius
870 1534 1015 1603 ejus.
1050 1534 1116 1589 Et
1145 1535 1264 1602 quia
1290 1534 1515 1593 dixerat,
1546 1532 1693 1587 Nosti
1713 1547 1879 1599 quare
1909 1530 2064 1585 illum

486 1646 740 1697 quaeram,
765 1632 1047 1685 ostendere
1070 1632 1233 1685 voluit
1254 1632 1413 1685 etiam
1451 1632 1587 1685 Deus
1615 1646 1797 1684 verum
1824 1630 2060 1683 animum

489 1721 675 1788 ipsius.
710 1721 982 1783 Continuo
1023 1722 1141 1776 tulit
1184 1722 1331 1781 illum
1375 1723 1440 1774 ad
1476 1722 1848 1791 presbyteros,
1893 1721 2063 1788 bapti-

2155 524 2397 592 conﬁteor
2435 525 2546 590 tibi,
2591 523 2766 589 Pater,
2813 532 3025 592 pectora
3058 524 3287 592 populus
3331 521 3403 577 de
3430 534 3578 575 more
3604 529 3726 576 tutu-

2156 615 2343 678 disset,
2382 615 2514 668 scite
2550 630 2777 683 arguens
2819 614 2937 668 illos
2976 614 3335 681 Augustinus.
3384 613 3439 663 in
3483 611 3576 662 hoc
3616 612 3729 687 ipso,

2157 707 2346 776 inquit,
2375 708 2509 774 quod
2539 708 2705 760 sonuit
2736 707 3011 769 confiteor,
3044 715 3252 773 pectora
3290 702 3581 756 tutudistis.
3613 700 3734 758 Tun-

2157 802 2273 852 dere
2298 810 2470 852 autem
2498 810 2669 869 pectus
2697 800 2820 870 quid
2848 811 2940 863 est,
2986 801 3084 851 nisi
3113 814 3340 869 arguere
3382 797 3521 862 quod
3558 796 3667 847 latet
3690 796 3735 849 in

2146 900 2355 957 .pectore
2379 901 2422 942 et
2452 892 2665 943 evidenti
2697 891 2849 960 pulsu
2879 892 3134 943 occultum
3163 889 3430 959 castigare
3462 887 3737 956 peccatum,9

2164 980 2334 1045 Quare
2357 981 2455 1034 hoc
2480 984 2699 1051 fecistis,
2742 983 2838 1035 nisi
2867 984 2987 1051 quia
3031 983 3249 1032 audistis
3286 996 3303 1030 :
3338 976 3601 1031 conﬁteor
3639 978 3736 1043 tibi,

2158 1071 2339 1126 Pater.
2360 1073 2626 1142 Conﬁteor
2644 1074 2878 1135 audistis,
2903 1077 2988 1143 qui
3014 1074 3283 1139 conﬁtetur
3318 1088 3428 1123 non
3454 1070 3736 1123 attendistis.

2164 1162 2320 1216 Nunc
2359 1173 2529 1217 autem
2574 1166 2839 1220 advertite.
2876 1164 2935 1219 Si
2973 1166 3217 1231 conﬁteor
3259 1164 3511 1216 Christus
3547 1164 3687 1223 dixit,
3718 1181 3744 1215 α

2161 1272 2262 1324 quo
2282 1266 2355 1309 est
2382 1257 2530 1324 longe
2556 1274 2701 1311 omne
2730 1269 3009 1323 peccatum,
3043 1274 3142 1309 non
3164 1256 3335 1310 solius
3359 1264 3438 1307 est
3468 1255 3741 1321 peccatoris,

2164 1348 2253 1400 sed
2287 1350 2439 1400 etiam
2469 1350 2773 1403 laudatoris.
2815 1349 3126 1418 Confitemur
3166 1365 3289 1418 ergo
3341 1348 3452 1400 sive
3497 1347 3744 1400 laudantes

2169 1438 2349 1503 Deum,
2380 1440 2478 1491 sive
2505 1450 2799 1494 accusantes
2828 1458 2919 1493 nos
2947 1444 3107 1506 ipsos.
3143 1440 3272 1493 lout

2230 1530 2496 1582 Sermone
2528 1531 2653 1584 540.
2686 1530 2743 1583 In
2784 1532 2981 1582 titulo:
3020 1530 3081 1581 In
3113 1531 3195 1582 die
3229 1529 3589 1583 ordinationis
3618 1527 3743 1596 sum]

2168 1622 2224 1674 In
2254 1622 2617 1676 anniverSario
2647 1624 2876 1689 suscepti
2899 1624 3259 1689 episcopatus.
3284 1618 3656 1673 Celebraruut
3684 1619 3745 1671 in-

2170 1713 2374 1769 terdum
2399 1714 2636 1782 episcopi
2660 1714 2832 1767 natale
2852 1715 3141 1777 cathedrae,
3165 1727 3259 1767 seu
3285 1713 3641 1780 episcOpatus
3660 1711 3745 1775 sui,

488 1824 636 1866 zatus
664 1824 739 1869 est
760 1855 772 1875 ,
808 1815 1171 1877 sanctilicatus
1198 1823 1299 1879 est,
1338 1823 1526 1879 tinctus
1544 1823 1655 1877 est,
1710 1812 1951 1882 imposita
1978 1822 2066 1867 est
2093 1793 2143 1855 Β
2170 1807 2306 1860 sicut
2332 1808 2601 1874 principes
2632 1808 2837 1874 imperii
2860 1806 3035 1875 :quod
3062 1806 3237 1859 natale
3262 1804 3522 1874 episcopi
3556 1802 3746 1856 diceba-

489 1906 535 1959 ei
558 1920 771 1967 manus;
798 1907 1078 1974 completis
1100 1905 1349 1959 omnibus
1376 1903 1747 1969 sacramentis,
1762 1914 2067 1972 assumptus

490 2006 589 2049 est.
623 1997 709 2049 llla
741 2006 917 2050 autem
950 1996 1038 2061 tali
1063 2011 1184 2059 eum
1217 2012 1337 2049 cum
1366 1999 1511 2059 vultu
1542 1994 1787 2053 deduxit.
1818 2004 2067 2063 tauquam

492 2080 595 2138 non
643 2085 928 2139 deduceret
975 2086 1040 2140 ad
1070 2086 1305 2154 requiem
1351 2084 1608 2155 sepulcri,
1642 2085 1735 2143 sed
1780 2084 1844 2137 ad
1893 2087 2067 2140 sinum

493 2177 743 2247 martyris
762 2177 1038 2245 Stephani.
1074 2176 1360 2233 Probatum
1393 2185 1476 2233 est
1501 2190 1595 2231 cor
1616 2175 1784 2233 .ﬁdele
1809 2175 2068 2233 mulieris.

495 2269 593 2324 Ubi
628 2284 761 2337 ergo
805 2269 909 2323 tale
940 2269 1259 2335 miraculum
1297 2268 1422 2322 fecit
1460 2269 1601 2323 Deus
1641 2283 1738 2337 per
1776 2278 2069 2336 martyrem

493 2374 669 2421 suum,
696 2375 798 2415 u0u
830 2359 1001 2429 potuit
1032 2359 1101 2419 ibi
1126 2360 1258 2415 istos
1290 2360 1513 2413 curare?
1544 2360 1608 2411 Et
1641 2368 1814 2423 tamen
1842 2358 1951 2423 huc
1976 2374 2072 2413 no-

496 2450 575 2503 bis
597 2449 782 2513 directi
806 2461 948 2505 sunt.
974 2449 1236 2503 Conversi
1261 2451 1325 2507 ad
1361 2449 1667 2515 Dominum,
1697 2458 1802 2511 etc.

566 2541 691 2595 llaec
721 2541 1202 2611 liactenus,quibus
1220 2542 1357 2601 nihil
1378 2541 1663 2607 addemus,
1689 2542 1789 2597 nisi
1818 2541 2073 2597 ominum

498 2630 581 2685 hic
626 2647 745 2685 esse
781 2633 1077 2686 solemnem
1116 2636 1427 2697 clausulam,
1461 2650 1581 2703 qua:
1623 2634 1753 2699 hoc;
1778 2646 1875 2693 aut
1910 2633 2073 2689 simili

497 2721 656 2776 modo
682 2724 887 2792 concipi
910 2726 1091 2797 potuit
1126 2742 1135 2775 :
1170 2728 1296 2791 Qua:
1320 2744 1396 2781 res
1430 2726 1551 2779 bene
1580 2736 1736 2780 vertat
1764 2726 1887 2783 mihi
1917 2735 1965 2783 et
1984 2742 2074 2783 tto-

497 2812 591 2877 bis,
619 2824 941 2883 spectatores,
968 2815 1216 2884 plaudite.

569 2904 831 2959 Sermone
868 2904 1018 2977 550.]
1061 2906 1191 2960 Pars
1224 2908 1375 2985 prior
1413 2909 1601 2973 eadem
1632 2923 1715 2977 cst
1752 2926 1871 2975 cum
1912 2909 2077 2980 priori

499 3003 648 3063 parte
674 2998 937 3049 sermonis
967 2998 1066 3050 118
1086 2996 1153 3052 de
1184 2997 1438 3052 Diversis.
1468 2999 1575 3057 Sed
1606 3017 1723 3069 quae
1755 3003 1806 3055 in
1840 3001 1931 3063 illo
1960 3016 2076 3055 ser-

500 3101 657 3141 mone
678 3086 1028 3155 subjiciuntur
1050 3103 1170 3142 cum
1200 3091 1630 3158 praecedentibus
1652 3107 1756 3157 non
1780 3094 2076 3155 cohaerent.

502 3178 598 3233 Hic
617 3195 745 3233 vero
770 3192 890 3250 apta
921 3191 975 3235 et
994 3197 1240 3247 connexa
1266 3200 1433 3254 usque
1450 3186 1523 3247 ,ad
1550 3186 1710 3247 linem
1734 3195 1859 3239 sunt
1874 3187 2076 3241 omnia.

501 3271 820 3324 Smnosnus.

572 3360 677 3414 Tit.
711 3361 787 3414 De
814 3363 991 3429 viginti
1030 3364 1383 3435 martyribus.]
1418 3364 1499 3418 Ad
1531 3376 1797 3436 martyres
1834 3365 1903 3427 20
1934 3364 2087 3425 habi-

503 3462 587 3507 tus
616 3455 775 3507 etiam
804 3470 982 3509 sermo
1009 3456 1111 3509 110
1132 3456 1199 3509 de
1223 3456 1476 3511 Diversis.
1510 3458 1707 3523 llorum
1730 3474 1859 3513 vero
1874 3472 2086 3521 memo-

505 3547 637 3599 riam
680 3546 921 3615 Hippone
958 3546 1125 3619 Itegio
1157 3550 1563 3611 celeberrimam
1592 3550 1759 3615 fuisse
1784 3550 1945 3617 docet
1975 3555 2088 3607 Au-

503 3637 766 3706 gustinus,
808 3638 929 3692 illus
958 3655 1015 3693 re
1049 3640 1190 3707 quod
1232 3642 1283 3705 in
1326 3657 1385 3695 ea
1425 3644 1719 3708 contigerat
1770 3642 2086 3701 miraculum

505 3744 932 3782 commemorans
961 3730 1053 3784 lib.
1078 3746 1185 3783 xxn
1216 3732 1280 3785 de
1302 3731 1531 3786 Civitate
1567 3732 1677 3797 Dei,
1707 3748 1824 3807 cap.
1854 3734 1923 3788 8:
1956 3731 2085 3793 Erat

504 3810 930 3888 quidamsenex,
963 3829 1065 3873 etc.
1102 3821 1297 3874 llorum
1333 3824 1579 3887 nomina,
1612 3838 1730 3879 cum
1762 3824 1943 3893 ignota
1975 3827 2086 3885 [ue-

504 3910 612 3963 rint
650 3909 925 3973 hactenus,
971 3922 1079 3965 tres
1109 3912 1211 3966 hoc
1242 3914 1360 3966 loco
1393 3924 1774 3980 memorantur,
1813 3914 2085 3971 Fidentius

503 4001 809 4069 episcopus,
836 4001 1111 4056 Valeriana
1139 4011 1192 4056 et
1228 4003 1455 4057 Victoria
1481 4015 1677 4059 sanctae
1710 4004 1942 4058 feiuiuae.
1969 4005 2086 4077 Quo

504 4105 611 4144 uno
640 4107 704 4145 ex
732 4093 904 4160 capite
940 4108 1044 4147 non
1077 4095 1190 4148 leve
1221 4105 1301 4148 est
1331 4097 1471 4163 quod
1504 4096 1625 4148 huic
1653 4096 1886 4149 sermoni
1919 4096 2084 4148 dobe-

506 4196 661 4245 mus;
698 4182 812 4236 sive
846 4193 1108 4253 martyres
1150 4184 1225 4245 hi,
1269 4193 1327 4237 ut
1368 4186 1593 4239 Baronio
1632 4186 1888 4238 cardinali
1917 4187 2085 4237 visum

506 4282 622 4336 est,
658 4272 815 4326 iidem
847 4275 1073 4327 habendi
1102 4286 1229 4327 sunt
1268 4292 1387 4329 cum
1421 4278 1743 4346 martyribus
1783 4276 1967 4347 viginti
1996 4274 2089 4343 qui

507 4362 645 4431 apud
672 4363 893 4417 Tarsum
921 4364 1122 4418 Ciliciae
1155 4368 1295 4435 passi
1339 4369 1438 4421 sub
1482 4368 1809 4422 Diocletiano
1842 4368 2090 4437 leguntur

507 4466 599 4505 vin
630 4451 748 4506 idus
769 4453 985 4518 lunias;
1018 4455 1150 4519 sive,
1185 4458 1322 4524 quod
1352 4459 1547 4511 certius
1579 4474 1720 4520 reor,
1756 4476 1782 4511 a
1813 4458 2091 4512 Tarsensi-

506 4544 608 4597 bus
629 4542 824 4598 diversi
853 4544 1048 4599 iuerint
1075 4545 1446 4615 Hipponienses
1473 4550 1538 4603 de
1564 4549 1751 4617 quibus
1784 4549 1871 4602 bic
1889 4550 2081 4619 agitur.
2117 4542 2135 4573 "

508 4637 809 4691 Stauonons

581 4727 841 4782 Sermone
866 4728 993 4782 550.
1024 4726 1088 4780 1η
1111 4729 1273 4781 natali
1303 4730 1641 4797 plurimorum
1671 4729 1995 4802 martyrum.]
2014 4731 2086 4785 Ita

512 4821 705 4891 Regius
735 4823 925 4891 codex,
954 4839 1073 4876 cum
1106 4823 1417 4891 Victorino;
1441 4835 1494 4879 at
1524 4827 1665 4881 Beda
1695 4830 1823 4882 citat
1849 4846 1860 4879 :
1889 4844 1951 4881 ex
1977 4844 2085 4882 ser-

512 4929 660 4967 mone
683 4914 745 4966 de
771 4915 931 4968 verbis
957 4912 1243 4986 Evangelii.
1276 4917 1421 4969 int-zu.

580 5006 845 5061 Sermone
886 5007 1011 5061 552.
1051 5006 1287 5061 Habetur
1320 5008 1407 5062 hic
1446 5011 1603 5065 etiam
1645 5027 1765 5067 cum
1808 5014 1858 5066 in
1905 5013 2092 5069 codice

512 5100 680 5166 regio,
716 5107 827 5151 tum
855 5098 909 5151 in
940 5099 1234 5153 Victorino.
1264 5100 1349 5153 DD
1375 5100 1458 5155 12.
1492 5102 1641 5157 locu.

584 5185 611 5255 §
637 5187 691 5241 4.
721 5186 847 5240 Cum
878 5186 1147 5258 Scriptura
1174 5204 1612 5246 commemorasset
1639 5209 1724 5247 eos
1754 5210 1837 5263 qui
1870 5211 1970 5246 non
2010 5196 2094 5246 in-

513 5276 735 5337 trabant,
768 5278 836 5330 ibi
859 5278 1012 5330 etiam
1038 5281 1317 5334 nominavit
1347 5284 1647 5348 homicidas,
1674 5301 1774 5337 non
1795 5285 2087 5353 expavistis.

514 5367 811 5423 Naminavit
834 5371 1183 5440 fornicatores,
1214 5375 1390 5428 audivi
1412 5377 1531 5445 quia
1552 5386 1758 5446 pectora
1788 5373 2098 5447 tutudistis.]

515 5460 651 5513 llinc
680 5460 862 5515 videre
884 5473 969 5515 est
1006 5472 1217 5530 pectora
1251 5466 1474 5520 tundere
1505 5467 1711 5528 solitos,
1744 5481 1863 5519 cum
1894 5466 2094 5535 aliquid

512 5550 802 5605 audiebant
837 5553 977 5619 quod
1006 5556 1352 5609 conscientia:
1397 5565 1735 5624 peccatorum
1768 5556 1850 5608 vel
1878 5556 2092 5610 conl'es-
2132 5551 2139 5558 ’

508 5643 680 5697 tionis
706 5642 1037 5700 admoneret.
1068 5648 1218 5714 Quod
1244 5644 1459 5717 quidem
1493 5664 1659 5717 usque
1681 5648 1815 5700 adeo
1843 5649 2095 5717 frequen-

514 5735 713 5801 tabant,
732 5746 788 5791 ut
804 5743 1170 5800 intempestive
1187 5755 1563 5810 nonnunquam
1583 5749 1918 5809 usurparent.
1937 5740 2088 5797 Unde

2172 1909 2277 1955 tur.
2305 1899 2434 1968 Ejus
2458 1901 2624 1953 moris
2645 1900 2783 1968 apud
2803 1900 3080 1953 Romanos
3104 1899 3313 1952 indices
3338 1906 3471 1950 sunt
3493 1909 3747 1948 sermones

2172 2002 2280 2046 tres
2304 1991 2366 2046 S.
2396 1991 2589 2046 Leonis
2621 2008 2791 2059 papae,
2818 1993 2876 2044 in
2906 1992 2993 2046 die
3023 1990 3419 2058 aSsumptionis
3449 2000 3586 2039 sum.
3617 1986 3745 2052 Apud

2171 2082 2350 2146 Afros,
2373 2092 2567 2151 prater
2592 2082 2838 2136 bomilias
2857 2080 2937 2134 24
2962 2091 3023 2136 et
3051 2082 3123 2134 es
3150 2081 3217 2133 de
3249 2076 3631 2132 anniversario
3657 2076 3746 2142 epi~

2171 2174 2400 2242 scopulis
2434 2174 2788 2229 ordinationis
2832 2173 3145 2242 Augustini,
3188 2170 3393 2239 quibus
3454 2167 3640 2221 tertius
3678 2166 3747 2217 hic

2173 2281 2350 2320 sermo
2370 2266 2602 2329 additur,
2627 2266 2679 2320 in
2704 2264 2937 2334 antiquis
2954 2264 3244 2325 codicibus,
3268 2261 3441 2315 ﬁdem
3464 2259 3623 2313 etiam
3645 2256 3747 2309 facit

2174 2358 2570 2411 anniversarios
2610 2358 2811 2411 Aurelii
2836 2355 3096 2422 episcopi,
3132 2354 3200 2407 de
3240 2368 3353 2422 quo
3378 2360 3466 2405 est
3495 2348 3748 2418 Augustini

2174 2450 2240 2503 ad
2273 2449 2479 2517 plebem
2508 2449 2759 2504 allocutio
2781 2463 2940 2517 quam
2964 2447 3309 2516 protulimus.
3338 2444 3465 2509 Quo
3486 2452 3657 2495 autem
3678 2440 3746 2494 die

2176 2544 2454 2597 ordinatus
2483 2543 2645 2598 fuerit
2691 2543 3018 2611 Augustinus
3058 2557 3164 2595 non
3205 2540 3409 2607 liquet;
3464 2535 3747 2588 ordinatum

2170 2634 2336 2699 paulo
2372 2643 2495 2689 ante
2536 2633 2721 2690 Natale
2764 2632 2974 2688 Domini
3017 2648 3084 2686 ex
3128 2630 3357 2685 humilia
3388 2628 3465 2683 25
3496 2627 3743 2680 docemur.

2178 2722 2327 2779 lacu.

2254 2819 2511 2873 Sermone
2539 2817 2664 2872 541.
2700 2826 2752 2875 In
2787 2817 2941 2873 titulo
2970 2835 2983 2870 :
3026 2815 3107 2869 De
3148 2812 3414 2880 sacriﬁcio
3444 2805 3746 2878 vespertina]

2184 2910 2257 2963 Ita
2282 2910 2586 2964 inscribitur
2609 2911 2661 2964 in
2690 2909 2875 2964 codice
2898 2910 2959 2965 S.
2994 2907 3227 2961 Victoris
3250 2906 3341 2958 CC
3373 2904 3467 2970 16,
3495 2914 3593 2955 nec
3620 2899 3747 2952 aliter

2182 3005 2311 3059 citat
2332 3003 2499 3067 Beda,
2531 3018 2710 3071 quam,
2733 3018 2796 3056 ex
2822 3016 3053 3056 sermone
3074 2999 3151 3052 De
3178 2996 3445 3064 sacriﬁcio
3466 2991 3746 3060 vespertino.

2182 3095 2257 3147 At
2288 3094 2337 3146 in
2368 3094 2693 3148 Collectorio
2721 3107 3029 3147 sermonum
3073 3096 3223 3157 parte
3260 3088 3297 3142 3
3327 3087 3564 3146 dicitur,
3597 3080 3749 3137 Sermo

2118 3170 2156 3215 μ
2188 3188 2250 3241 de
2270 3203 2415 3240 uersu
2444 3187 2629 3253 psalmi
2651 3201 2752 3239 CXL
2776 3202 2789 3239 :
2820 3184 3054 3239 Elevatio
3084 3196 3335 3235 manuum
3362 3189 3600 3231 mearum
3617 3170 3749 3225 sacri-

2187 3280 2359 3345 ﬁcium
2376 3281 2735 3347 vespertinum.
2763 3276 2917 3331 Inest.

2257 3371 2519 3427 Sermone
2564 3368 2689 3425 544.
2751 3367 2828 3423 De
2868 3382 3046 3422 amore
3093 3366 3189 3419 Dei
3244 3373 3294 3418 et
3345 3376 3526 3416 cunare
3559 3349 3751 3421 seculi]

2188 3461 2413 3516 Unicum
2464 3462 2616 3517 nobis
2659 3461 2758 3515 iuit.
2802 3461 3081 3526 exemplar
3112 3473 3185 3511 ex
3215 3456 3407 3510 codice
3435 3455 3496 3511 S.
3551 3449 3750 3505 Victoris

2194 3553 2279 3606 DD
2311 3552 2397 3606 12.
2420 3551 2545 3604 Fuit
2572 3562 2748 3605 tamen
2780 3551 2917 3617 etin
2944 3549 3266 3603 Colleotorio
3291 3557 3604 3601 sermonum
3627 3549 3751 3609 parte

2191 3644 2246 3711 5,
2281 3652 2337 3699 ut
2374 3642 2531 3697 index
2570 3644 2747 3696 docet.
2784 3641 3073 3709 Utrobique
3120 3639 3337 3694 titulum
3372 3635 3645 3705 praefert:
3690 3628 3749 3681 Ds

2192 3752 2364 3795 amore
2394 3735 2490 3789 Dei
2521 3745 2567 3788 et
2594 3735 2833 3805 proaimi.
2872 3734 2974 3789 Sed
3003 3734 3179 3800 aptior
3204 3742 3257 3786 et
3282 3727 3570 3799 Augustini
3599 3721 3749 3777 verbis

2192 3826 2574 3897 congruentior
2603 3827 2712 3879 visa
2747 3824 3023 3893 inscriptio
3069 3835 3190 3892 quae
3218 3821 3362 3890 apud
3395 3818 3592 3873 Bedam
3622 3814 3745 3879 lege-

2192 3916 2388 3971 batur:
2422 3914 2498 3969 De
2538 3930 2711 3968 amore
2752 3913 2845 3967 Dei
2870 3922 2914 3966 et
2944 3928 3116 3967 amore
3141 3911 3346 3967 circuli.
3382 3910 3536 3965 lusu.

2263 4007 2526 4060 Sermone
2554 4004 2681 4059 545.
2715 4001 2793 4056 De
2819 4012 3111 4073 contemptu
3150 4000 3383 4072 attnuit]
3418 3999 3578 4054 Vetus
3604 3994 3745 4049 codex

2195 4096 2428 4151 auctoris
2453 4110 2646 4151 nomen
2674 4110 2780 4151 non
2812 4093 2986 4148 habet.
3012 4093 3293 4161 Augustini
3322 4101 3502 4147 tamen
3527 4102 3643 4143 esse
3658 4099 3745 4138 non

2195 4187 2577 4249 dubitavimus,
2610 4202 2731 4241 cum
2758 4186 2901 4254 quod
2923 4185 3043 4240 aliis
3072 4186 3190 4253 ejus
3219 4183 3561 4251 sermonibus
3596 4180 3743 4232 intex-

2198 4290 2283 4333 tus
2314 4287 2463 4347 erat,
2520 4286 2632 4337 tum
2679 4278 2910 4333 maxime
2938 4277 3084 4347 quod
3115 4276 3313 4349 atylum
3345 4287 3402 4331 et
3439 4272 3644 4345 genium
3672 4280 3741 4320 re-

2196 4372 2299 4424 lert
2329 4368 2628 4440 Augustini.

2271 4464 2297 4530 ς
2331 4461 2384 4516 5.
2431 4459 2573 4514 Nam
2611 4460 2931 4528 quantumvis
2976 4458 3164 4513 habeas
3190 4500 3205 4526 ,
3244 4474 3365 4513 cum
3414 4454 3598 4511 ιιοηετίι
3640 4449 3746 4500 hara

2198 4554 2398 4623 quinta,
2430 4562 2700 4620 antequam
2729 4552 2796 4606 ad
2826 4568 3046 4605 mensam
3068 4551 3289 4607 accedas
3313 4550 3500 4614 esuris,
3532 4556 3576 4600 et
3595 4540 3746 4607 deﬁcit

2200 4646 2320 4715 quia
2351 4645 2503 4697 miser
2539 4641 2635 4714 es.]
2664 4642 2792 4709 Quae
2816 4655 3044 4709 sextam,
3078 4644 3130 4697 id
3162 4652 3243 4697 est
3268 4685 3282 4709 ,
3315 4640 3590 4695 meridiem
3616 4642 3743 4685 ante-

2203 4736 2364 4800 cedit,
2411 4745 2465 4789 et
2494 4735 2725 4804 legitima
2754 4744 2837 4789 est
2863 4736 2992 4788 hora
3033 4735 3260 4803 prandii.
3298 4731 3553 4788 Sidonius
3590 4732 3746 4781 noster

2208 4827 2295 4882 lib.
2331 4843 2390 4892 ll,
2414 4829 2573 4895 epist.
2606 4828 2657 4888 9,
2691 4825 2766 4879 De
2804 4825 2989 4879 nuntio
3012 4828 3099 4893 qui
3127 4826 3193 4879 ad
3226 4825 3505 4892 prandium
3532 4814 3742 4872 vocabat.

2198 4934 2349 4981 quem
2394 4916 2640 4984 probabat
2682 4925 3018 4979 competenter
3059 4917 3343 4985 ingressum
3386 4914 3561 4983 quinta
3604 4905 3744 4971 digre-

2202 5009 2365 5060 diens.
2408 5007 2575 5072 Quem
2614 5004 2681 5059 ad
2723 5005 2919 5070 locum,
2976 5006 3227 5058 nonmtlla
3275 5004 3342 5058 de
3374 5003 3541 5071 prisco
3575 5001 3741 5065 genere

2204 5099 2455 5152 horarum
2489 5098 2541 5149 in
2570 5095 2813 5150 eamdem
2847 5097 3161 5150 sententiam
3205 5095 3586 5148 adnotavimus.
3612 5086 3738 5141 lutil-

2279 5189 2306 5259 §
2339 5188 2393 5242 6.
2430 5186 2761 5241 Feminarum
2793 5198 3075 5258 martyrum
3109 5187 3562 5243 Tuburbitauorum
3585 5176 3738 5232 solem-

2205 5285 2411 5337 nitatem
2438 5281 2794 5353 celebramus.]
2822 5282 3094 5349 Perpetua:
3125 5293 3175 5334 ct
3208 5281 3518 5345 Felicitatis,
3548 5278 3737 5343 quarunt

2208 5389 2438 5445 corpora
2474 5379 2521 5427 in
2569 5374 2787 5427 basilica
2841 5373 3043 5438 majore
3071 5372 3283 5427 condita
3323 5370 3637 5437 Carthagine.
3676 5357 3735 5410 De

2211 5468 2399 5522 barum
2452 5466 2611 5520 natali
2661 5476 2768 5519 tres
2811 5474 3025 5518 exstant
3061 5480 3337 5520 sermones
3376 5465 3432 5520 S.
3476 5447 3734 5526 Augustini-

2209 5556 2619 5611 Anniversarius
2640 5566 2815 5608 autem
2834 5554 2949 5608 dies
2970 5554 3144 5623 agitur
3165 5557 3317 5611 nonis
3336 5552 3521 5609 Martii.
3537 5545 3733 5603 Fuerunt

2204 5656 2264 5702 et
2292 5646 2429 5710 alim,
2455 5646 2547 5699 sed
2572 5646 2822 5712 virgines,
2850 5644 3097 5707 Maxima,
3133 5644 3395 5699 Donatilla
3427 5652 3477 5698 et
3508 5628 3731 5695 Secunda.

2221 5753 2327 5811 qua)
2357 5736 2495 5806 apud
2520 5736 2828 5791 'l'uburbum
2861 5734 3019 5787 etiam
3053 5750 3221 5804 passae
3249 5736 3485 5791 dit-untur
3513 5745 3563 5785 ιι.
3586 5720 3729 5778 081m“

2158 5870 2183 5885 ,σ

3876 1168 3890 1839 τ
