3974 6356
278 316 356 375 ιοε
920 310 1273 369 VARIORUM
1310 307 1908 367 EXERCI‘I‘ATIONES
1936 308 2096 366 IN'S.
2137 310 2505 368 AUGUSTINI
2543 310 2791 370 OPERA.

3402 313 3503 371 406

272 430 346 486 das
374 430 621 502 Augusti.
658 431 862 501 Duplex
893 433 1035 485 enim
1068 431 1168 486 fuit
1197 432 1311 501 ejus
1342 432 1572 486 nominis
1601 430 1809 496 civitas,
1845 429 1892 489 Α
1919 431 2199 485 monitione
2228 435 2550 498 conveniant,
2592 434 2685 487 hoc
2726 450 2815 503 per
2842 435 3073 505 singulas
3105 433 3360 490 Ecclesiae
3390 446 3507 491 ante

271 522 552 577 Tuburbum
577 522 747 592 Majas
771 532 822 577 et
845 521 1153 577 Tuburbum
1186 523 1398 587 Minus;
1431 522 1569 576 unde
1598 521 1820 576 Tubur-

269 613 403 670 bitani
436 614 664 686 Majores
709 626 763 670 et
808 614 1039 671 Minores
1061 656 1078 683 ,
1110 615 1163 670 in
1191 615 1475 671 collatione
1514 614 1821 669 Donatista-

269 723 387 763 rum.
420 706 750 764 διιιιιοςιυυε.

324 799 570 855 Sermone
593 801 717 856 557.
750 800 825 853 De
847 800 1000 854 laude
1029 799 1213 873 pacis.]
1240 800 1319 855 Ex
1346 800 1531 855 codice
1554 799 1611 856 Β.
1646 799 1825 854 Victo-

270 895 328 951 ris
352 892 435 946 DD
470 893 556 947 12.
598 892 785 947 Fuisse
822 902 999 947 autem
1047 904 1100 949 et
1138 893 1189 947 in
1228 893 1550 949 Collectorio
1596 901 1745 961 parte
1789 892 1820 947 ὅ

272 984 410 1039 index
443 982 794 1039 demonstrat.
828 983 1069 1039 Pertinet
1094 1000 1214 1038 cum
1244 984 1453 1039 duobus
1478 983 1824 1053 sequentibus

270 1078 323 1131 ad
353 1087 585 1145 tempora
617 1077 919 1130 collationis
948 1076 1367 1142 Donatistarum,
1396 1093 1551 1144 quam
1579 1092 1646 1130 ex
1672 1078 1827 1129 Acto-

270 1190 369 1229 rum
397 1172 613 1227 exordio
647 1172 971 1226 celebratam
1003 1173 1170 1243 liquet
1209 1174 1267 1229 P.
1298 1173 1358 1227 C.
1391 1173 1651 1238 Varanis,
1684 1186 1825 1225 anno

268 1267 438 1320 Christi
486 1265 632 1332 412,
676 1265 1083 1334 inchoatamque
1129 1266 1365 1321 calendis
1421 1267 1610 1321 Juniis.
1672 1265 1823 1331 Quod

268 1359 374 1415 anni
403 1370 601 1428 tempus
630 1359 874 1428 congruit
898 1359 1070 1413 verbis
1094 1358 1394 1428 Augustini,
1421 1359 1510 1427 qui
1541 1357 1641 1412 sub
1659 1360 1821 1412 linem

265 1452 503 1507 sermonis
552 1451 709 1520 paulo
747 1459 870 1505 ante
919 1460 1191 1520 peractum
1233 1450 1400 1504 fuisse
1442 1451 1518 1504 ait
1562 1450 1822 1519 jejunium

266 1540 607 1608 Pentecostes,
635 1543 774 1612 quod
806 1542 897 1596 illo
922 1558 1063 1596 anno
1090 1542 1246 1596 desiit
1269 1558 1320 1595 tv
1343 1541 1595 1595 calendas
1617 1541 1821 1597 Junias.

269 1633 401 1688 locu.

334 1727 358 1797 ς
384 1729 433 1781 4.
465 1723 610 1779 Unde
638 1742 748 1779 sunt
778 1730 935 1795 frater
964 1723 1126 1795 tuus.]
1157 1723 1439 1787 Nolebanl,
1469 1722 1738 1789 videlicet,
1766 1736 1824 1776 se

1926 532 2220 589 tractantes,
2270 537 2514 593 quatenus
2544 545 2574 579 a
2604 528 2684 581 die
2705 527 3063 596 disputationis
3110 546 3168 582 ac
3199 527 3311 583 loco
3342 529 3505 583 omnis

1926 631 1979 669 se
2008 616 2283 669 multitudo
2313 620 2605 681 contineat,
2640 630 2695 674 ut
2724 622 2957 691 religioso
2985 623 3241 689 patientia:
3267 624 3507 693 magiste-

1924 709 2003 763 rio
2032 710 2301 763 delinitum
2340 711 2640 768 Christiana:
2682 716 2797 783 paci
2826 717 3073 787 populum
3110 727 3311 786 parent.
3355 717 3506 784 Quod

1926 802 2158 857 edictum
2191 805 2428 874 episcopi
2472 806 2719 861 catholici
2762 823 2819 863 se
2862 810 3241 864 observaturos
3278 810 3504 880 professi

1927 903 2055 949 sunt
2080 899 2284 951 notoria
2322 912 2415 951 sua
2439 939 2454 966 ,
2485 914 2601 969 quae
2638 899 2832 955 ibidem
2861 902 3079 956 recitata
3113 912 3198 959 est
3220 947 3234 968 ,
3268 919 3385 973 cap.
3415 903 3501 957 I6.

1928 985 2080 1041 IDEM.

2000 1080 2132 1133 Ibid.
2162 1080 2435 1136 Orationes
2456 1085 2607 1137 etiam
2628 1096 2837 1151 vestras,
2859 1087 2989 1140 sicut
3008 1089 3122 1157 jam
3149 1097 3264 1139 ante
3291 1102 3506 1155 prtemo-

1930 1172 2132 1225 nuimus
2160 1216 2175 1239 ,
2199 1176 2417 1244 jejuniis
2440 1187 2486 1228 et
2512 1176 2839 1245 eleemosgnis
2870 1179 3129 1247 adjuvate.
3172 1180 3357 1232 Addita
3385 1195 3507 1249 pen-

1928 1280 2023 1315 nas
2042 1266 2166 1332 illis,
2194 1266 2379 1335 quibus
2406 1268 2574 1320 uolant
2604 1269 2672 1319 ad
2701 1268 2907 1340 Deum]
2931 1268 3131 1337 Nempe
3152 1270 3507 1339 eleemosynae

1929 1363 1984 1408 et
2005 1355 2202 1423 jejunia
2235 1357 2487 1411 dicuntur
2505 1360 2620 1412 duas
2642 1361 2738 1412 alte
2762 1361 2952 1428 quibus
2974 1362 3038 1414 ad
3060 1364 3252 1417 coelum
3273 1363 3507 1416 evehun-

1931 1455 2016 1498 tur
2048 1460 2252 1513 preces.
2281 1446 2414 1503 Vide
2444 1449 2563 1503 Act.
2596 1465 2655 1513 κ,
2689 1452 2722 1503 4
2744 1492 2756 1510 .
2792 1460 2846 1504 et
2882 1452 2946 1504 ad
2977 1467 3097 1505 eum
3130 1452 3301 1506 locum
3343 1453 3511 1507 inter-

1929 1547 2131 1607 pretes.

1999 1630 2259 1685 Sermone
2286 1632 2387 1686 559
2407 1674 2420 1695 ,
2450 1633 2622 1686 habito
2668 1642 2781 1702 post
2808 1633 3173 1705 collationem]
3208 1635 3358 1689 Prior
3387 1650 3509 1703 pars

1929 1720 2071 1775 edita
2093 1730 2176 1776 est
2202 1736 2449 1778 sermone
2476 1725 2564 1792 9i,
2593 1725 2658 1778 de
2687 1725 2945 1792 Diversis;
2979 1727 3267 1794 posterior,
3297 1743 3415 1796 qua:
3443 1728 3509 1782 de

273 1821 439 1875 fratres
467 1819 566 1872 dici
599 1818 917 1881 Donatistae,
951 1826 1005 1872 et
1036 1828 1213 1872 tamen
1246 1816 1436 1871 fratres
1460 1831 1490 1870 a
1522 1816 1718 1869 nostris
1741 1814 1822 1869 di-
1851 1802 1900 1865 Β
1929 1813 2320 1869 Donatistarum
2348 1831 2505 1869 causa
2536 1825 2746 1880 tractat,
2774 1819 2841 1871 ab
2869 1818 2933 1871 iis
2964 1818 3183 1884 omissa,
3208 1818 3296 1885 qui
3325 1831 3388 1872 ea
3415 1832 3505 1871 ca-

277 1913 515 1967 cebantur.
565 1909 805 1979 Optatus,
845 1912 939 1966 lib.
992 1927 1007 1965 ι
1054 1912 1309 1965 adversus
1358 1908 1771 1963 Parmenianum
1804 1928 1817 1940 ·

282 2002 465 2067 Nolunt,
486 2003 676 2071 inquit,
708 2020 759 2058 se
786 2004 890 2056 dici
911 2004 1097 2073 fratres
1125 2012 1346 2057 nostros.
1380 2001 1515 2056 Sunt
1536 2003 1645 2055 sine
1667 2001 1824 2055 dubio

294 2103 445 2168 fratres,
468 2096 697 2165 quamvis
728 2112 828 2149 non
855 2096 992 2150 boni.
1028 2096 1195 2163 Quare
1218 2112 1364 2149 nemo
1394 2096 1605 2148 miretur
1632 2112 1717 2148 eos
1746 2111 1825 2148 me

298 2189 501 2256 appellare
529 2186 735 2252 fratres,
766 2188 851 2252 qui
878 2204 979 2239 non
1006 2197 1217 2257 possunt
1248 2201 1349 2238 non
1378 2201 1485 2239 esse
1515 2185 1722 2255 fratres.
1758 2184 1825 2238 Et

292 2278 362 2332 lib.
382 2292 451 2331 Iv:
476 2275 594 2330 Non
618 2280 749 2330 enim
773 2278 981 2347 potestis
1009 2294 1109 2330 non
1142 2293 1248 2331 esse
1270 2279 1476 2342 fratres,
1497 2293 1621 2345 quos
1646 2277 1825 2329 iisdem

285 2378 679 2423 sacramentorum
706 2368 979 2423 uisceribus
1011 2386 1113 2421 una
1145 2377 1307 2421 mater
1337 2366 1566 2420 Ecclesia
1606 2368 1779 2437 genuit
1808 2411 1819 2433 ,

282 2478 382 2530 quos
406 2462 565 2515 eodem
596 2462 747 2513 modo
776 2460 1039 2529 adoptivos
1082 2459 1218 2529 filios
1252 2457 1387 2511 Deus
1423 2457 1577 2511 Pater
1606 2458 1820 2524 excepit.

279 2553 377 2620 Quo
399 2554 445 2607 in
471 2567 664 2622 genere
691 2553 917 2622 plurima
948 2552 1106 2604 etiam
1134 2550 1459 2619 Augustinus
1482 2549 1535 2602 in
1561 2549 1821 2617 psolmum

277 2661 417 2708 χχιιι,
453 2644 540 2698 lib.
579 2659 637 2699 ιιι
675 2652 857 2698 contra
895 2642 1287 2702 Gaudentium,
1334 2656 1396 2695 ac
1430 2639 1568 2694 libro
1598 2641 1722 2693 item
1767 2653 1823 2691 ιιι

277 2745 437 2789 contra
466 2735 893 2799 Parmenianum,
927 2748 1045 2801 cap.
1076 2732 1131 2785 2.
1165 2733 1313 2786 lor-zu.
1623 2799 1631 2801 _

340 2826 452 2880 Ibid.
482 2826 701 2893 Spiritus
742 2836 948 2879 sanctus
989 2824 1210 2892 loquitur
1250 2839 1337 2891 per
1369 2821 1567 2874 Isaiam
1608 2821 1827 2889 prophe-

273 2933 399 2977 tam:
425 2923 629 2987 Audite,
657 2923 745 2991 qui
772 2920 972 2991 pavetis
1002 2920 1222 2972 verbum
1247 2915 1487 2981 Domini;
1516 2916 1695 2980 dicite,
1723 2916 1828 2970 fra-

272 3021 367 3067 tres
390 3012 548 3065 nostri
591 3010 756 3075 estis,
796 3010 874 3064 eis
919 3009 1010 3078 qui
1044 3024 1140 3061 vos
1170 3007 1419 3071 oderunt,
1462 3004 1586 3077 etc.]
1622 3007 1825 3060 Eximia

269 3118 384 3158 sane
420 3102 595 3169 verba,
633 3102 873 3172 quamvis
902 3100 1009 3155 sint
1037 3107 1242 3155 tantum
1287 3096 1424 3166 apud
1471 3096 1613 3151 LXX
1657 3098 1825 3151 inter-

269 3205 449 3262 pretes.
473 3195 591 3248 lsai.
628 3210 769 3258 val,
799 3195 852 3249 5.
880 3196 968 3260 At,
997 3192 1131 3261 proh
1154 3191 1335 3245 dolor!
1367 3190 1648 3259 sequentia
1687 3190 1822 3244 facta
1848 3175 1897 3238 Ο

270 3291 465 3345 minime
502 3292 895 3360 reSponderunt
941 3291 1088 3343 hisce
1132 3287 1441 3351 blanditiis;
1495 3301 1618 3339 nam
1663 3285 1826 3339 hosce

271 3383 441 3437 fratres
462 3398 588 3439 suos
613 3383 924 3453 gravissime
954 3384 1135 3437 vexari
1167 3382 1246 3436 fas
1266 3397 1386 3435 esse
1403 3390 1585 3449 postea
1603 3386 1825 3433 conten-

267 3476 335 3532 dit
362 3478 493 3531 mitis
522 3477 610 3532 ille
648 3491 712 3532 ac
741 3477 1045 3531 misericors
1072 3474 1402 3544 Augustinus
1429 3514 1443 3538 ,
1476 3475 1558 3526 cui
1588 3473 1827 3542 profecto

266 3567 465 3622 minime
494 3569 765 3624 fraternus
790 3578 873 3623 est
900 3569 1131 3622 animus.
1163 3566 1294 3621 Vide
1321 3566 1476 3635 epist.
1506 3565 1597 3632 95,
1625 3574 1677 3619 et
1706 3548 1831 3632 quoi

264 3658 324 3712 ad
346 3674 455 3713 eam
496 3661 827 3714 notavimus.

324 3749 573 3805 Sermone
598 3738 721 3807 358.
770 3751 847 3805 De
876 3767 1016 3819 pace,
1044 3750 1176 3823 etc.]
1210 3751 1262 3803 In
1289 3750 1477 3805 codice
1502 3748 1559 3803 S.
1593 3746 1827 3802 Victoris

259 3850 308 3895 et
339 3843 387 3897 in
429 3844 606 3899 indice
637 3844 944 3899 Collectorii
991 3845 1319 3913 praeponitur
1362 3841 1702 3911 praecedenti.
1757 3839 1824 3895 Ut

259 3944 692 4006 postponeremus
721 3939 1009 4007 persuasit,
1041 3938 1182 4006 quod
1214 3937 1313 3991 sub
1340 3935 1495 4004 hujus
1526 3937 1708 3999 linem,
1735 3935 1824 3989 ubi

255 4028 319 4081 de
342 4028 555 4096 jejuniis
578 4040 632 4083 et
660 4028 1017 4099 eleemosynis
1046 4042 1166 4082 cum
1194 4027 1438 4081 oratione
1460 4026 1745 4095 jungendis
1767 4039 1825 4079 se

257 4122 631 4184 prmmonuisse
653 4121 751 4187 ait,
779 4121 844 4176 ad
866 4121 1261 4192 praecedentem
1288 4119 1529 4175 alludere
1559 4119 1821 4173 videatur.

258 4211 569 4266 Sinuonous.
846 4216 851 4220 ’

319 4304 345 4375 §
370 4304 419 4359 6.
455 4306 535 4358 Ad
557 4306 843 4359 collationis
867 4306 1032 4360 locum
1062 4304 1233 4358 nullus
1258 4312 1479 4359 vestrum
1498 4304 1686 4369 irruat,
1716 4303 1827 4371 fra-

257 4404 347 4448 tres
383 4394 524 4466 mei.]
567 4397 643 4449 Ad
690 4395 949 4450 Thermas
976 4394 1331 4465 Gargilianas.
1362 4393 1418 4446 In
1449 4392 1637 4447 barum
1680 4392 1822 4445 enim

256 4488 533 4542 secretario
559 4489 879 4557 Carthagine
907 4489 1084 4543 habita
1114 4498 1195 4542 est
1223 4487 1458 4541 collatio.
1493 4484 1683 4539 Exstat
1726 4484 1819 4537 lib.

256 4594 288 4630 ιι
320 4577 570 4633 Veterum
614 4552 1068 4648 Epigrammatum
1117 4593 1235 4648 quae
1287 4578 1524 4631 Pithmus
1568 4576 1822 4645 collegit,
1852 4552 1907 4612 Ῑ)

254 4671 566 4739 epigramma
584 4671 663 4725 de
698 4670 947 4724 Thermis
996 4670 1379 4739 Gargilianisa
1423 4667 1829 4721 Thrasamundo

252 4775 373 4829 rege
401 4763 706 4828 renovatis;
744 4762 883 4829 quod
926 4774 1181 4816 versuum
1223 4760 1407 4829 primae
1439 4765 1829 4827 postremqu

258 4851 440 4907 littera:
472 4854 706 4909 indicant
738 4853 820 4907 bis
849 4853 1025 4907 verbis
1052 4870 1064 4904 :
1098 4850 1519 4904 Thrasmnundus
1545 4858 1661 4902 vota
1693 4863 1829 4901 sere-

264 4959 400 4998 nans.
433 4944 585 4999 Iosu.

327 5038 449 5092 Ibid.
482 5038 727 5093 Edictum
755 5038 849 5090 viri
888 5038 1108 5090 illustris
1129 5037 1329 5105 publice
1354 5036 1670 5105 propositum
1701 5033 1831 5102 legi-

268 5128 391 5199 stis.]
415 5131 704 5185 Marcellini
730 5130 931 5184 tribuni
956 5137 1007 5182 et
1038 5130 1252 5191 notarii,
1277 5128 1366 5195 qui
1390 5127 1574 5196 judex,
1603 5124 1828 5179 Honorii

269 5222 470 5289 Augusti
515 5223 732 5275 nomine
762 5266 776 5289 ,
834 5220 1047 5290 prmfuit
1088 5220 1383 5274 collationi.
1442 5217 1571 5285 Ejus
1624 5217 1823 5286 edicto,

270 5314 391 5378 quod
410 5315 458 5367 in
485 5316 650 5384 gestis
666 5315 851 5383 prima:
876 5314 1197 5382 cognitionis
1214 5314 1537 5377 continetur,
1557 5310 1627 5366 de
1648 5310 1828 5365 admo-

271 5406 422 5461 uenda
450 5422 544 5477 per
569 5408 847 5478 episcopos
872 5407 1025 5476 plebe
1048 5448 1062 5470 ,
1095 5407 1232 5460 inter
1267 5414 1459 5460 cratera
1497 5403 1826 5458 cavebatur:

274 5497 447 5554 Nullus
473 5517 620 5570 ergo,
654 5501 844 5570 inquit,
876 5502 953 5553 uel
983 5501 1163 5567 laicus,
1209 5497 1285 5551 uel
1312 5499 1580 5566 episcopus
1603 5536 1618 5560 ,
1669 5497 1831 5561 ultra,

273 5605 515 5645 numerum
539 5594 914 5661 prtestitutum,
946 5591 1002 5644 in
1034 5591 1178 5642 illum
1207 5587 1684 5657 tranquillissimum
1705 5600 1837 5638 con--

274 5686 363 5737 cilii
390 5687 550 5739 locant
567 5698 746 5740 contra
776 5687 1084 5757 prohibitum
1115 5684 1358 5735 moliatur
1398 5683 1653 5734 accedere.
1693 5682 1831 5746 Quin

273 5781 419 5847 potius
446 5782 593 5833 etiam
620 5778 789 5846 plebes
819 5790 957 5846 suos,
989 5777 1075 5847 pia
1104 5776 1285 5844 quietis
1306 5790 1367 5827 ac
1396 5772 1654 5825 modestia
1690 5787 1833 5824 cons-

1926 1921 2048 1960 rere
2076 1920 2133 1960 se
2166 1922 2321 1972 posse
2358 1908 2685 1975 judicabant.
2718 1910 2824 1963 Nos
2855 1912 3115 1978 integrum
3154 1922 3509 1980 repraesenta-

1927 1994 2124 2060 vimus,
2153 2002 2364 2068 qualem
2395 2000 2644 2054 exhibuit
2671 2001 2836 2055 codex
2867 2002 2920 2054 in
2943 2004 3142 2057 cortice
3161 2013 3433 2066 exaratus,
3457 2011 3510 2055 et

1929 2090 2146 2159 quidem
2173 2106 2200 2143 a
2231 2090 2372 2145 Beda
2398 2090 2632 2161 auritum
2656 2091 2819 2147 fuisse
2842 2107 2945 2146 non
2974 2092 3367 2162 ignorabamus.
3393 2094 3510 2148 Sta-

1928 2198 2156 2237 nonous.
2634 2178 2639 2185 ’

2003 2272 2031 2343 §
2060 2273 2111 2327 5.
2142 2272 2379 2327 Diximus
2403 2275 2621 2343 possein
2642 2289 2746 2327 una
2767 2273 3021 2341 Ecclesia,
3044 2276 3184 2347 pacis
3203 2292 3382 2344 causa,
3407 2293 3511 2330 esse

1931 2369 2116 2437 fratres
2143 2365 2422 2421 concordes
2447 2384 2464 2430 ;
2494 2369 2723 2438 speciosa
2750 2370 2881 2421 enim
2904 2386 2982 2423 res
3008 2378 3080 2422 est
3104 2369 3376 2422 concordia
3403 2370 3512 2436 fra-
3548 2398 3553 2403 ~

1932 2455 2111 2529 trum.]
2139 2458 2212 2511 Ex
2245 2459 2431 2513 eadem
2463 2459 2692 2527 epistola
2723 2462 2927 2515 notoria
2958 2476 3115 2529 quam
3144 2461 3378 2529 episcopi
3424 2475 3511 2513 ca-

1931 2551 2111 2604 tholici
2140 2550 2448 2605 Marcellino
2474 2550 2640 2620 judici
2670 2550 2995 2616 obtulerunt,
3024 2561 3235 2606 constat
3272 2567 3363 2606 eos
3390 2567 3510 2607 cum

1932 2642 2241 2705 Donatistis,
2261 2642 2502 2696 veritatis
2527 2641 2739 2709 fiducia,
2771 2643 2840 2695 ita
2870 2641 3173 2697 condixisse
3196 2644 3313 2696 utsi
3339 2643 3510 2696 Dona-

1931 2738 2070 2791 tistae
2100 2752 2315 2792 causam
2347 2738 2651 2792 obtinerent
2677 2780 2691 2803 ,
2724 2740 2981 2792 honorem
3006 2737 3145 2805 apud
3172 2753 3266 2791 eos
3306 2738 3508 2793 nullum

1931 2832 2307 2900 requirerent;
2338 2833 2417 2884 sin
2448 2829 2545 2899 ipsi
2576 2831 2808 2883 victores
2841 2829 3056 2891 forent,
3094 2828 3213 2881 illos
3244 2837 3420 2882 tamen
3456 2830 3507 2883 in

1934 2924 2240 2977 societatem
2290 2924 2629 2992 episcopatus
2675 2922 3040 2975 admitterent.
3083 2921 3161 2974 Ad
3204 2920 3341 2975 hanc
3382 2936 3510 2990 ergo
3606 2979 3611 2985 ,

1932 3014 2244 3068 societatem
2284 3014 2553 3082 pertinent
2582 3028 2699 3082 qua:
2730 3012 2829 3065 hoc
2874 3012 2991 3065 loco
3031 3011 3280 3065 dicuntur
3308 3021 3361 3065 et
3391 3027 3511 3079 quas

1935 3105 1988 3159 in
2017 3104 2202 3159 eadem
2227 3104 2433 3159 notoria
2462 3104 2631 3158 fusius
2661 3105 3015 3171 explicantur,
3050 3102 3131 3154 his
3152 3101 3332 3155 verbis
3356 3118 3367 3154 τ
3410 3101 3511 3153 Ρο-

1931 3198 2044 3252 terit
2078 3197 2268 3266 quippe
2317 3197 2663 3264 unusquisque
2697 3206 2955 3255 nostrum,
2999 3193 3203 3246 honoris
3244 3192 3338 3245 sibi
3374 3193 3513 3244 socio

1932 3286 2169 3355 copulato
2189 3327 2204 3352 ,
2236 3285 2455 3339 uicissim
2482 3285 2655 3338 sedere
2697 3286 2999 3337 eminentius
3024 3327 3038 3350 ,
3078 3286 3207 3336 sicut
3245 3285 3511 3353 peregrino

1930 3380 2165 3447 episcopo
2186 3419 2201 3441 ,
2238 3378 2395 3446 juxta
2433 3376 2725 3430 considente
2757 3377 2973 3445 collega.
3010 3374 3127 3428 Hoc
3158 3391 3269 3427 cum
3299 3374 3513 3427 alternis

1931 3468 2153 3521 basilicis
2191 3468 2420 3538 utrisque
2456 3469 2766 3523 conceditur.
2814 3477 3024 3535 uterque
3056 3466 3119 3518 ab
3148 3466 3395 3518 alterutro
3418 3465 3511 3517 Ito-

1931 3570 2057 3611 nore
2084 3567 2260 3610 mutuo
2276 3558 2617 3628 pra-venitur;
2645 3558 2760 3626 quia
2781 3558 2869 3610 ubi
2888 3558 3160 3628 praeceptio
3184 3557 3412 3610 caritatis
3430 3558 3513 3609 di-

1931 3651 2165 3704 latauerit
2214 3652 2388 3714 cordo,
2432 3651 2682 3719 possessio
2731 3652 2871 3719 pacis
2913 3667 3013 3703 non
3054 3650 3113 3719 fit
3153 3660 3369 3719 angusta
3401 3666 3421 3715 ;
3454 3658 3512 3703 ut

1930 3758 2036 3795 uno
2062 3757 2235 3793 eorum
2256 3742 2517 3810 defuncto,
2542 3741 2775 3810 deinceps
2788 3742 2901 3811 jam
2922 3741 3111 3810 singuli
3132 3742 3350 3811 pristino
3370 3756 3511 3793 more

1930 3834 2226 3885 succedant.
2277 3833 2379 3885 Sed
2415 3832 2524 3900 jam
2565 3831 2690 3886 olim
2720 3846 2985 3900 respuere
3023 3830 3162 3885 banc
3198 3832 3511 3885 societatem

1932 3926 2120 3978 solitos
2151 3924 2454 3976 Donatistas
2482 3924 2639 3977 docet
2666 3921 2887 3990 Optatos
2920 3921 2993 3975 lib
3024 3937 3060 3974 ι.
3090 3921 3155 3973 Et
3191 3921 3312 3990 quia
3350 3923 3512 3975 colle-

1933 4018 2074 4087 gium
2100 4016 2385 4086 episcOpale
2406 4013 2583 4068 nolunt
2612 4015 2869 4067 nobiscum
2894 4013 3074 4066 habere
3094 4028 3379 4077 commune,
3408 4030 3511 4067 nats

1932 4106 2036 4159 sint
2061 4106 2288 4175 collega,
2320 4106 2365 4157 si
2397 4106 2616 4169 nolunt;
2647 4114 2832 4173 tamen,
2864 4114 2921 4157 ut
2949 4119 3106 4172 supra
3134 4104 3378 4170 diximus,
3402 4104 3512 4173 fra-

1932 4207 2031 4251 tres
2060 4206 2197 4250 sunt.
2231 4196 2379 4249 locu.

2008 4288 2142 4343 lbid.
2182 4288 2237 4343 Si
2269 4297 2453 4356 postea
2497 4287 2758 4341 humanos
2790 4302 2848 4341 se
2880 4286 3234 4355 praebuissent
3260 4287 3513 4342 catholici

1932 4396 2059 4450 erga
2087 4381 2422 4445 Donatistas,
2455 4396 2613 4434 nemo
2645 4392 2786 4435 esset
2814 4380 2905 4449 qui
2947 4380 3060 4435 haec
3095 4394 3203 4434 non
3232 4379 3511 4443 laudaret,

1933 4486 1991 4530 et
2019 4492 2049 4530 a
2081 4475 2388 4530 Christiano
2428 4476 2606 4529 animo
2636 4473 2879 4544 profecta
2920 4488 3034 4528 non
3064 4482 3331 4528 censeret.
3363 4472 3514 4525 Nunc

1935 4584 2087 4632 vero,
2122 4578 2400 4637 postquam
2433 4566 2760 4629 Donatistas,
2790 4566 3090 4633 pertinaces
3130 4564 3348 4632 quidem
3388 4563 3514 4616 illos

1935 4668 1992 4712 et
2031 4658 2314 4719 factiosos,
2355 4656 2476 4726 quis
2524 4656 2729 4724 negat?
2778 4655 2875 4709 sed
2916 4664 3092 4708 tamen
3137 4653 3511 4717 Christianos,

1936 4763 2108 4817 usque
2150 4747 2285 4801 adeo
2320 4747 2457 4799 male
2499 4744 2839 4810 habuerunt;
2879 4751 3005 4800 sunt
3037 4744 3129 4812 qui
3171 4744 3513 4811 suspicentur

1935 4837 2228 4893 catholicos
2267 4838 2435 4905 probe
2474 4838 2660 4891 iniisse
2695 4837 2956 4899 calculos,
2986 4846 3146 4903 atque
3185 4850 3249 4889 ex
3290 4850 3516 4889 numero

1938 4932 2309 5001 episcoporum
2347 4929 2775 4993 Donatistarum,
2819 4930 3097 4999 plebisque
3136 4930 3214 4983 eis
3262 4930 3511 4991 addictaa.

1937 5026 2131 5081 collato
2148 5040 2269 5079 cum
2290 5038 2513 5078 numero
2534 5023 2941 5089 catholicorum,
2966 5023 3242 5092 collegisse
3263 5036 3368 5076 non
3399 5022 3516 5075 sine

1940 5118 2109 5183 lucro,
2137 5125 2231 5170 aut
2256 5124 2403 5171 certe
2426 5116 2542 5169 sine
2560 5116 2763 5185 jactura
2782 5116 2887 5168 ulla
2918 5115 3060 5168 illam
3081 5114 3515 5183 conjunctionem

1940 5206 2305 5261 Ecclesiarnm
2334 5205 2471 5260 fore.
2498 5204 2748 5260 Fortasse
2766 5214 2821 5258 et
2842 5203 2984 5258 aliud
3007 5204 3157 5258 latuit
3176 5206 3318 5273 quod
3345 5207 3518 5258 nesci-

1939 5313 2081 5352 mus.
2111 5298 2359 5353 Profecto
2388 5298 2457 5352 ita
2483 5296 2623 5351 avidi
2641 5304 2796 5351 erant
2817 5295 3060 5350 homines
3084 5310 3370 5349 aureorum
3402 5295 3519 5349 illo«

1940 5393 2163 5456 rum,,si
2197 5390 2379 5445 multis
2406 5388 2694 5452 credimus,
2720 5396 3019 5456 temporum
3053 5387 3272 5441 honoris
3298 5396 3352 5439 et
3376 5386 3518 5439 redi-

1945 5502 2095 5541 tuurn
2128 5483 2513 5554 episcopalium
2535 5522 2548 5546 ,
2582 5492 2638 5535 ut
2666 5498 2759 5536 eos
2791 5482 2935 5536 nacti
2964 5495 3070 5535 non
3104 5480 3256 5534 facile
3284 5480 3520 5533 dimitte-

1944 5592 2097 5645 rent,
2125 5591 2285 5648 atque
2316 5578 2367 5631 in
2395 5592 2489 5631 eos
2519 5576 2820 5645 irrumpere
2855 5577 3043 5646 quavis
3085 5576 3206 5629 data
3238 5574 3520 5629 occasione

1948 5675 2265 5727 niterentur.
2333 5667 2515 5737 Itaque
2571 5669 2927 5738 periculosum
2979 5677 3094 5721 erat
3153 5682 3257 5729 ne,
3329 5676 3520 5734 praeter

1942 5777 2119 5837 pacta,
2147 5764 2239 5833 qui
2272 5762 2519 5832 superior
2547 5764 2862 5819 auctoritate
2887 5761 3093 5817 futurus
3112 5770 3230 5814 erat
3248 5774 3520 5817 successo-
