3974 6356
506 233 610 290 407

1402 233 1956 294 δυΡΡιΕ-ΜΕΝἸῊΜ
1997 236 2090 292 AD
2129 235 2356 294 OI‘ERA
2400 241 2457 295 S.
2500 240 2891 297 AUGUSTINI.

3675 252 3756 310 408

503 364 639 414 rem,
669 363 766 419 pro
801 364 951 406 more
980 350 1229 406 Afrorum
1258 394 1271 416 ,
1306 353 1457 408 vivus
1485 356 1598 421 ipse
1626 355 1725 409 sibi
1760 354 2088 426 designaret.
2121 365 2174 418 Α
2202 373 2345 413 anno
2371 358 2638 425 interfuit,
2668 367 2725 413 ut
2750 358 3072 428 cognitionis
3100 359 3286 429 prima:
3318 368 3470 429 gesta
3500 361 3754 433 declarant,

502 442 696 497 Notum
736 455 817 499 est
844 444 1096 499 omnibus
1134 445 1442 500 diuturnum
1479 447 1715 501 schisma
1746 448 2097 503 Antiochense

502 535 786 602 Ecclesiae,
820 556 885 592 ex
910 540 1074 593 simili
1107 540 1312 608 origine
1339 551 1540 594 ortum.
1570 541 1650 595 Ad
1683 542 1931 610 ﬁduciam
1962 542 2095 596 veri-

502 633 622 684 latis
666 646 787 699 quae
840 631 927 685 hic
972 632 1205 700 jactatur
1250 633 1391 702 quod
1448 635 1660 699 attinet,
1698 650 1891 689 vereor
1921 636 2000 689 ne'
2027 635 2099 690 sit

500 725 755 779 mutanda
801 724 855 779 in
897 724 1142 779 ﬁduciam
1183 727 1454 793 victorias,
1503 742 1610 783 non
1643 728 1821 782 minus
1856 744 1923 783 ex
1970 743 2095 796 per-

499 828 685 887 specto
724 818 906 872 favore
932 818 1129 887 judicis
1171 820 1499 887 Marcellini,
1541 838 1699 890 quam
1743 837 1813 876 ex
1856 823 2096 878 bonitate

499 930 677 969 causa:
708 926 1049 985 conceptam.
1094 917 1306 988 Alioqui
1341 918 1701 987 periculosum
1743 920 1871 984 fuit,
1919 928 1976 973 ut
2020 921 2093 975 ita

498 1007 719 1076 loquar,
756 1009 1242 1079 compromissum,
1276 1026 1492 1065 causam
1522 1021 1600 1065 tot
1625 1010 2002 1082 episcoporum
2040 1020 2095 1066 ct

496 1100 860 1156 Ecclesiarum
893 1103 1032 1157 velle
1054 1103 1341 1172 exjudicio
1374 1104 1532 1158 unius
1551 1104 1804 1170 hominis,
1832 1106 1993 1176 etqui
2014 1104 2093 1159 al-

494 1195 595 1249 teri
628 1197 765 1263 parti
798 1196 1043 1251 addictus
1073 1208 1219 1262 erat,
1255 1197 1510 1265 pendere.

567 1288 593 1358 §
620 1288 674 1342 6.
708 1288 1043 1359 Suscepimus
1072 1306 1185 1343 eam
1215 1289 1456 1360 (causam
1480 1288 1781 1361 Caeciliani)
1812 1291 2094 1345 discutien-

494 1379 634 1442 dam,
668 1380 755 1432 sed
780 1390 1029 1450 tauquam
1052 1382 1251 1451 fratris,
1278 1398 1380 1435 non
1412 1390 1655 1450 tanquam
1682 1383 1842 1451 putris
1865 1392 1953 1435 aut
1983 1399 2094 1437 ma-

494 1472 607 1529 tris.
636 1468 794 1526 Pater
822 1474 966 1527 nobis
1000 1474 1136 1527 Deus
1177 1486 1283 1541 est,
1315 1486 1479 1529 mater
1521 1476 1663 1530 nobis
1698 1475 1929 1531 Ecclesia
1968 1488 2042 1532 est
2070 1493 2091 1541 ;

495 1560 802 1616 Caecilianus
830 1566 990 1632 frater
1012 1566 1139 1634 fuit,
1170 1565 1301 1635 etc.]
1334 1567 1391 1620 In
1422 1567 1709 1623 collatione
1737 1569 1840 1623 diei
1872 1569 1905 1623 5
1926 1609 1941 1634 ,
1967 1584 2087 1639 cap.

493 1655 619 1710 255.
654 1658 971 1728 Augustinus
1018 1660 1288 1729 episcopus
1334 1659 1577 1715 Ecclesia:
1621 1662 1885 1716 catholij
1913 1663 2089 1718 dixit:

2204 461 2257 505 et
2298 451 2501 520 aliquot
2531 459 2653 520 post
2689 466 2860 506 annos
2891 450 3105 517 Leporii
3153 451 3403 506 monachi
3451 454 3673 521 epistol-fe
3706 462 3756 517 ad

2202 541 2387 596 Gallos
2415 542 2739 611 subscripsit
2784 558 2905 597 cum
2949 544 3246 612 Augustino
3290 554 3346 597 et
3383 544 3522 598 aliis.
3561 546 3694 613 Quod
3723 556 3756 607 si

2202 647 2389 687 verum
2431 642 2533 696 est.
2579 650 2685 688 non
2714 632 3063 704 Carthagine,
3095 651 3266 705 neque
3303 635 3553 705 Hippone
3585 638 3756 711 Regio,

2202 725 2296 781 sed
2330 726 2576 795 Hippone
2606 726 2898 799 Diarrhyto
2930 728 3170 782 habitum
3202 728 3311 782 dici
3342 742 3637 785 sermonem
3666 750 3758 789 con-

2199 828 2515 873 sentaneum
2546 818 2723 873 fuerit.
2756 818 3083 875 Stnuounus.

2271 911 2402 966 Ibid.
2434 912 2559 966 [hac
2581 915 2676 967 erit
2704 912 2993 981 Florentia,
3026 930 3141 968 vere
3171 912 3495 986 Florentia.]
3523 914 3610 971 Sic
3627 917 3760 988 loqui-

2201 1014 2286 1058 tur
2315 1005 2383 1059 de
2412 1005 2619 1060 cwlesti
2646 1006 3002 1062 beatitudine.
3037 1007 3220 1077 Itaque
3244 1005 3601 1073 Florentium,
3632 1010 3706 1067 hic
3722 1025 3762 1068 et

2197 1098 2249 1151 iu
2287 1099 2679 1167 superioribus,
2726 1099 3053 1169 interpreter
3091 1100 3160 1155 de
3209 1109 3355 1155 statu
3397 1109 3651 1157 :eternum
3690 1104 3762 1160 llo-

2196 1198 2371 1255 rente,
2404 1199 2461 1243 et
2494 1205 2602 1260 quo
2631 1190 2847 1260 gloriari
2882 1208 3009 1247 vere
3039 1194 3217 1249 liceat.
3250 1192 3382 1247 Haec
3412 1203 3466 1247 et
3499 1193 3599 1247 alia
3628 1196 3762 1252 multa

2196 1281 2351 1337 ﬁnxit
2371 1283 2651 1339 Numidica
2677 1283 2795 1355 ejus
2822 1287 2926 1341 aevi
2959 1286 3237 1341 Latinitas.

2270 1376 2534 1432 Sermone
2577 1378 2701 1432 360.
2754 1377 3027 1432 Donatista
3075 1396 3307 1434 reversus
3350 1380 3423 1433 ad
3470 1377 3761 1453 Ecclesium]

2197 1467 2274 1523 De
2299 1477 2543 1536 tempore
2572 1466 2732 1537 hujus
2757 1470 3024 1524 sermonis
3050 1454 3175 1525 cum
3208 1470 3492 1525 afﬁrmare
3520 1470 3643 1524 nihil
3662 1470 3760 1528 lice-

2193 1568 2297 1625 ret,
2328 1569 2383 1613 ut
2410 1559 2671 1627 proximis
2699 1560 3057 1615 subderemus
3082 1562 3299 1615 adducti
3324 1576 3393 1615 eo
3416 1575 3622 1625 sumus,
3648 1564 3759 1630 quod

2193 1666 2259 1705 ex
2291 1652 2687 1705 Donatistarum
2715 1651 3028 1719 schismate,
3055 1662 3176 1722 post
3204 1652 3561 1707 collationem
3580 1693 3595 1718 ,
3624 1652 3758 1723 pluri-

492 1748 628 1802 Ecce
656 1750 792 1813 dico,
821 1751 1017 1819 quoties
1060 1752 1312 1804 voluerint
1342 1754 1457 1805 dico
1488 1768 1505 1805 :
1537 1752 1851 1808 Ccecilianus
1878 1771 1982 1809 non
2010 1766 2086 1809 est

2198 1758 2313 1798 mos
2334 1744 2399 1798 ad
2428 1744 2724 1800 Ecclesiam
2748 1745 2977 1800 rediisse
3005 1756 3194 1800 auctor
3210 1746 3282 1800 sit
3310 1746 3658 1814 Augustinus,
3681 1761 3757 1800 non

494 1850 641 1911 pater
673 1859 842 1909 meus,
895 1844 1139 1911 quoniam
1178 1844 1334 1897 audio
1374 1843 1659 1898 Dominum
1701 1862 1870 1899 meum
1906 1845 2085 1900 dicen-

493 1947 628 1988 tem:
658 1934 736 1989 Ne
764 1934 917 1989 vobis
937 1946 1141 2004 patrem
1166 1936 1357 1991 dicatis
1382 1938 1432 1990 in
1462 1947 1626 2004 terra,
1657 1953 1796 1992 unus
1824 1948 1906 1993 est
1934 1947 2087 2008 pater

492 2041 674 2084 veSIer
696 2029 856 2084 Deus.
881 2030 1006 2083 Dico
1029 2030 1359 2084 chilianum
1383 2036 1615 2101 fratrem,
1640 2033 1825 2086 bonum
1848 2033 2084 2103 fratrem,

492 2124 536 2175 si
580 2122 787 2187 bonus;
826 2124 1019 2176 malum
1070 2126 1308 2193 fratrem,
1349 2126 1393 2178 si
1434 2126 1598 2179 malus
1646 2136 1768 2191 est;
1808 2127 2084 2196 quoniam;

491 2224 697 2285 propter
722 2216 1011 2268 communia
1048 2231 1225 2281 sacra,
1259 2216 1420 2282 frater
1459 2234 1598 2271 meus
1624 2228 1718 2272 est.
1760 2217 2083 2275 Stnnouncs.

468 2368 473 2371 7
565 2307 699 2362 Ibid.
724 2307 895 2362 Semel
915 2309 1095 2362 absens
1118 2308 1416 2374 damnatus,
1442 2326 1667 2381 prwsens
1684 2319 1758 2363 ter
1777 2309 2085 2382 absalutus.]

496 2399 788 2453 Damnatus
830 2398 1003 2453 fuerat
1030 2414 1060 2453 a
1091 2399 1389 2454 Donatistis
1426 2403 1481 2454 in
1518 2400 1747 2472 synodo.
1793 2401 2087 2455 Absolutus

495 2500 578 2544 est
607 2489 839 2558 primum
872 2490 1057 2545 Romae
1099 2490 1151 2544 in
1180 2491 1411 2545 concilio
1460 2470 1563 2545 sub
1609 2470 1944 2556 Melchiade;
1992 2493 2088 2546 ite-

492 2597 614 2637 rum
646 2582 893 2648 Arelate,
926 2597 955 2636 a
982 2582 1212 2637 concilio
1255 2583 1493 2650 generali
1528 2599 1542 2647 ;
1579 2590 1856 2652 postremo
1886 2581 2089 2637 Medio-

492 2674 626 2741 lani,
657 2689 686 2728 a
707 2672 1064 2729 Constantino
1097 2675 1255 2743 imp.,
1287 2673 1352 2727 ad
1375 2689 1531 2743 quem
1566 2690 1689 2745 pars
1718 2676 1941 2729 adversa
1965 2690 2088 2743 pro-

498 2760 735 2820 vocarat.
767 2765 902 2821 Tota
932 2778 1113 2821 autem
1145 2768 1197 2822 in
1228 2783 1350 2823 eum
1380 2767 1684 2821 criminatio
1706 2768 1849 2838 quod
1873 2767 2090 2821 ordina-

495 2872 579 2913 tus
607 2861 795 2915 fuisset
822 2878 851 2915 a
891 2861 1068 2917 Felice
1100 2863 1434 2933 Aptungensi
1461 2861 1749 2931 episcopo,
1779 2862 1870 2931 qui
1901 2874 2089 2915 sacros

492 2952 705 3008 codices
743 2953 842 3008 sub
884 2953 1217 3009 Diocletiano
1256 2954 1541 3010 tradidisse
1590 2954 1884 3010 ferebatur.
1936 2952 2091 3022 Quod

473 3045 595 3110 ,etsi
644 3060 828 3099 verum
873 3044 1045 3111 foret,
1095 3047 1161 3101 ad
1216 3046 1522 3101 schismatis
1555 3061 1770 3101 causam
1806 3046 1939 3101 satis
1980 3062 2086 3100 non

496 3148 648 3201 erat;
700 3139 825 3207 quia
866 3137 970 3191 alia
1017 3148 1099 3192 est
1128 3152 1289 3192 causa
1320 3138 1605 3203 Ecclesize,
1647 3138 1750 3192 alia
1785 3137 2083 3192 hominum.
2114 3112 2161 3176 Ο

494 3228 759 3283 Caeterum
796 3241 862 3281 ex
894 3228 1026 3282 actis
1053 3227 1279 3297 publicis
1300 3229 1706 3298 comprobatum
1737 3237 1822 3284 est
1852 3228 2086 3284 Felicem

498 3320 813 3389 episcopum
848 3320 1160 3375 traditorem
1192 3336 1297 3375 non
1321 3320 1505 3376 fuisse.
1536 3321 1688 3375 lucu.
2086 3384 2087 3387 η

568 3412 596 3484 §
626 3414 680 3467 8.
719 3410 869 3466 Nova
900 3414 1036 3467 enim
1068 3412 1210 3466 nobis
1258 3413 1496 3466 nuntiata
1528 3422 1688 3479 sunt;
1720 3412 1930 3483 quidam
1951 3431 2091 3485 pres-

499 3504 672 3574 bytero
690 3514 866 3559 nostra
885 3504 1112 3575 linguam
1138 3499 1517 3573 exsecuerunt.]
1544 3504 1619 3558 De
1644 3504 1816 3559 altero
1836 3505 2091 3575 episcopo

500 3602 585 3656 cui
626 3599 861 3669 linguam
899 3608 955 3654 et
987 3614 1203 3653 manum
1240 3597 1594 3668 prteciderant
1621 3598 1945 3665 Donatistae,
1977 3600 2091 3654 Au-

497 3693 744 3764 gustinus
773 3692 928 3761 epist.
960 3692 1027 3746 50
1056 3690 1122 3745 ad
1152 3690 1527 3746 Bonifacium:
1558 3689 1840 3763 Episcopi,
1885 3692 2089 3763 inquit,

498 3795 545 3840 et
569 3786 739 3840 clerici
769 3785 1025 3840 horrenda
1052 3797 1100 3841 et
1130 3786 1260 3839 dura
1295 3788 1520 3857 perpessi
1549 3795 1699 3852 sunt,
1729 3802 1844 3856 qua:
1869 3803 2090 3841 comme-

498 3899 700 3935 morare
759 3883 968 3953 lougum
1023 3891 1141 3946 est;
1199 3880 1406 3950 quando
1460 3880 1799 3946 quorumdam
1854 3891 1902 3934 et
1958 3881 2093 3934 oculi

499 3977 731 4031 exstincti
764 3985 900 4040 sunt,
948 3985 996 4027 et
1035 3976 1309 4047 cujusdam
1349 3975 1572 4047 episcOpi
1622 3991 1803 4029 manus
1842 3985 1889 4029 et
1916 3975 2092 4044 lingua

499 4069 719 4138 pruzcisa
746 4076 842 4120 est.
870 4067 1085 4121 Calccm
1122 4068 1280 4121 ctiam
1310 4076 1363 4121 et
1390 4077 1597 4121 acetum
1629 4067 1682 4121 in
1718 4067 1906 4121 oculos
1936 4067 2093 4121 cleri-

500 4176 685 4215 corum
739 4158 1159 4228 IIipponensium
1212 4159 1425 4213 misisse
1473 4167 1656 4212 narrat
1698 4159 1921 4228 epistola
1970 4158 2091 4221 1‘22,

500 4261 555 4307 et
580 4250 698 4306 aliis
728 4252 858 4306 locis
888 4251 991 4305 alia
1022 4250 1270 4306 eumdem
1302 4252 1514 4306 illorum
1548 4250 1786 4306 furorem
1819 4254 2089 4307 testantia.

501 4345 617 4412 Quo
652 4346 817 4399 etiam
866 4353 1071 4414 spectat
1112 4343 1337 4398 Honorii
1386 4343 1612 4412 Augusti
1664 4345 1977 4422 constitutio
2030 4346 2096 4400 14

498 4439 745 4508 proxime
784 4453 957 4507 nuper
992 4436 1134 4492 edita
1171 4436 1227 4491 in
1270 4436 1569 4507 appendice
1606 4436 1805 4492 codicis
1845 4436 2092 4494 Theodov

501 4533 656 4587 siani.
690 4531 841 4586 Inen.

573 4626 704 4682 lhid.
755 4627 977 4694 Propter
1014 4625 1215 4680 nefaria
1256 4624 1372 4681 haac
1418 4626 1856 4695 sceleragraves
1902 4638 2091 4695 poenas

501 4719 630 4773 dare
658 4718 926 4773 debebant
957 4718 1260 4787 quicunque
1289 4732 1475 4773 eorum
1521 4719 1770 4773 convinci
1802 4727 2048 4789 poterant
2074 4735 2089 4784 ;

499 4812 591 4864 scd
644 4826 747 4864 non
786 4808 961 4879 quivis
1002 4808 1292 4863 Donatistae
1336 4810 1499 4864 etiam
1538 4810 1761 4879 integris
1804 4810 2047 4865 moribus
2073 4850 2088 4875 ,

500 4910 718 4969 propter
741 4901 1022 4969 apiniones
1045 4899 1249 4967 vexari,
1283 4909 1341 4955 ut
1363 4902 1471 4967 jam
1502 4901 1569 4956 ad
1597 4909 1732 4957 tom.
1760 4900 1801 4955 II
1831 4900 2089 4957 diximus.

576 4991 601 5061 ξ
635 4990 687 5044 9.
725 4989 1035 5044 Honorastis
1066 4991 1361 5061 episcopum
1392 5002 1639 5057 vestrum,
1674 5002 1730 5044 ut
1760 4991 1892 5045 hanc
1916 4992 2095 5045 basili-

503 5098 613 5134 cam
649 5081 963 5137 Flarentium
988 5098 1170 5135 vocare
1197 5082 1414 5145 velletis,
1445 5083 1535 5137 sed
1568 5080 1840 5137 Florentia
1870 5086 1983 5154 ejus
2008 5099 2095 5138 vos

500 5174 685 5246 estis.]
733 5175 1193 5242 Quemadmodum
1254 5175 1475 5230 basilica
1534 5174 1713 5230 Fausti
1766 5186 1821 5231 et
1872 5176 2096 5231 basilica

499 5267 761 5323 Leontina
786 5269 940 5323 dicta:
963 5278 1089 5323 sunt
1105 5286 1133 5323 a
1159 5268 1357 5324 Fausto
1372 5280 1425 5325 et
1456 5269 1682 5324 Leontio
1702 5268 2092 5333 conditoribus,

499 5362 580 5415 sic
612 5360 903 5425 Florentia,
929 5361 1031 5415 hoc
1059 5361 1198 5424 loco,
1229 5362 1451 5415 basilica
1483 5362 1551 5415 de
1583 5362 1801 5416 nomine
1830 5360 2091 5416 Florentii

498 5454 759 5524 episcopi.
792 5452 957 5522 Cujus
988 5469 1114 5508 vero
1147 5454 1292 5507 sedis
1323 5455 1611 5523 episcopus
1640 5454 1800 5508 fuerit
1828 5455 2091 5508 incertum

498 5559 623 5609 est;
660 5546 757 5600 nisi
798 5545 1124 5600 Florentium
1173 5547 1397 5615 intelligi
1431 5549 1637 5616 placeat
1670 5546 2091 5617 IIipponensium

506 5634 911 5708 Diarrhytorum
948 5638 997 5691 in
1032 5638 1405 5691 Proconsulari
1444 5640 1717 5708 provincia
1751 5641 2092 5710 episcopum,

506 5730 597 5805 qui
644 5741 697 5787 et
759 5729 1029 5787 collationi
1093 5729 1491 5788 Donatistarum
1550 5747 1673 5789 cum
1727 5733 1938 5790 caeteris
1993 5732 2095 5789 hoc

2194 1838 2368 1893 solum
2412 1839 2466 1893 in
2508 1854 2760 1894 sermone
2808 1840 3158 1909 praecedenti,
3202 1839 3297 1894 sed
3342 1840 3515 1893 multo
3562 1839 3757 1907 apertius

2195 1931 2289 1985 lib.
2324 1946 2339 1984 ι
2360 1938 2547 1985 contra
2566 1930 2926 1986 Gaudentium
2949 1947 3069 2001 cap.
3094 1931 3187 1985 29.
3217 1932 3485 1998 Quantum
3512 1930 3757 1996 existimas,

2192 2024 2388 2093 inquit,
2417 2039 2508 2077 nos
2530 2023 2714 2078 habere
2735 2024 3122 2087 consolationis,
3154 2027 3293 2093 quod
3317 2041 3351 2077 a
3376 2034 3521 2077 tanta
3548 2022 3759 2075 dementia

2194 2118 2357 2186 partis
2387 2114 2602 2180 Donati,
2630 2116 2717 2170 ubi
2741 2133 2843 2170 non
2874 2118 3042 2171 solum
3078 2118 3296 2181 nefaria:
3323 2117 3588 2170 divisionis
3617 2132 3756 2181 error,

2191 2225 2365 2263 verum
2401 2209 2554 2262 etiam
2588 2210 2778 2279 furoris
2810 2208 2894 2263 lex
2933 2211 3072 2280 facta
3102 2219 3197 2273 est,
3229 2209 3385 2281 longe
3416 2217 3568 2277 atque
3597 2209 3758 2261 incom-

2193 2300 2494 2370 parabiliter
2517 2299 2668 2369 plura
2698 2300 2862 2354 millia
2894 2301 3221 2354 liberantur?
3251 2301 3583 2354 Sinuosous.

2268 2395 2400 2450 Ibid.
2438 2394 2483 2448 Ο
2512 2396 2655 2448 vinea
2686 2394 2873 2448 dilecta
2904 2394 3127 2448 Domino
3152 2411 3293 2460 meo,
3329 2411 3434 2447 non
3461 2394 3622 2446 solum
3645 2391 3759 2445 labor

2193 2502 2337 2540 meus
2377 2485 2509 2539 nihil
2537 2487 2629 2539 tibi
2658 2487 2934 2555 proderat,
2967 2502 3143 2540 verum
3185 2487 3344 2539 etiam
3391 2495 3569 2538 contra
3604 2494 3646 2536 te
3679 2484 3757 2535 ini-

2194 2580 2325 2633 mico
2367 2588 2455 2633 tuo
2481 2579 2792 2645 serviebam,
2826 2576 2959 2647 etc.]
3002 2578 3153 2634 Hunc
3178 2593 3493 2633 sermonem
3538 2577 3710 2631 lectum
3736 2587 3757 2627 a

2194 2672 2477 2728 Donatista
2510 2673 2800 2741 episcopo,
2836 2672 3094 2726 dictatum
3126 2671 3193 2724 ah
3239 2669 3546 2741 Augustino
3572 2676 3756 2722 censent

2194 2765 2429 2819 editores
2477 2763 2844 2828 Parisienses;
2884 2778 2983 2818 nec
3023 2763 3307 2817 dissentio.
3363 2761 3475 2817 Sed
3520 2775 3620 2815 non
3660 2769 3758 2824 puto

2196 2855 2717 2926 praetermittendum
2767 2854 2855 2909 hic
2900 2870 3021 2909 esse
3069 2854 3242 2909 videri
3295 2853 3465 2909 veluti
3512 2849 3755 2906 famulam

2196 2954 2505 3025 quamdam,
2560 2963 2616 3006 ut
2658 2953 2731 3007 ita
2773 2952 2981 3021 dicam,
3028 2950 3362 3022 palirfodiaa,
3415 2941 3619 3019 qualem
3664 2944 3755 3000 cani

2198 3045 2534 3117 oportebata
2572 3043 2885 3099 Donatistis.
2928 3043 3037 3098 Nec
3067 3043 3287 3099 dubium
3322 3042 3461 3096 hanc
3490 3056 3589 3095 non
3627 3039 3754 3094 fuisse

2194 3140 2441 3208 exiguam
2486 3146 2692 3206 partem
2743 3137 2998 3207 triumphi
3044 3137 3503 3193 adversariorum.
3547 3134 3643 3191 Sed
3687 3133 3755 3202 qui

2198 3247 2312 3301 pra:
2341 3230 2645 3300 ignorantia
2674 3230 2727 3283 in
2755 3230 2858 3284 illis
2882 3229 3126 3299 partibus
3149 3228 3386 3296 fuerant,
3422 3242 3526 3282 non
3548 3234 3755 3296 poterant

2195 3324 2313 3378 sine
2344 3322 2492 3392 gravi
2524 3321 2736 3386 dolore,
2765 3335 2885 3375 eum
2911 3329 3055 3374 tanta
3082 3320 3431 3383 contumelia,
3462 3319 3513 3372 in
3537 3317 3754 3372 unitatem

2196 3417 2451 3472 Ecclesiae
2471 3415 2661 3484 recipi.
2697 3414 2823 3469 Hmc
2852 3413 3141 3469 Pomorum
3176 3412 3273 3467 fuit
3306 3412 3623 3467 humanitas.

2271 3510 2536 3565 Sermone
2569 3508 2675 3563 565
2711 3507 2764 3562 in
2798 3507 2989 3561 titulo:
3029 3506 3101 3560 De
3126 3505 3341 3560 Cantica
3370 3500 3583 3573 Exodi]
3608 3498 3755 3555 Codex

2198 3607 2397 3677 Regius
2455 3620 2760 3661 sermonem
2806 3614 2996 3669 vocat,
3047 3600 3122 3656 De
3166 3601 3385 3657 Cantica
3435 3596 3618 3661 Exodi,
3667 3601 3755 3667 post

2198 3701 2467 3755 transitum
2505 3699 2659 3753 maris
2692 3698 2873 3754 Rubri.
2910 3700 2979 3754 At
3006 3698 3058 3751 in
3089 3696 3273 3752 codice
3314 3695 3375 3753 S.
3423 3692 3639 3750 Victoris
3674 3701 3755 3743 tra-

2200 3800 2363 3846 ctatus
2404 3790 2622 3857 dicitur,
2653 3789 2887 3860 itemque
2915 3804 2944 3842 a
2975 3787 3239 3852 Possidio,
3268 3788 3361 3858 qui
3393 3787 3530 3841 inter
3550 3783 3752 3838 diversos

2198 3884 2483 3955 Augustini
2513 3893 2791 3949 tractatus,
2823 3882 2964 3937 duos
3003 3889 3430 3946 commemorat,
3473 3877 3546 3933 De
3580 3873 3752 3931 Cantica

2199 3978 2410 4045 Esaiae,
2451 3986 2537 4043 et,
2579 3979 2644 4033 de
2677 3976 2889 4031 Cantica
2934 3974 3127 4030 Exodi.
3164 3976 3490 4033 Sinuonnvs.
3512 3973 3659 4025 ——Au
3693 3966 3752 4019 vir

2199 4069 2356 4140 longe
2391 4068 2735 4124 doctissimus
2776 4068 2976 4124 oblitus
3014 4077 3132 4123 erat
3168 4076 3418 4121 tractatus
3457 4063 3639 4134 passim
3672 4055 3751 4111 diei

2200 4178 2502 4226 sermones,
2538 4164 2722 4233 quales
2754 4162 2805 4215 in
2840 4171 2984 4216 tomo
3016 4162 3081 4215 IV
3112 4160 3392 4214 Tractatus
3422 4161 3472 4212 in
3498 4147 3751 4210 Joannem?

2201 4256 2414 4310 Nescio.
2447 4254 2552 4310 Sed
2583 4254 2712 4307 nihil
2742 4253 3075 4323 frequentius
3097 4294 3110 4316 ,
3143 4253 3212 4306 ita
3242 4260 3301 4305 ut
3328 4261 3543 4306 tractare
3568 4254 3616 4301 et
3652 4256 3750 4296 con-

2205 4347 2407 4402 cionari
2436 4347 2487 4401 in
2521 4346 2663 4418 stylo
2694 4346 3082 4415 Augusﬁniano
3105 4344 3275 4399 ferme
3302 4345 3444 4399 idem
3477 4341 3593 4394 sint.

2285 4438 2312 4510 §
2344 4439 2395 4493 1.
2426 4438 2646 4492 Sensum
2677 4449 2906 4492 nostrum
2936 4438 2990 4490 in
3026 4436 3311 4503 Scripturis
3346 4436 3530 4490 sanctis
3556 4426 3750 4484 conside.

2196 4531 2374 4586 randis
2403 4538 2553 4599 atque
2579 4530 2858 4583 tractandis
2880 4545 3053 4600 regere
3072 4529 3213 4584 debet
3237 4528 3523 4582 earumdem
3551 4520 3751 4588 Scriptu-

2197 4638 2376 4678 rarum
2407 4621 2825 4691 manifestissima
2853 4621 3129 4674 auctoritas
3159 4638 3178 4685 ;
3210 4630 3264 4674 ut
3287 4637 3354 4674 ex
3377 4621 3447 4674 eis
3479 4630 3585 4687 qua:
3606 4616 3747 4681 αρετιε

2200 4716 2338 4769 dicta
2366 4723 2514 4777 sunt,
2547 4714 2614 4766 ad
2644 4713 2947 4766 nutriendos
2974 4728 3104 4777 nos;
3135 4728 3195 4765 ea
3220 4727 3335 4779 quae
3360 4707 3609 4765 obscurius
3633 4701 3745 4754 dicta

2197 4814 2350 4872 sunt,
2382 4805 2452 4858 ad
2486 4803 2794 4858 exercendas
2824 4820 2915 4857 nos
2944 4804 3163 4871 ﬁdeliter
3189 4799 3542 4869 disserantur.]
3569 4793 3743 4862 Optima

2198 4898 2445 4968 profecto
2470 4896 2671 4967 regula,
2704 4905 2759 4951 et
2780 4911 2883 4965 qua
2907 4896 3108 4950 certior
3138 4896 3190 4950 in
3208 4895 3591 4966 Scripturarum
3611 4886 3726 4939 inler

2202 4991 2503 5062 pretatione
2524 4990 2672 5046 nulla
2698 5000 2800 5045 est.
2830 4990 2994 5059 Igitur
3022 4998 3303 5060 postquam
3334 4987 3593 5056 Scriptura
3619 4985 3738 5033 sacra

2200 5083 2460 5140 nonnulla
2492 5083 2559 5138 de
2589 5084 2696 5139 Deo
2723 5096 2822 5137 nos
2850 5082 3065 5152 docuit,
3103 5084 3174 5137 ita
3209 5092 3267 5137 ut
3299 5082 3367 5138 de
3401 5092 3573 5136 eorum
3611 5079 3742 5126 sensu

2202 5191 2365 5233 nemo
2403 5175 2649 5231 dubitare
2681 5174 2871 5245 possit,
2915 5176 3014 5230 nisi
3044 5176 3311 5244 insaniat;
3339 5182 3593 5239 nunquam
3617 5157 3737 5233 (μηδ’

2201 5284 2362 5340 quam
2406 5284 2473 5324 ex
2507 5268 2753 5323 obscuris
2787 5269 2919 5323 locis
2942 5268 3287 5335 eliciendum,
3316 5264 3453 5339 quod
3475 5265 3535 5319 iis
3561 5259 3620 5314 sit
3638 5267 3737 5309 con-

2144 5415 2150 5421 .
2202 5363 2451 5418 trarium.
2502 5362 2752 5429 Exempli
2806 5376 2987 5428 causa,
3035 5362 3166 5417 nihil
3213 5360 3477 5417 clariusin
3508 5351 3733 5417 Scripll'”

2200 5470 2354 5511 sacra
2405 5454 2630 5511 docetur
2655 5470 2813 5525 quam
2848 5455 3013 5509 Deum
3045 5470 3165 5509 esse
3206 5456 3399 5509 bonum
3422 5493 3437 5518 ,
3476 5442 3735 5535 misericors

2203 5550 2347 5614 dem,
2374 5562 2437 5602 ac
2462 5547 2683 5618 iustitia:
2706 5547 3117 5611 observantem;
3144 5546 3245 5601 hoc
3272 5556 3373 5612 est,
3398 5542 3477 5614 qui
3497 5550 3579 5594 reo
3603 5532 3731 5600 P055"

2203 5641 2419 5711 quidem
2453 5641 2750 5708 ignoscere,
2782 5650 2835 5694 et
2866 5654 3053 5694 revera
3083 5638 3343 5707 ignoscat,
3375 5632 3525 5692 certis
3548 5621 3730 5716 le8i_b"‘_'

2215 5733 2312 5794 sed
2341 5733 2431 5805 qui
2472 5734 2808 5792 innocentem
2854 5735 3090 5801 plectere
3131 5741 3377 5805 nequeat.
3409 5727 3502 5800 Qui
3543 5724 3589 5781 iu
3622 5714 3726 5787 δυῖέ
