  <div class='ocr_page' id='page_1' title='image "/cluster/home/n/w/nwhite01/storage/ocr_20150623/47/hvd.32044015471527/210.png"; bbox 0 0 3974 6356; ppageno 0'>
   <div class='ocr_carea' id='block_1_1' title="bbox 169 355 242 409">
    <p class='ocr_par' dir='ltr' id='par_1_1' title="bbox 169 355 242 409">
     <span class='ocr_line' id='line_1_1' title="bbox 169 355 242 409; baseline -0.014 0"><span class='ocrx_word' id='word_1_1' title='bbox 169 355 242 409; x_wconf 72' lang='grc' dir='ltr'><strong>ιο9</strong></span> 
     </span>
    </p>
   </div>
   <div class='ocr_carea' id='block_1_2' title="bbox 789 340 2674 406">
    <p class='ocr_par' dir='ltr' id='par_1_2' title="bbox 789 340 2674 406">
     <span class='ocr_line' id='line_1_2' title="bbox 789 340 2674 406; baseline -0.004 -2"><span class='ocrx_word' id='word_1_2' title='bbox 789 350 1143 406; x_wconf 78' lang='lat' dir='ltr'><strong>VARIORUM</strong></span> <span class='ocrx_word' id='word_1_3' title='bbox 1185 348 1775 405; x_wconf 74' lang='lat' dir='ltr'><strong>EXERCITATIONES</strong></span> <span class='ocrx_word' id='word_1_4' title='bbox 1817 348 1879 401; x_wconf 61' lang='grc' dir='ltr'>ΙΝ</span> <span class='ocrx_word' id='word_1_5' title='bbox 1922 347 1978 401; x_wconf 88' lang='lat' dir='ltr'><strong>S.</strong></span> <span class='ocrx_word' id='word_1_6' title='bbox 2022 344 2391 401; x_wconf 81' lang='lat' dir='ltr'><strong>AUGUSTINI</strong></span> <span class='ocrx_word' id='word_1_7' title='bbox 2433 340 2674 398; x_wconf 77' lang='lat' dir='ltr'><strong>OPERA.</strong></span> 
     </span>
    </p>
   </div>
   <div class='ocr_carea' id='block_1_3' title="bbox 3276 334 3382 390">
    <p class='ocr_par' dir='ltr' id='par_1_3' title="bbox 3276 334 3382 390">
     <span class='ocr_line' id='line_1_3' title="bbox 3276 334 3382 390; baseline 0 0"><span class='ocrx_word' id='word_1_8' title='bbox 3276 334 3382 390; x_wconf 75' lang='grc'><strong>410</strong></span> 
     </span>
    </p>
   </div>
   <div class='ocr_carea' id='block_1_4' title="bbox 130 448 3385 546">
    <p class='ocr_par' dir='ltr' id='par_1_4' title="bbox 130 448 3385 546">
     <span class='ocr_line' id='line_1_4' title="bbox 130 448 3385 546; baseline -0.006 -25"><span class='ocrx_word' id='word_1_9' title='bbox 130 477 279 546; x_wconf 70' lang='lat' dir='ltr'><strong>prum</strong></span> <span class='ocrx_word' id='word_1_10' title='bbox 308 476 417 522; x_wconf 67' lang='lat' dir='ltr'><strong>timo</strong></span> <span class='ocrx_word' id='word_1_11' title='bbox 442 482 544 521; x_wconf 85' lang='lat' dir='ltr'><strong>mm</strong></span> <span class='ocrx_word' id='word_1_12' title='bbox 597 467 857 528; x_wconf 88' lang='lat' dir='ltr'><strong>inveniet,</strong></span> <span class='ocrx_word' id='word_1_13' title='bbox 898 470 1024 520; x_wconf 82' lang='lat' dir='ltr'><strong>nihil</strong></span> <span class='ocrx_word' id='word_1_14' title='bbox 1052 465 1292 534; x_wconf 78' lang='lat' dir='ltr'><strong>profecto</strong></span> <span class='ocrx_word' id='word_1_15' title='bbox 1330 483 1380 518; x_wconf 89' lang='grc' dir='ltr'>ιΙΙ</span> <span class='ocrx_word' id='word_1_16' title='bbox 1412 481 1471 519; x_wconf 90' lang='lat' dir='ltr'><strong>ea</strong></span> <span class='ocrx_word' id='word_1_17' title='bbox 1502 466 1697 518; x_wconf 87' lang='lat' dir='ltr'><strong>intelli-</strong></span> <span class='ocrx_word' id='word_1_18' title='bbox 1730 470 1775 525; x_wconf 80' lang='grc' dir='ltr'>Α</span> <span class='ocrx_word' id='word_1_19' title='bbox 1805 475 1887 517; x_wconf 87' lang='lat' dir='ltr'><strong>est</strong></span> <span class='ocrx_word' id='word_1_20' title='bbox 1912 473 2018 516; x_wconf 89' lang='lat' dir='ltr'><strong>tota</strong></span> <span class='ocrx_word' id='word_1_21' title='bbox 2047 464 2279 516; x_wconf 86' lang='lat' dir='ltr'><strong>narratio</strong></span> <span class='ocrx_word' id='word_1_22' title='bbox 2307 462 2374 515; x_wconf 89' lang='lat' dir='ltr'><strong>de</strong></span> <span class='ocrx_word' id='word_1_23' title='bbox 2404 463 2647 521; x_wconf 82' lang='lat' dir='ltr'><strong>homine,</strong></span> <span class='ocrx_word' id='word_1_24' title='bbox 2673 455 2761 525; x_wconf 89' lang='lat' dir='ltr'><strong>qui</strong></span> <span class='ocrx_word' id='word_1_25' title='bbox 2787 454 2853 509; x_wconf 91' lang='lat' dir='ltr'><strong>de</strong></span> <span class='ocrx_word' id='word_1_26' title='bbox 2880 468 3053 524; x_wconf 81' lang='lat' dir='ltr'><strong>pretio</strong></span> <span class='ocrx_word' id='word_1_27' title='bbox 3075 448 3226 505; x_wconf 79' lang='lat' dir='ltr'><strong>solidi</strong></span> <span class='ocrx_word' id='word_1_28' title='bbox 3256 464 3385 518; x_wconf 88' lang='lat' dir='ltr'><strong>pau-</strong></span> 
     </span>
    </p>
   </div>
   <div class='ocr_carea' id='block_1_5' title="bbox 104 556 1695 645">
    <p class='ocr_par' dir='ltr' id='par_1_5' title="bbox 104 556 1695 645">
     <span class='ocr_line' id='line_1_5' title="bbox 104 556 1695 645; baseline -0.004 -29"><span class='ocrx_word' id='word_1_29' title='bbox 104 574 256 645; x_wconf 56' lang='grc' dir='ltr'><strong>ειη</strong></span> <span class='ocrx_word' id='word_1_30' title='bbox 282 561 473 614; x_wconf 89' lang='lat' dir='ltr'><strong>nullum</strong></span> <span class='ocrx_word' id='word_1_31' title='bbox 502 560 641 613; x_wconf 89' lang='lat' dir='ltr'><strong>enim</strong></span> <span class='ocrx_word' id='word_1_32' title='bbox 674 558 867 628; x_wconf 82' lang='lat' dir='ltr'><strong>dogma</strong></span> <span class='ocrx_word' id='word_1_33' title='bbox 900 558 1085 625; x_wconf 79' lang='lat' dir='ltr'><strong>majori</strong></span> <span class='ocrx_word' id='word_1_34' title='bbox 1118 558 1498 625; x_wconf 89' lang='lat' dir='ltr'><strong>perspicuitate</strong></span> <span class='ocrx_word' id='word_1_35' title='bbox 1525 556 1695 611; x_wconf 90' lang='lat' dir='ltr'><strong>habe-</strong></span> 
     </span>
    </p>
   </div>
   <div class='ocr_carea' id='block_1_6' title="bbox 106 647 1698 720">
    <p class='ocr_par' dir='ltr' id='par_1_6' title="bbox 106 647 1698 720">
     <span class='ocr_line' id='line_1_6' title="bbox 106 647 1698 720; baseline -0.004 -13"><span class='ocrx_word' id='word_1_36' title='bbox 106 670 242 720; x_wconf 54' lang='grc' dir='ltr'>ικιιι.</span> <span class='ocrx_word' id='word_1_37' title='bbox 278 651 377 705; x_wconf 86' lang='lat' dir='ltr'><strong>Hoc</strong></span> <span class='ocrx_word' id='word_1_38' title='bbox 412 660 587 705; x_wconf 92' lang='lat' dir='ltr'><strong>autem</strong></span> <span class='ocrx_word' id='word_1_39' title='bbox 622 650 829 719; x_wconf 87' lang='lat' dir='ltr'><strong>posito,</strong></span> <span class='ocrx_word' id='word_1_40' title='bbox 872 665 939 703; x_wconf 82' lang='lat' dir='ltr'><strong>ex</strong></span> <span class='ocrx_word' id='word_1_41' title='bbox 972 649 1215 703; x_wconf 87' lang='lat' dir='ltr'><strong>obscuris</strong></span> <span class='ocrx_word' id='word_1_42' title='bbox 1256 648 1525 701; x_wconf 74' lang='lat' dir='ltr'><strong>nonnullis</strong></span> <span class='ocrx_word' id='word_1_43' title='bbox 1570 647 1698 701; x_wconf 90' lang='lat' dir='ltr'><strong>locis</strong></span> 
     </span>
    </p>
   </div>
   <div class='ocr_carea' id='block_1_7' title="bbox 112 738 1694 812">
    <p class='ocr_par' dir='ltr' id='par_1_7' title="bbox 112 738 1694 812">
     <span class='ocr_line' id='line_1_7' title="bbox 112 738 1694 812; baseline -0.003 -17"><span class='ocrx_word' id='word_1_44' title='bbox 112 760 245 810; x_wconf 57' lang='lat' dir='ltr'><strong>(“ton</strong></span> <span class='ocrx_word' id='word_1_45' title='bbox 270 754 381 797; x_wconf 90' lang='lat' dir='ltr'><strong>sunt</strong></span> <span class='ocrx_word' id='word_1_46' title='bbox 411 743 723 812; x_wconf 78' lang='lat' dir='ltr'><strong>colligenda:</strong></span> <span class='ocrx_word' id='word_1_47' title='bbox 745 742 1004 796; x_wconf 65' lang='lat' dir='ltr'><strong>doctrinae</strong></span> <span class='ocrx_word' id='word_1_48' title='bbox 1028 756 1146 809; x_wconf 74' lang='lat' dir='ltr'><strong>quze</strong></span> <span class='ocrx_word' id='word_1_49' title='bbox 1177 754 1389 794; x_wconf 90' lang='lat' dir='ltr'><strong>omnem</strong></span> <span class='ocrx_word' id='word_1_50' title='bbox 1421 738 1694 803; x_wconf 73' lang='lat' dir='ltr'><strong>bonitatis,</strong></span> 
     </span>
    </p>
   </div>
   <div class='ocr_carea' id='block_1_8' title="bbox 118 830 1699 903">
    <p class='ocr_par' dir='ltr' id='par_1_8' title="bbox 118 830 1699 903">
     <span class='ocr_line' id='line_1_8' title="bbox 118 830 1699 903; baseline -0.004 -12"><span class='ocrx_word' id='word_1_51' title='bbox 118 868 133 903; x_wconf 75' lang='grc' dir='ltr'><strong>ι</strong></span> <span class='ocrx_word' id='word_1_52' title='bbox 168 837 507 891; x_wconf 68' lang='lat' dir='ltr'><strong>nisericordia:</strong></span> <span class='ocrx_word' id='word_1_53' title='bbox 538 851 600 890; x_wconf 91' lang='lat' dir='ltr'><strong>ac</strong></span> <span class='ocrx_word' id='word_1_54' title='bbox 636 835 857 903; x_wconf 78' lang='lat' dir='ltr'><strong>iustitia:</strong></span> <span class='ocrx_word' id='word_1_55' title='bbox 880 832 1089 888; x_wconf 90' lang='lat' dir='ltr'><strong>laudem</strong></span> <span class='ocrx_word' id='word_1_56' title='bbox 1134 834 1242 887; x_wconf 92' lang='lat' dir='ltr'><strong>Deo</strong></span> <span class='ocrx_word' id='word_1_57' title='bbox 1272 832 1558 885; x_wconf 81' lang='lat' dir='ltr'><strong>manifesto</strong></span> <span class='ocrx_word' id='word_1_58' title='bbox 1603 830 1699 885; x_wconf 87' lang='lat' dir='ltr'><strong>de-</strong></span> 
     </span>
    </p>
   </div>
   <div class='ocr_carea' id='block_1_9' title="bbox 124 921 1703 995">
    <p class='ocr_par' dir='ltr' id='par_1_9' title="bbox 124 921 1703 995">
     <span class='ocr_line' id='line_1_9' title="bbox 124 921 1703 995; baseline -0.006 -12"><span class='ocrx_word' id='word_1_59' title='bbox 124 953 161 993; x_wconf 79' lang='grc' dir='ltr'><strong>ι</strong></span> <span class='ocrx_word' id='word_1_60' title='bbox 185 929 340 982; x_wconf 75' lang='lat' dir='ltr'><strong>rahunt</strong></span> <span class='ocrx_word' id='word_1_61' title='bbox 362 943 377 989; x_wconf 87' lang='lat'><strong>;</strong></span> <span class='ocrx_word' id='word_1_62' title='bbox 401 926 576 995; x_wconf 90' lang='lat' dir='ltr'><strong>qualia</strong></span> <span class='ocrx_word' id='word_1_63' title='bbox 605 934 729 980; x_wconf 90' lang='lat' dir='ltr'><strong>sunt</strong></span> <span class='ocrx_word' id='word_1_64' title='bbox 752 926 997 994; x_wconf 91' lang='lat' dir='ltr'><strong>dogmata</strong></span> <span class='ocrx_word' id='word_1_65' title='bbox 1024 924 1111 976; x_wconf 91' lang='lat' dir='ltr'><strong>illa</strong></span> <span class='ocrx_word' id='word_1_66' title='bbox 1136 938 1359 992; x_wconf 90' lang='lat' dir='ltr'><strong>quorum</strong></span> <span class='ocrx_word' id='word_1_67' title='bbox 1382 921 1703 977; x_wconf 83' lang='lat' dir='ltr'><strong>conﬁrman-</strong></span> 
     </span>
    </p>
   </div>
   <div class='ocr_carea' id='block_1_10' title="bbox 130 1013 1705 1086">
    <p class='ocr_par' dir='ltr' id='par_1_10' title="bbox 130 1013 1705 1086">
     <span class='ocr_line' id='line_1_10' title="bbox 130 1013 1705 1086; baseline -0.003 -15"><span class='ocrx_word' id='word_1_68' title='bbox 130 1021 315 1081; x_wconf 72' lang='lat' dir='ltr'><strong>dorum</strong></span> <span class='ocrx_word' id='word_1_69' title='bbox 360 1032 544 1083; x_wconf 81' lang='lat' dir='ltr'><strong>causa,</strong></span> <span class='ocrx_word' id='word_1_70' title='bbox 592 1019 738 1072; x_wconf 84' lang='lat' dir='ltr'><strong>hisce</strong></span> <span class='ocrx_word' id='word_1_71' title='bbox 781 1016 1132 1086; x_wconf 81' lang='lat' dir='ltr'><strong>temporibus,</strong></span> <span class='ocrx_word' id='word_1_72' title='bbox 1176 1015 1369 1069; x_wconf 90' lang='lat' dir='ltr'><strong>coelum</strong></span> <span class='ocrx_word' id='word_1_73' title='bbox 1413 1023 1571 1069; x_wconf 72' lang='lat' dir='ltr'><strong>terra:</strong></span> <span class='ocrx_word' id='word_1_74' title='bbox 1602 1013 1705 1066; x_wconf 91' lang='lat' dir='ltr'><strong>mi-</strong></span> 
     </span>
    </p>
   </div>
   <div class='ocr_carea' id='block_1_11' title="bbox 135 1106 1706 1180">
    <p class='ocr_par' dir='ltr' id='par_1_11' title="bbox 135 1106 1706 1180">
     <span class='ocr_line' id='line_1_11' title="bbox 135 1106 1706 1180; baseline -0.004 -14"><span class='ocrx_word' id='word_1_75' title='bbox 135 1120 379 1173; x_wconf 70' lang='lat' dir='ltr'><strong>scuerunt</strong></span> <span class='ocrx_word' id='word_1_76' title='bbox 405 1109 669 1163; x_wconf 72' lang='lat' dir='ltr'><strong>Africana:</strong></span> <span class='ocrx_word' id='word_1_77' title='bbox 699 1108 908 1180; x_wconf 88' lang='lat' dir='ltr'><strong>synodi.</strong></span> <span class='ocrx_word' id='word_1_78' title='bbox 931 1108 1111 1177; x_wconf 87' lang='lat' dir='ltr'><strong>Neque</strong></span> <span class='ocrx_word' id='word_1_79' title='bbox 1134 1108 1218 1161; x_wconf 90' lang='lat' dir='ltr'><strong>hic</strong></span> <span class='ocrx_word' id='word_1_80' title='bbox 1239 1107 1439 1161; x_wconf 83' lang='lat' dir='ltr'><strong>dixeris</strong></span> <span class='ocrx_word' id='word_1_81' title='bbox 1467 1108 1519 1160; x_wconf 93' lang='lat' dir='ltr'><strong>in</strong></span> <span class='ocrx_word' id='word_1_82' title='bbox 1546 1106 1706 1160; x_wconf 89' lang='lat' dir='ltr'><strong>rebus</strong></span> 
     </span>
    </p>
   </div>
   <div class='ocr_carea' id='block_1_12' title="bbox 141 1195 1704 1269">
    <p class='ocr_par' dir='ltr' id='par_1_12' title="bbox 141 1195 1704 1269">
     <span class='ocr_line' id='line_1_12' title="bbox 141 1195 1704 1269; baseline -0.004 -13"><span class='ocrx_word' id='word_1_83' title='bbox 141 1202 324 1262; x_wconf 78' lang='lat' dir='ltr'><strong>divinis</strong></span> <span class='ocrx_word' id='word_1_84' title='bbox 358 1199 618 1269; x_wconf 81' lang='lat' dir='ltr'><strong>profunda</strong></span> <span class='ocrx_word' id='word_1_85' title='bbox 647 1214 765 1254; x_wconf 88' lang='lat' dir='ltr'><strong>esse</strong></span> <span class='ocrx_word' id='word_1_86' title='bbox 790 1199 1034 1269; x_wconf 78' lang='lat' dir='ltr'><strong>quzedam</strong></span> <span class='ocrx_word' id='word_1_87' title='bbox 1085 1213 1204 1267; x_wconf 77' lang='lat' dir='ltr'><strong>qua.-</strong></span> <span class='ocrx_word' id='word_1_88' title='bbox 1246 1198 1444 1265; x_wconf 80' lang='lat' dir='ltr'><strong>ingenii</strong></span> <span class='ocrx_word' id='word_1_89' title='bbox 1485 1195 1704 1250; x_wconf 84' lang='lat' dir='ltr'><strong>humani</strong></span> 
     </span>
    </p>
   </div>
   <div class='ocr_carea' id='block_1_13' title="bbox 147 1287 1707 1361">
    <p class='ocr_par' dir='ltr' id='par_1_13' title="bbox 147 1287 1707 1361">
     <span class='ocr_line' id='line_1_13' title="bbox 147 1287 1707 1361; baseline -0.005 -13"><span class='ocrx_word' id='word_1_90' title='bbox 147 1308 349 1354; x_wconf 76' lang='lat' dir='ltr'><strong>acumen</strong></span> <span class='ocrx_word' id='word_1_91' title='bbox 388 1291 636 1361; x_wconf 83' lang='lat' dir='ltr'><strong>fugiunt;</strong></span> <span class='ocrx_word' id='word_1_92' title='bbox 669 1307 790 1345; x_wconf 85' lang='lat' dir='ltr'><strong>nam</strong></span> <span class='ocrx_word' id='word_1_93' title='bbox 824 1306 927 1345; x_wconf 92' lang='lat' dir='ltr'><strong>non</strong></span> <span class='ocrx_word' id='word_1_94' title='bbox 967 1289 1167 1344; x_wconf 90' lang='lat' dir='ltr'><strong>debent</strong></span> <span class='ocrx_word' id='word_1_95' title='bbox 1207 1305 1270 1344; x_wconf 88' lang='lat' dir='ltr'><strong>ex</strong></span> <span class='ocrx_word' id='word_1_96' title='bbox 1302 1288 1544 1344; x_wconf 87' lang='lat' dir='ltr'><strong>obscuris</strong></span> <span class='ocrx_word' id='word_1_97' title='bbox 1576 1287 1707 1341; x_wconf 91' lang='lat' dir='ltr'><strong>locis</strong></span> 
     </span>
    </p>
   </div>
   <div class='ocr_carea' id='block_1_14' title="bbox 154 1378 1708 1462">
    <p class='ocr_par' dir='ltr' id='par_1_14' title="bbox 154 1378 1708 1462">
     <span class='ocr_line' id='line_1_14' title="bbox 154 1378 1708 1462; baseline -0.004 -22"><span class='ocrx_word' id='word_1_98' title='bbox 154 1384 386 1462; x_wconf 78' lang='lat' dir='ltr'><strong>profunda</strong></span> <span class='ocrx_word' id='word_1_99' title='bbox 417 1383 507 1437; x_wconf 90' lang='lat' dir='ltr'><strong>illa</strong></span> <span class='ocrx_word' id='word_1_100' title='bbox 553 1378 693 1453; x_wconf 77' lang='lat' dir='ltr'><strong>tingi</strong></span> <span class='ocrx_word' id='word_1_101' title='bbox 723 1398 839 1451; x_wconf 84' lang='lat' dir='ltr'><strong>quae</strong></span> <span class='ocrx_word' id='word_1_102' title='bbox 880 1389 1178 1451; x_wconf 88' lang='lat' dir='ltr'><strong>repugnent</strong></span> <span class='ocrx_word' id='word_1_103' title='bbox 1217 1382 1379 1435; x_wconf 89' lang='lat' dir='ltr'><strong>claris</strong></span> <span class='ocrx_word' id='word_1_104' title='bbox 1418 1381 1708 1449; x_wconf 68' lang='lat' dir='ltr'><strong>Scriptura:</strong></span> 
     </span>
    </p>
   </div>
   <div class='ocr_carea' id='block_1_15' title="bbox 161 1471 1707 1547">
    <p class='ocr_par' dir='ltr' id='par_1_15' title="bbox 161 1471 1707 1547">
     <span class='ocr_line' id='line_1_15' title="bbox 161 1471 1707 1547; baseline -0.006 -12"><span class='ocrx_word' id='word_1_105' title='bbox 161 1476 500 1547; x_wconf 75' lang='lat' dir='ltr'><strong>dogmatibus;</strong></span> <span class='ocrx_word' id='word_1_106' title='bbox 542 1485 600 1529; x_wconf 89' lang='lat' dir='ltr'><strong>ut</strong></span> <span class='ocrx_word' id='word_1_107' title='bbox 640 1474 685 1528; x_wconf 90' lang='lat' dir='ltr'><strong>si</strong></span> <span class='ocrx_word' id='word_1_108' title='bbox 716 1475 882 1528; x_wconf 92' lang='lat' dir='ltr'><strong>Deum</strong></span> <span class='ocrx_word' id='word_1_109' title='bbox 916 1472 1082 1526; x_wconf 81' lang='lat' dir='ltr'><strong>iacias</strong></span> <span class='ocrx_word' id='word_1_110' title='bbox 1118 1471 1391 1526; x_wconf 88' lang='lat' dir='ltr'><strong>crudelem</strong></span> <span class='ocrx_word' id='word_1_111' title='bbox 1433 1481 1523 1525; x_wconf 91' lang='lat' dir='ltr'><strong>aut</strong></span> <span class='ocrx_word' id='word_1_112' title='bbox 1563 1472 1707 1540; x_wconf 85' lang='lat' dir='ltr'><strong>inju-</strong></span> 
     </span>
    </p>
   </div>
   <div class='ocr_carea' id='block_1_16' title="bbox 169 1563 1709 1633">
    <p class='ocr_par' dir='ltr' id='par_1_16' title="bbox 169 1563 1709 1633">
     <span class='ocr_line' id='line_1_16' title="bbox 169 1563 1709 1633; baseline -0.006 -8"><span class='ocrx_word' id='word_1_113' title='bbox 169 1581 303 1633; x_wconf 89' lang='lat' dir='ltr'><strong>stum,</strong></span> <span class='ocrx_word' id='word_1_114' title='bbox 326 1576 379 1621; x_wconf 92' lang='lat' dir='ltr'><strong>ut</strong></span> <span class='ocrx_word' id='word_1_115' title='bbox 404 1566 577 1620; x_wconf 91' lang='lat' dir='ltr'><strong>locum</strong></span> <span class='ocrx_word' id='word_1_116' title='bbox 619 1566 902 1619; x_wconf 86' lang='lat' dir='ltr'><strong>obscurum</strong></span> <span class='ocrx_word' id='word_1_117' title='bbox 935 1564 1190 1633; x_wconf 76' lang='lat' dir='ltr'><strong>explices.</strong></span> <span class='ocrx_word' id='word_1_118' title='bbox 1222 1563 1385 1617; x_wconf 86' lang='lat' dir='ltr'><strong>Multo</strong></span> <span class='ocrx_word' id='word_1_119' title='bbox 1410 1563 1709 1631; x_wconf 82' lang='lat' dir='ltr'><strong>sapientius</strong></span> 
     </span>
    </p>
   </div>
   <div class='ocr_carea' id='block_1_17' title="bbox 172 1657 1711 1728">
    <p class='ocr_par' dir='ltr' id='par_1_17' title="bbox 172 1657 1711 1728">
     <span class='ocr_line' id='line_1_17' title="bbox 172 1657 1711 1728; baseline -0.006 -9"><span class='ocrx_word' id='word_1_120' title='bbox 172 1664 233 1720; x_wconf 91' lang='lat' dir='ltr'><strong>illi</strong></span> <span class='ocrx_word' id='word_1_121' title='bbox 256 1661 432 1715; x_wconf 82' lang='lat' dir='ltr'><strong>iaciunt</strong></span> <span class='ocrx_word' id='word_1_122' title='bbox 450 1659 600 1728; x_wconf 84' lang='lat' dir='ltr'><strong>quisi</strong></span> <span class='ocrx_word' id='word_1_123' title='bbox 623 1660 958 1715; x_wconf 87' lang='lat' dir='ltr'><strong>commodam</strong></span> <span class='ocrx_word' id='word_1_124' title='bbox 975 1674 1039 1713; x_wconf 92' lang='lat' dir='ltr'><strong>ac</strong></span> <span class='ocrx_word' id='word_1_125' title='bbox 1063 1657 1469 1712; x_wconf 80' lang='lat' dir='ltr'><strong>convenientem</strong></span> <span class='ocrx_word' id='word_1_126' title='bbox 1500 1663 1711 1710; x_wconf 70' lang='lat' dir='ltr'><strong>cmterae</strong></span> 
     </span>
    </p>
   </div>
   <div class='ocr_carea' id='block_1_18' title="bbox 178 1747 1709 1823">
    <p class='ocr_par' dir='ltr' id='par_1_18' title="bbox 178 1747 1709 1823">
     <span class='ocr_line' id='line_1_18' title="bbox 178 1747 1709 1823; baseline -0.006 -15"><span class='ocrx_word' id='word_1_127' title='bbox 178 1753 420 1823; x_wconf 72' lang='lat' dir='ltr'><strong>Scriptum:</strong></span> <span class='ocrx_word' id='word_1_128' title='bbox 448 1750 766 1804; x_wconf 88' lang='lat' dir='ltr'><strong>sententiam</strong></span> <span class='ocrx_word' id='word_1_129' title='bbox 797 1750 1037 1804; x_wconf 90' lang='lat' dir='ltr'><strong>invenire</strong></span> <span class='ocrx_word' id='word_1_130' title='bbox 1066 1757 1351 1817; x_wconf 85' lang='lat' dir='ltr'><strong>nequeant,</strong></span> <span class='ocrx_word' id='word_1_131' title='bbox 1387 1747 1619 1801; x_wconf 78' lang='lat' dir='ltr'><strong>fatentur</strong></span> <span class='ocrx_word' id='word_1_132' title='bbox 1646 1760 1709 1799; x_wconf 91' lang='lat' dir='ltr'><strong>ea</strong></span> 
     </span>
    </p>
   </div>
   <div class='ocr_carea' id='block_1_19' title="bbox 182 1837 1707 1910">
    <p class='ocr_par' dir='ltr' id='par_1_19' title="bbox 182 1837 1707 1910">
     <span class='ocr_line' id='line_1_19' title="bbox 182 1837 1707 1910; baseline -0.009 -9"><span class='ocrx_word' id='word_1_133' title='bbox 182 1847 266 1901; x_wconf 78' lang='lat' dir='ltr'><strong>loca</strong></span> <span class='ocrx_word' id='word_1_134' title='bbox 290 1857 315 1895; x_wconf 88' lang='lat' dir='ltr'><strong>a</strong></span> <span class='ocrx_word' id='word_1_135' title='bbox 336 1856 388 1896; x_wconf 90' lang='lat' dir='ltr'><strong>se</strong></span> <span class='ocrx_word' id='word_1_136' title='bbox 414 1854 520 1895; x_wconf 92' lang='lat' dir='ltr'><strong>non</strong></span> <span class='ocrx_word' id='word_1_137' title='bbox 551 1840 810 1909; x_wconf 90' lang='lat' dir='ltr'><strong>intelligi;</strong></span> <span class='ocrx_word' id='word_1_138' title='bbox 837 1857 993 1910; x_wconf 89' lang='lat' dir='ltr'><strong>quam</strong></span> <span class='ocrx_word' id='word_1_139' title='bbox 1018 1840 1108 1909; x_wconf 92' lang='lat' dir='ltr'><strong>qui</strong></span> <span class='ocrx_word' id='word_1_140' title='bbox 1138 1839 1209 1893; x_wconf 90' lang='lat' dir='ltr'><strong>ita</strong></span> <span class='ocrx_word' id='word_1_141' title='bbox 1237 1854 1299 1893; x_wconf 91' lang='lat' dir='ltr'><strong>ea</strong></span> <span class='ocrx_word' id='word_1_142' title='bbox 1329 1837 1616 1907; x_wconf 78' lang='lat' dir='ltr'><strong>explicant,</strong></span> <span class='ocrx_word' id='word_1_143' title='bbox 1647 1843 1707 1889; x_wconf 90' lang='lat' dir='ltr'><strong>ut</strong></span> 
     </span>
    </p>
   </div>
   <div class='ocr_carea' id='block_1_20' title="bbox 186 1931 1714 2003">
    <p class='ocr_par' dir='ltr' id='par_1_20' title="bbox 186 1931 1714 2003">
     <span class='ocr_line' id='line_1_20' title="bbox 186 1931 1714 2003; baseline -0.007 -11"><span class='ocrx_word' id='word_1_144' title='bbox 186 1934 415 1994; x_wconf 77' lang='lat' dir='ltr'><strong>manifesta</strong></span> <span class='ocrx_word' id='word_1_145' title='bbox 452 1944 611 2003; x_wconf 89' lang='lat' dir='ltr'><strong>atque</strong></span> <span class='ocrx_word' id='word_1_146' title='bbox 652 1933 792 1987; x_wconf 92' lang='lat' dir='ltr'><strong>acris</strong></span> <span class='ocrx_word' id='word_1_147' title='bbox 834 1947 1012 2003; x_wconf 88' lang='lat' dir='ltr'><strong>pugna</strong></span> <span class='ocrx_word' id='word_1_148' title='bbox 1048 1933 1284 1986; x_wconf 88' lang='lat' dir='ltr'><strong>locorum</strong></span> <span class='ocrx_word' id='word_1_149' title='bbox 1324 1931 1616 2000; x_wconf 76' lang='lat' dir='ltr'><strong>Scripturm</strong></span> <span class='ocrx_word' id='word_1_150' title='bbox 1658 1937 1714 1982; x_wconf 89' lang='lat' dir='ltr'><strong>et</strong></span> 
     </span>
    </p>
   </div>
   <div class='ocr_carea' id='block_1_21' title="bbox 188 2021 1711 2097">
    <p class='ocr_par' dir='ltr' id='par_1_21' title="bbox 188 2021 1711 2097">
     <span class='ocr_line' id='line_1_21' title="bbox 188 2021 1711 2097; baseline -0.007 -13"><span class='ocrx_word' id='word_1_151' title='bbox 188 2030 437 2097; x_wconf 83' lang='lat' dir='ltr'><strong>dogmatum</strong></span> <span class='ocrx_word' id='word_1_152' title='bbox 488 2023 910 2093; x_wconf 87' lang='lat' dir='ltr'><strong>theologicorum</strong></span> <span class='ocrx_word' id='word_1_153' title='bbox 946 2026 998 2078; x_wconf 91' lang='lat' dir='ltr'><strong>in</strong></span> <span class='ocrx_word' id='word_1_154' title='bbox 1022 2022 1317 2078; x_wconf 88' lang='lat' dir='ltr'><strong>doctrinam</strong></span> <span class='ocrx_word' id='word_1_155' title='bbox 1358 2021 1711 2077; x_wconf 87' lang='lat' dir='ltr'><strong>Christianam</strong></span> 
     </span>
    </p>
   </div>
   <div class='ocr_carea' id='block_1_22' title="bbox 194 2110 1714 2178">
    <p class='ocr_par' dir='ltr' id='par_1_22' title="bbox 194 2110 1714 2178">
     <span class='ocr_line' id='line_1_22' title="bbox 194 2110 1714 2178; baseline -0.007 -4"><span class='ocrx_word' id='word_1_156' title='bbox 194 2114 538 2174; x_wconf 82' lang='lat' dir='ltr'><strong>intromittatur.</strong></span> <span class='ocrx_word' id='word_1_157' title='bbox 568 2112 739 2168; x_wconf 65' lang='lat' dir='ltr'><strong>Nulla:</strong></span> <span class='ocrx_word' id='word_1_158' title='bbox 769 2113 1187 2168; x_wconf 79' lang='lat' dir='ltr'><strong>exclamationes</strong></span> <span class='ocrx_word' id='word_1_159' title='bbox 1216 2112 1532 2178; x_wconf 66' lang='lat' dir='ltr'><strong>rhetoricas,</strong></span> <span class='ocrx_word' id='word_1_160' title='bbox 1570 2110 1714 2164; x_wconf 89' lang='lat' dir='ltr'><strong>nulla</strong></span> 
     </span>
    </p>
   </div>
   <div class='ocr_carea' id='block_1_23' title="bbox 204 2202 1712 2278">
    <p class='ocr_par' dir='ltr' id='par_1_23' title="bbox 204 2202 1712 2278">
     <span class='ocr_line' id='line_1_23' title="bbox 204 2202 1712 2278; baseline -0.005 -14"><span class='ocrx_word' id='word_1_161' title='bbox 204 2209 504 2278; x_wconf 80' lang='lat' dir='ltr'><strong>episcoporum</strong></span> <span class='ocrx_word' id='word_1_162' title='bbox 536 2206 902 2271; x_wconf 86' lang='lat' dir='ltr'><strong>anathemata,</strong></span> <span class='ocrx_word' id='word_1_163' title='bbox 932 2206 1077 2259; x_wconf 89' lang='lat' dir='ltr'><strong>nulla</strong></span> <span class='ocrx_word' id='word_1_164' title='bbox 1099 2220 1283 2274; x_wconf 90' lang='lat' dir='ltr'><strong>regum</strong></span> <span class='ocrx_word' id='word_1_165' title='bbox 1309 2202 1483 2259; x_wconf 89' lang='lat' dir='ltr'><strong>edicta</strong></span> <span class='ocrx_word' id='word_1_166' title='bbox 1507 2212 1712 2256; x_wconf 89' lang='lat' dir='ltr'><strong>rectum</strong></span> 
     </span>
    </p>
   </div>
   <div class='ocr_carea' id='block_1_24' title="bbox 206 2296 1715 2367">
    <p class='ocr_par' dir='ltr' id='par_1_24' title="bbox 206 2296 1715 2367">
     <span class='ocr_line' id='line_1_24' title="bbox 206 2296 1715 2367; baseline -0.003 -13"><span class='ocrx_word' id='word_1_167' title='bbox 206 2311 246 2354; x_wconf 85' lang='lat' dir='ltr'><strong>ut</strong></span> <span class='ocrx_word' id='word_1_168' title='bbox 283 2298 508 2367; x_wconf 85' lang='lat' dir='ltr'><strong>posterius</strong></span> <span class='ocrx_word' id='word_1_169' title='bbox 560 2296 715 2352; x_wconf 90' lang='lat' dir='ltr'><strong>bonis</strong></span> <span class='ocrx_word' id='word_1_170' title='bbox 762 2313 824 2352; x_wconf 88' lang='lat' dir='ltr'><strong>ac</strong></span> <span class='ocrx_word' id='word_1_171' title='bbox 870 2296 1227 2367; x_wconf 88' lang='lat' dir='ltr'><strong>prudentibus</strong></span> <span class='ocrx_word' id='word_1_172' title='bbox 1277 2296 1407 2349; x_wconf 90' lang='lat' dir='ltr'><strong>viris</strong></span> <span class='ocrx_word' id='word_1_173' title='bbox 1467 2296 1715 2349; x_wconf 85' lang='lat' dir='ltr'><strong>videatur</strong></span> 
     </span>
    </p>
   </div>
   <div class='ocr_carea' id='block_1_25' title="bbox 198 2388 1713 2460">
    <p class='ocr_par' dir='ltr' id='par_1_25' title="bbox 198 2388 1713 2460">
     <span class='ocr_line' id='line_1_25' title="bbox 198 2388 1713 2460; baseline -0.004 -13"><span class='ocrx_word' id='word_1_174' title='bbox 198 2393 389 2447; x_wconf 78' lang='lat' dir='ltr'><strong>ellicient.</strong></span> <span class='ocrx_word' id='word_1_175' title='bbox 415 2390 590 2446; x_wconf 82' lang='lat' dir='ltr'><strong>Facile</strong></span> <span class='ocrx_word' id='word_1_176' title='bbox 618 2391 732 2445; x_wconf 88' lang='lat' dir='ltr'><strong>lieri</strong></span> <span class='ocrx_word' id='word_1_177' title='bbox 764 2400 938 2460; x_wconf 86' lang='lat' dir='ltr'><strong>potest</strong></span> <span class='ocrx_word' id='word_1_178' title='bbox 958 2399 1015 2444; x_wconf 89' lang='lat' dir='ltr'><strong>ut</strong></span> <span class='ocrx_word' id='word_1_179' title='bbox 1035 2405 1139 2443; x_wconf 91' lang='lat' dir='ltr'><strong>non</strong></span> <span class='ocrx_word' id='word_1_180' title='bbox 1163 2388 1519 2458; x_wconf 84' lang='lat' dir='ltr'><strong>intelligamus</strong></span> <span class='ocrx_word' id='word_1_181' title='bbox 1540 2389 1713 2442; x_wconf 92' lang='lat' dir='ltr'><strong>locum</strong></span> 
     </span>
    </p>
   </div>
   <div class='ocr_carea' id='block_1_26' title="bbox 191 2480 1717 2552">
    <p class='ocr_par' dir='ltr' id='par_1_26' title="bbox 191 2480 1717 2552">
     <span class='ocr_line' id='line_1_26' title="bbox 191 2480 1717 2552; baseline -0.002 -14"><span class='ocrx_word' id='word_1_182' title='bbox 191 2483 444 2552; x_wconf 62' lang='lat' dir='ltr'><strong>Scriptores,</strong></span> <span class='ocrx_word' id='word_1_183' title='bbox 479 2482 572 2535; x_wconf 89' lang='lat' dir='ltr'><strong>sed</strong></span> <span class='ocrx_word' id='word_1_184' title='bbox 597 2482 710 2537; x_wconf 87' lang='lat' dir='ltr'><strong>ﬁeri</strong></span> <span class='ocrx_word' id='word_1_185' title='bbox 738 2483 919 2552; x_wconf 86' lang='lat' dir='ltr'><strong>nequit</strong></span> <span class='ocrx_word' id='word_1_186' title='bbox 942 2492 999 2536; x_wconf 89' lang='lat' dir='ltr'><strong>ut</strong></span> <span class='ocrx_word' id='word_1_187' title='bbox 1024 2498 1205 2537; x_wconf 90' lang='lat' dir='ltr'><strong>secum</strong></span> <span class='ocrx_word' id='word_1_188' title='bbox 1229 2482 1343 2551; x_wconf 92' lang='lat' dir='ltr'><strong>ipsa</strong></span> <span class='ocrx_word' id='word_1_189' title='bbox 1374 2491 1589 2551; x_wconf 89' lang='lat' dir='ltr'><strong>pugnet,</strong></span> <span class='ocrx_word' id='word_1_190' title='bbox 1624 2480 1717 2535; x_wconf 84' lang='lat' dir='ltr'><strong>de-</strong></span> 
     </span>
    </p>
   </div>
   <div class='ocr_carea' id='block_1_27' title="bbox 190 2572 1713 2643">
    <p class='ocr_par' dir='ltr' id='par_1_27' title="bbox 190 2572 1713 2643">
     <span class='ocr_line' id='line_1_27' title="bbox 190 2572 1713 2643; baseline -0.001 -16"><span class='ocrx_word' id='word_1_191' title='bbox 190 2574 423 2643; x_wconf 84' lang='lat' dir='ltr'><strong>trahatque</strong></span> <span class='ocrx_word' id='word_1_192' title='bbox 451 2572 561 2627; x_wconf 92' lang='lat' dir='ltr'><strong>Deo</strong></span> <span class='ocrx_word' id='word_1_193' title='bbox 602 2574 743 2642; x_wconf 93' lang='lat' dir='ltr'><strong>quod</strong></span> <span class='ocrx_word' id='word_1_194' title='bbox 788 2574 861 2628; x_wconf 93' lang='lat' dir='ltr'><strong>illi</strong></span> <span class='ocrx_word' id='word_1_195' title='bbox 902 2574 1218 2629; x_wconf 86' lang='lat' dir='ltr'><strong>clarissimis</strong></span> <span class='ocrx_word' id='word_1_196' title='bbox 1258 2573 1467 2638; x_wconf 79' lang='lat' dir='ltr'><strong>verbis,</strong></span> <span class='ocrx_word' id='word_1_197' title='bbox 1510 2574 1713 2641; x_wconf 57' lang='lat' dir='ltr'><strong>astipu-</strong></span> 
     </span>
    </p>
   </div>
   <div class='ocr_carea' id='block_1_28' title="bbox 184 2666 1137 2731">
    <p class='ocr_par' dir='ltr' id='par_1_28' title="bbox 184 2666 1137 2731">
     <span class='ocr_line' id='line_1_28' title="bbox 184 2666 1137 2731; baseline 0.002 -12"><span class='ocrx_word' id='word_1_198' title='bbox 184 2667 307 2721; x_wconf 86' lang='lat' dir='ltr'><strong>lante</strong></span> <span class='ocrx_word' id='word_1_199' title='bbox 330 2666 474 2719; x_wconf 90' lang='lat' dir='ltr'><strong>etiam</strong></span> <span class='ocrx_word' id='word_1_200' title='bbox 499 2674 645 2721; x_wconf 88' lang='lat' dir='ltr'><strong>recta</strong></span> <span class='ocrx_word' id='word_1_201' title='bbox 674 2667 902 2731; x_wconf 89' lang='lat' dir='ltr'><strong>ratione,</strong></span> <span class='ocrx_word' id='word_1_202' title='bbox 936 2666 1137 2721; x_wconf 84' lang='lat' dir='ltr'><strong>tribuit.</strong></span> 
     </span>
    </p>
   </div>
   <div class='ocr_carea' id='block_1_29' title="bbox 237 2755 1723 2829">
    <p class='ocr_par' dir='ltr' id='par_1_29' title="bbox 237 2755 1723 2829">
     <span class='ocr_line' id='line_1_29' title="bbox 237 2755 1723 2829; baseline 0 -18"><span class='ocrx_word' id='word_1_203' title='bbox 237 2756 472 2812; x_wconf 88' lang='lat' dir='ltr'><strong>Sermone</strong></span> <span class='ocrx_word' id='word_1_204' title='bbox 501 2757 625 2813; x_wconf 83' lang='lat'><strong>566.</strong></span> <span class='ocrx_word' id='word_1_205' title='bbox 656 2757 732 2810; x_wconf 83' lang='lat' dir='ltr'><strong>De</strong></span> <span class='ocrx_word' id='word_1_206' title='bbox 762 2759 960 2829; x_wconf 95' lang='lat' dir='ltr'><strong>psalmo</strong></span> <span class='ocrx_word' id='word_1_207' title='bbox 987 2755 1145 2829; x_wconf 83' lang='lat' dir='ltr'><strong>xxn.]</strong></span> <span class='ocrx_word' id='word_1_208' title='bbox 1190 2761 1245 2811; x_wconf 92' lang='lat' dir='ltr'><strong>In</strong></span> <span class='ocrx_word' id='word_1_209' title='bbox 1280 2758 1463 2813; x_wconf 86' lang='lat' dir='ltr'><strong>codice</strong></span> <span class='ocrx_word' id='word_1_210' title='bbox 1502 2758 1560 2815; x_wconf 93' lang='lat' dir='ltr'><strong>S.</strong></span> <span class='ocrx_word' id='word_1_211' title='bbox 1590 2757 1723 2811; x_wconf 88' lang='lat' dir='ltr'><strong>Ger-</strong></span> 
     </span>
    </p>
   </div>
   <div class='ocr_carea' id='block_1_30' title="bbox 179 2849 1721 2920">
    <p class='ocr_par' dir='ltr' id='par_1_30' title="bbox 179 2849 1721 2920">
     <span class='ocr_line' id='line_1_30' title="bbox 179 2849 1721 2920; baseline 0.003 -18"><span class='ocrx_word' id='word_1_212' title='bbox 179 2850 321 2914; x_wconf 83' lang='lat' dir='ltr'><strong>mani,</strong></span> <span class='ocrx_word' id='word_1_213' title='bbox 350 2849 481 2903; x_wconf 91' lang='lat' dir='ltr'><strong>unde</strong></span> <span class='ocrx_word' id='word_1_214' title='bbox 526 2851 754 2919; x_wconf 87' lang='lat' dir='ltr'><strong>primum</strong></span> <span class='ocrx_word' id='word_1_215' title='bbox 790 2850 857 2904; x_wconf 90' lang='lat' dir='ltr'><strong>ad</strong></span> <span class='ocrx_word' id='word_1_216' title='bbox 890 2866 988 2905; x_wconf 92' lang='lat' dir='ltr'><strong>nos</strong></span> <span class='ocrx_word' id='word_1_217' title='bbox 1027 2852 1271 2920; x_wconf 84' lang='lat' dir='ltr'><strong>pervenit</strong></span> <span class='ocrx_word' id='word_1_218' title='bbox 1316 2861 1369 2906; x_wconf 77' lang='lat' dir='ltr'><strong>et</strong></span> <span class='ocrx_word' id='word_1_219' title='bbox 1408 2851 1459 2904; x_wconf 92' lang='lat' dir='ltr'><strong>in</strong></span> <span class='ocrx_word' id='word_1_220' title='bbox 1511 2850 1721 2907; x_wconf 88' lang='lat' dir='ltr'><strong>duobus</strong></span> 
     </span>
    </p>
   </div>
   <div class='ocr_carea' id='block_1_31' title="bbox 179 2931 1718 3011">
    <p class='ocr_par' dir='ltr' id='par_1_31' title="bbox 179 2931 1718 3011">
     <span class='ocr_line' id='line_1_31' title="bbox 179 2931 1718 3011; baseline 0.002 -16"><span class='ocrx_word' id='word_1_221' title='bbox 179 2942 223 2995; x_wconf 91' lang='lat' dir='ltr'><strong>S.</strong></span> <span class='ocrx_word' id='word_1_222' title='bbox 256 2942 463 2997; x_wconf 72' lang='lat' dir='ltr'><strong>Victoris</strong></span> <span class='ocrx_word' id='word_1_223' title='bbox 506 2931 654 2997; x_wconf 52' lang='lat' dir='ltr'><strong>CC&#39;6</strong></span> <span class='ocrx_word' id='word_1_224' title='bbox 687 2952 740 2998; x_wconf 93' lang='lat' dir='ltr'><strong>et</strong></span> <span class='ocrx_word' id='word_1_225' title='bbox 771 2942 857 2996; x_wconf 89' lang='lat' dir='ltr'><strong>DD</strong></span> <span class='ocrx_word' id='word_1_226' title='bbox 891 2958 948 3007; x_wconf 86' lang='grc' dir='ltr'>ιι,</span> <span class='ocrx_word' id='word_1_227' title='bbox 984 2943 1168 2997; x_wconf 87' lang='lat' dir='ltr'><strong>titulus</strong></span> <span class='ocrx_word' id='word_1_228' title='bbox 1197 2953 1315 2998; x_wconf 88' lang='lat' dir='ltr'><strong>est:</strong></span> <span class='ocrx_word' id='word_1_229' title='bbox 1348 2942 1615 3011; x_wconf 72' lang='lat' dir='ltr'><strong>Expositio</strong></span> <span class='ocrx_word' id='word_1_230' title='bbox 1658 2942 1718 2998; x_wconf 87' lang='lat' dir='ltr'><strong>S.</strong></span> 
     </span>
    </p>
   </div>
   <div class='ocr_carea' id='block_1_32' title="bbox 176 3034 1724 3105">
    <p class='ocr_par' dir='ltr' id='par_1_32' title="bbox 176 3034 1724 3105">
     <span class='ocr_line' id='line_1_32' title="bbox 176 3034 1724 3105; baseline 0.002 -19"><span class='ocrx_word' id='word_1_231' title='bbox 176 3036 415 3103; x_wconf 78' lang='lat' dir='ltr'><strong>Augustini</strong></span> <span class='ocrx_word' id='word_1_232' title='bbox 433 3036 494 3087; x_wconf 83' lang='lat' dir='ltr'><strong>de</strong></span> <span class='ocrx_word' id='word_1_233' title='bbox 512 3036 708 3105; x_wconf 84' lang='lat' dir='ltr'><strong>psalmo</strong></span> <span class='ocrx_word' id='word_1_234' title='bbox 742 3050 872 3090; x_wconf 72' lang='grc' dir='ltr'>χχιι.</span> <span class='ocrx_word' id='word_1_235' title='bbox 908 3038 1079 3104; x_wconf 88' lang='lat' dir='ltr'><strong>Atque</strong></span> <span class='ocrx_word' id='word_1_236' title='bbox 1105 3036 1155 3089; x_wconf 91' lang='lat' dir='ltr'><strong>in</strong></span> <span class='ocrx_word' id='word_1_237' title='bbox 1189 3034 1272 3089; x_wconf 91' lang='lat' dir='ltr'><strong>his</strong></span> <span class='ocrx_word' id='word_1_238' title='bbox 1296 3036 1541 3089; x_wconf 88' lang='lat' dir='ltr'><strong>omnibus</strong></span> <span class='ocrx_word' id='word_1_239' title='bbox 1568 3034 1724 3089; x_wconf 86' lang='lat' dir='ltr'><strong>libris</strong></span> 
     </span>
    </p>
   </div>
   <div class='ocr_carea' id='block_1_33' title="bbox 172 3125 1720 3197">
    <p class='ocr_par' dir='ltr' id='par_1_33' title="bbox 172 3125 1720 3197">
     <span class='ocr_line' id='line_1_33' title="bbox 172 3125 1720 3197; baseline -0.001 -18"><span class='ocrx_word' id='word_1_240' title='bbox 172 3125 381 3180; x_wconf 84' lang='lat' dir='ltr'><strong>insertus</strong></span> <span class='ocrx_word' id='word_1_241' title='bbox 412 3135 511 3191; x_wconf 89' lang='lat' dir='ltr'><strong>est,</strong></span> <span class='ocrx_word' id='word_1_242' title='bbox 559 3136 809 3197; x_wconf 85' lang='lat' dir='ltr'><strong>tanquam</strong></span> <span class='ocrx_word' id='word_1_243' title='bbox 846 3126 1035 3181; x_wconf 92' lang='lat' dir='ltr'><strong>eodem</strong></span> <span class='ocrx_word' id='word_1_244' title='bbox 1081 3136 1351 3195; x_wconf 86' lang='lat' dir='ltr'><strong>spectans,</strong></span> <span class='ocrx_word' id='word_1_245' title='bbox 1392 3126 1619 3182; x_wconf 89' lang='lat' dir='ltr'><strong>diversis</strong></span> <span class='ocrx_word' id='word_1_246' title='bbox 1661 3126 1720 3181; x_wconf 91' lang='lat' dir='ltr'><strong>S.</strong></span> 
     </span>
    </p>
   </div>
   <div class='ocr_carea' id='block_1_34' title="bbox 1806 540 3383 625">
    <p class='ocr_par' dir='ltr' id='par_1_34' title="bbox 1806 540 3383 625">
     <span class='ocr_line' id='line_1_34' title="bbox 1806 540 3383 625; baseline -0.011 -15"><span class='ocrx_word' id='word_1_247' title='bbox 1806 557 2018 625; x_wconf 84' lang='lat' dir='ltr'><strong>peribus</strong></span> <span class='ocrx_word' id='word_1_248' title='bbox 2056 562 2320 621; x_wconf 85' lang='lat' dir='ltr'><strong>erogarat.</strong></span> <span class='ocrx_word' id='word_1_249' title='bbox 2364 551 2440 606; x_wconf 83' lang='lat' dir='ltr'><strong>Ac</strong></span> <span class='ocrx_word' id='word_1_250' title='bbox 2477 562 2628 606; x_wconf 87' lang='lat' dir='ltr'><strong>vetus</strong></span> <span class='ocrx_word' id='word_1_251' title='bbox 2670 562 2798 603; x_wconf 91' lang='lat' dir='ltr'><strong>sane</strong></span> <span class='ocrx_word' id='word_1_252' title='bbox 2829 547 2926 600; x_wconf 88' lang='lat' dir='ltr'><strong>ista</strong></span> <span class='ocrx_word' id='word_1_253' title='bbox 2956 542 3218 599; x_wconf 83' lang='lat' dir='ltr'><strong>conlusio.</strong></span> <span class='ocrx_word' id='word_1_254' title='bbox 3251 540 3383 594; x_wconf 81' lang='lat' dir='ltr'><strong>Nam</strong></span> 
     </span>
    </p>
   </div>
   <div class='ocr_carea' id='block_1_35' title="bbox 1805 630 3387 711">
    <p class='ocr_par' dir='ltr' id='par_1_35' title="bbox 1805 630 3387 711">
     <span class='ocr_line' id='line_1_35' title="bbox 1805 630 3387 711; baseline -0.009 -12"><span class='ocrx_word' id='word_1_255' title='bbox 1805 656 1858 699; x_wconf 85' lang='lat' dir='ltr'><strong>et</strong></span> <span class='ocrx_word' id='word_1_256' title='bbox 1887 661 2067 700; x_wconf 82' lang='lat' dir='ltr'><strong>sermo</strong></span> <span class='ocrx_word' id='word_1_257' title='bbox 2098 645 2185 698; x_wconf 94' lang='lat' dir='ltr'><strong>ille</strong></span> <span class='ocrx_word' id='word_1_258' title='bbox 2211 645 2278 699; x_wconf 87' lang='lat'><strong>50</strong></span> <span class='ocrx_word' id='word_1_259' title='bbox 2302 644 2353 697; x_wconf 93' lang='lat' dir='ltr'><strong>in</strong></span> <span class='ocrx_word' id='word_1_260' title='bbox 2379 640 2754 711; x_wconf 77' lang='lat' dir='ltr'><strong>manuscriptis</strong></span> <span class='ocrx_word' id='word_1_261' title='bbox 2776 637 2908 693; x_wconf 88' lang='lat' dir='ltr'><strong>nihil</strong></span> <span class='ocrx_word' id='word_1_262' title='bbox 2928 637 3197 705; x_wconf 88' lang='lat' dir='ltr'><strong>discrepat</strong></span> <span class='ocrx_word' id='word_1_263' title='bbox 3221 648 3248 686; x_wconf 93' lang='lat' dir='ltr'><strong>a</strong></span> <span class='ocrx_word' id='word_1_264' title='bbox 3271 630 3387 685; x_wconf 86' lang='lat' dir='ltr'><strong>vul—</strong></span> 
     </span>
    </p>
   </div>
   <div class='ocr_carea' id='block_1_36' title="bbox 1806 722 3389 805">
    <p class='ocr_par' dir='ltr' id='par_1_36' title="bbox 1806 722 3389 805">
     <span class='ocr_line' id='line_1_36' title="bbox 1806 722 3389 805; baseline -0.007 -15"><span class='ocrx_word' id='word_1_265' title='bbox 1806 738 1961 805; x_wconf 65' lang='lat' dir='ltr'><strong>gatis.</strong></span> <span class='ocrx_word' id='word_1_266' title='bbox 1981 746 2034 792; x_wconf 94' lang='lat' dir='ltr'><strong>et</strong></span> <span class='ocrx_word' id='word_1_267' title='bbox 2061 736 2200 788; x_wconf 91' lang='lat' dir='ltr'><strong>hunc</strong></span> <span class='ocrx_word' id='word_1_268' title='bbox 2223 746 2462 788; x_wconf 90' lang='lat' dir='ltr'><strong>nostrum</strong></span> <span class='ocrx_word' id='word_1_269' title='bbox 2489 722 2720 787; x_wconf 85' lang='lat' dir='ltr'><strong>lideliter</strong></span> <span class='ocrx_word' id='word_1_270' title='bbox 2737 728 3098 800; x_wconf 81' lang='lat' dir='ltr'><strong>expressimus</strong></span> <span class='ocrx_word' id='word_1_271' title='bbox 3114 742 3178 780; x_wconf 81' lang='lat' dir='ltr'><strong>ex</strong></span> <span class='ocrx_word' id='word_1_272' title='bbox 3203 723 3389 779; x_wconf 82' lang='lat' dir='ltr'><strong>codice</strong></span> 
     </span>
    </p>
   </div>
   <div class='ocr_carea' id='block_1_37' title="bbox 1808 823 3011 895">
    <p class='ocr_par' dir='ltr' id='par_1_37' title="bbox 1808 823 3011 895">
     <span class='ocr_line' id='line_1_37' title="bbox 1808 823 3011 895; baseline -0.006 -11"><span class='ocrx_word' id='word_1_273' title='bbox 1808 830 1972 895; x_wconf 80' lang='lat' dir='ltr'><strong>Regio</strong></span> <span class='ocrx_word' id='word_1_274' title='bbox 2002 836 2055 882; x_wconf 90' lang='lat' dir='ltr'><strong>et</strong></span> <span class='ocrx_word' id='word_1_275' title='bbox 2082 828 2249 882; x_wconf 89' lang='lat' dir='ltr'><strong>altero</strong></span> <span class='ocrx_word' id='word_1_276' title='bbox 2280 826 2341 885; x_wconf 89' lang='lat' dir='ltr'><strong>S.</strong></span> <span class='ocrx_word' id='word_1_277' title='bbox 2370 825 2596 880; x_wconf 82' lang='lat' dir='ltr'><strong>Victoris</strong></span> <span class='ocrx_word' id='word_1_278' title='bbox 2625 825 2713 878; x_wconf 88' lang='lat' dir='ltr'><strong>DD</strong></span> <span class='ocrx_word' id='word_1_279' title='bbox 2746 823 2831 878; x_wconf 62' lang='grc' dir='ltr'><strong>ιε.</strong></span> <span class='ocrx_word' id='word_1_280' title='bbox 2860 823 3011 877; x_wconf 71' lang='lat' dir='ltr'><strong>Inest.</strong></span> 
     </span>
    </p>
   </div>
   <div class='ocr_carea' id='block_1_38' title="bbox 1818 907 3389 991">
    <p class='ocr_par' dir='ltr' id='par_1_38' title="bbox 1818 907 3389 991">
     <span class='ocr_line' id='line_1_38' title="bbox 1818 907 3389 991; baseline -0.01 -13"><span class='ocrx_word' id='word_1_281' title='bbox 1818 932 1821 935; x_wconf 73' lang='lat'><strong><em>&#39;</em></strong></span> <span class='ocrx_word' id='word_1_282' title='bbox 1881 920 1908 991; x_wconf 63' lang='grc' dir='ltr'>ᾗ</span> <span class='ocrx_word' id='word_1_283' title='bbox 1942 923 1995 977; x_wconf 79' lang='grc'><strong>5.</strong></span> <span class='ocrx_word' id='word_1_284' title='bbox 2041 920 2167 974; x_wconf 82' lang='lat' dir='ltr'><strong>Cum</strong></span> <span class='ocrx_word' id='word_1_285' title='bbox 2198 919 2445 983; x_wconf 88' lang='lat' dir='ltr'><strong>solidum,</strong></span> <span class='ocrx_word' id='word_1_286' title='bbox 2476 927 2529 970; x_wconf 92' lang='lat' dir='ltr'><strong>ut</strong></span> <span class='ocrx_word' id='word_1_287' title='bbox 2560 917 2777 978; x_wconf 81' lang='lat' dir='ltr'><strong>assolet,</strong></span> <span class='ocrx_word' id='word_1_288' title='bbox 2811 908 3162 981; x_wconf 83' lang='lat' dir='ltr'><strong>vendidisset.]</strong></span> <span class='ocrx_word' id='word_1_289' title='bbox 3194 907 3389 976; x_wconf 72' lang='lat' dir='ltr'><strong>Quanti</strong></span> 
     </span>
    </p>
   </div>
   <div class='ocr_carea' id='block_1_39' title="bbox 1806 1000 3393 1067">
    <p class='ocr_par' dir='ltr' id='par_1_39' title="bbox 1806 1000 3393 1067">
     <span class='ocr_line' id='line_1_39' title="bbox 1806 1000 3393 1067; baseline -0.008 -2"><span class='ocrx_word' id='word_1_290' title='bbox 1806 1011 2034 1067; x_wconf 90' lang='lat' dir='ltr'><strong>solidum</strong></span> <span class='ocrx_word' id='word_1_291' title='bbox 2064 1026 2285 1065; x_wconf 88' lang='lat' dir='ltr'><strong>aureum</strong></span> <span class='ocrx_word' id='word_1_292' title='bbox 2308 1008 2605 1065; x_wconf 85' lang='lat' dir='ltr'><strong>vendiderit</strong></span> <span class='ocrx_word' id='word_1_293' title='bbox 2626 1022 2733 1061; x_wconf 92' lang='lat' dir='ltr'><strong>non</strong></span> <span class='ocrx_word' id='word_1_294' title='bbox 2753 1005 3021 1067; x_wconf 87' lang='lat' dir='ltr'><strong>declarat;</strong></span> <span class='ocrx_word' id='word_1_295' title='bbox 3052 1000 3274 1067; x_wconf 87' lang='lat' dir='ltr'><strong>intelligi</strong></span> <span class='ocrx_word' id='word_1_296' title='bbox 3299 1013 3393 1053; x_wconf 87' lang='lat' dir='ltr'><strong>au-</strong></span> 
     </span>
    </p>
   </div>
   <div class='ocr_carea' id='block_1_40' title="bbox 1810 1090 3389 1171">
    <p class='ocr_par' dir='ltr' id='par_1_40' title="bbox 1810 1090 3389 1171">
     <span class='ocr_line' id='line_1_40' title="bbox 1810 1090 3389 1171; baseline -0.008 -14"><span class='ocrx_word' id='word_1_297' title='bbox 1810 1113 1917 1157; x_wconf 89' lang='lat' dir='ltr'><strong>tem</strong></span> <span class='ocrx_word' id='word_1_298' title='bbox 1950 1111 2126 1171; x_wconf 86' lang='lat' dir='ltr'><strong>potest</strong></span> <span class='ocrx_word' id='word_1_299' title='bbox 2164 1118 2227 1155; x_wconf 81' lang='lat' dir='ltr'><strong>ex</strong></span> <span class='ocrx_word' id='word_1_300' title='bbox 2261 1100 2470 1155; x_wconf 89' lang='lat' dir='ltr'><strong>novella</strong></span> <span class='ocrx_word' id='word_1_301' title='bbox 2507 1098 2857 1153; x_wconf 86' lang='lat' dir='ltr'><strong>Valentiniani</strong></span> <span class='ocrx_word' id='word_1_302' title='bbox 2881 1096 2953 1149; x_wconf 69' lang='grc'>25</span> <span class='ocrx_word' id='word_1_303' title='bbox 2978 1096 3117 1148; x_wconf 89' lang='lat' dir='ltr'><strong>inter</strong></span> <span class='ocrx_word' id='word_1_304' title='bbox 3146 1090 3389 1145; x_wconf 87' lang='lat' dir='ltr'><strong>Theodo-</strong></span> 
     </span>
    </p>
   </div>
   <div class='ocr_carea' id='block_1_41' title="bbox 1809 1183 3393 1263">
    <p class='ocr_par' dir='ltr' id='par_1_41' title="bbox 1809 1183 3393 1263">
     <span class='ocr_line' id='line_1_41' title="bbox 1809 1183 3393 1263; baseline -0.008 -15"><span class='ocrx_word' id='word_1_305' title='bbox 1809 1196 2005 1259; x_wconf 87' lang='lat' dir='ltr'><strong>sianas,</strong></span> <span class='ocrx_word' id='word_1_306' title='bbox 2033 1209 2135 1263; x_wconf 87' lang='lat' dir='ltr'><strong>qua</strong></span> <span class='ocrx_word' id='word_1_307' title='bbox 2159 1207 2374 1247; x_wconf 89' lang='lat' dir='ltr'><strong>cautum</strong></span> <span class='ocrx_word' id='word_1_308' title='bbox 2405 1202 2507 1257; x_wconf 90' lang='lat' dir='ltr'><strong>est,</strong></span> <span class='ocrx_word' id='word_1_309' title='bbox 2533 1208 2596 1245; x_wconf 90' lang='lat' dir='ltr'><strong>ne</strong></span> <span class='ocrx_word' id='word_1_310' title='bbox 2622 1206 2846 1259; x_wconf 85' lang='lat' dir='ltr'><strong>unquam</strong></span> <span class='ocrx_word' id='word_1_311' title='bbox 2868 1190 3001 1241; x_wconf 85' lang='lat' dir='ltr'><strong>intra</strong></span> <span class='ocrx_word' id='word_1_312' title='bbox 3022 1193 3209 1256; x_wconf 81' lang='lat' dir='ltr'><strong>septem</strong></span> <span class='ocrx_word' id='word_1_313' title='bbox 3231 1183 3393 1236; x_wconf 82' lang='lat' dir='ltr'><strong>millia</strong></span> 
     </span>
    </p>
   </div>
   <div class='ocr_carea' id='block_1_42' title="bbox 1811 1277 3393 1343">
    <p class='ocr_par' dir='ltr' id='par_1_42' title="bbox 1811 1277 3393 1343">
     <span class='ocr_line' id='line_1_42' title="bbox 1811 1277 3393 1343; baseline -0.008 0"><span class='ocrx_word' id='word_1_314' title='bbox 1811 1305 2131 1343; x_wconf 88' lang='lat' dir='ltr'><strong>nummormn</strong></span> <span class='ocrx_word' id='word_1_315' title='bbox 2167 1288 2362 1341; x_wconf 86' lang='lat' dir='ltr'><strong>solidus</strong></span> <span class='ocrx_word' id='word_1_316' title='bbox 2391 1284 2723 1340; x_wconf 77' lang='lat' dir='ltr'><strong>distrahatur.</strong></span> <span class='ocrx_word' id='word_1_317' title='bbox 2757 1281 3106 1338; x_wconf 84' lang='lat' dir='ltr'><strong>Cassiodorus</strong></span> <span class='ocrx_word' id='word_1_318' title='bbox 3134 1296 3225 1333; x_wconf 87' lang='lat' dir='ltr'><strong>sex</strong></span> <span class='ocrx_word' id='word_1_319' title='bbox 3265 1277 3393 1332; x_wconf 89' lang='lat' dir='ltr'><strong>olitn</strong></span> 
     </span>
    </p>
   </div>
   <div class='ocr_carea' id='block_1_43' title="bbox 1811 1370 3392 1442">
    <p class='ocr_par' dir='ltr' id='par_1_43' title="bbox 1811 1370 3392 1442">
     <span class='ocr_line' id='line_1_43' title="bbox 1811 1370 3392 1442; baseline -0.009 -5"><span class='ocrx_word' id='word_1_320' title='bbox 1811 1382 2047 1437; x_wconf 85' lang='lat' dir='ltr'><strong>millibus</strong></span> <span class='ocrx_word' id='word_1_321' title='bbox 2063 1380 2333 1435; x_wconf 87' lang='lat' dir='ltr'><strong>venditum</strong></span> <span class='ocrx_word' id='word_1_322' title='bbox 2352 1379 2509 1433; x_wconf 85' lang='lat' dir='ltr'><strong>docet</strong></span> <span class='ocrx_word' id='word_1_323' title='bbox 2526 1378 2620 1431; x_wconf 91' lang='lat' dir='ltr'><strong>lib.</strong></span> <span class='ocrx_word' id='word_1_324' title='bbox 2638 1393 2651 1430; x_wconf 93' lang='grc' dir='ltr'><strong>ι</strong></span> <span class='ocrx_word' id='word_1_325' title='bbox 2668 1374 2969 1437; x_wconf 81' lang='lat' dir='ltr'><strong>Variarum,</strong></span> <span class='ocrx_word' id='word_1_326' title='bbox 2989 1372 3144 1442; x_wconf 91' lang='lat' dir='ltr'><strong>epist.</strong></span> <span class='ocrx_word' id='word_1_327' title='bbox 3164 1371 3249 1432; x_wconf 82' lang='lat' dir='ltr'><strong>l0,</strong></span> <span class='ocrx_word' id='word_1_328' title='bbox 3268 1370 3392 1436; x_wconf 77' lang='lat' dir='ltr'><strong>Sex,</strong></span> 
     </span>
    </p>
   </div>
   <div class='ocr_carea' id='block_1_44' title="bbox 1814 1460 3393 1540">
    <p class='ocr_par' dir='ltr' id='par_1_44' title="bbox 1814 1460 3393 1540">
     <span class='ocr_line' id='line_1_44' title="bbox 1814 1460 3393 1540; baseline -0.009 -13"><span class='ocrx_word' id='word_1_329' title='bbox 1814 1472 2009 1540; x_wconf 87' lang='lat' dir='ltr'><strong>inquit,</strong></span> <span class='ocrx_word' id='word_1_330' title='bbox 2035 1471 2202 1525; x_wconf 87' lang='lat' dir='ltr'><strong>millia</strong></span> <span class='ocrx_word' id='word_1_331' title='bbox 2223 1471 2551 1524; x_wconf 86' lang='lat' dir='ltr'><strong>denariorum</strong></span> <span class='ocrx_word' id='word_1_332' title='bbox 2568 1468 2794 1523; x_wconf 84' lang='lat' dir='ltr'><strong>solidum</strong></span> <span class='ocrx_word' id='word_1_333' title='bbox 2810 1482 2914 1521; x_wconf 83' lang='lat' dir='ltr'><strong>esse</strong></span> <span class='ocrx_word' id='word_1_334' title='bbox 2934 1463 3220 1519; x_wconf 80' lang='lat' dir='ltr'><strong>voluerunt.</strong></span> <span class='ocrx_word' id='word_1_335' title='bbox 3242 1460 3393 1515; x_wconf 74' lang='lat' dir='ltr'><strong>lusu.</strong></span> 
     </span>
    </p>
   </div>
   <div class='ocr_carea' id='block_1_45' title="bbox 1887 1552 3399 1632">
    <p class='ocr_par' dir='ltr' id='par_1_45' title="bbox 1887 1552 3399 1632">
     <span class='ocr_line' id='line_1_45' title="bbox 1887 1552 3399 1632; baseline -0.007 -16"><span class='ocrx_word' id='word_1_336' title='bbox 1887 1565 2019 1619; x_wconf 91' lang='lat' dir='ltr'><strong>Ibid.</strong></span> <span class='ocrx_word' id='word_1_337' title='bbox 2054 1566 2262 1617; x_wconf 83' lang='lat' dir='ltr'><strong>Centum</strong></span> <span class='ocrx_word' id='word_1_338' title='bbox 2286 1563 2433 1632; x_wconf 78' lang='lat' dir='ltr'><strong>folles</strong></span> <span class='ocrx_word' id='word_1_339' title='bbox 2460 1578 2521 1616; x_wconf 72' lang='lat' dir='ltr'><strong>ex</strong></span> <span class='ocrx_word' id='word_1_340' title='bbox 2552 1562 2710 1632; x_wconf 87' lang='lat' dir='ltr'><strong>pretio</strong></span> <span class='ocrx_word' id='word_1_341' title='bbox 2739 1560 2892 1614; x_wconf 86' lang='lat' dir='ltr'><strong>solidi</strong></span> <span class='ocrx_word' id='word_1_342' title='bbox 2919 1555 3226 1629; x_wconf 85' lang='lat' dir='ltr'><strong>pauperibus</strong></span> <span class='ocrx_word' id='word_1_343' title='bbox 3238 1552 3399 1626; x_wconf 82' lang='lat' dir='ltr'><strong>jussit</strong></span> 
     </span>
    </p>
   </div>
   <div class='ocr_carea' id='block_1_46' title="bbox 1813 1643 3399 1731">
    <p class='ocr_par' dir='ltr' id='par_1_46' title="bbox 1813 1643 3399 1731">
     <span class='ocr_line' id='line_1_46' title="bbox 1813 1643 3399 1731; baseline -0.008 -20"><span class='ocrx_word' id='word_1_344' title='bbox 1813 1656 2056 1728; x_wconf 57' lang='grc' dir='ltr'><strong>πομπή]</strong></span> <span class='ocrx_word' id='word_1_345' title='bbox 2082 1658 2255 1711; x_wconf 79' lang='lat' dir='ltr'><strong>Folles</strong></span> <span class='ocrx_word' id='word_1_346' title='bbox 2286 1670 2456 1711; x_wconf 66' lang='lat' dir='ltr'><strong>aereos</strong></span> <span class='ocrx_word' id='word_1_347' title='bbox 2484 1655 2633 1717; x_wconf 85' lang='lat' dir='ltr'><strong>dicit,</strong></span> <span class='ocrx_word' id='word_1_348' title='bbox 2665 1669 2771 1707; x_wconf 91' lang='lat' dir='ltr'><strong>non</strong></span> <span class='ocrx_word' id='word_1_349' title='bbox 2798 1661 3102 1721; x_wconf 89' lang='lat' dir='ltr'><strong>argenteus.</strong></span> <span class='ocrx_word' id='word_1_350' title='bbox 3128 1643 3399 1731; x_wconf 21' lang='lat' dir='ltr'><strong>\Argentei</strong></span> 
     </span>
    </p>
   </div>
   <div class='ocr_carea' id='block_1_47' title="bbox 1815 1738 3400 1818">
    <p class='ocr_par' dir='ltr' id='par_1_47' title="bbox 1815 1738 3400 1818">
     <span class='ocr_line' id='line_1_47' title="bbox 1815 1738 3400 1818; baseline -0.008 -12"><span class='ocrx_word' id='word_1_351' title='bbox 1815 1752 1956 1806; x_wconf 92' lang='lat' dir='ltr'><strong>enim</strong></span> <span class='ocrx_word' id='word_1_352' title='bbox 1983 1751 2143 1805; x_wconf 82' lang='lat' dir='ltr'><strong>folles</strong></span> <span class='ocrx_word' id='word_1_353' title='bbox 2170 1760 2381 1805; x_wconf 91' lang='lat' dir='ltr'><strong>centum</strong></span> <span class='ocrx_word' id='word_1_354' title='bbox 2415 1763 2540 1818; x_wconf 91' lang='lat' dir='ltr'><strong>pars</strong></span> <span class='ocrx_word' id='word_1_355' title='bbox 2567 1747 2721 1801; x_wconf 89' lang='lat' dir='ltr'><strong>solidi</strong></span> <span class='ocrx_word' id='word_1_356' title='bbox 2751 1747 2942 1815; x_wconf 75' lang='lat' dir='ltr'><strong>exigua</strong></span> <span class='ocrx_word' id='word_1_357' title='bbox 2975 1759 3078 1797; x_wconf 91' lang='lat' dir='ltr'><strong>non</strong></span> <span class='ocrx_word' id='word_1_358' title='bbox 3103 1749 3305 1796; x_wconf 90' lang='lat' dir='ltr'><strong>essent.</strong></span> <span class='ocrx_word' id='word_1_359' title='bbox 3329 1738 3400 1794; x_wconf 88' lang='lat' dir='ltr'><strong>Ut</strong></span> 
     </span>
    </p>
   </div>
   <div class='ocr_carea' id='block_1_48' title="bbox 1738 1839 3393 1913">
    <p class='ocr_par' dir='ltr' id='par_1_48' title="bbox 1738 1839 3393 1913">
     <span class='ocr_line' id='line_1_48' title="bbox 1738 1839 3393 1913; baseline -0.008 -14"><span class='ocrx_word' id='word_1_360' title='bbox 1738 1839 1783 1899; x_wconf 88' lang='grc' dir='ltr'><strong>Β</strong></span> <span class='ocrx_word' id='word_1_361' title='bbox 1814 1845 2063 1899; x_wconf 85' lang='lat' dir='ltr'><strong>denarios</strong></span> <span class='ocrx_word' id='word_1_362' title='bbox 2086 1859 2215 1913; x_wconf 85' lang='lat' dir='ltr'><strong>ergo</strong></span> <span class='ocrx_word' id='word_1_363' title='bbox 2238 1842 2577 1913; x_wconf 90' lang='lat' dir='ltr'><strong>appellabant</strong></span> <span class='ocrx_word' id='word_1_364' title='bbox 2600 1850 2709 1895; x_wconf 92' lang='lat' dir='ltr'><strong>tum</strong></span> <span class='ocrx_word' id='word_1_365' title='bbox 2733 1850 3036 1910; x_wconf 90' lang='lat' dir='ltr'><strong>argenteos,</strong></span> <span class='ocrx_word' id='word_1_366' title='bbox 3058 1846 3166 1891; x_wconf 89' lang='lat' dir='ltr'><strong>tum</strong></span> <span class='ocrx_word' id='word_1_367' title='bbox 3190 1848 3393 1890; x_wconf 65' lang='lat' dir='ltr'><strong>aereos:</strong></span> 
     </span>
    </p>
   </div>
   <div class='ocr_carea' id='block_1_49' title="bbox 1818 1926 3401 2007">
    <p class='ocr_par' dir='ltr' id='par_1_49' title="bbox 1818 1926 3401 2007">
     <span class='ocr_line' id='line_1_49' title="bbox 1818 1926 3401 2007; baseline -0.007 -17"><span class='ocrx_word' id='word_1_368' title='bbox 1818 1938 1897 1990; x_wconf 88' lang='lat' dir='ltr'><strong>sic</strong></span> <span class='ocrx_word' id='word_1_369' title='bbox 1950 1938 2103 2007; x_wconf 80' lang='lat' dir='ltr'><strong>folles</strong></span> <span class='ocrx_word' id='word_1_370' title='bbox 2148 1934 2387 2005; x_wconf 89' lang='lat' dir='ltr'><strong>argentei</strong></span> <span class='ocrx_word' id='word_1_371' title='bbox 2429 1933 2519 1989; x_wconf 90' lang='lat' dir='ltr'><strong>alii</strong></span> <span class='ocrx_word' id='word_1_372' title='bbox 2571 1933 2805 1996; x_wconf 81' lang='lat' dir='ltr'><strong>fuerunt,</strong></span> <span class='ocrx_word' id='word_1_373' title='bbox 2848 1931 2934 1985; x_wconf 90' lang='lat' dir='ltr'><strong>alii</strong></span> <span class='ocrx_word' id='word_1_374' title='bbox 2977 1929 3126 1985; x_wconf 67' lang='lat' dir='ltr'><strong>terei.</strong></span> <span class='ocrx_word' id='word_1_375' title='bbox 3172 1926 3401 1983; x_wconf 87' lang='lat' dir='ltr'><strong>Follium</strong></span> 
     </span>
    </p>
   </div>
   <div class='ocr_carea' id='block_1_50' title="bbox 1818 2016 3404 2084">
    <p class='ocr_par' dir='ltr' id='par_1_50' title="bbox 1818 2016 3404 2084">
     <span class='ocr_line' id='line_1_50' title="bbox 1818 2016 3404 2084; baseline -0.009 0"><span class='ocrx_word' id='word_1_376' title='bbox 1818 2044 2079 2084; x_wconf 79' lang='lat' dir='ltr'><strong>:ereorum</strong></span> <span class='ocrx_word' id='word_1_377' title='bbox 2107 2028 2259 2081; x_wconf 90' lang='lat' dir='ltr'><strong>valor</strong></span> <span class='ocrx_word' id='word_1_378' title='bbox 2289 2034 2381 2080; x_wconf 90' lang='lat' dir='ltr'><strong>aut</strong></span> <span class='ocrx_word' id='word_1_379' title='bbox 2410 2024 2548 2079; x_wconf 91' lang='lat' dir='ltr'><strong>idem</strong></span> <span class='ocrx_word' id='word_1_380' title='bbox 2581 2025 2677 2077; x_wconf 80' lang='lat' dir='ltr'><strong>fuit</strong></span> <span class='ocrx_word' id='word_1_381' title='bbox 2719 2038 2781 2077; x_wconf 92' lang='lat' dir='ltr'><strong>ac</strong></span> <span class='ocrx_word' id='word_1_382' title='bbox 2821 2034 3155 2077; x_wconf 90' lang='lat' dir='ltr'><strong>nummorum</strong></span> <span class='ocrx_word' id='word_1_383' title='bbox 3187 2032 3278 2072; x_wconf 80' lang='lat' dir='ltr'><strong>seu</strong></span> <span class='ocrx_word' id='word_1_384' title='bbox 3308 2016 3404 2070; x_wconf 81' lang='lat' dir='ltr'><strong>de-</strong></span> 
     </span>
    </p>
   </div>
   <div class='ocr_carea' id='block_1_51' title="bbox 1818 2111 3404 2191">
    <p class='ocr_par' dir='ltr' id='par_1_51' title="bbox 1818 2111 3404 2191">
     <span class='ocr_line' id='line_1_51' title="bbox 1818 2111 3404 2191; baseline -0.009 -13"><span class='ocrx_word' id='word_1_385' title='bbox 1818 2126 2114 2187; x_wconf 87' lang='lat' dir='ltr'><strong>nariorum,</strong></span> <span class='ocrx_word' id='word_1_386' title='bbox 2142 2135 2367 2191; x_wconf 91' lang='lat' dir='ltr'><strong>quorum</strong></span> <span class='ocrx_word' id='word_1_387' title='bbox 2396 2134 2489 2174; x_wconf 81' lang='lat' dir='ltr'><strong>sex</strong></span> <span class='ocrx_word' id='word_1_388' title='bbox 2515 2119 2788 2188; x_wconf 82' lang='lat' dir='ltr'><strong>septemve</strong></span> <span class='ocrx_word' id='word_1_389' title='bbox 2818 2115 2983 2171; x_wconf 90' lang='lat' dir='ltr'><strong>millia</strong></span> <span class='ocrx_word' id='word_1_390' title='bbox 3008 2115 3061 2168; x_wconf 92' lang='lat' dir='ltr'><strong>in</strong></span> <span class='ocrx_word' id='word_1_391' title='bbox 3082 2111 3252 2168; x_wconf 82' lang='lat' dir='ltr'><strong>solido</strong></span> <span class='ocrx_word' id='word_1_392' title='bbox 3274 2124 3404 2165; x_wconf 89' lang='lat' dir='ltr'><strong>cen-</strong></span> 
     </span>
    </p>
   </div>
   <div class='ocr_carea' id='block_1_52' title="bbox 1819 2202 3406 2280">
    <p class='ocr_par' dir='ltr' id='par_1_52' title="bbox 1819 2202 3406 2280">
     <span class='ocr_line' id='line_1_52' title="bbox 1819 2202 3406 2280; baseline -0.009 -12"><span class='ocrx_word' id='word_1_393' title='bbox 1819 2214 2095 2279; x_wconf 88' lang='lat' dir='ltr'><strong>sebantur,</strong></span> <span class='ocrx_word' id='word_1_394' title='bbox 2125 2220 2219 2266; x_wconf 92' lang='lat' dir='ltr'><strong>aut</strong></span> <span class='ocrx_word' id='word_1_395' title='bbox 2245 2211 2519 2280; x_wconf 92' lang='lat' dir='ltr'><strong>utriusque</strong></span> <span class='ocrx_word' id='word_1_396' title='bbox 2558 2204 2770 2279; x_wconf 83' lang='lat' dir='ltr'><strong>generis</strong></span> <span class='ocrx_word' id='word_1_397' title='bbox 2800 2223 2905 2263; x_wconf 91' lang='lat' dir='ltr'><strong>non</strong></span> <span class='ocrx_word' id='word_1_398' title='bbox 2937 2220 3184 2275; x_wconf 88' lang='lat' dir='ltr'><strong>magnum</strong></span> <span class='ocrx_word' id='word_1_399' title='bbox 3216 2202 3406 2257; x_wconf 84' lang='lat' dir='ltr'><strong>discri-</strong></span> 
     </span>
    </p>
   </div>
   <div class='ocr_carea' id='block_1_53' title="bbox 1820 2296 3406 2372">
    <p class='ocr_par' dir='ltr' id='par_1_53' title="bbox 1820 2296 3406 2372">
     <span class='ocr_line' id='line_1_53' title="bbox 1820 2296 3406 2372; baseline -0.008 -11"><span class='ocrx_word' id='word_1_400' title='bbox 1820 2323 1962 2361; x_wconf 90' lang='lat' dir='ltr'><strong>men.</strong></span> <span class='ocrx_word' id='word_1_401' title='bbox 1989 2306 2165 2361; x_wconf 87' lang='lat' dir='ltr'><strong>Fnlles</strong></span> <span class='ocrx_word' id='word_1_402' title='bbox 2188 2314 2363 2359; x_wconf 89' lang='lat' dir='ltr'><strong>autem</strong></span> <span class='ocrx_word' id='word_1_403' title='bbox 2394 2305 2652 2372; x_wconf 88' lang='lat' dir='ltr'><strong>argentei,</strong></span> <span class='ocrx_word' id='word_1_404' title='bbox 2686 2301 2966 2370; x_wconf 85' lang='lat' dir='ltr'><strong>Augustini</strong></span> <span class='ocrx_word' id='word_1_405' title='bbox 2999 2314 3134 2365; x_wconf 65' lang='lat' dir='ltr'><strong>sevo,</strong></span> <span class='ocrx_word' id='word_1_406' title='bbox 3159 2296 3282 2367; x_wconf 91' lang='lat' dir='ltr'><strong>quid</strong></span> <span class='ocrx_word' id='word_1_407' title='bbox 3311 2310 3406 2349; x_wconf 86' lang='lat' dir='ltr'><strong>va-</strong></span> 
     </span>
    </p>
   </div>
   <div class='ocr_carea' id='block_1_54' title="bbox 1822 2390 3410 2467">
    <p class='ocr_par' dir='ltr' id='par_1_54' title="bbox 1822 2390 3410 2467">
     <span class='ocr_line' id='line_1_54' title="bbox 1822 2390 3410 2467; baseline -0.009 -13"><span class='ocrx_word' id='word_1_408' title='bbox 1822 2400 1994 2455; x_wconf 89' lang='lat' dir='ltr'><strong>lerent</strong></span> <span class='ocrx_word' id='word_1_409' title='bbox 2018 2398 2272 2453; x_wconf 70' lang='lat' dir='ltr'><strong>aaslimari</strong></span> <span class='ocrx_word' id='word_1_410' title='bbox 2296 2406 2471 2467; x_wconf 92' lang='lat' dir='ltr'><strong>potest</strong></span> <span class='ocrx_word' id='word_1_411' title='bbox 2499 2412 2567 2449; x_wconf 75' lang='lat' dir='ltr'><strong>ex</strong></span> <span class='ocrx_word' id='word_1_412' title='bbox 2604 2396 2718 2463; x_wconf 92' lang='lat' dir='ltr'><strong>lege</strong></span> <span class='ocrx_word' id='word_1_413' title='bbox 2748 2395 2783 2447; x_wconf 82' lang='lat'><strong>&#39;5</strong></span> <span class='ocrx_word' id='word_1_414' title='bbox 2802 2392 2921 2447; x_wconf 92' lang='lat' dir='ltr'><strong>cod.</strong></span> <span class='ocrx_word' id='word_1_415' title='bbox 2955 2390 3160 2446; x_wconf 88' lang='lat' dir='ltr'><strong>&#39;I‘heod.</strong></span> <span class='ocrx_word' id='word_1_416' title='bbox 3194 2391 3260 2443; x_wconf 89' lang='lat' dir='ltr'><strong>de</strong></span> <span class='ocrx_word' id='word_1_417' title='bbox 3288 2403 3410 2441; x_wconf 87' lang='lat' dir='ltr'><strong>sua-</strong></span> 
     </span>
    </p>
   </div>
   <div class='ocr_carea' id='block_1_55' title="bbox 1822 2481 3410 2562">
    <p class='ocr_par' dir='ltr' id='par_1_55' title="bbox 1822 2481 3410 2562">
     <span class='ocr_line' id='line_1_55' title="bbox 1822 2481 3410 2562; baseline -0.006 -17"><span class='ocrx_word' id='word_1_418' title='bbox 1822 2492 1940 2557; x_wconf 89' lang='lat' dir='ltr'><strong>riis,</strong></span> <span class='ocrx_word' id='word_1_419' title='bbox 1985 2508 2104 2562; x_wconf 80' lang='lat' dir='ltr'><strong>qua:</strong></span> <span class='ocrx_word' id='word_1_420' title='bbox 2138 2490 2371 2560; x_wconf 73' lang='lat' dir='ltr'><strong>porcina:</strong></span> <span class='ocrx_word' id='word_1_421' title='bbox 2422 2490 2649 2558; x_wconf 86' lang='lat' dir='ltr'><strong>pretium</strong></span> <span class='ocrx_word' id='word_1_422' title='bbox 2696 2488 2749 2542; x_wconf 94' lang='lat' dir='ltr'><strong>in</strong></span> <span class='ocrx_word' id='word_1_423' title='bbox 2781 2486 3015 2555; x_wconf 91' lang='lat' dir='ltr'><strong>singulas</strong></span> <span class='ocrx_word' id='word_1_424' title='bbox 3064 2483 3225 2538; x_wconf 91' lang='lat' dir='ltr'><strong>libras</strong></span> <span class='ocrx_word' id='word_1_425' title='bbox 3264 2481 3410 2536; x_wconf 87' lang='lat' dir='ltr'><strong>senis</strong></span> 
     </span>
    </p>
   </div>
   <div class='ocr_carea' id='block_1_56' title="bbox 1825 2575 3411 2649">
    <p class='ocr_par' dir='ltr' id='par_1_56' title="bbox 1825 2575 3411 2649">
     <span class='ocr_line' id='line_1_56' title="bbox 1825 2575 3411 2649; baseline -0.008 -12"><span class='ocrx_word' id='word_1_426' title='bbox 1825 2584 2042 2637; x_wconf 78' lang='lat' dir='ltr'><strong>follibus</strong></span> <span class='ocrx_word' id='word_1_427' title='bbox 2092 2583 2299 2646; x_wconf 88' lang='lat' dir='ltr'><strong>delinit,</strong></span> <span class='ocrx_word' id='word_1_428' title='bbox 2331 2591 2385 2635; x_wconf 88' lang='lat' dir='ltr'><strong>et</strong></span> <span class='ocrx_word' id='word_1_429' title='bbox 2431 2596 2496 2635; x_wconf 75' lang='lat' dir='ltr'><strong>ex</strong></span> <span class='ocrx_word' id='word_1_430' title='bbox 2547 2580 2612 2634; x_wconf 92' lang='lat' dir='ltr'><strong>iis</strong></span> <span class='ocrx_word' id='word_1_431' title='bbox 2656 2595 2774 2649; x_wconf 83' lang='lat' dir='ltr'><strong>quae</strong></span> <span class='ocrx_word' id='word_1_432' title='bbox 2804 2578 2870 2632; x_wconf 91' lang='lat' dir='ltr'><strong>dc</strong></span> <span class='ocrx_word' id='word_1_433' title='bbox 2902 2575 3175 2631; x_wconf 84' lang='lat' dir='ltr'><strong>Florentio</strong></span> <span class='ocrx_word' id='word_1_434' title='bbox 3204 2583 3411 2627; x_wconf 90' lang='lat' dir='ltr'><strong>sartore</strong></span> 
     </span>
    </p>
   </div>
   <div class='ocr_carea' id='block_1_57' title="bbox 1828 2664 3406 2745">
    <p class='ocr_par' dir='ltr' id='par_1_57' title="bbox 1828 2664 3406 2745">
     <span class='ocr_line' id='line_1_57' title="bbox 1828 2664 3406 2745; baseline -0.008 -15"><span class='ocrx_word' id='word_1_435' title='bbox 1828 2676 2153 2745; x_wconf 88' lang='lat' dir='ltr'><strong>Hipponensi</strong></span> <span class='ocrx_word' id='word_1_436' title='bbox 2179 2676 2439 2729; x_wconf 90' lang='lat' dir='ltr'><strong>habentur</strong></span> <span class='ocrx_word' id='word_1_437' title='bbox 2464 2674 2532 2728; x_wconf 91' lang='lat' dir='ltr'><strong>de</strong></span> <span class='ocrx_word' id='word_1_438' title='bbox 2556 2672 2784 2727; x_wconf 86' lang='lat' dir='ltr'><strong>Civitate</strong></span> <span class='ocrx_word' id='word_1_439' title='bbox 2812 2671 2902 2724; x_wconf 92' lang='lat' dir='ltr'><strong>Dei</strong></span> <span class='ocrx_word' id='word_1_440' title='bbox 2935 2670 3029 2724; x_wconf 92' lang='lat' dir='ltr'><strong>lib.</strong></span> <span class='ocrx_word' id='word_1_441' title='bbox 3054 2682 3185 2732; x_wconf 69' lang='grc' dir='ltr'>χιιι,</span> <span class='ocrx_word' id='word_1_442' title='bbox 3206 2682 3323 2734; x_wconf 90' lang='lat' dir='ltr'><strong>cap.</strong></span> <span class='ocrx_word' id='word_1_443' title='bbox 3349 2664 3406 2730; x_wconf 89' lang='lat'><strong>8,</strong></span> 
     </span>
    </p>
   </div>
   <div class='ocr_carea' id='block_1_58' title="bbox 1828 2758 3412 2836">
    <p class='ocr_par' dir='ltr' id='par_1_58' title="bbox 1828 2758 3412 2836">
     <span class='ocr_line' id='line_1_58' title="bbox 1828 2758 3412 2836; baseline -0.008 -15"><span class='ocrx_word' id='word_1_444' title='bbox 1828 2765 1855 2836; x_wconf 82' lang='lat'><strong>§</strong></span> <span class='ocrx_word' id='word_1_445' title='bbox 1889 2766 1941 2820; x_wconf 79' lang='grc'><strong>9.</strong></span> <span class='ocrx_word' id='word_1_446' title='bbox 1972 2764 2267 2834; x_wconf 89' lang='lat' dir='ltr'><strong>Utrohique</strong></span> <span class='ocrx_word' id='word_1_447' title='bbox 2296 2766 2438 2819; x_wconf 93' lang='lat' dir='ltr'><strong>enim</strong></span> <span class='ocrx_word' id='word_1_448' title='bbox 2466 2777 2764 2832; x_wconf 89' lang='lat' dir='ltr'><strong>congruere</strong></span> <span class='ocrx_word' id='word_1_449' title='bbox 2786 2760 2962 2817; x_wconf 90' lang='lat' dir='ltr'><strong>omnia</strong></span> <span class='ocrx_word' id='word_1_450' title='bbox 2987 2768 3227 2828; x_wconf 89' lang='lat' dir='ltr'><strong>possunt,</strong></span> <span class='ocrx_word' id='word_1_451' title='bbox 3246 2758 3291 2811; x_wconf 92' lang='lat' dir='ltr'><strong>si</strong></span> <span class='ocrx_word' id='word_1_452' title='bbox 3316 2770 3412 2823; x_wconf 89' lang='lat' dir='ltr'><strong>pro</strong></span> 
     </span>
    </p>
   </div>
   <div class='ocr_carea' id='block_1_59' title="bbox 1829 2856 3413 2913">
    <p class='ocr_par' dir='ltr' id='par_1_59' title="bbox 1829 2856 3413 2913">
     <span class='ocr_line' id='line_1_59' title="bbox 1829 2856 3413 2913; baseline -0.004 -4"><span class='ocrx_word' id='word_1_453' title='bbox 1829 2858 2043 2912; x_wconf 80' lang='lat' dir='ltr'><strong>follibus</strong></span> <span class='ocrx_word' id='word_1_454' title='bbox 2074 2872 2221 2912; x_wconf 88' lang='lat' dir='ltr'><strong>asses</strong></span> <span class='ocrx_word' id='word_1_455' title='bbox 2273 2858 2383 2911; x_wconf 86' lang='lat' dir='ltr'><strong>sive</strong></span> <span class='ocrx_word' id='word_1_456' title='bbox 2412 2856 2568 2913; x_wconf 89' lang='lat' dir='ltr'><strong>solidi</strong></span> <span class='ocrx_word' id='word_1_457' title='bbox 2616 2866 2893 2911; x_wconf 79' lang='lat' dir='ltr'><strong>sumantur</strong></span> <span class='ocrx_word' id='word_1_458' title='bbox 2943 2862 3171 2909; x_wconf 74' lang='lat' dir='ltr'><strong>moneta:</strong></span> <span class='ocrx_word' id='word_1_459' title='bbox 3218 2860 3413 2905; x_wconf 79' lang='lat' dir='ltr'><strong>nostra:</strong></span> 
     </span>
    </p>
   </div>
   <div class='ocr_carea' id='block_1_60' title="bbox 1829 2940 3413 3017">
    <p class='ocr_par' dir='ltr' id='par_1_60' title="bbox 1829 2940 3413 3017">
     <span class='ocr_line' id='line_1_60' title="bbox 1829 2940 3413 3017; baseline -0.006 -12"><span class='ocrx_word' id='word_1_460' title='bbox 1829 2942 2145 3005; x_wconf 68' lang='lat' dir='ltr'><strong>Gallicanis.</strong></span> <span class='ocrx_word' id='word_1_461' title='bbox 2169 2949 2301 3004; x_wconf 87' lang='lat' dir='ltr'><strong>Nam</strong></span> <span class='ocrx_word' id='word_1_462' title='bbox 2333 2959 2388 3004; x_wconf 92' lang='lat' dir='ltr'><strong>et</strong></span> <span class='ocrx_word' id='word_1_463' title='bbox 2417 2948 2653 3017; x_wconf 70' lang='lat' dir='ltr'><strong>porcina:</strong></span> <span class='ocrx_word' id='word_1_464' title='bbox 2684 2947 2735 3001; x_wconf 92' lang='lat' dir='ltr'><strong>in</strong></span> <span class='ocrx_word' id='word_1_465' title='bbox 2758 2946 2993 3016; x_wconf 89' lang='lat' dir='ltr'><strong>singulas</strong></span> <span class='ocrx_word' id='word_1_466' title='bbox 3024 2945 3185 2999; x_wconf 90' lang='lat' dir='ltr'><strong>libras</strong></span> <span class='ocrx_word' id='word_1_467' title='bbox 3211 2940 3413 2996; x_wconf 88' lang='lat' dir='ltr'><strong>solido-</strong></span> 
     </span>
    </p>
   </div>
   <div class='ocr_carea' id='block_1_61' title="bbox 1830 3029 3414 3111">
    <p class='ocr_par' dir='ltr' id='par_1_61' title="bbox 1830 3029 3414 3111">
     <span class='ocr_line' id='line_1_61' title="bbox 1830 3029 3414 3111; baseline -0.006 -15"><span class='ocrx_word' id='word_1_468' title='bbox 1830 3058 1946 3096; x_wconf 88' lang='lat' dir='ltr'><strong>rum</strong></span> <span class='ocrx_word' id='word_1_469' title='bbox 1978 3057 2069 3096; x_wconf 79' lang='lat' dir='ltr'><strong>sex</strong></span> <span class='ocrx_word' id='word_1_470' title='bbox 2106 3041 2308 3111; x_wconf 85' lang='lat' dir='ltr'><strong>justum</strong></span> <span class='ocrx_word' id='word_1_471' title='bbox 2340 3040 2501 3095; x_wconf 76' lang='lat' dir='ltr'><strong>fuerit</strong></span> <span class='ocrx_word' id='word_1_472' title='bbox 2547 3039 2797 3109; x_wconf 86' lang='lat' dir='ltr'><strong>pretium,</strong></span> <span class='ocrx_word' id='word_1_473' title='bbox 2832 3047 2885 3091; x_wconf 92' lang='lat' dir='ltr'><strong>et</strong></span> <span class='ocrx_word' id='word_1_474' title='bbox 2933 3029 3187 3104; x_wconf 70' lang='lat' dir='ltr'><strong>grandem&#39;</strong></span> <span class='ocrx_word' id='word_1_475' title='bbox 3214 3033 3414 3102; x_wconf 84' lang='lat' dir='ltr'><strong>piscem</strong></span> 
     </span>
    </p>
   </div>
   <div class='ocr_carea' id='block_1_62' title="bbox 1832 3124 3416 3191">
    <p class='ocr_par' dir='ltr' id='par_1_62' title="bbox 1832 3124 3416 3191">
     <span class='ocr_line' id='line_1_62' title="bbox 1832 3124 3416 3191; baseline -0.007 -2"><span class='ocrx_word' id='word_1_476' title='bbox 1832 3136 2083 3191; x_wconf 89' lang='lat' dir='ltr'><strong>trecentis</strong></span> <span class='ocrx_word' id='word_1_477' title='bbox 2112 3134 2320 3188; x_wconf 90' lang='lat' dir='ltr'><strong>assibus</strong></span> <span class='ocrx_word' id='word_1_478' title='bbox 2351 3133 2550 3187; x_wconf 86' lang='lat' dir='ltr'><strong>nostris</strong></span> <span class='ocrx_word' id='word_1_479' title='bbox 2576 3130 2733 3187; x_wconf 89' lang='lat' dir='ltr'><strong>vendi</strong></span> <span class='ocrx_word' id='word_1_480' title='bbox 2764 3129 2894 3184; x_wconf 90' lang='lat' dir='ltr'><strong>nihil</strong></span> <span class='ocrx_word' id='word_1_481' title='bbox 2923 3138 3008 3183; x_wconf 91' lang='lat' dir='ltr'><strong>est</strong></span> <span class='ocrx_word' id='word_1_482' title='bbox 3036 3124 3271 3181; x_wconf 88' lang='lat' dir='ltr'><strong>absurdi.</strong></span> <span class='ocrx_word' id='word_1_483' title='bbox 3300 3124 3416 3191; x_wconf 87' lang='lat' dir='ltr'><strong>Quo</strong></span> 
     </span>
    </p>
   </div>
   <div class='ocr_carea' id='block_1_63' title="bbox 172 3215 3417 3287">
    <p class='ocr_par' dir='ltr' id='par_1_63' title="bbox 172 3215 3417 3287">
     <span class='ocr_line' id='line_1_63' title="bbox 172 3215 3417 3287; baseline -0.004 -19"><span class='ocrx_word' id='word_1_484' title='bbox 172 3216 427 3283; x_wconf 76' lang='lat' dir='ltr'><strong>Augustini</strong></span> <span class='ocrx_word' id='word_1_485' title='bbox 453 3216 914 3271; x_wconf 87' lang='lat' dir='ltr'><strong>lucubrationibus</strong></span> <span class='ocrx_word' id='word_1_486' title='bbox 943 3226 1128 3272; x_wconf 89' lang='lat' dir='ltr'><strong>contra</strong></span> <span class='ocrx_word' id='word_1_487' title='bbox 1153 3218 1484 3287; x_wconf 84' lang='lat' dir='ltr'><strong>Pelagianos.</strong></span> <span class='ocrx_word' id='word_1_488' title='bbox 1517 3218 1570 3271; x_wconf 94' lang='lat' dir='ltr'><strong>In</strong></span> <span class='ocrx_word' id='word_1_489' title='bbox 1602 3217 1729 3272; x_wconf 89' lang='lat' dir='ltr'><strong>Col-</strong></span> <span class='ocrx_word' id='word_1_490' title='bbox 1755 3215 1800 3277; x_wconf 85' lang='lat' dir='ltr'><strong>C</strong></span> <span class='ocrx_word' id='word_1_491' title='bbox 1834 3230 1892 3282; x_wconf 71' lang='grc' dir='ltr'>ῆι</span> <span class='ocrx_word' id='word_1_492' title='bbox 1923 3238 1979 3280; x_wconf 82' lang='grc' dir='ltr'>ιη</span> <span class='ocrx_word' id='word_1_493' title='bbox 2008 3226 2210 3280; x_wconf 71' lang='lat' dir='ltr'><strong>{ouium</strong></span> <span class='ocrx_word' id='word_1_494' title='bbox 2237 3236 2289 3281; x_wconf 69' lang='grc' dir='ltr'>ει</span> <span class='ocrx_word' id='word_1_495' title='bbox 2320 3224 2614 3281; x_wconf 66' lang='lat' dir='ltr'><strong>solidorum</strong></span> <span class='ocrx_word' id='word_1_496' title='bbox 2644 3221 2961 3278; x_wconf 69' lang='grc' dir='ltr'><strong>ηοειηιίυηι</strong></span> <span class='ocrx_word' id='word_1_497' title='bbox 3009 3218 3240 3273; x_wconf 49' lang='lat' dir='ltr'><strong>ValM-em</strong></span> <span class='ocrx_word' id='word_1_498' title='bbox 3269 3229 3417 3269; x_wconf 70' lang='lat' dir='ltr'><strong>eum.</strong></span> 
     </span>
    </p>
   </div>
   <div class='ocr_carea' id='block_1_64' title="bbox 170 3306 1769 3381">
    <p class='ocr_par' dir='ltr' id='par_1_64' title="bbox 170 3306 1769 3381">
     <span class='ocr_line' id='line_1_64' title="bbox 170 3306 1769 3381; baseline 0.003 -21"><span class='ocrx_word' id='word_1_499' title='bbox 170 3306 356 3362; x_wconf 89' lang='lat' dir='ltr'><strong>Iectorii</strong></span> <span class='ocrx_word' id='word_1_500' title='bbox 380 3320 523 3377; x_wconf 91' lang='lat' dir='ltr'><strong>parte</strong></span> <span class='ocrx_word' id='word_1_501' title='bbox 554 3311 608 3376; x_wconf 77' lang='lat'><strong>5,</strong></span> <span class='ocrx_word' id='word_1_502' title='bbox 645 3312 826 3363; x_wconf 82' lang='lat' dir='ltr'><strong>Sermo</strong></span> <span class='ocrx_word' id='word_1_503' title='bbox 853 3351 867 3373; x_wconf 94' lang='lat'><strong>,</strong></span> <span class='ocrx_word' id='word_1_504' title='bbox 900 3326 988 3362; x_wconf 88' lang='lat' dir='ltr'><strong>seu</strong></span> <span class='ocrx_word' id='word_1_505' title='bbox 1017 3310 1266 3380; x_wconf 73' lang='lat' dir='ltr'><strong>expositio</strong></span> <span class='ocrx_word' id='word_1_506' title='bbox 1294 3326 1443 3378; x_wconf 87' lang='lat' dir='ltr'><strong>super</strong></span> <span class='ocrx_word' id='word_1_507' title='bbox 1468 3309 1725 3381; x_wconf 81' lang='lat' dir='ltr'><strong>psalmum</strong></span> <span class='ocrx_word' id='word_1_508' title='bbox 1766 3312 1769 3313; x_wconf 60' lang='grc'><strong><em>⁷</em></strong></span> 
     </span>
    </p>
   </div>
   <div class='ocr_carea' id='block_1_65' title="bbox 169 3400 1479 3469">
    <p class='ocr_par' dir='ltr' id='par_1_65' title="bbox 169 3400 1479 3469">
     <span class='ocr_line' id='line_1_65' title="bbox 169 3400 1479 3469; baseline 0.003 -17"><span class='ocrx_word' id='word_1_509' title='bbox 169 3415 286 3454; x_wconf 78' lang='lat' dir='ltr'><strong>nu.</strong></span> <span class='ocrx_word' id='word_1_510' title='bbox 317 3400 529 3456; x_wconf 82' lang='lat' dir='ltr'><strong>Habitus</strong></span> <span class='ocrx_word' id='word_1_511' title='bbox 557 3411 639 3455; x_wconf 89' lang='lat' dir='ltr'><strong>est</strong></span> <span class='ocrx_word' id='word_1_512' title='bbox 665 3402 730 3455; x_wconf 92' lang='lat' dir='ltr'><strong>ad</strong></span> <span class='ocrx_word' id='word_1_513' title='bbox 764 3402 1125 3469; x_wconf 88' lang='lat' dir='ltr'><strong>baptizandos.</strong></span> <span class='ocrx_word' id='word_1_514' title='bbox 1156 3402 1479 3457; x_wconf 70' lang='lat' dir='ltr'><strong>SIRMONDUS.</strong></span> 
     </span>
    </p>
   </div>
   <div class='ocr_carea' id='block_1_66' title="bbox 224 3494 1727 3567">
    <p class='ocr_par' dir='ltr' id='par_1_66' title="bbox 224 3494 1727 3567">
     <span class='ocr_line' id='line_1_66' title="bbox 224 3494 1727 3567; baseline 0.002 -19"><span class='ocrx_word' id='word_1_515' title='bbox 224 3494 471 3549; x_wconf 86' lang='lat' dir='ltr'><strong>Sermone</strong></span> <span class='ocrx_word' id='word_1_516' title='bbox 488 3494 638 3566; x_wconf 81' lang='lat'><strong>389.]</strong></span> <span class='ocrx_word' id='word_1_517' title='bbox 654 3494 923 3549; x_wconf 78' lang='lat' dir='ltr'><strong>P05terior</strong></span> <span class='ocrx_word' id='word_1_518' title='bbox 947 3513 1071 3564; x_wconf 85' lang='lat' dir='ltr'><strong>pars</strong></span> <span class='ocrx_word' id='word_1_519' title='bbox 1091 3496 1279 3551; x_wconf 91' lang='lat' dir='ltr'><strong>eadem</strong></span> <span class='ocrx_word' id='word_1_520' title='bbox 1304 3507 1385 3551; x_wconf 91' lang='lat' dir='ltr'><strong>est</strong></span> <span class='ocrx_word' id='word_1_521' title='bbox 1406 3498 1727 3567; x_wconf 63' lang='lat' dir='ltr'><strong>cumfposte-</strong></span> 
     </span>
    </p>
   </div>
   <div class='ocr_carea' id='block_1_67' title="bbox 169 3585 1726 3660">
    <p class='ocr_par' dir='ltr' id='par_1_67' title="bbox 169 3585 1726 3660">
     <span class='ocr_line' id='line_1_67' title="bbox 169 3585 1726 3660; baseline 0.005 -23"><span class='ocrx_word' id='word_1_522' title='bbox 169 3585 298 3640; x_wconf 84' lang='lat' dir='ltr'><strong>tiore</strong></span> <span class='ocrx_word' id='word_1_523' title='bbox 320 3589 575 3642; x_wconf 90' lang='lat' dir='ltr'><strong>sermonis</strong></span> <span class='ocrx_word' id='word_1_524' title='bbox 604 3589 672 3645; x_wconf 80' lang='lat'><strong>50</strong></span> <span class='ocrx_word' id='word_1_525' title='bbox 705 3588 779 3642; x_wconf 89' lang='lat' dir='ltr'><strong>De</strong></span> <span class='ocrx_word' id='word_1_526' title='bbox 809 3599 1048 3657; x_wconf 86' lang='lat' dir='ltr'><strong>tempore</strong></span> <span class='ocrx_word' id='word_1_527' title='bbox 1067 3632 1082 3656; x_wconf 97' lang='lat'><strong>,</strong></span> <span class='ocrx_word' id='word_1_528' title='bbox 1116 3590 1219 3644; x_wconf 89' lang='lat' dir='ltr'><strong>nisi</strong></span> <span class='ocrx_word' id='word_1_529' title='bbox 1257 3591 1397 3660; x_wconf 89' lang='lat' dir='ltr'><strong>quod</strong></span> <span class='ocrx_word' id='word_1_530' title='bbox 1429 3592 1499 3646; x_wconf 91' lang='lat' dir='ltr'><strong>ibi</strong></span> <span class='ocrx_word' id='word_1_531' title='bbox 1528 3592 1726 3647; x_wconf 88' lang='lat' dir='ltr'><strong>omissa</strong></span> 
     </span>
    </p>
   </div>
   <div class='ocr_carea' id='block_1_68' title="bbox 174 3724 3256 3751">
    <p class='ocr_par' dir='ltr' id='par_1_68' title="bbox 174 3724 3256 3751">
     <span class='ocr_line' id='line_1_68' title="bbox 174 3724 3256 3751; baseline -0.005 -13"><span class='ocrx_word' id='word_1_532' title='bbox 174 3724 3256 3751; x_wconf 51' lang='grc' dir='ltr'>Μ</span> 
     </span>
    </p>
   </div>
   <div class='ocr_carea' id='block_1_69' title="bbox 1832 3304 3419 3385">
    <p class='ocr_par' dir='ltr' id='par_1_69' title="bbox 1832 3304 3419 3385">
     <span class='ocr_line' id='line_1_69' title="bbox 1832 3304 3419 3385; baseline -0.007 -14"><span class='ocrx_word' id='word_1_533' title='bbox 1832 3318 1951 3373; x_wconf 92' lang='lat' dir='ltr'><strong>dem</strong></span> <span class='ocrx_word' id='word_1_534' title='bbox 1978 3317 2245 3385; x_wconf 83' lang='lat' dir='ltr'><strong>conjicere</strong></span> <span class='ocrx_word' id='word_1_535' title='bbox 2269 3317 2446 3383; x_wconf 89' lang='lat' dir='ltr'><strong>liceat,</strong></span> <span class='ocrx_word' id='word_1_536' title='bbox 2479 3316 2561 3371; x_wconf 89' lang='lat' dir='ltr'><strong>vel</strong></span> <span class='ocrx_word' id='word_1_537' title='bbox 2592 3313 2829 3369; x_wconf 84' lang='lat' dir='ltr'><strong>al‘tinem.</strong></span> <span class='ocrx_word' id='word_1_538' title='bbox 2859 3310 3051 3367; x_wconf 86' lang='lat' dir='ltr'><strong>Verum</strong></span> <span class='ocrx_word' id='word_1_539' title='bbox 3071 3311 3185 3364; x_wconf 65' lang='lat' dir='ltr'><strong>haec</strong></span> <span class='ocrx_word' id='word_1_540' title='bbox 3203 3307 3269 3362; x_wconf 91' lang='lat' dir='ltr'><strong>de</strong></span> <span class='ocrx_word' id='word_1_541' title='bbox 3292 3304 3419 3360; x_wconf 77' lang='lat' dir='ltr'><strong>tolle</strong></span> 
     </span>
    </p>
   </div>
   <div class='ocr_carea' id='block_1_70' title="bbox 1834 3397 3419 3482">
    <p class='ocr_par' dir='ltr' id='par_1_70' title="bbox 1834 3397 3419 3482">
     <span class='ocr_line' id='line_1_70' title="bbox 1834 3397 3419 3482; baseline -0.01 -16"><span class='ocrx_word' id='word_1_542' title='bbox 1834 3411 2167 3482; x_wconf 89' lang='lat' dir='ltr'><strong>accipienda,</strong></span> <span class='ocrx_word' id='word_1_543' title='bbox 2200 3422 2462 3480; x_wconf 85' lang='lat' dir='ltr'><strong>quatenus</strong></span> <span class='ocrx_word' id='word_1_544' title='bbox 2500 3418 2703 3463; x_wconf 87' lang='lat' dir='ltr'><strong>certum</strong></span> <span class='ocrx_word' id='word_1_545' title='bbox 2754 3405 2956 3461; x_wconf 91' lang='lat' dir='ltr'><strong>nummi</strong></span> <span class='ocrx_word' id='word_1_546' title='bbox 2998 3404 3166 3472; x_wconf 77' lang='lat' dir='ltr'><strong>geniis</strong></span> <span class='ocrx_word' id='word_1_547' title='bbox 3212 3397 3419 3470; x_wconf 83' lang='lat' dir='ltr'><strong>signiti-</strong></span> 
     </span>
    </p>
   </div>
   <div class='ocr_carea' id='block_1_71' title="bbox 1836 3493 3419 3568">
    <p class='ocr_par' dir='ltr' id='par_1_71' title="bbox 1836 3493 3419 3568">
     <span class='ocr_line' id='line_1_71' title="bbox 1836 3493 3419 3568; baseline -0.011 -7"><span class='ocrx_word' id='word_1_548' title='bbox 1836 3516 1940 3561; x_wconf 87' lang='lat' dir='ltr'><strong>cat.</strong></span> <span class='ocrx_word' id='word_1_549' title='bbox 1973 3504 2136 3558; x_wconf 86' lang='lat' dir='ltr'><strong>Follis</strong></span> <span class='ocrx_word' id='word_1_550' title='bbox 2159 3505 2301 3557; x_wconf 90' lang='lat' dir='ltr'><strong>enim</strong></span> <span class='ocrx_word' id='word_1_551' title='bbox 2331 3503 2447 3556; x_wconf 74' lang='lat' dir='ltr'><strong>alite</strong></span> <span class='ocrx_word' id='word_1_552' title='bbox 2470 3510 2615 3565; x_wconf 91' lang='lat' dir='ltr'><strong>sunt,</strong></span> <span class='ocrx_word' id='word_1_553' title='bbox 2642 3502 2694 3554; x_wconf 92' lang='lat' dir='ltr'><strong>in</strong></span> <span class='ocrx_word' id='word_1_554' title='bbox 2719 3515 2779 3553; x_wconf 91' lang='lat' dir='ltr'><strong>re</strong></span> <span class='ocrx_word' id='word_1_555' title='bbox 2803 3496 3126 3568; x_wconf 67' lang='lat' dir='ltr'><strong>pecuniaria,</strong></span> <span class='ocrx_word' id='word_1_556' title='bbox 3152 3493 3419 3557; x_wconf 86' lang='lat' dir='ltr'><strong>notiones,</strong></span> 
     </span>
    </p>
   </div>
   <div class='ocr_carea' id='block_1_72' title="bbox 1838 3590 3024 3667">
    <p class='ocr_par' dir='ltr' id='par_1_72' title="bbox 1838 3590 3024 3667">
     <span class='ocr_line' id='line_1_72' title="bbox 1838 3590 3024 3667; baseline -0.009 -14"><span class='ocrx_word' id='word_1_557' title='bbox 1838 3614 1957 3667; x_wconf 67' lang='lat' dir='ltr'><strong>qum</strong></span> <span class='ocrx_word' id='word_1_558' title='bbox 1985 3599 2050 3652; x_wconf 91' lang='lat' dir='ltr'><strong>ad</strong></span> <span class='ocrx_word' id='word_1_559' title='bbox 2075 3613 2190 3651; x_wconf 88' lang='lat' dir='ltr'><strong>rem</strong></span> <span class='ocrx_word' id='word_1_560' title='bbox 2220 3596 2321 3650; x_wconf 90' lang='lat' dir='ltr'><strong>hoc</strong></span> <span class='ocrx_word' id='word_1_561' title='bbox 2346 3595 2467 3650; x_wconf 92' lang='lat' dir='ltr'><strong>loco</strong></span> <span class='ocrx_word' id='word_1_562' title='bbox 2498 3610 2604 3650; x_wconf 91' lang='lat' dir='ltr'><strong>non</strong></span> <span class='ocrx_word' id='word_1_563' title='bbox 2635 3595 2851 3648; x_wconf 83' lang='lat' dir='ltr'><strong>iaciunt.</strong></span> <span class='ocrx_word' id='word_1_564' title='bbox 2877 3590 3024 3645; x_wconf 73' lang='lat' dir='ltr'><strong>lusu.</strong></span> 
     </span>
    </p>
   </div>
   <div class='ocr_carea' id='block_1_73' title="bbox 3308 3726 3415 3743">
    <p class='ocr_par' dir='ltr' id='par_1_73' title="bbox 3308 3726 3415 3743">
     <span class='ocr_line' id='line_1_73' title="bbox 3308 3726 3415 3743; baseline 0 -2"><span class='ocrx_word' id='word_1_565' title='bbox 3308 3726 3415 3743; x_wconf 71' lang='grc'><strong>,-</strong></span> 
     </span>
    </p>
   </div>
   <div class='ocr_carea' id='block_1_74' title="bbox 1210 3853 2323 3930">
    <p class='ocr_par' dir='ltr' id='par_1_74' title="bbox 1210 3853 2323 3930">
     <span class='ocr_line' id='line_1_74' title="bbox 1210 3853 2323 3930; baseline 0.005 -7"><span class='ocrx_word' id='word_1_566' title='bbox 1210 3853 1328 3925; x_wconf 85' lang='grc' dir='ltr'><strong>ΙΝ</strong></span> <span class='ocrx_word' id='word_1_567' title='bbox 1391 3853 1785 3927; x_wconf 88' lang='lat' dir='ltr'><strong>TOMUM</strong></span> <span class='ocrx_word' id='word_1_568' title='bbox 1861 3858 2323 3930; x_wconf 81' lang='lat' dir='ltr'><strong>SEXTUM.</strong></span> 
     </span>
    </p>
   </div>
   <div class='ocr_carea' id='block_1_75' title="bbox 1640 4037 1924 4052">
    <p class='ocr_par' dir='ltr' id='par_1_75' title="bbox 1640 4037 1924 4052">
     <span class='ocr_line' id='line_1_75' title="bbox 1640 4037 1924 4052; baseline 0.004 -5"><span class='ocrx_word' id='word_1_569' title='bbox 1640 4037 1924 4052; x_wconf 44' lang='grc' dir='ltr'><strong>ᾑ-</strong></span> 
     </span>
    </p>
   </div>
   <div class='ocr_carea' id='block_1_76' title="bbox 309 4136 1618 4211">
    <p class='ocr_par' dir='ltr' id='par_1_76' title="bbox 309 4136 1618 4211">
     <span class='ocr_line' id='line_1_76' title="bbox 309 4136 1618 4211; baseline 0.004 -19"><span class='ocrx_word' id='word_1_570' title='bbox 309 4136 703 4194; x_wconf 82' lang='lat' dir='ltr'><strong>DESIDERIUS</strong></span> <span class='ocrx_word' id='word_1_571' title='bbox 742 4136 1060 4196; x_wconf 77' lang='lat' dir='ltr'><strong>ERASMUS</strong></span> <span class='ocrx_word' id='word_1_572' title='bbox 1099 4139 1190 4194; x_wconf 87' lang='lat' dir='ltr'><strong>AD</strong></span> <span class='ocrx_word' id='word_1_573' title='bbox 1228 4139 1618 4211; x_wconf 83' lang='lat' dir='ltr'><strong>LECTOREM,</strong></span> 
     </span>
    </p>
   </div>
   <div class='ocr_carea' id='block_1_77' title="bbox 580 4246 1311 4293">
    <p class='ocr_par' dir='ltr' id='par_1_77' title="bbox 580 4246 1311 4293">
     <span class='ocr_line' id='line_1_77' title="bbox 580 4246 1311 4293; baseline 0.005 -10"><span class='ocrx_word' id='word_1_574' title='bbox 580 4247 646 4284; x_wconf 79' lang='lat' dir='ltr'><strong>DE</strong></span> <span class='ocrx_word' id='word_1_575' title='bbox 672 4246 1059 4293; x_wconf 61' lang='lat' dir='ltr'><strong>QUIES&#39;I‘IONIBUS</strong></span> <span class='ocrx_word' id='word_1_576' title='bbox 1089 4248 1311 4289; x_wconf 74' lang='lat' dir='ltr'><strong>LXXXIII.</strong></span> 
     </span>
    </p>
   </div>
   <div class='ocr_carea' id='block_1_78' title="bbox 244 4323 1741 4395">
    <p class='ocr_par' dir='ltr' id='par_1_78' title="bbox 244 4323 1741 4395">
     <span class='ocr_line' id='line_1_78' title="bbox 244 4323 1741 4395; baseline 0.005 -19"><span class='ocrx_word' id='word_1_577' title='bbox 244 4323 480 4393; x_wconf 80' lang='lat' dir='ltr'><strong>Agnoscit</strong></span> <span class='ocrx_word' id='word_1_578' title='bbox 504 4325 720 4395; x_wconf 87' lang='lat' dir='ltr'><strong>quidem</strong></span> <span class='ocrx_word' id='word_1_579' title='bbox 750 4324 850 4378; x_wconf 92' lang='lat' dir='ltr'><strong>hoc</strong></span> <span class='ocrx_word' id='word_1_580' title='bbox 879 4340 1013 4393; x_wconf 81' lang='lat' dir='ltr'><strong>Opus</strong></span> <span class='ocrx_word' id='word_1_581' title='bbox 1035 4327 1386 4395; x_wconf 88' lang='lat' dir='ltr'><strong>Augustinus,</strong></span> <span class='ocrx_word' id='word_1_582' title='bbox 1412 4328 1540 4383; x_wconf 92' lang='lat' dir='ltr'><strong>mihi</strong></span> <span class='ocrx_word' id='word_1_583' title='bbox 1565 4337 1741 4384; x_wconf 90' lang='lat' dir='ltr'><strong>tamen</strong></span> 
     </span>
    </p>
   </div>
   <div class='ocr_carea' id='block_1_79' title="bbox 179 4418 1744 4487">
    <p class='ocr_par' dir='ltr' id='par_1_79' title="bbox 179 4418 1744 4487">
     <span class='ocr_line' id='line_1_79' title="bbox 179 4418 1744 4487; baseline 0.006 -19"><span class='ocrx_word' id='word_1_584' title='bbox 179 4418 371 4471; x_wconf 89' lang='lat' dir='ltr'><strong>videtur</strong></span> <span class='ocrx_word' id='word_1_585' title='bbox 397 4434 424 4471; x_wconf 92' lang='lat' dir='ltr'><strong>a</strong></span> <span class='ocrx_word' id='word_1_586' title='bbox 455 4418 699 4473; x_wconf 90' lang='lat' dir='ltr'><strong>studioso</strong></span> <span class='ocrx_word' id='word_1_587' title='bbox 728 4419 975 4487; x_wconf 88' lang='lat' dir='ltr'><strong>quopiam</strong></span> <span class='ocrx_word' id='word_1_588' title='bbox 1008 4434 1072 4472; x_wconf 81' lang='lat' dir='ltr'><strong>ex</strong></span> <span class='ocrx_word' id='word_1_589' title='bbox 1120 4420 1371 4475; x_wconf 90' lang='lat' dir='ltr'><strong>omnibus</strong></span> <span class='ocrx_word' id='word_1_590' title='bbox 1418 4421 1559 4475; x_wconf 91' lang='lat' dir='ltr'><strong>illius</strong></span> <span class='ocrx_word' id='word_1_591' title='bbox 1592 4422 1744 4477; x_wconf 89' lang='lat' dir='ltr'><strong>libris</strong></span> 
     </span>
    </p>
   </div>
   <div class='ocr_carea' id='block_1_80' title="bbox 180 4509 1746 4581">
    <p class='ocr_par' dir='ltr' id='par_1_80' title="bbox 180 4509 1746 4581">
     <span class='ocr_line' id='line_1_80' title="bbox 180 4509 1746 4581; baseline 0.006 -22"><span class='ocrx_word' id='word_1_592' title='bbox 180 4509 462 4574; x_wconf 90' lang='lat' dir='ltr'><strong>collectum,</strong></span> <span class='ocrx_word' id='word_1_593' title='bbox 491 4511 543 4563; x_wconf 88' lang='lat' dir='ltr'><strong>iu</strong></span> <span class='ocrx_word' id='word_1_594' title='bbox 578 4510 718 4579; x_wconf 91' lang='lat' dir='ltr'><strong>quod</strong></span> <span class='ocrx_word' id='word_1_595' title='bbox 748 4518 1059 4580; x_wconf 87' lang='lat' dir='ltr'><strong>congestum</strong></span> <span class='ocrx_word' id='word_1_596' title='bbox 1102 4521 1186 4565; x_wconf 91' lang='lat' dir='ltr'><strong>est</strong></span> <span class='ocrx_word' id='word_1_597' title='bbox 1215 4512 1256 4564; x_wconf 92' lang='lat' dir='ltr'><strong>si</strong></span> <span class='ocrx_word' id='word_1_598' title='bbox 1302 4513 1425 4581; x_wconf 90' lang='lat' dir='ltr'><strong>quid</strong></span> <span class='ocrx_word' id='word_1_599' title='bbox 1456 4513 1746 4569; x_wconf 89' lang='lat' dir='ltr'><strong>haberetur</strong></span> 
     </span>
    </p>
   </div>
   <div class='ocr_carea' id='block_1_81' title="bbox 180 4603 1741 4676">
    <p class='ocr_par' dir='ltr' id='par_1_81' title="bbox 180 4603 1741 4676">
     <span class='ocr_line' id='line_1_81' title="bbox 180 4603 1741 4676; baseline 0.005 -23"><span class='ocrx_word' id='word_1_600' title='bbox 180 4603 398 4671; x_wconf 82' lang='lat' dir='ltr'><strong>argutius</strong></span> <span class='ocrx_word' id='word_1_601' title='bbox 423 4604 733 4657; x_wconf 90' lang='lat' dir='ltr'><strong>disscrtum.</strong></span> <span class='ocrx_word' id='word_1_602' title='bbox 783 4603 915 4658; x_wconf 85' lang='lat' dir='ltr'><strong>Huic</strong></span> <span class='ocrx_word' id='word_1_603' title='bbox 965 4603 1141 4658; x_wconf 93' lang='lat' dir='ltr'><strong>studio</strong></span> <span class='ocrx_word' id='word_1_604' title='bbox 1184 4604 1369 4659; x_wconf 78' lang='lat' dir='ltr'><strong>favens</strong></span> <span class='ocrx_word' id='word_1_605' title='bbox 1414 4607 1741 4676; x_wconf 86' lang='lat' dir='ltr'><strong>Augustinus</strong></span> 
     </span>
    </p>
   </div>
   <div class='ocr_carea' id='block_1_82' title="bbox 182 4694 1737 4766">
    <p class='ocr_par' dir='ltr' id='par_1_82' title="bbox 182 4694 1737 4766">
     <span class='ocr_line' id='line_1_82' title="bbox 182 4694 1737 4766; baseline 0.005 -22"><span class='ocrx_word' id='word_1_606' title='bbox 182 4696 488 4763; x_wconf 80' lang='lat' dir='ltr'><strong>recognovit,</strong></span> <span class='ocrx_word' id='word_1_607' title='bbox 530 4704 583 4748; x_wconf 93' lang='lat' dir='ltr'><strong>et</strong></span> <span class='ocrx_word' id='word_1_608' title='bbox 613 4695 853 4763; x_wconf 57' lang='lat' dir='ltr'><strong>quasdam</strong></span> <span class='ocrx_word' id='word_1_609' title='bbox 885 4694 1145 4748; x_wconf 89' lang='lat' dir='ltr'><strong>elimavit.</strong></span> <span class='ocrx_word' id='word_1_610' title='bbox 1198 4696 1346 4750; x_wconf 88' lang='lat' dir='ltr'><strong>Ilanc</strong></span> <span class='ocrx_word' id='word_1_611' title='bbox 1376 4699 1737 4766; x_wconf 87' lang='lat' dir='ltr'><strong>conjecturam</strong></span> 
     </span>
    </p>
   </div>
   <div class='ocr_carea' id='block_1_83' title="bbox 183 4785 1738 4857">
    <p class='ocr_par' dir='ltr' id='par_1_83' title="bbox 183 4785 1738 4857">
     <span class='ocr_line' id='line_1_83' title="bbox 183 4785 1738 4857; baseline 0.005 -22"><span class='ocrx_word' id='word_1_612' title='bbox 183 4796 275 4838; x_wconf 87' lang='lat' dir='ltr'><strong>non</strong></span> <span class='ocrx_word' id='word_1_613' title='bbox 296 4787 505 4839; x_wconf 88' lang='lat' dir='ltr'><strong>omnino</strong></span> <span class='ocrx_word' id='word_1_614' title='bbox 526 4786 789 4838; x_wconf 91' lang='lat' dir='ltr'><strong>somnium</strong></span> <span class='ocrx_word' id='word_1_615' title='bbox 814 4800 934 4840; x_wconf 88' lang='lat' dir='ltr'><strong>esse</strong></span> <span class='ocrx_word' id='word_1_616' title='bbox 955 4785 1189 4839; x_wconf 86' lang='lat' dir='ltr'><strong>declarat</strong></span> <span class='ocrx_word' id='word_1_617' title='bbox 1215 4786 1365 4851; x_wconf 78' lang='lat' dir='ltr'><strong>illud,</strong></span> <span class='ocrx_word' id='word_1_618' title='bbox 1386 4787 1525 4855; x_wconf 87' lang='lat' dir='ltr'><strong>quod</strong></span> <span class='ocrx_word' id='word_1_619' title='bbox 1547 4797 1738 4857; x_wconf 49' lang='lat' dir='ltr'><strong>quaest.</strong></span> 
     </span>
    </p>
   </div>
   <div class='ocr_carea' id='block_1_84' title="bbox 188 4872 1747 4945">
    <p class='ocr_par' dir='ltr' id='par_1_84' title="bbox 188 4872 1747 4945">
     <span class='ocr_line' id='line_1_84' title="bbox 188 4872 1747 4945; baseline 0.004 -21"><span class='ocrx_word' id='word_1_620' title='bbox 188 4872 244 4925; x_wconf 72' lang='grc'><strong>12</strong></span> <span class='ocrx_word' id='word_1_621' title='bbox 267 4876 416 4930; x_wconf 77' lang='lat' dir='ltr'><strong>habet</strong></span> <span class='ocrx_word' id='word_1_622' title='bbox 444 4876 795 4945; x_wconf 78' lang='lat' dir='ltr'><strong>fragmentum</strong></span> <span class='ocrx_word' id='word_1_623' title='bbox 826 4890 891 4929; x_wconf 81' lang='lat' dir='ltr'><strong>ex</strong></span> <span class='ocrx_word' id='word_1_624' title='bbox 918 4875 1105 4930; x_wconf 85' lang='lat' dir='ltr'><strong>Fontei</strong></span> <span class='ocrx_word' id='word_1_625' title='bbox 1138 4876 1286 4930; x_wconf 92' lang='lat' dir='ltr'><strong>libris</strong></span> <span class='ocrx_word' id='word_1_626' title='bbox 1313 4877 1645 4945; x_wconf 87' lang='lat' dir='ltr'><strong>deccrptmn.</strong></span> <span class='ocrx_word' id='word_1_627' title='bbox 1685 4879 1747 4931; x_wconf 87' lang='lat' dir='ltr'><strong>Et</strong></span> 
     </span>
    </p>
   </div>
   <div class='ocr_carea' id='block_1_85' title="bbox 186 4967 1750 5033">
    <p class='ocr_par' dir='ltr' id='par_1_85' title="bbox 186 4967 1750 5033">
     <span class='ocr_line' id='line_1_85' title="bbox 186 4967 1750 5033; baseline 0.003 -15"><span class='ocrx_word' id='word_1_628' title='bbox 186 4981 291 5033; x_wconf 71' lang='lat' dir='ltr'><strong>cap.</strong></span> <span class='ocrx_word' id='word_1_629' title='bbox 321 4970 380 5022; x_wconf 75' lang='lat' dir='ltr'><strong>3i</strong></span> <span class='ocrx_word' id='word_1_630' title='bbox 416 4969 574 5022; x_wconf 89' lang='lat' dir='ltr'><strong>habet</strong></span> <span class='ocrx_word' id='word_1_631' title='bbox 616 4968 792 5021; x_wconf 90' lang='lat' dir='ltr'><strong>locum</strong></span> <span class='ocrx_word' id='word_1_632' title='bbox 833 4982 899 5021; x_wconf 80' lang='lat' dir='ltr'><strong>ex</strong></span> <span class='ocrx_word' id='word_1_633' title='bbox 928 4967 1161 5021; x_wconf 91' lang='lat' dir='ltr'><strong>secundo</strong></span> <span class='ocrx_word' id='word_1_634' title='bbox 1190 4968 1259 5021; x_wconf 90' lang='lat' dir='ltr'><strong>M.</strong></span> <span class='ocrx_word' id='word_1_635' title='bbox 1286 4968 1443 5021; x_wconf 90' lang='lat' dir='ltr'><strong>Tullii</strong></span> <span class='ocrx_word' id='word_1_636' title='bbox 1476 4970 1543 5021; x_wconf 92' lang='lat' dir='ltr'><strong>de</strong></span> <span class='ocrx_word' id='word_1_637' title='bbox 1569 4970 1750 5022; x_wconf 91' lang='lat' dir='ltr'><strong>Inven-</strong></span> 
     </span>
    </p>
   </div>
   <div class='ocr_carea' id='block_1_86' title="bbox 188 5060 1749 5129">
    <p class='ocr_par' dir='ltr' id='par_1_86' title="bbox 188 5060 1749 5129">
     <span class='ocr_line' id='line_1_86' title="bbox 188 5060 1749 5129; baseline 0.002 -18"><span class='ocrx_word' id='word_1_638' title='bbox 188 5061 315 5115; x_wconf 89' lang='lat' dir='ltr'><strong>tione</strong></span> <span class='ocrx_word' id='word_1_639' title='bbox 340 5062 471 5116; x_wconf 91' lang='lat' dir='ltr'><strong>libro</strong></span> <span class='ocrx_word' id='word_1_640' title='bbox 499 5061 844 5128; x_wconf 89' lang='lat' dir='ltr'><strong>descriptum.</strong></span> <span class='ocrx_word' id='word_1_641' title='bbox 873 5061 1010 5115; x_wconf 91' lang='lat' dir='ltr'><strong>Sunt</strong></span> <span class='ocrx_word' id='word_1_642' title='bbox 1042 5070 1218 5115; x_wconf 90' lang='lat' dir='ltr'><strong>autem</strong></span> <span class='ocrx_word' id='word_1_643' title='bbox 1249 5072 1301 5114; x_wconf 92' lang='lat' dir='ltr'><strong>et</strong></span> <span class='ocrx_word' id='word_1_644' title='bbox 1328 5062 1429 5114; x_wconf 88' lang='lat' dir='ltr'><strong>alia</strong></span> <span class='ocrx_word' id='word_1_645' title='bbox 1471 5077 1589 5129; x_wconf 70' lang='lat' dir='ltr'><strong>qua:</strong></span> <span class='ocrx_word' id='word_1_646' title='bbox 1619 5060 1749 5115; x_wconf 86' lang='lat' dir='ltr'><strong>mihi</strong></span> 
     </span>
    </p>
   </div>
   <div class='ocr_carea' id='block_1_87' title="bbox 194 5154 1747 5223">
    <p class='ocr_par' dir='ltr' id='par_1_87' title="bbox 194 5154 1747 5223">
     <span class='ocr_line' id='line_1_87' title="bbox 194 5154 1747 5223; baseline 0.005 -22"><span class='ocrx_word' id='word_1_647' title='bbox 194 5168 281 5206; x_wconf 88' lang='lat' dir='ltr'><strong>non</strong></span> <span class='ocrx_word' id='word_1_648' title='bbox 302 5156 539 5209; x_wconf 91' lang='lat' dir='ltr'><strong>videntur</strong></span> <span class='ocrx_word' id='word_1_649' title='bbox 562 5170 655 5223; x_wconf 87' lang='lat' dir='ltr'><strong>per</strong></span> <span class='ocrx_word' id='word_1_650' title='bbox 680 5155 855 5206; x_wconf 84' lang='lat' dir='ltr'><strong>omnia</strong></span> <span class='ocrx_word' id='word_1_651' title='bbox 886 5168 1072 5220; x_wconf 85' lang='lat' dir='ltr'><strong>sapere</strong></span> <span class='ocrx_word' id='word_1_652' title='bbox 1100 5154 1318 5222; x_wconf 87' lang='lat' dir='ltr'><strong>phrasin</strong></span> <span class='ocrx_word' id='word_1_653' title='bbox 1346 5154 1642 5221; x_wconf 80' lang='lat' dir='ltr'><strong>Augustini.</strong></span> <span class='ocrx_word' id='word_1_654' title='bbox 1667 5155 1747 5208; x_wconf 88' lang='lat' dir='ltr'><strong>Ad</strong></span> 
     </span>
    </p>
   </div>
   <div class='ocr_carea' id='block_1_88' title="bbox 196 5240 1751 5316">
    <p class='ocr_par' dir='ltr' id='par_1_88' title="bbox 196 5240 1751 5316">
     <span class='ocr_line' id='line_1_88' title="bbox 196 5240 1751 5316; baseline 0.004 -22"><span class='ocrx_word' id='word_1_655' title='bbox 196 5240 292 5298; x_wconf 66' lang='lat' dir='ltr'><strong>haec</strong></span> <span class='ocrx_word' id='word_1_656' title='bbox 316 5256 459 5301; x_wconf 89' lang='lat' dir='ltr'><strong>erant</strong></span> <span class='ocrx_word' id='word_1_657' title='bbox 480 5246 722 5315; x_wconf 59' lang='lat' dir='ltr'><strong>quaedam</strong></span> <span class='ocrx_word' id='word_1_658' title='bbox 745 5244 987 5311; x_wconf 83' lang='lat' dir='ltr'><strong>confusa,</strong></span> <span class='ocrx_word' id='word_1_659' title='bbox 1008 5245 1092 5298; x_wconf 89' lang='lat' dir='ltr'><strong>vel</strong></span> <span class='ocrx_word' id='word_1_660' title='bbox 1114 5245 1216 5297; x_wconf 90' lang='lat' dir='ltr'><strong>huc</strong></span> <span class='ocrx_word' id='word_1_661' title='bbox 1241 5246 1491 5299; x_wconf 79' lang='lat' dir='ltr'><strong>translata</strong></span> <span class='ocrx_word' id='word_1_662' title='bbox 1516 5263 1581 5299; x_wconf 76' lang='lat' dir='ltr'><strong>ex</strong></span> <span class='ocrx_word' id='word_1_663' title='bbox 1604 5262 1751 5316; x_wconf 70' lang='lat' dir='ltr'><strong>qum-</strong></span> 
     </span>
    </p>
   </div>
   <div class='ocr_carea' id='block_1_89' title="bbox 198 5338 1745 5407">
    <p class='ocr_par' dir='ltr' id='par_1_89' title="bbox 198 5338 1745 5407">
     <span class='ocr_line' id='line_1_89' title="bbox 198 5338 1745 5407; baseline 0.005 -20"><span class='ocrx_word' id='word_1_664' title='bbox 198 5339 431 5393; x_wconf 90' lang='lat' dir='ltr'><strong>stionibus</strong></span> <span class='ocrx_word' id='word_1_665' title='bbox 479 5339 906 5407; x_wconf 85' lang='lat' dir='ltr'><strong>Evangeliorum,</strong></span> <span class='ocrx_word' id='word_1_666' title='bbox 955 5340 1037 5392; x_wconf 88' lang='lat' dir='ltr'><strong>vel</strong></span> <span class='ocrx_word' id='word_1_667' title='bbox 1095 5338 1217 5391; x_wconf 94' lang='lat' dir='ltr'><strong>hinc</strong></span> <span class='ocrx_word' id='word_1_668' title='bbox 1266 5339 1354 5391; x_wconf 92' lang='lat' dir='ltr'><strong>illo</strong></span> <span class='ocrx_word' id='word_1_669' title='bbox 1410 5341 1745 5394; x_wconf 88' lang='lat' dir='ltr'><strong>transmissa.</strong></span> 
     </span>
    </p>
   </div>
   <div class='ocr_carea' id='block_1_90' title="bbox 202 5427 1747 5500">
    <p class='ocr_par' dir='ltr' id='par_1_90' title="bbox 202 5427 1747 5500">
     <span class='ocr_line' id='line_1_90' title="bbox 202 5427 1747 5500; baseline 0.002 -18"><span class='ocrx_word' id='word_1_670' title='bbox 202 5427 445 5486; x_wconf 87' lang='lat' dir='ltr'><strong>Postremo</strong></span> <span class='ocrx_word' id='word_1_671' title='bbox 475 5433 637 5485; x_wconf 92' lang='lat' dir='ltr'><strong>multa</strong></span> <span class='ocrx_word' id='word_1_672' title='bbox 670 5441 933 5500; x_wconf 77' lang='lat' dir='ltr'><strong>suntquae</strong></span> <span class='ocrx_word' id='word_1_673' title='bbox 962 5445 1065 5483; x_wconf 91' lang='lat' dir='ltr'><strong>non</strong></span> <span class='ocrx_word' id='word_1_674' title='bbox 1092 5431 1290 5483; x_wconf 91' lang='lat' dir='ltr'><strong>habent</strong></span> <span class='ocrx_word' id='word_1_675' title='bbox 1322 5431 1482 5484; x_wconf 86' lang='lat' dir='ltr'><strong>ullam</strong></span> <span class='ocrx_word' id='word_1_676' title='bbox 1514 5432 1747 5500; x_wconf 78' lang='lat' dir='ltr'><strong>Speciem</strong></span> 
     </span>
    </p>
   </div>
   <div class='ocr_carea' id='block_1_91' title="bbox 208 5522 1753 5592">
    <p class='ocr_par' dir='ltr' id='par_1_91' title="bbox 208 5522 1753 5592">
     <span class='ocr_line' id='line_1_91' title="bbox 208 5522 1753 5592; baseline 0.003 -18"><span class='ocrx_word' id='word_1_677' title='bbox 208 5524 509 5588; x_wconf 66' lang='lat' dir='ltr'><strong>quaestionis,</strong></span> <span class='ocrx_word' id='word_1_678' title='bbox 528 5524 626 5576; x_wconf 91' lang='lat' dir='ltr'><strong>nisi</strong></span> <span class='ocrx_word' id='word_1_679' title='bbox 649 5522 789 5592; x_wconf 91' lang='lat' dir='ltr'><strong>quod</strong></span> <span class='ocrx_word' id='word_1_680' title='bbox 817 5522 1069 5591; x_wconf 90' lang='lat' dir='ltr'><strong>quidquid</strong></span> <span class='ocrx_word' id='word_1_681' title='bbox 1096 5522 1275 5575; x_wconf 88' lang='lat' dir='ltr'><strong>doceri</strong></span> <span class='ocrx_word' id='word_1_682' title='bbox 1308 5534 1508 5591; x_wconf 85' lang='lat' dir='ltr'><strong>potest,</strong></span> <span class='ocrx_word' id='word_1_683' title='bbox 1537 5524 1675 5577; x_wconf 90' lang='lat' dir='ltr'><strong>idem</strong></span> <span class='ocrx_word' id='word_1_684' title='bbox 1698 5533 1753 5578; x_wconf 90' lang='lat' dir='ltr'><strong>et</strong></span> 
     </span>
    </p>
   </div>
   <div class='ocr_carea' id='block_1_92' title="bbox 209 5611 1749 5683">
    <p class='ocr_par' dir='ltr' id='par_1_92' title="bbox 209 5611 1749 5683">
     <span class='ocr_line' id='line_1_92' title="bbox 209 5611 1749 5683; baseline 0.001 -18"><span class='ocrx_word' id='word_1_685' title='bbox 209 5616 340 5680; x_wconf 59' lang='lat' dir='ltr'><strong>quaeri</strong></span> <span class='ocrx_word' id='word_1_686' title='bbox 365 5624 558 5683; x_wconf 90' lang='lat' dir='ltr'><strong>potest.</strong></span> <span class='ocrx_word' id='word_1_687' title='bbox 594 5612 667 5665; x_wconf 93' lang='lat' dir='ltr'><strong>Ita</strong></span> <span class='ocrx_word' id='word_1_688' title='bbox 699 5622 774 5665; x_wconf 91' lang='lat' dir='ltr'><strong>tot</strong></span> <span class='ocrx_word' id='word_1_689' title='bbox 805 5622 1092 5665; x_wconf 92' lang='lat' dir='ltr'><strong>nascentur</strong></span> <span class='ocrx_word' id='word_1_690' title='bbox 1117 5611 1437 5680; x_wconf 62' lang='lat' dir='ltr'><strong>quaestiones</strong></span> <span class='ocrx_word' id='word_1_691' title='bbox 1468 5622 1596 5681; x_wconf 88' lang='lat' dir='ltr'><strong>quot</strong></span> <span class='ocrx_word' id='word_1_692' title='bbox 1626 5622 1749 5666; x_wconf 92' lang='lat' dir='ltr'><strong>sunt</strong></span> 
     </span>
    </p>
   </div>
   <div class='ocr_carea' id='block_1_93' title="bbox 210 5707 1749 5777">
    <p class='ocr_par' dir='ltr' id='par_1_93' title="bbox 210 5707 1749 5777">
     <span class='ocr_line' id='line_1_93' title="bbox 210 5707 1749 5777; baseline 0.002 -18"><span class='ocrx_word' id='word_1_693' title='bbox 210 5710 468 5773; x_wconf 60' lang='lat' dir='ltr'><strong>sententias,</strong></span> <span class='ocrx_word' id='word_1_694' title='bbox 493 5710 603 5761; x_wconf 88' lang='lat' dir='ltr'><strong>sive</strong></span> <span class='ocrx_word' id='word_1_695' title='bbox 635 5707 929 5776; x_wconf 82' lang='lat' dir='ltr'><strong>proloquia.</strong></span> <span class='ocrx_word' id='word_1_696' title='bbox 979 5707 1155 5777; x_wconf 89' lang='lat' dir='ltr'><strong>Ipsum</strong></span> <span class='ocrx_word' id='word_1_697' title='bbox 1187 5716 1364 5762; x_wconf 88' lang='lat' dir='ltr'><strong>tamen</strong></span> <span class='ocrx_word' id='word_1_698' title='bbox 1406 5723 1538 5763; x_wconf 88' lang='lat' dir='ltr'><strong>oous</strong></span> <span class='ocrx_word' id='word_1_699' title='bbox 1560 5707 1749 5764; x_wconf 87' lang='lat' dir='ltr'><strong>erudi-</strong></span> 
     </span>
    </p>
   </div>
   <div class='ocr_carea' id='block_1_94' title="bbox 213 5797 908 5870">
    <p class='ocr_par' dir='ltr' id='par_1_94' title="bbox 213 5797 908 5870">
     <span class='ocr_line' id='line_1_94' title="bbox 213 5797 908 5870; baseline -0.001 -16"><span class='ocrx_word' id='word_1_700' title='bbox 213 5806 301 5861; x_wconf 88' lang='lat' dir='ltr'><strong>tqu</strong></span> <span class='ocrx_word' id='word_1_701' title='bbox 326 5808 397 5854; x_wconf 61' lang='lat' dir='ltr'><strong>est</strong></span> <span class='ocrx_word' id='word_1_702' title='bbox 426 5812 477 5853; x_wconf 91' lang='lat' dir='ltr'><strong>et</strong></span> <span class='ocrx_word' id='word_1_703' title='bbox 506 5799 642 5853; x_wconf 81' lang='lat' dir='ltr'><strong>lectu</strong></span> <span class='ocrx_word' id='word_1_704' title='bbox 670 5797 908 5870; x_wconf 74' lang='lat' dir='ltr'><strong>dignum.</strong></span> 
     </span>
    </p>
   </div>
   <div class='ocr_carea' id='block_1_95' title="bbox 1769 4660 1818 4720">
    <p class='ocr_par' dir='ltr' id='par_1_95' title="bbox 1769 4660 1818 4720">
     <span class='ocr_line' id='line_1_95' title="bbox 1769 4660 1818 4720; baseline 0 0"><span class='ocrx_word' id='word_1_705' title='bbox 1769 4660 1818 4720; x_wconf 94' lang='lat' dir='ltr'><strong>D</strong></span> 
     </span>
    </p>
   </div>
   <div class='ocr_carea' id='block_1_96' title="bbox 2310 4142 2956 4202">
    <p class='ocr_par' dir='ltr' id='par_1_96' title="bbox 2310 4142 2956 4202">
     <span class='ocr_line' id='line_1_96' title="bbox 2310 4142 2956 4202; baseline -0.008 0"><span class='ocrx_word' id='word_1_706' title='bbox 2310 4142 2956 4202; x_wconf 70' lang='lat' dir='ltr'><strong>ANIMADVERSIONES</strong></span> 
     </span>
    </p>
   </div>
   <div class='ocr_carea' id='block_1_97' title="bbox 2174 4247 3101 4300">
    <p class='ocr_par' dir='ltr' id='par_1_97' title="bbox 2174 4247 3101 4300">
     <span class='ocr_line' id='line_1_97' title="bbox 2174 4247 3101 4300; baseline -0.009 -7"><span class='ocrx_word' id='word_1_707' title='bbox 2174 4256 2224 4293; x_wconf 77' lang='lat' dir='ltr'><strong>IN</strong></span> <span class='ocrx_word' id='word_1_708' title='bbox 2266 4254 2467 4294; x_wconf 69' lang='lat' dir='ltr'><strong>EASDEH</strong></span> <span class='ocrx_word' id='word_1_709' title='bbox 2508 4248 2847 4300; x_wconf 61' lang='lat' dir='ltr'><strong>QUESTIONES</strong></span> <span class='ocrx_word' id='word_1_710' title='bbox 2884 4247 3101 4289; x_wconf 71' lang='grc' dir='ltr'>ιιιικιιι.</span> 
     </span>
    </p>
   </div>
   <div class='ocr_carea' id='block_1_98' title="bbox 1846 4322 3429 4401">
    <p class='ocr_par' dir='ltr' id='par_1_98' title="bbox 1846 4322 3429 4401">
     <span class='ocr_line' id='line_1_98' title="bbox 1846 4322 3429 4401; baseline -0.008 -12"><span class='ocrx_word' id='word_1_711' title='bbox 1846 4400 1849 4401; x_wconf 19' lang='grc' dir='ltr'><em>ν</em></span> <span class='ocrx_word' id='word_1_712' title='bbox 1919 4334 2120 4398; x_wconf 72' lang='grc' dir='ltr'><strong>Ουίῐιει.</strong></span> <span class='ocrx_word' id='word_1_713' title='bbox 2154 4335 2209 4387; x_wconf 83' lang='lat'><strong>9.</strong></span> <span class='ocrx_word' id='word_1_714' title='bbox 2248 4334 2395 4398; x_wconf 85' lang='lat' dir='ltr'><strong>Quod</strong></span> <span class='ocrx_word' id='word_1_715' title='bbox 2426 4348 2527 4385; x_wconf 86' lang='lat' dir='ltr'><strong>non</strong></span> <span class='ocrx_word' id='word_1_716' title='bbox 2554 4340 2722 4383; x_wconf 87' lang='lat' dir='ltr'><strong>manet</strong></span> <span class='ocrx_word' id='word_1_717' title='bbox 2744 4330 2932 4397; x_wconf 82' lang='lat' dir='ltr'><strong>percipi</strong></span> <span class='ocrx_word' id='word_1_718' title='bbox 2961 4343 3057 4380; x_wconf 88' lang='lat' dir='ltr'><strong>non</strong></span> <span class='ocrx_word' id='word_1_719' title='bbox 3088 4332 3270 4393; x_wconf 87' lang='lat' dir='ltr'><strong>potest,</strong></span> <span class='ocrx_word' id='word_1_720' title='bbox 3299 4322 3429 4377; x_wconf 78' lang='lat' dir='ltr'><strong>illud</strong></span> 
     </span>
    </p>
   </div>
   <div class='ocr_carea' id='block_1_99' title="bbox 1847 4413 3432 4493">
    <p class='ocr_par' dir='ltr' id='par_1_99' title="bbox 1847 4413 3432 4493">
     <span class='ocr_line' id='line_1_99' title="bbox 1847 4413 3432 4493; baseline -0.008 -15"><span class='ocrx_word' id='word_1_721' title='bbox 1847 4426 1982 4478; x_wconf 85' lang='lat' dir='ltr'><strong>enim</strong></span> <span class='ocrx_word' id='word_1_722' title='bbox 2013 4425 2292 4493; x_wconf 88' lang='lat' dir='ltr'><strong>percipitur</strong></span> <span class='ocrx_word' id='word_1_723' title='bbox 2310 4423 2447 4493; x_wconf 86' lang='lat' dir='ltr'><strong>quod</strong></span> <span class='ocrx_word' id='word_1_724' title='bbox 2476 4421 2686 4475; x_wconf 84' lang='lat' dir='ltr'><strong>scientia</strong></span> <span class='ocrx_word' id='word_1_725' title='bbox 2710 4418 3173 4486; x_wconf 82' lang='lat' dir='ltr'><strong>comprehenditur.</strong></span> <span class='ocrx_word' id='word_1_726' title='bbox 3190 4413 3432 4482; x_wconf 83' lang='lat' dir='ltr'><strong>Compre-</strong></span> 
     </span>
    </p>
   </div>
   <div class='ocr_carea' id='block_1_100' title="bbox 1848 4509 3429 4583">
    <p class='ocr_par' dir='ltr' id='par_1_100' title="bbox 1848 4509 3429 4583">
     <span class='ocr_line' id='line_1_100' title="bbox 1848 4509 3429 4583; baseline -0.008 -13"><span class='ocrx_word' id='word_1_727' title='bbox 1848 4517 2003 4570; x_wconf 85' lang='lat' dir='ltr'><strong>hendi</strong></span> <span class='ocrx_word' id='word_1_728' title='bbox 2026 4525 2191 4569; x_wconf 89' lang='lat' dir='ltr'><strong>autem</strong></span> <span class='ocrx_word' id='word_1_729' title='bbox 2224 4532 2324 4568; x_wconf 91' lang='lat' dir='ltr'><strong>non</strong></span> <span class='ocrx_word' id='word_1_730' title='bbox 2355 4520 2514 4583; x_wconf 82' lang='lat' dir='ltr'><strong>potest</strong></span> <span class='ocrx_word' id='word_1_731' title='bbox 2545 4512 2683 4581; x_wconf 76' lang='lat' dir='ltr'><strong>quod</strong></span> <span class='ocrx_word' id='word_1_732' title='bbox 2710 4512 2817 4564; x_wconf 86' lang='lat' dir='ltr'><strong>sine</strong></span> <span class='ocrx_word' id='word_1_733' title='bbox 2849 4509 3218 4562; x_wconf 84' lang='lat' dir='ltr'><strong>intermissione</strong></span> <span class='ocrx_word' id='word_1_734' title='bbox 3260 4514 3429 4558; x_wconf 84' lang='lat' dir='ltr'><strong>muta-</strong></span> 
     </span>
    </p>
   </div>
   <div class='ocr_carea' id='block_1_101' title="bbox 1847 4597 3431 4677">
    <p class='ocr_par' dir='ltr' id='par_1_101' title="bbox 1847 4597 3431 4677">
     <span class='ocr_line' id='line_1_101' title="bbox 1847 4597 3431 4677; baseline -0.009 -15"><span class='ocrx_word' id='word_1_735' title='bbox 1847 4620 1950 4665; x_wconf 89' lang='lat' dir='ltr'><strong>tur.</strong></span> <span class='ocrx_word' id='word_1_736' title='bbox 1987 4609 2107 4662; x_wconf 84' lang='lat' dir='ltr'><strong>Non</strong></span> <span class='ocrx_word' id='word_1_737' title='bbox 2156 4616 2229 4661; x_wconf 89' lang='lat' dir='ltr'><strong>est</strong></span> <span class='ocrx_word' id='word_1_738' title='bbox 2269 4608 2423 4677; x_wconf 87' lang='lat' dir='ltr'><strong>igitur</strong></span> <span class='ocrx_word' id='word_1_739' title='bbox 2472 4603 2816 4669; x_wconf 78' lang='lat' dir='ltr'><strong>exspectanda</strong></span> <span class='ocrx_word' id='word_1_740' title='bbox 2843 4603 3103 4655; x_wconf 84' lang='lat' dir='ltr'><strong>sinceritas</strong></span> <span class='ocrx_word' id='word_1_741' title='bbox 3146 4597 3369 4651; x_wconf 83' lang='lat' dir='ltr'><strong>veritatis</strong></span> <span class='ocrx_word' id='word_1_742' title='bbox 3397 4612 3431 4648; x_wconf 89' lang='lat' dir='ltr'><strong>a</strong></span> 
     </span>
    </p>
   </div>
   <div class='ocr_carea' id='block_1_102' title="bbox 1845 4693 3428 4769">
    <p class='ocr_par' dir='ltr' id='par_1_102' title="bbox 1845 4693 3428 4769">
     <span class='ocr_line' id='line_1_102' title="bbox 1845 4693 3428 4769; baseline -0.008 -13"><span class='ocrx_word' id='word_1_743' title='bbox 1845 4702 2071 4756; x_wconf 80' lang='lat' dir='ltr'><strong>sensibus</strong></span> <span class='ocrx_word' id='word_1_744' title='bbox 2101 4697 2377 4769; x_wconf 86' lang='lat' dir='ltr'><strong>corporis.]</strong></span> <span class='ocrx_word' id='word_1_745' title='bbox 2407 4698 2495 4751; x_wconf 86' lang='lat' dir='ltr'><strong>Sic</strong></span> <span class='ocrx_word' id='word_1_746' title='bbox 2525 4697 2683 4751; x_wconf 88' lang='lat' dir='ltr'><strong>solvit</strong></span> <span class='ocrx_word' id='word_1_747' title='bbox 2713 4697 3036 4764; x_wconf 84' lang='lat' dir='ltr'><strong>Augustinus</strong></span> <span class='ocrx_word' id='word_1_748' title='bbox 3058 4693 3428 4762; x_wconf 63' lang='lat' dir='ltr'><strong>quaestionem,</strong></span> 
     </span>
    </p>
   </div>
   <div class='ocr_carea' id='block_1_103' title="bbox 1848 4781 3433 4857">
    <p class='ocr_par' dir='ltr' id='par_1_103' title="bbox 1848 4781 3433 4857">
     <span class='ocr_line' id='line_1_103' title="bbox 1848 4781 3433 4857; baseline -0.005 -14"><span class='ocrx_word' id='word_1_749' title='bbox 1848 4801 2022 4845; x_wconf 90' lang='lat' dir='ltr'><strong>utrnm</strong></span> <span class='ocrx_word' id='word_1_750' title='bbox 2052 4791 2299 4845; x_wconf 89' lang='lat' dir='ltr'><strong>sensibus</strong></span> <span class='ocrx_word' id='word_1_751' title='bbox 2328 4789 2603 4857; x_wconf 80' lang='lat' dir='ltr'><strong>corporeis</strong></span> <span class='ocrx_word' id='word_1_752' title='bbox 2651 4787 2849 4856; x_wconf 78' lang='lat' dir='ltr'><strong>percipi</strong></span> <span class='ocrx_word' id='word_1_753' title='bbox 2879 4787 3077 4840; x_wconf 75' lang='lat' dir='ltr'><strong>vei-itas</strong></span> <span class='ocrx_word' id='word_1_754' title='bbox 3120 4782 3305 4851; x_wconf 83' lang='lat' dir='ltr'><strong>possit.</strong></span> <span class='ocrx_word' id='word_1_755' title='bbox 3341 4781 3433 4835; x_wconf 85' lang='lat' dir='ltr'><strong>Est</strong></span> 
     </span>
    </p>
   </div>
   <div class='ocr_carea' id='block_1_104' title="bbox 1802 4875 3432 4949">
    <p class='ocr_par' dir='ltr' id='par_1_104' title="bbox 1802 4875 3432 4949">
     <span class='ocr_line' id='line_1_104' title="bbox 1802 4875 3432 4949; baseline -0.009 -9"><span class='ocrx_word' id='word_1_756' title='bbox 1802 4926 1815 4940; x_wconf 93' lang='lat'><strong>.</strong></span> <span class='ocrx_word' id='word_1_757' title='bbox 1850 4884 2122 4938; x_wconf 87' lang='lat' dir='ltr'><strong>Platonica</strong></span> <span class='ocrx_word' id='word_1_758' title='bbox 2155 4882 2512 4943; x_wconf 88' lang='lat' dir='ltr'><strong>ratiocinatio,</strong></span> <span class='ocrx_word' id='word_1_759' title='bbox 2546 4881 2696 4949; x_wconf 87' lang='lat' dir='ltr'><strong>cujus</strong></span> <span class='ocrx_word' id='word_1_760' title='bbox 2729 4881 2845 4947; x_wconf 88' lang='lat' dir='ltr'><strong>quis</strong></span> <span class='ocrx_word' id='word_1_761' title='bbox 2874 4880 2943 4933; x_wconf 93' lang='lat' dir='ltr'><strong>sit</strong></span> <span class='ocrx_word' id='word_1_762' title='bbox 2983 4892 3110 4931; x_wconf 93' lang='lat' dir='ltr'><strong>usus</strong></span> <span class='ocrx_word' id='word_1_763' title='bbox 3143 4892 3247 4929; x_wconf 92' lang='lat' dir='ltr'><strong>non</strong></span> <span class='ocrx_word' id='word_1_764' title='bbox 3278 4875 3432 4928; x_wconf 83' lang='lat' dir='ltr'><strong>intel-</strong></span> 
     </span>
    </p>
   </div>
   <div class='ocr_carea' id='block_1_105' title="bbox 1851 4968 3432 5043">
    <p class='ocr_par' dir='ltr' id='par_1_105' title="bbox 1851 4968 3432 5043">
     <span class='ocr_line' id='line_1_105' title="bbox 1851 4968 3432 5043; baseline -0.006 -14"><span class='ocrx_word' id='word_1_765' title='bbox 1851 4976 1990 5043; x_wconf 77' lang='lat' dir='ltr'><strong>ligo;</strong></span> <span class='ocrx_word' id='word_1_766' title='bbox 2020 4973 2120 5027; x_wconf 91' lang='lat' dir='ltr'><strong>nisi</strong></span> <span class='ocrx_word' id='word_1_767' title='bbox 2153 4974 2197 5026; x_wconf 90' lang='lat' dir='ltr'><strong>si</strong></span> <span class='ocrx_word' id='word_1_768' title='bbox 2226 4973 2342 5042; x_wconf 90' lang='lat' dir='ltr'><strong>quis</strong></span> <span class='ocrx_word' id='word_1_769' title='bbox 2374 4972 2499 5025; x_wconf 87' lang='lat' dir='ltr'><strong>velit</strong></span> <span class='ocrx_word' id='word_1_770' title='bbox 2530 4972 2579 5024; x_wconf 92' lang='lat' dir='ltr'><strong>iu</strong></span> <span class='ocrx_word' id='word_1_771' title='bbox 2631 4971 2851 5025; x_wconf 91' lang='lat' dir='ltr'><strong>dubium</strong></span> <span class='ocrx_word' id='word_1_772' title='bbox 2903 4983 3152 5023; x_wconf 87' lang='lat' dir='ltr'><strong>revocare</strong></span> <span class='ocrx_word' id='word_1_773' title='bbox 3197 4968 3432 5019; x_wconf 81' lang='lat' dir='ltr'><strong>testimo—</strong></span> 
     </span>
    </p>
   </div>
   <div class='ocr_carea' id='block_1_106' title="bbox 1857 5058 3434 5131">
    <p class='ocr_par' dir='ltr' id='par_1_106' title="bbox 1857 5058 3434 5131">
     <span class='ocr_line' id='line_1_106' title="bbox 1857 5058 3434 5131; baseline -0.005 -10"><span class='ocrx_word' id='word_1_774' title='bbox 1857 5070 2000 5121; x_wconf 90' lang='lat' dir='ltr'><strong>nium</strong></span> <span class='ocrx_word' id='word_1_775' title='bbox 2054 5081 2306 5121; x_wconf 90' lang='lat' dir='ltr'><strong>sensuum</strong></span> <span class='ocrx_word' id='word_1_776' title='bbox 2365 5066 2418 5119; x_wconf 91' lang='lat' dir='ltr'><strong>in</strong></span> <span class='ocrx_word' id='word_1_777' title='bbox 2462 5066 2619 5119; x_wconf 89' lang='lat' dir='ltr'><strong>rebus</strong></span> <span class='ocrx_word' id='word_1_778' title='bbox 2658 5063 2951 5131; x_wconf 90' lang='lat' dir='ltr'><strong>corporeis,</strong></span> <span class='ocrx_word' id='word_1_779' title='bbox 2981 5077 3084 5131; x_wconf 91' lang='lat' dir='ltr'><strong>quo</strong></span> <span class='ocrx_word' id='word_1_780' title='bbox 3115 5070 3288 5114; x_wconf 88' lang='lat' dir='ltr'><strong>tamen</strong></span> <span class='ocrx_word' id='word_1_781' title='bbox 3321 5058 3434 5125; x_wconf 72' lang='lat' dir='ltr'><strong>ipsa</strong></span> 
     </span>
    </p>
   </div>
   <div class='ocr_carea' id='block_1_107' title="bbox 1856 5151 3434 5223">
    <p class='ocr_par' dir='ltr' id='par_1_107' title="bbox 1856 5151 3434 5223">
     <span class='ocr_line' id='line_1_107' title="bbox 1856 5151 3434 5223; baseline -0.004 -12"><span class='ocrx_word' id='word_1_782' title='bbox 1856 5158 2150 5211; x_wconf 83' lang='lat' dir='ltr'><strong>Christiana</strong></span> <span class='ocrx_word' id='word_1_783' title='bbox 2201 5157 2333 5210; x_wconf 84' lang='lat' dir='ltr'><strong>ﬁdes</strong></span> <span class='ocrx_word' id='word_1_784' title='bbox 2384 5157 2589 5211; x_wconf 87' lang='lat' dir='ltr'><strong>nititur.</strong></span> <span class='ocrx_word' id='word_1_785' title='bbox 2647 5155 2768 5210; x_wconf 90' lang='lat' dir='ltr'><strong>Scio</strong></span> <span class='ocrx_word' id='word_1_786' title='bbox 2816 5152 3181 5223; x_wconf 82' lang='lat' dir='ltr'><strong>philosophica</strong></span> <span class='ocrx_word' id='word_1_787' title='bbox 3208 5151 3434 5221; x_wconf 92' lang='lat' dir='ltr'><strong>quodam</strong></span> 
     </span>
    </p>
   </div>
   <div class='ocr_carea' id='block_1_108' title="bbox 1857 5242 3437 5317">
    <p class='ocr_par' dir='ltr' id='par_1_108' title="bbox 1857 5242 3437 5317">
     <span class='ocr_line' id='line_1_108' title="bbox 1857 5242 3437 5317; baseline -0.004 -16"><span class='ocrx_word' id='word_1_788' title='bbox 1857 5264 2015 5307; x_wconf 89' lang='lat' dir='ltr'><strong>sensu</strong></span> <span class='ocrx_word' id='word_1_789' title='bbox 2040 5262 2195 5317; x_wconf 89' lang='lat' dir='ltr'><strong>posse</strong></span> <span class='ocrx_word' id='word_1_790' title='bbox 2226 5248 2328 5302; x_wconf 93' lang='lat' dir='ltr'><strong>dici</strong></span> <span class='ocrx_word' id='word_1_791' title='bbox 2360 5262 2549 5301; x_wconf 88' lang='lat' dir='ltr'><strong>sensus</strong></span> <span class='ocrx_word' id='word_1_792' title='bbox 2581 5264 2607 5299; x_wconf 88' lang='lat' dir='ltr'><strong>a</strong></span> <span class='ocrx_word' id='word_1_793' title='bbox 2636 5246 2746 5299; x_wconf 90' lang='lat' dir='ltr'><strong>Deo</strong></span> <span class='ocrx_word' id='word_1_794' title='bbox 2774 5245 2927 5305; x_wconf 74' lang='lat' dir='ltr'><strong>nobis</strong></span> <span class='ocrx_word' id='word_1_795' title='bbox 2953 5245 3104 5298; x_wconf 86' lang='lat' dir='ltr'><strong>datos</strong></span> <span class='ocrx_word' id='word_1_796' title='bbox 3146 5260 3246 5296; x_wconf 87' lang='lat' dir='ltr'><strong>non</strong></span> <span class='ocrx_word' id='word_1_797' title='bbox 3278 5242 3437 5297; x_wconf 78' lang='lat' dir='ltr'><strong>tuisse</strong></span> 
     </span>
    </p>
   </div>
   <div class='ocr_carea' id='block_1_109' title="bbox 1858 5336 3439 5405">
    <p class='ocr_par' dir='ltr' id='par_1_109' title="bbox 1858 5336 3439 5405">
     <span class='ocr_line' id='line_1_109' title="bbox 1858 5336 3439 5405; baseline -0.004 -11"><span class='ocrx_word' id='word_1_798' title='bbox 1858 5354 1914 5395; x_wconf 89' lang='lat' dir='ltr'><strong>ut</strong></span> <span class='ocrx_word' id='word_1_799' title='bbox 1947 5342 2182 5393; x_wconf 85' lang='lat' dir='ltr'><strong>intimam</strong></span> <span class='ocrx_word' id='word_1_800' title='bbox 2218 5357 2391 5394; x_wconf 91' lang='lat' dir='ltr'><strong>rerum</strong></span> <span class='ocrx_word' id='word_1_801' title='bbox 2428 5352 2692 5405; x_wconf 86' lang='lat' dir='ltr'><strong>naturam,</strong></span> <span class='ocrx_word' id='word_1_802' title='bbox 2727 5348 2781 5393; x_wconf 92' lang='lat' dir='ltr'><strong>et</strong></span> <span class='ocrx_word' id='word_1_803' title='bbox 2810 5339 3064 5392; x_wconf 84' lang='lat' dir='ltr'><strong>veritates</strong></span> <span class='ocrx_word' id='word_1_804' title='bbox 3088 5336 3327 5391; x_wconf 90' lang='lat' dir='ltr'><strong>occultas</strong></span> <span class='ocrx_word' id='word_1_805' title='bbox 3350 5352 3439 5389; x_wconf 88' lang='lat' dir='ltr'><strong>eo-</strong></span> 
     </span>
    </p>
   </div>
   <div class='ocr_carea' id='block_1_110' title="bbox 1860 5432 3409 5503">
    <p class='ocr_par' dir='ltr' id='par_1_110' title="bbox 1860 5432 3409 5503">
     <span class='ocr_line' id='line_1_110' title="bbox 1860 5432 3409 5503; baseline -0.002 -18"><span class='ocrx_word' id='word_1_806' title='bbox 1860 5449 1973 5485; x_wconf 88' lang='lat' dir='ltr'><strong>rum</strong></span> <span class='ocrx_word' id='word_1_807' title='bbox 2003 5448 2102 5501; x_wconf 86' lang='lat' dir='ltr'><strong>ope</strong></span> <span class='ocrx_word' id='word_1_808' title='bbox 2124 5448 2540 5503; x_wconf 79' lang='lat' dir='ltr'><strong>cognoscamus;</strong></span> <span class='ocrx_word' id='word_1_809' title='bbox 2573 5432 2666 5486; x_wconf 92' lang='lat' dir='ltr'><strong>sed</strong></span> <span class='ocrx_word' id='word_1_810' title='bbox 2696 5432 2808 5486; x_wconf 66' lang='lat' dir='ltr'><strong>haec</strong></span> <span class='ocrx_word' id='word_1_811' title='bbox 2836 5432 2901 5486; x_wconf 90' lang='lat' dir='ltr'><strong>ad</strong></span> <span class='ocrx_word' id='word_1_812' title='bbox 2932 5432 3259 5500; x_wconf 82' lang='lat' dir='ltr'><strong>theologicas</strong></span> <span class='ocrx_word' id='word_1_813' title='bbox 3290 5446 3409 5499; x_wconf 76' lang='lat' dir='ltr'><strong>quae</strong></span> 
     </span>
    </p>
   </div>
   <div class='ocr_carea' id='block_1_111' title="bbox 1857 5522 3416 5593">
    <p class='ocr_par' dir='ltr' id='par_1_111' title="bbox 1857 5522 3416 5593">
     <span class='ocr_line' id='line_1_111' title="bbox 1857 5522 3416 5593; baseline -0.002 -16"><span class='ocrx_word' id='word_1_814' title='bbox 1857 5525 2063 5577; x_wconf 91' lang='lat' dir='ltr'><strong>stiones</strong></span> <span class='ocrx_word' id='word_1_815' title='bbox 2087 5541 2191 5579; x_wconf 93' lang='lat' dir='ltr'><strong>non</strong></span> <span class='ocrx_word' id='word_1_816' title='bbox 2223 5525 2511 5593; x_wconf 90' lang='lat' dir='ltr'><strong>pertinent.</strong></span> <span class='ocrx_word' id='word_1_817' title='bbox 2537 5523 2696 5578; x_wconf 84' lang='lat' dir='ltr'><strong>Multa</strong></span> <span class='ocrx_word' id='word_1_818' title='bbox 2731 5523 2816 5578; x_wconf 90' lang='lat' dir='ltr'><strong>hic</strong></span> <span class='ocrx_word' id='word_1_819' title='bbox 2843 5532 2969 5577; x_wconf 89' lang='lat' dir='ltr'><strong>sunt</strong></span> <span class='ocrx_word' id='word_1_820' title='bbox 3011 5537 3129 5592; x_wconf 73' lang='lat' dir='ltr'><strong>qua:</strong></span> <span class='ocrx_word' id='word_1_821' title='bbox 3179 5522 3416 5576; x_wconf 74' lang='lat' dir='ltr'><strong>Platonis</strong></span> 
     </span>
    </p>
   </div>
   <div class='ocr_carea' id='block_1_112' title="bbox 1860 5616 3071 5669">
    <p class='ocr_par' dir='ltr' id='par_1_112' title="bbox 1860 5616 3071 5669">
     <span class='ocr_line' id='line_1_112' title="bbox 1860 5616 3071 5669; baseline 0 0"><span class='ocrx_word' id='word_1_822' title='bbox 1860 5632 2002 5669; x_wconf 87' lang='lat' dir='ltr'><strong>mutu</strong></span> <span class='ocrx_word' id='word_1_823' title='bbox 2029 5616 2289 5669; x_wconf 86' lang='lat' dir='ltr'><strong>redolent.</strong></span> <span class='ocrx_word' id='word_1_824' title='bbox 3066 5616 3071 5623; x_wconf 87' lang='grc'><em>’</em></span> 
     </span>
    </p>
   </div>
   <div class='ocr_carea' id='block_1_113' title="bbox 1932 5703 3443 5777">
    <p class='ocr_par' dir='ltr' id='par_1_113' title="bbox 1932 5703 3443 5777">
     <span class='ocr_line' id='line_1_113' title="bbox 1932 5703 3443 5777; baseline -0.005 -17"><span class='ocrx_word' id='word_1_825' title='bbox 1932 5708 2133 5772; x_wconf 74' lang='lat' dir='ltr'><strong>Qumst.</strong></span> <span class='ocrx_word' id='word_1_826' title='bbox 2169 5709 2256 5761; x_wconf 80' lang='grc'><strong>16.</strong></span> <span class='ocrx_word' id='word_1_827' title='bbox 2293 5706 2426 5759; x_wconf 81' lang='lat' dir='ltr'><strong>Deus</strong></span> <span class='ocrx_word' id='word_1_828' title='bbox 2453 5707 2679 5761; x_wconf 86' lang='lat' dir='ltr'><strong>omnium</strong></span> <span class='ocrx_word' id='word_1_829' title='bbox 2704 5724 2815 5777; x_wconf 69' lang='lat' dir='ltr'><strong>qua:</strong></span> <span class='ocrx_word' id='word_1_830' title='bbox 2846 5718 2959 5761; x_wconf 87' lang='lat' dir='ltr'><strong>sunt</strong></span> <span class='ocrx_word' id='word_1_831' title='bbox 2990 5723 3142 5761; x_wconf 83' lang='lat' dir='ltr'><strong>causa</strong></span> <span class='ocrx_word' id='word_1_832' title='bbox 3170 5714 3264 5758; x_wconf 87' lang='lat' dir='ltr'><strong>est.</strong></span> <span class='ocrx_word' id='word_1_833' title='bbox 3292 5703 3443 5769; x_wconf 77' lang='lat' dir='ltr'><strong>Quod</strong></span> 
     </span>
    </p>
   </div>
   <div class='ocr_carea' id='block_1_114' title="bbox 1863 5796 3444 5868">
    <p class='ocr_par' dir='ltr' id='par_1_114' title="bbox 1863 5796 3444 5868">
     <span class='ocr_line' id='line_1_114' title="bbox 1863 5796 3444 5868; baseline -0.003 -14"><span class='ocrx_word' id='word_1_834' title='bbox 1863 5810 2029 5854; x_wconf 85' lang='lat' dir='ltr'><strong>autem</strong></span> <span class='ocrx_word' id='word_1_835' title='bbox 2062 5800 2286 5853; x_wconf 82' lang='lat' dir='ltr'><strong>omnium</strong></span> <span class='ocrx_word' id='word_1_836' title='bbox 2313 5816 2483 5854; x_wconf 82' lang='lat' dir='ltr'><strong>rerum</strong></span> <span class='ocrx_word' id='word_1_837' title='bbox 2522 5816 2673 5856; x_wconf 81' lang='lat' dir='ltr'><strong>causa</strong></span> <span class='ocrx_word' id='word_1_838' title='bbox 2704 5812 2796 5868; x_wconf 76' lang='lat' dir='ltr'><strong>est,</strong></span> <span class='ocrx_word' id='word_1_839' title='bbox 2829 5802 2977 5856; x_wconf 83' lang='lat' dir='ltr'><strong>etiam</strong></span> <span class='ocrx_word' id='word_1_840' title='bbox 3029 5796 3292 5854; x_wconf 70' lang='lat' dir='ltr'><strong>sapientiw</strong></span> <span class='ocrx_word' id='word_1_841' title='bbox 3337 5807 3444 5849; x_wconf 66' lang='lat' dir='ltr'><strong>aut!</strong></span> 
     </span>
    </p>
   </div>
  </div>
