3974 6356
561 308 656 370 li“

1453 308 2003 369 SUPPLEMENTUM
2038 310 2130 366 AD
2168 309 2396 366 OPERA
2433 311 2488 366 S.
2533 309 2915 376 AUGUSTINI,
3697 313 3776 374 ιη

561 443 713 480 causa
742 425 861 498 est.]
893 425 1066 492 Quare
1095 440 1200 480 non
1227 423 1357 480 dicit
1385 425 1462 479 sui
1491 425 1652 496 ipsius
1698 443 1854 480 causa
1891 427 2004 480 est?
2047 424 2140 479 Ni-
2166 426 2222 486 Α
2246 427 2386 480 illius
2417 427 2535 492 aevi,
2569 428 2802 496 quinque
2833 423 3112 493 cullegeris
3137 437 3254 478 esse
3285 421 3500 476 divinas
3542 437 3772 493 personas,

560 519 773 582 mirum,
797 517 916 587 quia
941 516 1253 573 certissimis
1274 507 1756 589 metaphysicorum
1783 517 2137 572 aximnatibus

559 599 663 662 hoc
697 620 973 678 repugnat.
1009 612 1254 662 Attamen
1283 608 1424 663 idem
1471 609 1587 662 aliis
1615 609 1792 663 verbis
1835 608 1982 673 dicit,
2014 625 2136 662 nam

561 701 821 769 sapientia
857 701 945 754 Dei
978 712 1059 754 est
1088 702 1200 768 ipse
1232 700 1392 755 Deus.
1442 701 1557 754 Non
1585 711 1664 756 est
1695 700 2137 758 dissimulandum

561 791 628 847 ita
660 791 801 860 loqui
832 793 1020 845 solitos
1069 792 1387 847 Platonicos.
1432 794 1693 848 Aristides
1723 805 1848 847 tom.
1891 794 1932 858 Ι,
1961 795 2052 848 Or.
2084 798 2135 861 l,

561 899 611 950 p.
645 880 696 950 5,
725 882 790 936 de
823 883 930 936 Deo
958 903 969 938 ;
1002 885 1234 943 Ἐποίησε
1265 893 1468 961 πρῶτος
1499 889 1649 947 αὐτὸς
1679 887 1854 942 ἑαυτὸν
1882 906 1893 940 :
1932 886 2140 940 Primus

559 975 665 1039 ipse
684 989 735 1025 se
756 974 892 1041 fecit.
919 974 1083 1029 Paulo
1112 986 1257 1044 post:
1282 975 1400 1032 Ὃδε
1427 979 1556 1044 ἐστὶ,
1580 979 1782 1054 πρῶτος
1800 999 1853 1031 τε
1877 983 2141 1054 nati-apse-

562 1064 778 1124 ϐύτατος
809 1071 895 1118 καὶ
925 1068 1214 1140 ἀρχηγέτης
1247 1075 1345 1122 τῶν
1374 1071 1592 1134 πάντων,
1623 1070 1773 1129 αὐτὸς
1808 1072 1856 1134 ἐξ
1878 1072 2028 1124 αὐτοῦ
2055 1094 2141 1143 ’γε-

559 1155 872 1224 νόμενος.....
907 1159 1208 1232 αὐτοπάτωρ
1237 1180 1289 1214 τε
1325 1164 1408 1214 καὶ
1434 1161 1662 1230 μείζωνῆ
1694 1164 1742 1224 ἐξ
1766 1159 1913 1215 ἄλλον
1943 1166 2142 1236 γεγονέ-

559 1270 638 1301 ναι
659 1265 669 1275 °
703 1252 785 1301 καὶ
813 1252 990 1325 ὥσπερ
1020 1257 1107 1309 τήν
1133 1254 1333 1309 Ἀθηνᾶν
1373 1251 1474 1327 ἄρα
1509 1257 1561 1306 ἐκ
1595 1263 1687 1313 τῆς·
1717 1255 1927 1326 κεφαλῆς
1957 1254 2104 1326 ἔφυσε
2123 1296 2138 1319 ,

563 1343 643 1393 διαὶ
665 1341 832 1411 γάμου
860 1341 996 1395 οὐδὲν
1016 1343 1324 1416 προσεδεήθη
1356 1348 1425 1404 εἰς
1452 1347 1625 1410 αὐτήν,
1660 1346 1820 1406 οὕτως
1851 1346 1925 1400 ἕλει
1953 1348 2140 1421 πρότε-

560 1449 646 1505 ρον
675 1432 823 1492 αὐτὸς
856 1432 1032 1487 ἑαυτὸν
1061 1435 1111 1498 ἐξ
1143 1435 1326 1489 ἑαυτοῦ
1358 1437 1586 1493 ἐποίησε.
1622 1434 1721 1488 llic
1751 1448 1821 1488 est
1871 1438 2064 1503 primus
2094 1447 2144 1492 et

559 1523 960 1590 antiquissimus,
991 1533 1035 1577 et
1055 1530 1278 1578 omnium
1309 1528 1561 1598 princeps,
1595 1528 1700 1594 ipse
1723 1545 1784 1581 ex
1803 1545 1856 1582 se
1881 1533 2138 1598 factus...

562 1621 705 1682 pater
728 1614 807 1667 sui
825 1616 1004 1680 ipsius,
1026 1625 1071 1667 et
1093 1619 1258 1686 major
1281 1634 1430 1683 quam
1452 1629 1589 1672 utea:
1605 1617 1709 1671 alio
1735 1629 1880 1684 esset,
1905 1629 1950 1674 et
1971 1636 2145 1688 quem-

560 1704 832 1758 admodum
859 1722 981 1759 sane
1011 1705 1291 1760 Mineruam
1318 1724 1379 1760 ea:
1415 1710 1579 1776 capite
1607 1711 1798 1779 genuit,
1832 1727 1922 1763 nec
1957 1713 2145 1778 nuptiis

2241 518 2379 588 quod
2411 519 2520 572 sint
2566 531 2792 586 quatuor
2817 518 3101 581 elementa,
3126 526 3178 569 et
3201 515 3387 582 quinta
3425 515 3668 585 essentia,
3699 535 3775 586 qua

2242 614 2362 668 οωιί
2393 623 2448 668 et
2481 612 2756 666 hominum
2792 623 2996 666 mentes
3019 618 3286 664 constant.
3321 608 3512 675 Qualia
3543 609 3776 666 innumera

2243 714 2458 773 possent
2489 704 2632 774 tingi.
2659 703 2762 759 Sed
2795 713 2849 757 et
2892 702 3014 757 audi
3045 701 3375 756 rhetoricum
3433 711 3778 768 argumentum,

2243 812 2309 849 ne
2353 811 2461 849 suae
2491 797 2618 848 artis
2643 794 3048 848 oblivisceretur
3077 793 3248 847 bonus
3297 792 3553 845 antistes.
3601 788 3782 862 Ideoque

2241 891 2396 944 etiam
2419 906 2533 942 cum
2550 889 2732 942 veritas
2757 889 3023 956 quaeritur,
3047 887 3162 956 plus
3180 901 3337 955 quam
3359 884 3463 935 tria
3491 899 3662 953 genera
3677 901 3783 953 qua-

2242 982 2462 1034 stionum
2486 995 2591 1032 esse
2619 994 2720 1031 non
2748 987 2956 1046 possunt
2983 986 3154 1029 utrum
3184 975 3396 1029 omnino
3429 974 3518 1037 sit,
3545 984 3698 1025 utrum
3717 974 3785 1028 hoc

2244 1091 2311 1126 an
2354 1074 2497 1126 aliud
2527 1074 2612 1138 sit,
2642 1082 2810 1125 utrum
2838 1070 3224 1140 approbandum
3252 1066 3694 1137 improbandumve
3724 1071 3780 1120 sit.

2244 1167 2436 1234 Quidni
2479 1167 2615 1221 alius
2657 1166 2906 1220 similiter
2947 1174 3175 1234 quatuor
3206 1177 3328 1216 esse
3380 1174 3634 1226 personas
3661 1160 3787 1222 dicat,

2245 1257 2384 1324 quod
2415 1257 2520 1311 sint
2547 1266 2775 1325 quatuor
2806 1254 3088 1308 rhetoricm
3120 1263 3321 1321 partes,
3369 1249 3627 1311 inventio,
3649 1249 3788 1318 dispo-

2245 1351 2390 1412 sitio,
2417 1349 2646 1404 elocutio
2677 1364 2738 1402 ac
2762 1345 3146 1417 pronuntiatio,
3173 1350 3264 1397 aut
3294 1340 3444 1411 quod
3477 1341 3791 1407 sintqualuor

2248 1440 2429 1509 ﬁgura:
2469 1439 2934 1507 syllogismorum?
2972 1438 3062 1504 At,
3094 1435 3328 1502 inquies,
3366 1430 3686 1498 Augustinus
3710 1429 3790 1482 huc

2247 1531 2398 1597 quasi
2423 1540 2737 1598 argumenta
2767 1528 2916 1582 lirma
2947 1544 3049 1581 non
3081 1526 3326 1595 protulit,
3355 1520 3454 1575 sed
3486 1520 3653 1589 potius
3677 1522 3786 1587 quasi

2248 1621 2644 1675 illustrationes
2675 1619 2932 1688 quasdam
2983 1616 3386 1686 philosophicas
3437 1626 3501 1664 ac
3545 1610 3788 1662 rhetoricas

2249 1711 2493 1766 veritatis
2523 1709 2738 1766 aliunde
2773 1710 3064 1776 explorata:
3095 1707 3360 1776 proludit;
3391 1712 3446 1756 et
3471 1700 3678 1770 quidem
3703 1701 3786 1762 tiro,

559 1798 670 1866 ejus
697 1811 854 1850 causa
877 1797 1117 1866 indiguit,
1149 1798 1222 1850 sic
1248 1797 1418 1852 adhuc
1448 1801 1591 1867 prius
1617 1801 1725 1867 ipse
1751 1817 1803 1854 se
1838 1818 1899 1855 ex
1922 1818 1975 1855 se
2001 1803 2136 1872 fecit.
2169 1797 2217 1858 B
2247 1818 2364 1857 cum
2393 1802 2619 1868 primum
2652 1801 2703 1854 in
2737 1799 2975 1854 Africam
3014 1814 3078 1853 ex
3117 1798 3258 1850 Italia
3294 1794 3570 1847 rediisset.
3595 1789 3688 1844 Sed
3718 1793 3785 1856 pri—

560 1883 649 1942 Sic
676 1903 802 1942 vero
831 1887 1032 1958 colligit
1063 1889 1384 1958 Augustinus
1416 1893 1767 1946 internitatem
1803 1893 1941 1957 Filii,
1973 1909 2038 1946 ex
2063 1894 2142 1946 al-

560 1979 680 2034 latis
711 1981 931 2035 verbis:
968 1981 1135 2054 Igitur
1162 1985 1482 2054 sempiterna:
1525 1986 1792 2054 sapientia:
1836 2002 1942 2039 suae
1985 2003 2144 2039 causa

561 2083 630 2124 est
660 2073 985 2141 sempiterna,
1011 2089 1101 2126 nec
1125 2083 1345 2144 tempore
1373 2076 1513 2144 prior
1536 2087 1628 2140 est,
1654 2093 1805 2145 quant
1829 2094 1923 2130 sua
1943 2078 2144 2148 sapien-

561 2163 649 2216 tia.
687 2163 826 2216 ldetn
859 2163 1161 2235 collegeris,
1189 2167 1232 2218 si
1265 2176 1404 2220 recta
1434 2167 1648 2234 sithzec
1680 2170 2038 2231 ratiocinatio,
2072 2172 2138 2224 de

562 2253 778 2320 reliquis
803 2255 1050 2309 omnibus
1074 2255 1168 2309 Dei
1193 2257 1476 2311 attributis.
1513 2258 1652 2313 Deus
1682 2260 1824 2314 enim
1858 2263 1960 2315 erit
1984 2277 2141 2316 causa

562 2357 673 2398 suae
715 2345 990 2411 bonitatis,
1039 2361 1148 2400 sua:
1193 2352 1465 2415 potentiae,
1500 2365 1609 2403 sua:
1651 2350 1892 2419 iustitiae,
1924 2361 2052 2416 etc.,
2083 2370 2145 2406 ac

562 2437 784 2506 proinde
813 2439 1030 2493 totidem
1059 2449 1215 2494 erunt
1243 2439 1362 2494 Filii
1392 2436 1489 2496 Dei
1517 2453 1645 2511 quot
1673 2451 1801 2497 sunt
1841 2445 1959 2512 ejus
1996 2447 2144 2500 attri-

562 2529 709 2595 buta,
741 2546 847 2598 quo
893 2531 1022 2584 nihil
1054 2533 1341 2588 absurdius
1389 2535 1514 2605 tingi
1563 2544 1757 2602 potest.
1805 2527 2146 2593 Praestitisset

563 2636 689 2690 ergo
716 2622 984 2677 abstinere
1013 2624 1274 2692 ejusmodi
1307 2625 1822 2689 ratiocinationibus,
1849 2629 2043 2694 quibus
2068 2633 2146 2681 ni-

563 2714 638 2769 ltil
679 2716 889 2784 probari
923 2726 1123 2786 potest;
1156 2719 1451 2785 przesertim
1477 2721 1526 2773 in
1560 2736 1616 2774 re
1647 2730 1753 2774 tam
1786 2723 1944 2786 seria,
1980 2731 2032 2776 et
2073 2732 2149 2777 tot

563 2807 836 2861 acerrimis
865 2808 1250 2863 controversiis
1276 2823 1442 2878 uSque
1466 2811 1602 2865 adeo
1631 2821 1840 2865 vexata.

633 2897 833 2963 Qtnest.
870 2899 955 2952 18.
988 2898 1073 2953 Sir
1101 2900 1293 2967 prohat
1314 2899 1627 2956 Trinitatem
1657 2919 1671 2956 :
1700 2902 1860 2956 Omne
1890 2906 2025 2973 quod
2052 2913 2146 2970 est,

565 2987 706 3041 aliud
726 2997 798 3040 est
827 3005 926 3051 quo
957 2998 1172 3057 constat,
1204 2989 1348 3042 aliud
1395 3009 1492 3060 quo
1523 2994 1849 3060 discernitur,
1881 2996 2022 3046 aliud
2049 3012 2148 3063 quo

564 3081 814 3148 congruit.
836 3080 1081 3135 Universa
1097 3083 1252 3154 igitur
1272 3094 1506 3136 creatura
1528 3085 1570 3137 si
1591 3095 1638 3138 et
1660 3096 1732 3138 est
1753 3103 1951 3155 quoquo
1974 3090 2145 3150 modo,

2246 1909 2387 1946 mum
2427 1893 2509 1951 ha:
2537 1908 2639 1946 non
2674 1900 2824 1957 sunt,
2857 1891 2900 1945 si
2925 1891 3202 1944 veritatem
3233 1900 3488 1949 amanus,
3530 1882 3780 1936 illustratio

2248 2001 2360 2048 nes,
2388 2000 2570 2038 verum
2599 1983 3004 2037 obseurationes
3026 1981 3289 2040 veritatis,
3323 1993 3448 2045 quae
3481 1974 3705 2026 futilibus
3726 1972 3788 2024 bu-

2241 2077 2474 2145 jusmodi
2524 2075 2748 2144 argutiis
2783 2075 3004 2128 minime
3055 2072 3275 2138 indiget,
3325 2078 3380 2121 et
3429 2067 3786 2119 dehonestatttr.

2249 2169 2534 2231 l’ratterea,
2560 2175 2615 2218 nt
2640 2165 2752 2233 ipse
2776 2173 3022 2225 testatur,
3050 2162 3189 2214 hunc
3207 2161 3409 2214 librum
3429 2157 3540 2225 jam
3559 2155 3790 2222 episcopus

2247 2275 2310 2311 ex
2331 2257 2562 2327 antiquis
2586 2255 2799 2310 St-hedis
2821 2254 2998 2323 colligi
3017 2253 3197 2322 jussit,
3220 2251 3379 2319 cujus
3406 2249 3630 2302 maxima
3659 2258 3788 2312 parte,

2247 2354 2363 2404 sine
2398 2351 2499 2402 ulla
2550 2349 2630 2401 vel
2658 2348 2873 2401 minima
2903 2349 3131 2411 jactura,
3162 2343 3411 2397 Numidae
3441 2347 3708 2408 potuerunt
3731 2351 3793 2388 ca-

2248 2457 2395 2502 rere;
2427 2451 2479 2492 et
2507 2441 2556 2492 in
2591 2437 2740 2492 libris
2765 2439 2894 2506 ipsis
2919 2435 2986 2490 de
3027 2434 3317 2494 Trinitate,
3347 2431 3420 2484 ab
3452 2431 3691 2498 episcopo
3712 2442 3785 2480 ma-

2248 2548 2351 2602 gno
2379 2531 2554 2584 studio
2578 2530 2888 2594 elaboratis,
2924 2529 3047 2582 talia
3089 2527 3254 2580 multa
3287 2534 3437 2578 sunt.

2324 2629 2521 2692 Quaest.
2553 2625 2642 2679 24.
2671 2622 2912 2676 Meritum
2945 2630 3117 2674 autem
3151 2634 3310 2685 plena:
3340 2626 3626 2680 peccatum.
3653 2621 3692 2664 et
3717 2627 3786 2665 nn-

2250 2720 2404 2771 ritum
2442 2715 2639 2784 prtemii
2669 2727 2801 2767 recte
2832 2717 3024 2784 factum
3050 2709 3168 2782 est]
3203 2711 3313 2763 Hoc
3344 2718 3430 2762 est
3463 2708 3698 2760 meritum
3718 2713 3786 2764 est,

2249 2827 2356 2878 qtto
2390 2824 2540 2877 paena
2591 2807 2928 2860 contrahitur
2969 2815 3024 2860 et
3072 2819 3179 2872 quo
3225 2802 3509 2870 pratmium
3559 2796 3787 2864 accipitur.

2253 2901 2440 2957 Subdit
2470 2919 2481 2954 :
2515 2899 2624 2954 Nec
2655 2907 2915 2968 peccatum
2945 2908 3135 2961 autem,
3164 2912 3253 2950 nec
3281 2905 3422 2948 recte
3455 2897 3640 2960 factum
3662 2891 3788 2953 inn-tt-

2255 2996 2352 3047 tari
2382 2996 2618 3064 cuiquam
2640 2994 2779 3062 juste
2810 3000 2989 3061 potest,
3020 2989 3110 3060 qui
3140 2988 3270 3041 nihil
3301 2987 3484 3058 fecerit
3523 2982 3712 3054 propria
3729 2995 3792 3056 ιόέ

2254 3085 2466 3138 luntate.
2501 3085 2588 3136 Est
2607 3085 2763 3152 igitur
2784 3093 2827 3135 et
2857 3092 3118 3151 peccatum
3137 3089 3183 3134 et
3204 3091 3340 3132 recte
3368 3079 3562 3146 factum
3584 3076 3633 3127 in
3656 3072 3788 3132 libero,

567 3177 611 3222 et
639 3170 702 3221 ab
728 3186 785 3222 eo
807 3171 943 3237 quod
965 3173 1170 3224 omnino
1195 3173 1324 3225 nihil
1350 3184 1424 3226 est
1455 3176 1731 3241 plurimum
1757 3179 1931 3241 distat,
1968 3189 2015 3230 et
2043 3182 2146 3232 suis
2176 3169 2222 3232 C
2252 3180 2522 3230 voluntatis
2553 3175 2781 3228 arbitrio.
2813 3175 2869 3228 lu
2901 3172 3398 3227 Retractationihus
3439 3183 3568 3222 vero
3605 3166 3664 3218 ad
3691 3163 3790 3215 hanc

567 3261 793 3333 partibus
842 3263 1039 3316 sibimet
1066 3267 1318 3335 congruit,
1363 3283 1570 3320 causam
1602 3285 1795 3337 quoque
1825 3274 1934 3341 ejus
1964 3273 2146 3325 trinam

568 3367 673 3409 esse
699 3364 893 3427 oportet
921 3370 940 3410 :
965 3374 1065 3426 qua
1094 3357 1178 3421 sit,
1206 3374 1304 3425 qua
1332 3357 1428 3412 hoc
1454 3362 1538 3424 sit,
1568 3377 1667 3429 qua
1696 3362 1792 3414 sibi
1821 3364 1984 3415 amica
2031 3364 2144 3437 sit.]

569 3447 927 3514 Praeterquam
957 3447 1095 3515 quod
1127 3447 1241 3500 haec
1290 3448 1649 3505 abstractione
1693 3452 1952 3507 duntaxat
1981 3454 2146 3508 animi

570 3537 985 3606 distinguuntur,
1014 3553 1074 3592 ac
1105 3540 1331 3607 proinde
1362 3557 1465 3595 non
1497 3557 1630 3610 opus
1679 3544 1877 3598 habent
1922 3545 2147 3600 diversis

572 3631 769 3694 causis,
817 3645 882 3683 an
923 3646 1034 3684 «non
1069 3632 1336 3686 variarum
1377 3650 1554 3688 rerum
1587 3645 1756 3704 potest
1787 3652 1903 3692 esse
1927 3653 2027 3691 una
2055 3653 2145 3692 ea-

571 3722 797 3789 demque
848 3722 1239 3790 simplicissima
1287 3726 1487 3779 causa?
1517 3725 1628 3781 Nisi
1677 3727 1780 3783 hoc
1809 3729 2143 3795 admittatur,

571 3822 703 3880 quot
725 3812 978 3881 distingui
1010 3815 1329 3882 poteruntin
1358 3817 1619 3872 creaturis
1645 3821 2020 3887 proprietates,
2046 3831 2149 3874 tot-

573 3903 714 3957 idem
768 3909 923 3957 erunt
971 3919 1210 3973 persona:
1263 3907 1479 3960 divime.
1526 3908 1817 3964 llaereticos
1861 3911 1997 3964 illius
2048 3913 2148 3966 aevi

577 4004 792 4063 oportet
818 3995 975 4050 valde
1002 3997 1209 4066 stipites
1265 3997 1449 4064 fuisse,
1495 4001 1536 4053 si
1570 4001 1634 4054 ad
1683 4003 1804 4055 talia
1837 4014 2151 4073 argumenta

490 4091 498 4096 '
574 4087 1031 4149 obmutescerent.
1066 4100 1158 4144 aut
1191 4091 1528 4146 adversarios
1558 4109 1661 4146 non
1695 4095 2006 4148 irriderent.
2044 4096 2150 4150 Sed

575 4187 629 4230 et
656 4178 1075 4233 orthodoxorum
1105 4195 1263 4234 aures
1285 4189 1444 4248 atque
1473 4182 1612 4236 oeuli
1642 4185 1905 4251 patientes
1940 4184 2151 4239 luerunt

573 4270 886 4336 quorumvis
913 4284 1215 4324 sermonum
1239 4280 1292 4326 et
1323 4273 1605 4339 librorum,
1639 4275 1683 4327 si
1705 4274 1966 4342 ejusmodi
1994 4278 2155 4329 ratio-

576 4361 927 4416 cinationihus
955 4361 1202 4416 delectati
1232 4372 1374 4416 sunt.
1404 4364 1485 4418 Me
1512 4363 1778 4433 profecto,
1812 4381 1880 4419 ne
1905 4366 2030 4434 quid
2053 4366 2155 4420 dis-

576 4453 1161 4520 simulem,oﬂendnnt,
1187 4471 1308 4509 cum
1337 4467 1528 4524 reputo
1561 4465 1666 4510 tam
1694 4472 1883 4526 graves
1901 4459 2154 4525 qua-stio-

2252 3269 2596 3336 qumstionem
2625 3283 2638 3320 :
2665 3267 2812 3330 Quod
2831 3267 2903 3318 ita
2926 3281 3051 3328 esse,
3076 3263 3266 3332 inquit,
3297 3261 3509 3313 omnino
3531 3255 3790 3309 verissimum

2251 3370 2344 3421 est,
2375 3359 2461 3411 sed
2490 3368 2543 3410 ut
2585 3358 2652 3410 ad
2705 3369 2836 3409 recte
2864 3355 3154 3423 faciendum
3181 3352 3399 3406 liberum
3431 3351 3530 3411 sit,
3559 3339 3647 3399 Dei
3668 3343 3793 3413 gratia

2253 3438 2505 3502 liberetur.
2542 3449 2733 3503 Verum
2757 3445 2858 3500 hoc
2875 3455 2956 3500 est
2979 3459 3210 3515 quoque.
3237 3443 3345 3497 Sed
3367 3452 3425 3494 ttt
3455 3449 3559 3494 stet
3584 3437 3664 3490 illa
3689 3433 3793 3502 prior

2254 3541 2533 3608 Augustini
2567 3539 2851 3607 responsio
2873 3580 2887 3602 ,
2921 3540 2990 3592 ita
3023 3546 3082 3590 ut
3111 3539 3353 3589 actiones
3385 3533 3654 3588 hominum
3681 3526 3794 3579 male

2253 3642 2306 3685 et
2335 3632 2487 3685 bona:
2530 3632 2688 3685 tribui
2749 3642 2945 3699 queant
2991 3644 3178 3683 eorum
3235 3626 3410 3681 libero
3459 3620 3686 3682 arbitrio,
3716 3631 3790 3668 non

2254 3733 2455 3778 tantum
2489 3725 2525 3779 ii
2563 3725 2803 3778 homines
2842 3724 2931 3791 qui
2965 3734 3242 3776 servantur
3269 3721 3468 3774 debent
3501 3714 3695 3770 liberari
3723 3708 3790 3760 Dei

2253 3817 2447 3884 gratia,
2471 3815 2563 3869 sed
2590 3826 2643 3868 et
2673 3815 2705 3867 ii
2729 3815 2818 3882 qui
2847 3815 3192 3876 damnantur,
3218 3814 3288 3865 ita
3318 3811 3465 3865 servi
3491 3804 3678 3877 peccati
3701 3799 3791 3853 lacti

2255 3923 2374 3962 esse
2403 3908 2722 3972 debuerunt,
2759 3917 2817 3960 ut
2863 3922 2967 3960 non
3001 3907 3307 3960 necessario
3347 3901 3648 3975 peccarent,
3675 3905 3791 3959 atque

2254 4001 2307 4055 in
2344 4001 2430 4054 illa
2463 4002 2723 4055 servitute
2750 4009 3112 4054 remanerent.
3144 3997 3347 4052 Deinde
3373 3991 3634 4066 quomodo
3663 3985 3788 4041 inlan—

2257 4101 2337 4144 tes
2361 4091 2447 4158 qui
2472 4092 2773 4144 moriuntur
2797 4105 2901 4142 non
2936 4088 3211 4157 baptizati,
3237 4097 3291 4141 et
3321 4087 3538 4156 quibus,
3571 4097 3630 4134 ex
3656 4078 3790 4143 Augu-

2255 4185 2381 4239 stini
2430 4187 2716 4251 sententia,
2748 4199 2919 4251 paenae
2952 4182 3282 4251 inﬂiguntur,
3325 4179 3538 4247 propria
3569 4174 3788 4228 v'olunlale

2257 4278 2581 4346 peccarunt?
2628 4278 2704 4332 Ita
2734 4276 3017 4345 opiniones
3049 4289 3173 4328 suas
3204 4281 3462 4327 retractat
3493 4262 3789 4335 Augustinust

2258 4381 2312 4421 ut
2339 4384 2494 4437 quam
2531 4367 2806 4421 minimum
2839 4367 2890 4420 in
2925 4365 2990 4420 iis
3021 4373 3279 4418 mutatum
3314 4363 3483 4417 videri
3509 4359 3653 4418 velil;
3687 4348 3788 4402 ηυδε

2259 4462 2316 4512 lit
2344 4472 2398 4513 ut
2425 4469 2646 4513 excuSet
2673 4475 2818 4527 saepe
2845 4457 3122 4522 nonnulla,
3177 4457 3390 4512 omissis
3435 4454 3552 4507 aliis
3573 4463 3678 4517 qua:
3713 4455 3788 4493 ιιοιι

575 4559 673 4599 nes
691 4558 858 4612 usque
878 4543 1012 4597 adeo
1029 4543 1236 4598 levibus
1254 4545 1565 4599 ratiunculis
1582 4545 1737 4611 solvi,
1758 4555 1811 4598 et
1833 4547 2154 4616 theologiam
2183 4541 2234 4600 D
2262 4552 2450 4605 minori
2477 4553 2853 4604 retractatione
2898 4549 3229 4618 indigebant.
3279 4548 3496 4609 Verum,
3529 4547 3618 4596 bar
3650 4540 3691 4589 in
3731 4547 3785 4594 re.

576 4634 934 4688 Christianam
977 4634 1041 4687 iis
1071 4636 1449 4703 contaminari,
1496 4651 1558 4689 ac
1602 4636 1832 4690 ludibrio
1881 4637 2148 4690 interdum

577 4728 800 4795 exponi.
827 4727 900 4780 De
924 4727 990 4781 iis
1010 4743 1126 4794 quae
1169 4729 1381 4781 nonnisi
1430 4729 1757 4784 revelatione
1785 4729 1962 4782 divina
2001 4729 2154 4783 inno-

574 4829 829 4885 tuerunt,
862 4834 959 4874 nec
998 4821 1203 4874 ratione
1236 4831 1459 4886 possunt
1501 4822 1736 4889 probari,
1773 4822 1940 4875 salius
1969 4821 2069 4875 fuit
2097 4831 2152 4876 et

577 4913 688 4966 sola
719 4910 1008 4980 Scriptura:
1037 4913 1368 4978 auctoritate,
1399 4921 1455 4968 et
1499 4915 1631 4968 solis
1660 4918 1774 4981 ejus
1823 4914 1998 4968 verbis
2052 4913 2147 4967 uti.

577 5002 686 5058 Sed
715 5003 990 5057 audiamus
1013 5012 1064 5056 et
1090 5004 1368 5070 sequentia
1397 5021 1409 5057 :
1438 5002 1697 5058 Creatura:
1723 5015 1890 5058 autem
1921 5020 2150 5070 causam,

579 5096 635 5147 id
676 5104 752 5148 est
779 5094 942 5147 Deum
969 5102 1227 5147 auctorem
1251 5095 1486 5147 dicimus.
1523 5095 1658 5148 Vere
1685 5111 1841 5159 sane,
1894 5095 1986 5148 sed
2027 5094 2153 5162 quid

581 5185 747 5241 inde?
785 5184 998 5254 Oportet
1051 5201 1170 5255 ergo
1211 5200 1322 5239 esse
1349 5185 1682 5250 Trinitatem,
1727 5204 1827 5252 qua
1858 5185 1984 5239 nihil
2023 5202 2155 5255 pra:-

583 5279 820 5343 stnntius,
851 5279 1214 5347 intelligentia:
1231 5286 1278 5332 et
1303 5279 1494 5331 beatius
1523 5279 1746 5331 invenire
1773 5279 1997 5348 perfecta
2021 5279 2154 5330 ratio

586 5379 764 5438 potest.
802 5371 930 5424 Esse
953 5370 1291 5432 Trinitatem,
1328 5370 1549 5433 hoc-est,
1581 5369 1816 5433 Patrem,
1851 5369 2074 5428 Filium,
2101 5377 2156 5422 et

586 5465 840 5533 Spiritum
871 5472 1136 5528 sanctum,
1160 5463 1353 5516 docent
1375 5477 1470 5516 nos
1502 5477 1668 5515 sacrm
1701 5461 1936 5530 paginte;
1967 5461 2155 5528 quibus

585 5558 804 5609 credere
820 5569 917 5609 nos
938 5539 1032 5622 par
1047 5565 1149 5618 εει,
1174 5569 1278 5606 ηοη
1298 5553 1469 5607 minus
1487 5568 1644 5621 quam
1666 5552 2158 5605 ratiocinationibus

588 5649 806 5700 nostris.
832 5647 899 5699 At
918 5645 1095 5713 colligi
1118 5659 1182 5697 ex
1205 5645 1666 5706 antecedentibus,
1694 5643 1875 5710 ut-jam
1899 5641 2156 5708 diximus,

589 5741 689 5799 hoc
715 5755 818 5796 non
850 5739 1041 5811 potuit.
1074 5737 1322 5806 Alioquin
1350 5736 1538 5791 eodem
1570 5735 1706 5804 jure,
1731 5750 1795 5789 ex
1824 5736 2158 5807 philosophia

2259 4639 2491 4720 δεύτερος
2513 4642 2668 4703 πλοῦς
2702 4656 2808 4695 non
2844 4639 2940 4694 fuit
2971 4640 3194 4693 felicior.

2739 4774 3387 4830 ANIMADVEBSIONES

2437 4905 2502 4944 AD
2529 4903 2778 4943 DIVEBSAS
2803 4903 3137 4950 QUESTIONES
3177 4903 3242 4941 AD
3272 4897 3642 4940 ειηρωειλμυκ.

2331 5000 2491 5054 Lmno
2513 5015 2549 5053 l.
2575 5001 2756 5066 Quaest
2783 5002 2831 5052 l.
2868 4999 2944 5052 Ad
2978 4999 3133 5053 Rom.
3167 5015 3260 5065 vit,
3293 4999 3322 5051 7
3352 5009 3406 5052 et
3442 5011 3583 5064 seqq.
3613 4987 3784 5042 Videtur

2258 5091 2384 5143 mihi
2415 5095 2680 5160 Apostolus
2729 5090 3120 5161 transﬁgurarse
3144 5091 3195 5142 in
3225 5107 3276 5143 se
3318 5090 3561 5142 hominem
3601 5078 3679 5134 sub
3701 5075 3784 5141 leg!

2259 5185 2496 5255 positum,
2521 5185 2664 5252 cujus
2686 5183 2844 5235 verbis
2861 5200 2925 5236 ea:
2948 5198 3164 5252 persona
3181 5201 3273 5236 sua
3301 5175 3557 5251 loquitur.]
3577 5172 3676 5228 Fuit
3695 5167 3779 5219 huic

2260 5275 2419 5344 vulgo
2465 5283 2573 5328 tum
2605 5277 2859 5342 temporis
2889 5286 3101 5343 recepta
3134 5276 3420 5338 sententia,
3467 5281 3623 5337 eaque
3646 5259 3777 5354 mis:

2263 5369 2421 5432 sima,
2451 5377 2504 5420 et
2528 5383 2683 5435 quam
2729 5383 2997 5436 nunquam
3031 5378 3338 5422 revocasset
3361 5363 3676 5434 Augustinus,
3702 5350 3776 5401 nisi

2262 5473 2448 5530 postea
2479 5470 2696 5514 exortus
2709 5459 3132 5528 essetPelagius.
3151 5458 3285 5514 Vide
3309 5459 3373 5513 ad
3403 5470 3524 5514 tom.
3544 5444 3776 5506 lll.Anint-

2264 5554 2472 5606 advers.
2501 5553 2549 5606 in
2574 5553 2730 5619 epist.
2762 5551 2825 5604 ad
2861 5551 3148 5604 Romanos.

2337 5645 2534 5710 Ουαξεῑι
2567 5643 2622 5708 9,
2659 5642 2685 5712 §
2731 5642 2785 5695 ‘2.
2822 5640 3157 5695 lntentionem
3205 5641 3508 5713 Pauli,qutc
3547 5649 3624 5705 per
3657 5632 3774 5680 totum

2273 5733 2556 5805 Epistolam
2579 5737 2727 5805 viget,
2757 5733 2927 5788 tenebo
2947 5750 3100 5810 quam
3128 5737 3408 5791 consulant.
3435 5731 3550 5786 Ηιιτ
3571 5723 3774 5780 astantem
