3974 6356
188 350 272 408 “5

824 342 1181 400 VARIORUM
1226 338 1820 397 EXERCITATIONES
1856 339 1922 394 ΙΝ
1963 339 2021 396 S.
2063 336 2430 394 AUGUSTINI
2469 334 2715 392 OPERA.

3312 325 3424 389 614

189 478 228 520 ιιι
252 467 305 517 de
328 477 529 533 cperam
556 457 744 519 meritis
770 472 917 510 nemo
938 456 1220 526 glorietur;
1264 457 1325 508 de
1361 454 1544 521 quibus
1570 452 1725 513 aude-
1754 458 1805 513 Α
1828 466 1936 505 .nns
1957 490 1970 513 ,
2015 464 2273 518 prolixam
2314 448 2726 516 disputationem
2759 459 2877 513 qua
2904 445 3141 512 sequitur
3164 481 3178 508 ,
3208 443 3274 497 de
3312 449 3423 498 ete-

182 558 279 610 bant
302 551 549 607 Israelita:
576 548 808 620 gloriari,
842 546 981 617 quod
1030 547 1162 599 datte
1189 544 1284 597 sibi
1332 543 1431 613 legi
1459 543 1724 596 servissent

189 661 222 703 et
242 664 293 701 ex
320 648 410 699 hac
435 642 777 714 evangelicum
800 640 1021 710 gratiam
1050 648 1293 705 tanquam
1319 636 1538 689 debitam
1578 634 1728 686 meri-

190 743 237 795 tis
251 739 344 793 suis
363 737 720 807 percepissent.
743 734 865 803 quia
883 734 982 801 legi
1002 731 1301 785 serviebant.
1323 728 1469 782 Unde
1493 726 1731 780 nolebant

188 833 376 888 eamdem
411 830 633 898 gratiam
662 828 774 881 dari
800 827 1056 898 gentibus,
1087 833 1330 893 tanquam
1358 821 1605 891 indignis,
1638 819 1733 873 nisi

187 922 373 977 Iudaica
402 927 717 974 sacramenta
738 915 1089 987 susciperent.]
1113 914 1169 970 Si
1200 914 1354 981 paulo
1377 912 1632 967 attentius
1654 912 1731 964 le-

185 1023 349 1088 gantur
371 1011 547 1077 priora
576 1008 822 1063 undecim
854 1007 1026 1074 capita
1063 1005 1314 1072 Epistola:
1341 1002 1406 1056 ad
1440 1000 1730 1059 Romanos,

185 1108 294 1162 duas
319 1102 643 1172 quaestiones
696 1099 1003 1168 potissimas
1049 1098 1099 1149 in
1134 1097 1238 1148 illis
1277 1111 1304 1146 a
1338 1095 1500 1148 Paulo
1524 1092 1735 1146 tractari

184 1212 319 1254 nemo
345 1210 445 1249 non
484 1194 762 1262 intelliget.
790 1190 942 1244 Prior
968 1190 1199 1258 pertinet
1220 1188 1283 1240 ad
1303 1186 1736 1255 justilicationem

185 1288 388 1344 hominis
416 1285 555 1355 apud
590 1286 776 1338 Deum.
818 1281 1227 1336 Contendebant
1253 1278 1422 1333 Judzei
1471 1278 1734 1331 neminem

185 1396 320 1452 posse
342 1381 576 1448 justum,
600 1377 701 1430 boc
732 1383 834 1441 est,
869 1374 1066 1427 bonum
1100 1371 1283 1425 haberi
1315 1386 1341 1421 a
1376 1370 1503 1432 Deo,
1532 1368 1634 1421 nisi
1663 1368 1737 1420 lc-

182 1476 251 1541 gis
272 1469 523 1533 Mosaicae,
554 1483 675 1520 cum
722 1465 786 1518 ad
819 1462 1219 1525 czerimonialia,
1270 1469 1378 1513 tum
1407 1460 1471 1512 ad
1516 1459 1738 1512 moralia

188 1570 422 1631 prmeepta
452 1557 591 1627 quod
622 1557 832 1620 attinet,
863 1554 1253 1608 observantem.
1288 1549 1454 1618 Negat
1479 1552 1577 1601 hoc
1607 1547 1742 1599 Pan-

188 1660 255 1707 Ius
296 1664 345 1707 et
374 1649 549 1703 multis
577 1647 842 1713 ostendit,
895 1647 1012 1700 sine
1042 1645 1173 1714 legis
1203 1642 1447 1695 Mosaicae
1487 1641 1740 1693 observa-

188 1745 313 1797 timie
357 1739 596 1793 homines
643 1737 948 1807 justilicari,
993 1750 1089 1788 seu
1116 1736 1287 1801 justos
1328 1748 1357 1785 a
1383 1732 1488 1785 Deo
1523 1730 1737 1793 haberi;

1832 542 2010 595 ctione
2070 540 2404 609 singulorum
2475 538 2749 592 hominum
2816 532 3117 603 compendii
3187 532 3421 601 fecisset,

1834 634 2031 704 quippe
2058 650 2175 703 qua:
2209 633 2363 701 plane
2392 641 2541 686 extra
2579 646 2690 684 rem
2718 636 2820 684 est.
2854 627 3134 695 Liquidum
3169 627 3309 679 enim
3343 634 3426 679 est

1833 726 2085 780 Iacobum
2128 738 2182 779 et
2217 725 2439 778 Esauum
2473 738 2578 778 non
2618 721 2847 790 spectari
2890 720 2975 773 hic
3008 719 3159 788 quasi
3187 718 3427 785 singulos

1836 821 2093 887 quosdam
2128 820 2371 871 homines
2394 858 2409 881 ,
2442 817 2508 870 de
2532 833 2757 885 quorum
2787 817 3136 869 conversione
3167 814 3429 867 deliberet

1841 915 2012 977 Deus;
2045 912 2137 965 sed
2161 911 2311 980 quasi
2342 909 2649 964 conditores
2675 909 2895 961 duarum
2918 908 3177 975 gentium,
3203 919 3426 973 quarum

1842 1005 1999 1069 hanc,
2031 1020 2137 1057 non
2172 1003 2314 1056 illam
2349 1001 2413 1054 ad
2446 1000 2523 1055 sui
2562 1000 2918 1068 Cognitionem
2968 1005 3254 1049 vacaturus
3282 995 3349 1046 sit
3376 1001 3432 1048 et

1840 1111 1939 1165 pro
1979 1093 2172 1163 populo
2199 1106 2298 1146 suo
2340 1090 2637 1143 habiturus.
2681 1088 2811 1141 Tota
2852 1086 3019 1163 series
3050 1084 3307 1137 orationis
3335 1096 3431 1135 oc-

1814 1190 2090 1254 casioque
2124 1182 2499 1252 disputationis
2543 1181 2643 1233 hoc
2679 1180 2942 1242 clamant;
2991 1177 3083 1230 sed
3116 1184 3169 1230 et
3196 1175 3309 1243 ipsa
3344 1173 3430 1225 illa

1842 1280 2027 1341 verba,
2060 1278 2226 1345 major
2256 1277 2431 1329 serviet
2464 1276 2665 1336 minori,
2700 1270 2833 1326 Gen.
2868 1286 2993 1337 xxv,
3026 1269 3116 1336 9.5,
3150 1267 3435 1321 manifesto

1844 1372 2168 1432 ostendunt;
2220 1384 2338 1421 nam
2375 1368 2487 1420 hinc
2518 1366 2678 1419 verba
2708 1364 2958 1418 dicuntur
2982 1376 3085 1416 twn
3117 1361 3184 1415 de
3208 1359 3437 1413 homini-

1844 1465 1941 1517 bus
1968 1506 1982 1529 ,
2014 1461 2105 1515 sed
2144 1462 2209 1514 de
2252 1459 2482 1528 populis.
2531 1458 2657 1510 Data
2697 1469 2867 1528 gentes
2891 1466 3007 1509 sunt
3035 1496 3049 1520 ,
3101 1454 3269 1522 inquit
3300 1453 3437 1505 Deus

1844 1554 2119 1608 suscitanti
2166 1552 2460 1615 Rebeccaa,
2506 1552 2554 1602 in
2585 1562 2726 1604 utero
2775 1560 2889 1614 tuo,
2931 1558 2979 1602 et
3018 1548 3119 1599 duo
3158 1545 3336 1613 papuli
3375 1560 3438 1597 ea:
3484 1582 3487 1585 γ

1844 1658 2011 1700 ventre
2041 1656 2126 1697 tuo
2166 1645 2454 1696 dividentur
2481 1686 2495 1709 ,
2529 1643 2848 1713 papulasque
2888 1641 3131 1710 populum
3160 1637 3436 1705 superabit,

1846 1749 1891 1791 et
1920 1742 2084 1808 major
2104 1738 2279 1789 serviet
2304 1736 2509 1787 minori.
2543 1738 2619 1787 Ac
2645 1752 2775 1788 sane
2797 1734 3034 1795 Idumaei,
3058 1747 3282 1803 quorum
3307 1744 3439 1800 opes

191 1836 401 1903 adeoque
423 1830 866 1899 jUSliliC'alionem
910 1827 1143 1881 Οὒῑίηθΐί
1185 1843 1289 1879 ηοη
1337 1826 1612 1893 operibus,
1646 1821 1739 1875 59d
1770 1834 1820 1895 B
1846 1832 2003 1885 citius
2033 1830 2415 1884 convaluerant
2446 1841 2603 1895 quam
2629 1826 3011 1889 Israelitarum,
3045 1834 3227 1892 postea
3262 1831 3439 1877 tamen

194 1926 357 1996 gratia,
388 1924 485 1978 hoc
510 1932 592 1978 est
619 1920 986 1975 misericordia
1016 1919 1141 1984 Dei;
1178 1934 1280 1987 qua
1319 1918 1489 1973 bonus
1523 1914 1748 1968 habetur

199 2021 235 2071 is
258 2018 333 2087 qui
354 2016 516 2086 legem
550 2030 822 2083 nunquam
849 2010 1174 2075 observavit,
1199 2011 1241 2063 si
1272 2009 1431 2062 modo
1457 2006 1749 2075 Evangelio

210 2108 350 2163 credat
367 2106 517 2174 eique
546 2106 597 2158 in
627 2117 902 2173 poSIerum
932 2104 1283 2170 obsequatur.
1307 2098 1577 2153 Posterior
1600 2114 1747 2165 (μηθ-

221 2203 304 2253 suo
337 2208 396 2252 est
424 2206 600 2250 utrum
632 2211 658 2248 a
707 2196 815 2248 Deo
841 2204 1027 2263 gentes
1058 2193 1407 2247 idololatricre
1436 2201 1653 2260 possent
1682 2188 1748 2241 ad

222 2288 434 2358 Evangelii
458 2287 814 2361 cognitionem
839 2284 1039 2347 vocari,
1066 2296 1117 2337 et
1144 2283 1369 2351 populus
1391 2282 1507 2349 ejus
1533 2281 1743 2345 haberi,

214 2385 339 2437 etiam
384 2381 637 2451 neglectis
669 2379 888 2434 Judacis.
922 2377 1200 2447 Negabant
1252 2376 1351 2429 hoc
1381 2373 1574 2437 Judaai,
1605 2372 1750 2424 atlir—

209 2476 353 2526 mabat
380 2472 590 2536 Paulus,
629 2470 716 2532 qui
750 2468 983 2522 ostendit
1008 2467 1197 2529 Deum,
1232 2467 1282 2518 in
1315 2463 1567 2518 vocandis
1591 2477 1751 2531 papu-

205 2567 257 2620 lis
284 2568 338 2618 ad
366 2566 439 2619 sui
468 2564 853 2635 cognitionem,
887 2564 1085 2617 nullam
1108 2564 1367 2616 rationem
1403 2559 1599 2612 trahere
1621 2573 1749 2622 ope-

204 2674 302 2711 rutn
339 2674 423 2712 seu
470 2657 805 2719 meritorum,
848 2659 941 2709 sed
993 2653 1248 2708 beneﬁcia
1305 2666 1398 2704 sua
1451 2650 1503 2703 in
1531 2650 1749 2717 quosvis

202 2750 428 2815 conferre,
451 2749 693 2817 quamvis
724 2747 994 2816 indignos,
1020 2745 1085 2798 iis
1114 2743 1328 2798 omissis
1358 2743 1446 2811 qui
1473 2739 1751 2795 beneﬂciis

206 2843 374 2894 divinis
400 2841 719 2909 indigniores
750 2839 961 2893 caeteris
998 2852 1101 2890 non
1136 2844 1307 2890 erant.
1338 2834 1464 2887 Haec
1494 2844 1616 2887 sunt
1643 2832 1751 2885 duo

202 2950 381 2985 summa
406 2935 596 3001 capita,
616 2931 681 2985 ad
707 2948 825 3000 qnte
850 2941 956 2984 tota
981 2930 1270 2998 disputatio
1292 2925 1439 2981 Pauli
1472 2925 1750 2981 referenda

200 3036 293 3086 est,
322 3041 412 3077 non
442 3023 581 3093 quod
609 3024 696 3077 hic
730 3023 889 3077 habet
921 3021 1264 3090 Augustinus.
1299 3020 1482 3089 itaque
1514 3018 1649 3072 nihil
1683 3016 1749 3070 ad

201 3132 294 3169 rem
326 3117 437 3170 facit
464 3115 603 3185 quod
626 3116 866 3183 sequitur
904 3113 1043 3182 apud
1078 3111 1333 3168 eumdem
1363 3130 1374 3162 :
1416 3109 1598 3163 Multis
1626 3110 1749 3162 locis

1854 1923 1919 1975 iis
1950 1921 2279 1980 servierunt;
2314 1919 2405 1971 sed
2440 1918 2553 1984 ipse
2584 1917 2788 1970 Esauus
2818 1932 3083 1985 nunquam
3114 1914 3314 1968 Jacobo
3345 1914 3440 1966 ob-

1858 2013 2051 2066 noxius
2082 2010 2196 2074 fuit,
2227 2010 2311 2065 cui
2347 2011 2532 2064 terrori
2567 2010 2743 2079 potius
2770 2020 2914 2073 erat;
2948 2018 3005 2062 ut
3025 2008 3088 2061 ad
3120 2025 3240 2062 eum
3268 2008 3439 2067 che~

1853 2119 1974 2161 seos
2007 2104 2177 2155 locum
2206 2100 2678 2155 ostenditloannes
2702 2101 2946 2155 Clericus.
2978 2100 3137 2168 Igitur
3156 2099 3440 2174 ἀπροσδιό-

1854 2217 1986 2248 νυσα
2014 2203 2138 2245 sunt
2163 2206 2280 2260 quae
2308 2192 2497 2259 quaerit
2539 2201 2718 2260 postea
2753 2191 3079 2259 Augustinus
3106 2232 3119 2252 ,
3152 2205 3215 2242 an
3249 2191 3441 2241 electio

1853 2286 2035 2339 Jacobi
2069 2285 2137 2340 sit
2182 2300 2245 2339 ex
2296 2284 2630 2355 prtescientia
2660 2283 2781 2336 tidei
2808 2326 2822 2348 ,
2858 2298 2918 2335 ac
2951 2282 3254 2349 reprobatio
3283 2282 3441 2335 Esaui

1854 2395 1918 2431 ex
1954 2380 2286 2446 prtescientia
2314 2376 2695 2438 contumaciaz,
2728 2391 2793 2427 an
2826 2374 2956 2427 lides
2989 2374 3127 2426 inter
3156 2372 3293 2426 dona
3325 2388 3442 2439 gra-

1855 2470 1941 2523 tia:
1970 2479 2316 2532 numeretur,
2354 2479 2457 2524 ctc.
2506 2467 2753 2521 Attamen
2802 2466 2925 2519 dum
2979 2475 3135 2519 extra
3186 2464 3328 2517 oleas
3372 2464 3440 2519 ita

1854 2573 2074 2633 vagatur
2102 2565 2378 2617 oraculum
2426 2560 2709 2623 Numidia,
2746 2560 2966 2622 invenit,
2999 2574 3102 2609 non
3130 2573 3193 2609 ex
3228 2556 3437 2608 institu-

1857 2658 2000 2711 tione
2021 2656 2416 2718 ecclesiastica,
2445 2670 2615 2721 neque
2646 2669 2708 2706 ex
2742 2651 2927 2715 Paulo,
2961 2652 3049 2720 qui
3079 2666 3139 2703 ea
3172 2650 3235 2702 de
3268 2666 3325 2703 re
3358 2650 3442 2702 hic

1854 2751 2067 2817 quidem
2118 2749 2250 2802 nihil
2284 2748 2472 2812 habet,
2502 2747 2657 2815 ﬁdem
2686 2761 2793 2798 esse
2822 2749 3010 2797 donum
3042 2744 3177 2809 Dei;
3211 2744 3308 2797 hoc
3337 2752 3438 2806 est,

1854 2855 1920 2893 ex
1967 2839 2083 2907 ejus
2130 2841 2396 2894 sententia
2424 2882 2437 2903 ,
2473 2839 2615 2892 nasci
2644 2853 2760 2892 eam
2803 2854 2867 2891 ex
2911 2837 3121 2890 interno
3148 2835 3325 2889 afﬂatu
3357 2836 3442 2888 cui

1856 2934 2105 2987 reluctari
2163 2949 2266 2987 non
2314 2934 2434 2987 licet
2461 2974 2474 2997 ,
2507 2942 2561 2987 et
2604 2934 2689 3001 qui
2726 2932 2962 3001 pauculis
3006 2942 3206 2985 tantum
3257 2930 3444 2984 electis

1856 3026 2172 3080 conceditur
2196 3068 2208 3089 ,
2259 3026 2499 3093 quamvis
2545 3026 2661 3078 sine
2700 3040 2763 3078 eo
2792 3040 2950 3079 nemo
2998 3026 3161 3087 possit
3194 3024 3346 3075 tidem
3376 3022 3444 3075 ad

1857 3118 2013 3170 linem
2046 3132 2215 3185 usque
2266 3118 2388 3170 vita:
2432 3116 2717 3185 Evangelia
2760 3116 2978 3170 habere.
3030 3116 3314 3185 Presbyter
3345 3114 3446 3169 hoc

200 3206 278 3259 hoc
312 3224 431 3275 stepe
458 3216 686 3270 testatur,
738 3206 857 3273 ﬁdei
882 3206 1096 3275 gratiam
1145 3218 1441 3273 praiponens
1471 3201 1706 3270 operibus
1730 3240 1742 3263 ,

1855 3218 1959 3261 tam
1989 3208 2189 3278 grande
2220 3225 2473 3263 arcanum
2507 3209 2822 3268 nesciverat.
2851 3209 2927 3261 uti
2961 3222 3059 3261 nec
3087 3222 3204 3259 cum
3236 3207 3447 3273 episco-

200 3314 283 3351 non
304 3308 351 3351 ut
377 3316 524 3369 opera
549 3300 859 3368 exstinguat,
887 3298 974 3350 sed
1000 3306 1055 3349 ut
1077 3295 1309 3350 ostendat
1339 3310 1439 3347 non
1470 3309 1578 3347 esse
1598 3308 1754 3359 Opera

198 3392 506 3458 prtecedentia
533 3401 774 3460 gratiam,
798 3390 887 3441 sed
915 3387 1300 3455 consequentia;
1318 3398 1393 3450 ut,
1418 3383 1628 3447 scilicet,
1654 3399 1755 3435 non

197 3500 238 3536 se
260 3486 455 3553 quisque
484 3485 758 3536 arbitretur
778 3484 891 3535 ideo
918 3483 1200 3551 percepisse
1226 3481 1465 3547 gratiam,
1488 3478 1609 3546 quia
1633 3478 1755 3529 bene

196 3587 409 3643 operatus
434 3588 541 3639 est;
571 3580 660 3629 sed
680 3580 802 3630 bene
822 3575 1023 3642 operari
1053 3590 1151 3626 non
1174 3570 1338 3644 posse,
1368 3572 1466 3625 nisi
1490 3588 1580 3641 per
1601 3571 1755 3637 ﬁdem

195 3670 447 3739 perceperit
470 3670 711 3738 gratiam.
742 3667 929 3734 Incipit
970 3675 1138 3719 autem
1167 3664 1318 3718 homo
1358 3664 1613 3733 percipere
1633 3679 1755 3730 gra-

193 3761 321 3825 tiam,
350 3778 410 3814 ea
424 3776 522 3827 quo
542 3760 722 3828 incipit
748 3759 853 3812 Deo
875 3759 1110 3822 credere;
1136 3758 1211 3809 vel
1230 3757 1429 3809 interna
1453 3754 1529 3807 vel
1550 3763 1757 3807 externa

192 3854 517 3906 admonitione
574 3862 741 3905 motus
787 3851 854 3903 ad
900 3850 1074 3919 ﬁdem.
1126 3849 1256 3903 Nolo
1318 3849 1430 3901 hmc
1477 3860 1752 3909 excutere,

190 3944 271 3997 sed
298 3958 522 4013 pernego
569 3944 789 3997 Paulum
835 3943 1121 4011 quidquam
1171 3940 1432 4008 ejusmodi
1469 3940 1753 4008 cogitasse,

190 4051 297 4090 cum
333 4037 624 4105 disputaret
653 4045 836 4089 contra
870 4034 1103 4088 Judzeos.
1128 4032 1236 4086 Nec
1282 4032 1332 4085 hi
1359 4030 1758 4105 contendebant

190 4131 392 4197 gratiam
442 4130 562 4183 lidei
591 4129 691 4183 sibi
723 4138 812 4181 aut
843 4127 933 4180 ulli
960 4126 1051 4179 alii
1090 4125 1296 4188 deberi,
1332 4140 1430 4179 nec
1469 4124 1757 4193 Apostolus

190 4225 499 4275 contrarium
557 4221 766 4289 probat.
815 4218 982 4273 Adeat
1023 4219 1189 4271 lector
1244 4217 1474 4285 optimos
1517 4230 1758 4283 quosque

191 4313 322 4368 Pauli
352 4314 704 4383 interpretes,
740 4311 832 4364 sed
864 4310 1160 4378 praesertim
1194 4309 1308 4376 ipse
1341 4308 1560 4361 Paulum
1594 4306 1753 4373 legat,

192 4404 542 4475 intelligetqne
592 4403 660 4458 ab
708 4402 1007 4471 Augustino
1049 4400 1287 4468 Apostoli
1340 4412 1557 4467 scopum
1610 4398 1757 4449 nullo

193 4496 335 4549 modo
380 4493 809 4549 animadversum
844 4493 1027 4545 fuisse.
1062 4493 1138 4545 Ac
1183 4505 1314 4543 sane
1353 4489 1632 4543 obscurior
1676 4497 1758 4541 est

1823 3312 1827 3315 ‘
1862 3316 1958 3367 pus
2004 3301 2230 3369 primum
2264 3300 2435 3352 factus
2468 3309 2548 3353 est
2575 3342 2589 3365 ,
2623 3299 2713 3351 sed
2748 3298 2875 3351 dum
2904 3300 3189 3352 meditatur
3217 3297 3328 3350 bare
3361 3313 3446 3350 re-

1859 3408 2053 3462 sponsa
2076 3396 2139 3445 ad
2162 3393 2589 3461 Simplicianum,
2621 3391 2856 3454 invenit;
2888 3401 3047 3458 atque
3075 3391 3138 3443 ad
3167 3391 3264 3443 hoc
3288 3403 3444 3442 suum

1859 3488 2050 3553 dogma
2083 3498 2265 3553 postea
2297 3486 2651 3553 Scripturam,
2685 3484 3034 3536 reluctantem
3072 3482 3211 3547 licet,
3246 3486 3443 3547 traxit;

1861 3580 2005 3633 nulla
2039 3580 2215 3632 habita
2249 3581 2454 3632 ratione
2486 3594 2657 3631 nexus
2689 3580 2969 3642 orationis,
3010 3577 3336 3646 signiﬁcatus
3364 3586 3446 3631 rc-

1860 3670 1997 3738 cepti
2029 3672 2315 3723 verborum
2339 3709 2353 3731 ,
2388 3670 2844 3739 qttzestiouumque
2872 3685 2933 3723 ac
2963 3670 3446 3724 controversiarmu

1859 3779 1979 3832 qua:
2013 3762 2152 3816 inter
2184 3764 2453 3830 apostolos
2485 3770 2539 3815 et
2564 3761 2781 3816 Jndteos
2810 3764 3164 3831 agitabantur.
3199 3764 3270 3816 lta
3302 3765 3447 3832 lege-

1864 3855 1952 3907 bat
1978 3854 2309 3921 Scripturam
2336 3896 2351 3919 ,
2387 3854 2535 3919 quasi
2567 3856 2788 3922 singula:
2820 3854 3022 3921 periodi
3052 3867 3143 3908 aut
3170 3860 3447 3909 sententia:

1860 3956 2041 3999 essent
2064 3945 2328 3998 axiomata
2357 3946 2599 4013 quaedam
2631 3947 3025 4013 mathematica,
3054 3962 3174 4001 cum
3205 3952 3448 4017 superio-

1866 4038 2014 4092 ribus
2061 4054 2123 4091 ac
2188 4039 2535 4107 sequentibus
2595 4039 2814 4093 minime
2862 4054 3099 4093 connexa
3128 4082 3141 4103 ,
3188 4043 3279 4094 sed
3330 4059 3448 4110 qua}

1862 4130 2084 4185 seorsim
2108 4140 2159 4183 et
2188 4144 2283 4198 per
2309 4145 2368 4183 se
2398 4137 2615 4198 possent
2639 4130 2922 4198 explicari;
2954 4139 3010 4185 et
3038 4131 3082 4183 si
3112 4130 3234 4200 quid
3264 4146 3449 4185 occur-

1863 4231 2005 4275 reret
2051 4220 2193 4289 quod
2245 4223 2501 4288 speciosae
2560 4222 3053 4276 declamatiunculae
3112 4224 3447 4278 occasionem

1865 4311 2130 4379 praeberet
2154 4321 2243 4364 aut
2272 4312 2511 4380 prtebere
2550 4312 2851 4376 videretur,
2893 4312 2945 4366 id
2974 4328 3105 4367 vero
3133 4312 3286 4369 avide
3313 4317 3449 4368 arri-

1864 4405 2074 4472 piebat,
2112 4415 2165 4458 et
2198 4404 2411 4457 Punica:
2455 4404 2779 4473 eloquentim
2809 4406 2921 4457 vela
2957 4405 3243 4474 pandebat.
3298 4408 3450 4461 Nullo

1864 4498 1915 4550 in
1940 4510 2103 4563 opere
2132 4496 2400 4565 specimen
2429 4495 2576 4550 dedit
2604 4496 2859 4550 illustrius
2891 4498 3127 4552 miriﬁca:
3158 4498 3299 4551 illius
3324 4515 3451 4552 con-

193 4584 413 4653 Epistola
444 4586 510 4639 ad
543 4585 813 4639 Romanos
844 4598 1003 4652 quam
1042 4592 1099 4636 ut
1141 4597 1170 4635 a
1202 4582 1609 4649 semiplatOnico
1639 4581 1748 4634 rite-

1867 4586 2196 4654 suetudinis',
2228 4608 2384 4660 quam
2417 4593 2466 4644 in
2502 4592 2641 4655 hoc;
2696 4607 2760 4645 ex
2803 4607 2909 4659 quo
2952 4604 3129 4647 tamen
3163 4604 3341 4662 postea
3378 4604 3450 4649 tot

193 4687 312 4742 tore,
343 4679 547 4734 critica:
577 4681 729 4747 plane
758 4679 1023 4745 imperito,
1055 4677 1457 4745 intelligeretur.

251 4772 401 4837 Ibid.,
438 4772 465 4843 §
495 4774 544 4827 4.
580 4772 768 4825 Allatis
800 4771 977 4825 verbis
1009 4770 1157 4824 Pauli
1188 4770 1344 4823 Rom.
1394 4785 1448 4823 rx
1472 4813 1486 4836 ,
1524 4770 1610 4831 Η.
1664 4769 1753 4823 1‘2.

193 4861 325 4917 Unde
343 4908 355 4928 ,
386 4865 561 4933 inquit
581 4906 595 4929 ,
628 4864 846 4917 occurrit
875 4864 1045 4915 animo
1069 4878 1296 4931 qurerere
1324 4876 1416 4914 cur
1446 4862 1630 4915 dixerit
1653 4877 1672 4915 :
1700 4871 1757 4915 ut

192 4956 465 5009 secundum
493 4956 809 5009 electionem
838 4956 1169 5024 propositum
1198 4955 1288 5008 Dei
1314 4954 1584 5007 maneret?
1612 4954 1753 5019 Quo-

191 5047 325 5100 modo
359 5057 432 5100 est
457 5048 592 5100 enim
614 5049 780 5117 justa,
806 5056 896 5099 aut
919 5046 1287 5115 qualiscunque
1312 5047 1517 5098 omnino
1558 5046 1750 5108 electio,

196 5139 266 5190 ubi
287 5140 422 5193 nulla
443 5139 690 5193 distantia
716 5138 823 5191 est?
847 5138 909 5192 Si
938 5138 1072 5189 enim
1104 5138 1247 5190 nullo
1271 5138 1447 5190 merito
1474 5135 1659 5189 electus
1681 5145 1755 5189 est

199 5226 356 5295 Iacob,
384 5231 606 5284 nondum
636 5238 784 5283 natus
829 5239 873 5281 et
915 5226 1045 5281 nihil
1094 5236 1361 5294 operatus,
1415 5243 1505 5279 nec
1550 5228 1755 5279 omnino

201 5322 300 5389 eligi
332 5326 492 5391 potuit
531 5322 675 5376 nulla
698 5323 965 5376 exsistente
985 5321 1301 5388 di/ferentia,
1336 5336 1437 5388 qua
1459 5322 1752 5391 eligeretur.

203 5409 316 5469 item
336 5418 377 5470 si
401 5416 541 5470 nullo
572 5417 747 5468 merito
783 5415 1097 5480 improbatus
1130 5422 1205 5466 est
1236 5410 1399 5475 Esau,
1427 5413 1545 5480 quia
1565 5423 1611 5465 et
1648 5414 1757 5477 ipse

207 5507 401 5560 nondum
430 5517 575 5561 natus
610 5518 657 5560 et
688 5505 813 5558 nihil
835 5513 1075 5572 aperatus
1100 5512 1228 5570 erat,
1273 5518 1389 5554 cum
1428 5502 1677 5554 diceretur
1705 5509 1758 5554 et

208 5597 353 5667 major
376 5598 569 5655 serviet
606 5599 794 5652 minori
824 5638 837 5661 ,
870 5596 1121 5662 quomodo
1144 5598 1258 5665 ejus
1291 5593 1591 5661 improbatio
1613 5594 1759 5662 justo

212 5690 294 5745 dici
312 5703 458 5759 potest
478 5694 500 5746 .9
518 5690 647 5761 etc.]
678 5693 729 5746 Si
759 5691 897 5744 hunc
922 5690 1095 5759 ipsum
1118 5688 1293 5742 locum
1320 5687 1477 5755 paulo
1503 5686 1759 5739 attentius

213 5792 272 5845 et,
299 5792 348 5836 ut
372 5783 437 5837 ita
464 5782 657 5851 dicam,
692 5783 1058 5862 κριτικωτὲρως
1086 5778 1484 5835 considerasset
1514 5779 1761 5847 Augusti-

1866 4685 2070 4739 lluxere
2097 4685 2504 4738 allucinationes
2529 4724 2544 4747 ,
2575 4700 2695 4751 quae
2730 4684 2839 4737 tolli
2872 4687 3205 4753 potuissent,
3240 4688 3335 4738 nisi
3371 4688 3450 4739 vis

1864 4786 1919 4830 et
1956 4776 2247 4829 auctoritas
2290 4775 2542 4829 remediis
2588 4774 2813 4829 fuissent
2859 4776 3103 4845 obiectae.
3162 4776 3448 4830 Humilinm

1864 4868 2008 4920 enim
2038 4868 2246 4922 scilicet
2276 4877 2546 4920 oratorum
2581 4868 2721 4921 illius
2747 4869 2844 4921 tevi
2878 4869 2990 4922 haec
3019 4869 3115 4921 fuit
3140 4869 3362 4929 indoles,
3399 4880 3452 4924 ut

1863 4958 1929 5011 ad
1976 4956 2298 5025 loquendum
2346 4957 2413 5011 de
2463 4958 2523 5010 iis
2564 4974 2683 5025 qua:
2717 4975 2820 5012 non
2854 4959 3215 5027 intelligebant
3244 5001 3257 5021 ,
3309 4963 3453 5012 nullo

1864 5047 2108 5114 quamvis
2152 5047 2397 5115 prazsidio
2448 5048 2607 5101 cincti
2654 5049 2903 5103 facillime
2947 5049 3305 5113 accederent;
3359 5054 3449 5101 soil

1863 5136 2176 5193 difﬁcillime
2204 5152 2232 5190 a
2268 5141 2651 5207 prarconccptis
2678 5140 2842 5194 semel
2872 5140 3207 5207 opinionibus
3236 5152 3451 5208 pOSsctt

1864 5230 2139 5291 revocari,
2196 5246 2327 5295 quas
2389 5230 2816 5283 anathematibus
2859 5238 2912 5283 et
2958 5230 3146 5284 edictis
3189 5232 3451 5286 acerrime

1864 5320 2169 5386 tuebantur,
2202 5320 2247 5373 si
2279 5323 2396 5389 quis
2425 5337 2516 5375 cas
2545 5337 2852 5388 oppugnare
2881 5322 3121 5376 auderet.
3258 5380 3259 5383 η

1938 5411 2100 5464 Lmno
2132 5428 2185 5464 ιι.
2219 5411 2419 5477 ριιςυει.
2455 5411 2518 5473 4,
2549 5410 2575 5481 §
2602 5412 2655 5464 Et.
2701 5411 2782 5465 Ad
2808 5414 3156 5479 quitestionem
3185 5416 3451 5487 quomodo

1865 5501 2076 5557 Samuel
2108 5518 2199 5570 per
2232 5504 2595 5571 pythonissam
2629 5506 2837 5558 evocari
2874 5508 3099 5574 potuerit
3123 5547 3137 5570 ,
3170 5518 3449 5576 postquam

1867 5592 2003 5646 dixit
2030 5593 2293 5645 Samuelis
2320 5593 2481 5657 ipsius
2511 5594 2744 5646 animum
2778 5597 3011 5663 potuisse
3050 5588 3182 5650 torte
3209 5600 3446 5664 evocari,

1870 5684 2080 5751 subjicit
2117 5700 2129 5735 ι
2167 5684 2468 5751 Quanquam
2501 5684 2554 5737 in
2586 5700 2679 5739 noc
2719 5688 2853 5756 facta
2886 5698 3047 5757 potest
3080 5705 3184 5742 esse
3212 5690 3341 5742 alius
3370 5692 3450 5757 [aa

1869 5777 2014 5829 cilior
2042 5776 2207 5829 exitus
2238 5785 2283 5827 et
2314 5778 2594 5843 expeditior
2616 5780 2917 5846 intellectus,
2954 5790 3007 5833 ut
3036 5798 3133 5834 non
3163 5799 3272 5839 vere
3297 5785 3448 5855 spiri-
