3974 6356
625 240 732 302 415

1518 247 2069 307 SUPPLEMENTUM
2111 250 2203 306 AD
2242 249 2471 309 orans
2513 253 2571 308 s.
2613 251 3007 310 AUGUSTINI.
3733 276 3800 334 tit

626 369 732 412 tum
757 356 1014 413 Samuelis
1036 360 1308 413 excitatum
1337 378 1367 414 a
1390 364 1558 429 requie
1579 379 1673 417 sua
1696 366 1986 433 credamus,
2014 366 2101 420 sed
2120 365 2223 419 ali-
2248 368 2298 427 Α
2328 366 2417 437 qui
2448 382 2508 423 se
2536 368 2650 437 ipse
2680 385 2782 423 non
2812 371 2977 425 semel
3011 368 3263 425 exscribit
3282 412 3297 438 ,
3324 371 3375 427 in
3403 377 3643 446 superiore
3660 382 3798 461 libello,

622 452 760 517 quod
790 453 1091 521 phantasma
1112 462 1157 508 et
1183 454 1548 526 imaginariam
1576 457 1865 511 illusionem
1891 458 2080 512 diaboli
2110 475 2220 512 ma-

624 542 998 596 chinationibus
1018 548 1229 614 factam,
1253 562 1407 615 quam
1433 558 1700 617 propterea
1723 549 1993 619 Scriptura
2016 552 2219 605 nomine

626 634 881 688 Samuelis
911 636 1177 706 appellat,
1208 638 1329 709 quia
1358 637 1523 692 solent
1563 642 1807 711 imagines
1836 658 2006 696 rerum
2039 658 2217 696 earum

622 726 909 780 nominibus
937 728 1220 798 appellari,
1254 746 1468 801 quarum
1508 732 1755 803 imagines
1781 731 1943 805 sunt.]
1976 734 2085 790 Cur
2109 751 2216 790 non

623 818 796 884 pmius
820 817 955 872 dixit
980 819 1125 889 loqui
1155 821 1482 891 Scripturam
1508 823 1618 879 illic
1640 842 1703 879 ex
1728 826 1993 882 sententia
2013 828 2210 897 Saulis,

619 909 708 978 qui
741 924 924 964 revera
956 910 1263 968 Samuelem
1293 925 1571 970 evocatum
1603 918 1866 972 credidit?
1915 918 2022 972 Cur
2052 920 2211 975 etiam

619 1000 750 1054 nihil
782 1001 848 1056 de
896 1002 1085 1057 fraude
1118 1004 1446 1075 pythonissae
1474 1008 1591 1063 viro
1612 998 1777 1065 acuto
1805 1010 2057 1077 suboluit,
2092 1029 2213 1082 quae

618 1101 795 1147 tamen
841 1097 999 1166 plane
1047 1098 1259 1154 videtur
1297 1117 1356 1155 os
1388 1104 1606 1158 credulo
1653 1114 1705 1159 et
1752 1107 2036 1174 perterrito
2064 1109 2212 1165 Sauli

614 1183 952 1241 sublevisse?
989 1189 1131 1243 Sane
1163 1206 1229 1246 ne
1254 1191 1369 1261 ipse
1399 1194 1611 1263 quidem
1641 1194 1764 1250 Saul
1795 1196 1989 1252 vidisse
2019 1214 2207 1254 narra-

614 1287 699 1332 tur
742 1292 1010 1351 Spectrum
1043 1286 1181 1353 hoc,
1214 1287 1367 1357 cujus
1408 1291 1626 1346 nomine
1654 1291 1797 1363 loqui
1844 1291 1997 1347 facile
2038 1295 2210 1363 potuit

613 1370 936 1429 subornatus
980 1377 1196 1445 quidam
1250 1380 1443 1435 nebulo
1486 1398 1515 1437 a
1566 1384 1899 1454 pythonissa.
1950 1387 2056 1442 Sed
2084 1389 2207 1444 vide

610 1463 711 1520 hac
738 1467 806 1522 de
848 1485 905 1525 re
935 1481 1148 1528 acutum
1182 1487 1339 1546 atque
1389 1479 1655 1534 eruditum
1686 1482 1860 1536 virum
1911 1483 2202 1538 Antonium

608 1555 724 1611 Van
758 1560 883 1617 Date
907 1608 921 1633 ,
970 1566 1022 1621 in
1063 1566 1442 1626 dissertatione
1470 1571 1539 1626 de
1573 1572 1998 1630 Divinationibus
2032 1576 2203 1631 idolo-

607 1652 807 1713 latricis
839 1660 936 1715 sub
964 1660 1029 1715 V.
1064 1662 1150 1727 T.,
1183 1679 1304 1733 cap.
1335 1666 1388 1720 9.

1072 1756 1725 1819 ANIMADVERSIONES

785 1862 834 1899 IN
861 1864 1052 1904 LIBRUM
1083 1868 1147 1904 DI-I
1175 1867 1313 1907 OCTO
1343 1869 1575 1910 DULCITII
1605 1872 2014 1920 QUESTIONIBUS.

672 1939 873 2006 Quaest.
916 1942 975 2007 I,
1012 1944 1038 2015 §
1072 1944 1126 1999 6.
1163 1946 1241 2000 Ad
1276 1948 1453 2002 locum
1500 1950 1516 2002 Ι
1556 1948 1681 2006 Cor.
1728 1968 1818 2017 ιιι,
1863 1955 1923 2008 Η
1967 1964 2022 2010 et
2055 1971 2196 2027 seq.,

584 2026 786 2089 ‘statuit
811 2035 1200 2106 fundamentum
1230 2057 1348 2097 esse
1380 2042 1537 2098 fidem
1569 2045 1621 2099 in
1673 2046 1943 2102 Christum
1965 2090 1980 2113 ,
2013 2026 2199 2104 aurum

600 2138 760 2195 vero,
792 2140 1060 2201 argentum
1090 2143 1145 2187 et
1174 2135 1372 2206 lapides
1407 2140 1653 2204 pretiosos
1680 2154 1801 2195 esse
1828 2142 2020 2197 eximia
2051 2160 2198 2213 quaa-

598 2217 719 2274 daui
764 2220 903 2276 bona
948 2240 1143 2295 opera;
1179 2227 1323 2298 ligna
1354 2245 1484 2285 vero
1509 2272 1525 2298 ,
1567 2236 1740 2301 fenum
1772 2243 1826 2287 ct
1861 2234 2105 2303 stipulam
2136 2253 2196 2292 ea

598 2325 722 2367 esse
750 2314 947 2382 quibus
992 2320 1206 2373 carnale
1253 2320 1449 2388 aliquid
1480 2323 1776 2378 admissum
1806 2337 1908 2379 est.
1958 2326 2120 2381 Miror
2148 2328 2197 2383 ei

598 2403 650 2458 in
692 2416 928 2462 mentem
962 2426 1065 2465 non
1098 2416 1310 2469 venisse
1354 2415 1440 2470 hic
1484 2417 1567 2483 agi
1614 2417 1679 2471 de
1712 2417 1954 2473 doetrina
1983 2464 1997 2486 ,
2032 2430 2088 2475 et
2121 2430 2201 2477 tot

596 2502 903 2568 propositas
935 2506 1264 2571 quastiones
1306 2506 1508 2561 homini
1536 2508 1628 2578 qui
1658 2509 1708 2561 iu
1736 2525 1793 2563 re
1838 2510 1992 2579 plana
2028 2526 2197 2581 usque

596 2590 730 2647 adeo
761 2597 1054 2665 cespitabat
1083 2640 1098 2664 ,
1131 2610 1221 2653 aut
1252 2616 1373 2654 cum
1424 2609 1529 2655 tam
1583 2602 1772 2658 leviter
1821 2604 1872 2657 in
1916 2604 2193 2674 Scriptura

597 2698 864 2743 versatum
891 2700 967 2745 tot
996 2694 1235 2761 qumsitis
1286 2695 1614 2763 respondere
1643 2696 1983 2753 sustinuisse.
2032 2699 2076 2753 Ο
2106 2715 2197 2753 va-

596 2794 749 2834 cuam
773 2782 1027 2838 studiosis
1050 2785 1340 2854 Scriptura:
1364 2786 1597 2842 Africam
1625 2790 1639 2841 ε
1668 2786 1713 2843 Ο
1734 2789 1976 2857 stupidos
2003 2792 2195 2861 quibus

596 2871 714 2929 ιιωο
745 2876 1093 2933 admirationi
1123 2893 1280 2935 erant
1317 2891 1371 2935 et
1400 2883 1487 2951 qui
1533 2893 1634 2936 tam
1673 2885 1929 2940 verbosas
1960 2886 2196 2957 disputa-

595 2967 788 3034 tiones,
819 2981 871 3024 ιιι
906 2972 1037 3027 nihil
1068 2973 1362 3040 discerent,
1396 2976 1574 3046 legere
1600 2980 1936 3034 sustinebant
1962 2982 1974 3034 !

624 3060 694 3131 ,ᾗ
732 3062 817 3118 I3.
863 3062 989 3119 Tale
1028 3066 1223 3137 aliquid
1257 3079 1368 3139 post
1397 3070 1527 3124 hanc
1567 3072 1717 3124 vitam
1749 3074 1860 3140 ﬁeri
1898 3076 2195 3132 incredibile

2324 474 2432 529 quo
2456 459 2670 515 Dulcitii
2702 461 3090 531 quaistionibus
3121 464 3422 531 respondet.

2393 551 2521 621 Cap.
2570 552 2629 617 I,
2666 553 2693 624 §
2732 555 2787 610 '5.
2830 552 2975 609 Certe
3001 557 3137 610 enim
3176 558 3222 609 si
3253 559 3396 612 rebus
3421 576 3516 615 non
3541 565 3642 619 visis
3669 575 3804 633 credere

2322 662 2423 699 non
2447 646 2705 712 debemus,
2734 650 3143 720 quandoquidem
3166 662 3212 705 et
3239 654 3456 707 nondum
3474 659 3634 713 certius
3652 670 3803 729 probatu

2320 744 2601 797 amicorum
2641 744 2881 799 cordibus
2920 746 3201 813 credimus,
3233 757 3280 802 et
3312 765 3421 803 cum
3455 767 3509 803 ea
3534 756 3661 810 malis
3682 768 3805 816 nostris

2321 836 2453 889 bona
2477 839 2880 907 probaverimus,
2906 842 3061 894 etiam
3084 851 3203 895 tunc
3232 858 3405 897 eorum
3432 862 3542 916 ergo
3565 864 3641 900 nos
3667 849 3806 907 benevo-

2318 928 2531 981 lentiam
2582 930 2834 984 credimus
2877 932 3047 1001 potius
3094 950 3246 1002 quam
3294 934 3559 1006 videmus.]
3601 940 3808 1001 Aseribunt

2316 1019 2551 1075 editores
2598 1021 2928 1078 Parisienses
2979 1024 3201 1093 margini
3252 1024 3416 1078 locum
3440 1026 3564 1079 hunc
3597 1034 3808 1099 perplexum

2316 1132 2424 1168 esse
2444 1125 2490 1169 et
2519 1117 2782 1182 vitiatum;
2810 1118 2903 1172 sed
2936 1119 3113 1173 omnis
3143 1118 3445 1184 difﬁcultas,
3471 1122 3563 1176 nisi
3583 1122 3724 1190 fallor,
3745 1131 3809 1183 tol-

2312 1208 2451 1263 letur
2477 1208 2519 1263 si
2550 1226 2647 1279 pro
2678 1212 2881 1281 quando
2902 1253 2915 1277 ,
2952 1213 3190 1280 legamus
3219 1217 3467 1279 quomoda
3487 1262 3499 1283 ,
3528 1226 3577 1271 et
3602 1230 3743 1274 notam
3763 1222 3811 1277 in-

2314 1302 2692 1371 terrogationis
2744 1303 2834 1357 lini
2886 1305 3086 1371 periodi
3136 1305 3392 1361 addamus
3426 1325 3438 1359 :
3469 1308 3561 1360 nisi
3596 1310 3695 1377 quia
3724 1322 3813 1366 tanta
3878 1334 3879 1379 γ

2312 1392 2439 1457 fides
2467 1409 2537 1446 est
2567 1393 2887 1464 (sequuntur
2909 1395 3023 1450 haec
3050 1398 3292 1465 proxime
3319 1397 3473 1452 allata
3510 1400 3671 1467 verba)
3695 1414 3736 1455 ut
3755 1422 3814 1459 non

2310 1485 2697 1555 incongruenter
2744 1488 3045 1555 quibusdam
3106 1492 3267 1544 oculis
3319 1492 3427 1562 ejus
3474 1509 3559 1546 nos
3608 1495 3814 1562 judicarint

2306 1576 2477 1629 videre
2497 1580 2635 1647 quod
2659 1581 2941 1645 credimus;
2970 1599 3082 1634 cum
3106 1593 3368 1650 propterea
3395 1585 3587 1638 credere
3605 1586 3810 1656 debeamu,

2306 1672 2427 1736 quia
2451 1673 2620 1726 videre
2641 1690 2740 1727 non
2771 1678 3093 1742 possumus?
3136 1677 3225 1731 Sic
3267 1677 3443 1730 omnia
3476 1688 3591 1733 sunt
3616 1680 3809 1749 plana,ut

2235 1759 2281 1819 Β
2312 1762 2572 1834 intelliget
2630 1768 2873 1839 quisquis
2921 1769 3199 1839 periodum
3249 1770 3509 1841 integram
3559 1773 3710 1843 legere
3750 1792 3808 1831 non

2305 1860 2628 1929 gravabitur.

2375 1951 2507 2020 Cap.
2539 1951 2594 2015 2,
2630 1953 2656 2023 §
2685 1955 2738 2008 4.
2774 1954 2963 2009 Omitto
2996 1956 3163 2009 dicere
3193 1972 3350 2025 quam
3385 1957 3541 2009 multa
3568 1957 3659 2021 isti,
3677 1962 3743 2026 qui
3760 1977 3802 2014 ut

2306 2044 2703 2112 reprehendunt,
2729 2046 2851 2113 quia
2881 2049 3133 2101 credimus
3156 2064 3267 2117 qua:
3304 2065 3405 2101 non
3429 2049 3657 2116 videmus,
3678 2053 3809 2103 credant

2304 2138 2459 2204 fama:
2479 2147 2524 2191 et
2545 2136 2796 2203 historice,
2827 2139 2903 2193 vel
2929 2141 2990 2192 de
3016 2140 3139 2193 locis
3164 2140 3253 2193 ubi
3276 2140 3377 2208 ipsi
3409 2157 3509 2193 non
3545 2144 3812 2210 fueruutuuc

2305 2230 2476 2283 dicant
2503 2247 2519 2282 :
2548 2246 2647 2283 non
2670 2231 2946 2296 credimus,
2981 2233 3100 2299 quia
3125 2249 3225 2285 non
3250 2229 3523 2303 videmus.]
3559 2231 3630 2285 Ad
3661 2234 3737 2286 hoc
3758 2234 3814 2286 fuit

2305 2322 2625 2392 palmarium
2644 2335 3042 2394 argumentum,
3063 2341 3168 2394 quo
3184 2325 3519 2380 adversarios
3540 2322 3599 2378 ad
3620 2324 3815 2379 silentium

2304 2411 2523 2483 adigere
2552 2417 2706 2471 facile
2731 2417 2924 2485 potuit,
2955 2417 3116 2488 idque
3143 2417 3211 2472 ab
3241 2419 3491 2472 omnibus
3522 2433 3619 2471 non
3641 2418 3817 2487 agrein-

2306 2509 2654 2577 telligendum
2683 2552 2698 2576 ,
2730 2520 2784 2565 et
2824 2511 2901 2565 rei
2934 2526 3055 2581 quae
3085 2510 3174 2565 hic
3203 2512 3381 2581 agitur
3410 2510 3817 2566 accommodatissi-

2303 2618 2448 2656 mum
2473 2619 2487 2664 ;
2514 2602 2968 2671 quandoquidem,
2991 2603 3034 2656 si
3062 2618 3175 2658 rem
3199 2603 3368 2673 probe
3396 2603 3710 2672 pensitemus,
3734 2601 3817 2654 ωας

2304 2705 2485 2751 nostra
2525 2698 2713 2751 nititur
2749 2696 3087 2766 potissimum
3129 2696 3457 2767 evangelica:
3492 2694 3703 2750 historia:
3728 2692 3816 2747 veri-

2302 2798 2432 2843 tate.
2482 2789 2586 2845 Sed
2634 2788 2811 2845 nescio
2858 2788 3129 2857 quomodo
3178 2798 3389 2843 veteres
3432 2803 3550 2858 quae
3589 2786 3814 2840 ﬁrmissima

2302 2894 2457 2937 erant
2482 2883 2559 2938 rei
2584 2881 2904 2937 Christiana:
2935 2883 3277 2938 fundamenta
3326 2898 3471 2951 sa‘pe
3516 2881 3666 2936 ferme
3704 2878 3815 2949 negli-

2302 2988 2453 3046 gunt,
2488 2987 2577 3030 aut
2608 2977 2784 3031 obiter
2813 2987 2960 3031 certe
2986 2978 3281 3046 attingunt;
3324 2975 3452 3030 dum
3478 2990 3686 3046 operose
3704 2989 3815 3042 expo-

2302 3079 2437 3125 nunt
2465 3085 2582 3138 quae
2612 3070 2750 3137 apud
2781 3068 3084 3123 incredulos
3114 3069 3219 3122 vim
3253 3068 3455 3122 nullam
3482 3067 3666 3120 habere
3691 3072 3815 3132 potue-

593 3169 695 3207 non
718 3166 790 3209 est
810 3198 824 3221 ,
848 3168 894 3211 et
925 3168 1094 3212 utrum
1116 3162 1187 3214 ita
1213 3163 1278 3215 sit
1312 3165 1474 3232 quceri
1505 3174 1666 3232 potest
1693 3183 1711 3230 ,°
1750 3178 1797 3221 et
1836 3180 1926 3222 aut
1968 3171 2192 3225 invenire

2299 3172 2443 3216 runt.
2477 3161 2567 3215 Sic
2596 3160 2920 3229 Augustinus
2963 3160 3335 3229 copiosissime
3379 3159 3447 3213 de
3474 3156 3733 3230 prophetiis
3750 3156 3815 3222 agit

595 3254 682 3298 aut
713 3246 902 3315 latere,
934 3252 1211 3307 nonnullos
1239 3255 1414 3322 ﬁdeles
1448 3274 1536 3327 per
1568 3259 1739 3329 ignem
1775 3262 2043 3329 quemdam
2069 3281 2193 3333 pur-

594 3340 870 3409 gatorium,
894 3354 1084 3412 quanto
1106 3349 1288 3417 magis,
1314 3349 1544 3402 minusve
1564 3350 1695 3403 bona
1721 3357 1984 3423 pereuntia
2006 3356 2195 3410 dilexe-

594 3444 753 3498 runt,
784 3446 924 3490 tanto
961 3440 1157 3494 tardius
1201 3443 1410 3497 citiusve
1460 3444 1560 3514 (sic
1590 3445 1707 3511 lego
1734 3487 1748 3511 ,
1787 3463 1891 3502 non
1924 3452 2192 3521 citiusque)

592 3528 815 3595 salvari;
846 3546 945 3585 non
968 3542 1138 3586 tamen
1160 3535 1287 3589 tales
1310 3536 1373 3589 de
1394 3539 1574 3606 quibus
1597 3541 1790 3591 dictum
1818 3552 1892 3593 est
1925 3558 1944 3595 :
1971 3558 2189 3612 regnum

594 3620 691 3677 Dei
721 3636 826 3676 non
863 3626 1257 3699 possidebunt.]
1301 3629 1497 3699 Maiore
1527 3647 1647 3687 cum
1684 3633 1872 3688 fiducia
1907 3636 2005 3689 hac
2035 3637 2099 3690 de
2132 3653 2191 3692 re

590 3714 825 3785 loquitur
855 3716 906 3770 in
937 3733 1101 3787 opere
1129 3720 1196 3774 de
1224 3718 1453 3777 Civitate
1497 3722 1589 3777 Dei
1635 3724 1728 3778 lib.
1773 3742 1859 3779 xxi
1886 3768 1900 3791 ,
1949 3742 2067 3795 cap.
2104 3730 2186 3783 l3.

591 3807 723 3863 Vide
748 3821 801 3865 et
825 3827 945 3881 quae
974 3815 1310 3885 collegerunt
1338 3814 1671 3873 Benedictini
1702 3818 1755 3874 in
1784 3822 2092 3889 pra-latione
2123 3823 2188 3877 ad

590 3902 850 3962 Hilarium
881 3923 1002 3978 cap.
1037 3912 1090 3967 8.
1148 3910 1291 3968 Sane
1322 3914 1387 3967 ad
1419 3914 1795 3973 aflirmandunt
1843 3935 1963 3975 esse
2012 3921 2188 3989 ignem

588 3999 956 4067 purgatorium
982 4011 1126 4057 recta
1151 4004 1451 4061 deducebat
1476 4010 1809 4065 consuetudo
1834 4010 1943 4079 jam
1972 4022 2187 4083 recepta

588 4105 655 4146 eo
687 4100 928 4162 tempore
958 4097 1147 4151 orandi
1180 4113 1277 4165 pro
1308 4103 1534 4157 mortuis
1560 4142 1573 4165 ,
1618 4103 1686 4156 de
1716 4119 1817 4171 qua
1860 4106 2186 4172 Augustinus

586 4181 655 4237 ad
688 4186 1040 4253 quaEStionem
1071 4200 1410 4259 sequentem.
1435 4194 1794 4260 Quamobrem
1826 4196 2039 4251 tandem
2071 4199 2188 4267 opi-

585 4276 677 4329 nio
699 4276 766 4330 de
796 4280 971 4346 poenis
994 4283 1335 4349 purgatoriis,
1359 4286 1496 4354 apud
1522 4286 1807 4357 plerosque
1827 4287 2181 4356 Christianos,

587 4368 822 4425 decretis
870 4372 1197 4442 synodorum
1254 4387 1569 4431 consecrata
1620 4389 1747 4443 est;
1816 4396 1883 4434 ne
1931 4381 2184 4436 Ecclesiae

586 4476 775 4530 preces
796 4462 1110 4519 viderentur
1139 4469 1364 4522 mortuis
1389 4468 1626 4536 inutiles,
1654 4472 1849 4541 quippe
1876 4488 1995 4542 quae
2024 4474 2180 4529 nullis

586 4560 761 4627 ptenis
783 4574 878 4614 eos
901 4558 1211 4616 liberarent.
1244 4561 1318 4617 De
1342 4563 1406 4618 iis
1437 4564 1686 4633 precibus
1708 4579 1806 4619 suo
1831 4565 1953 4621 loco
1979 4566 2179 4637 aliquid

583 4652 847 4706 dicemus.
1102 4656 1107 4659 ’

653 4745 855 4811 Quaest.
890 4748 943 4815 6,
977 4747 1003 4817 §
1032 4748 1085 4803 2.
1116 4748 1248 4804 Item
1275 4753 1481 4822 quieris,
1514 4754 1745 4824 inquam,
1770 4764 1940 4808 utrum
1967 4756 2178 4825 spiritus

580 4840 904 4908 immundus,
937 4846 1027 4914 qui
1063 4856 1170 4899 erat
1201 4848 1253 4900 in
1293 4850 1591 4918 pythonissa
1615 4889 1631 4914 ,
1665 4851 1883 4917 potuerit
1927 4868 2079 4923 agere
2122 4862 2177 4904 ut

584 4931 797 4987 Samuel
827 4954 858 4989 a
884 4935 1045 4991 Saule
1074 4940 1345 5005 videretur,
1377 4941 1509 5012 etc.]
1551 4942 1686 4998 Vide
1715 4954 1892 4998 notata
1925 4946 1988 4997 ad
2019 4944 2110 5000 lib.
2140 4960 2178 4998 ιι

580 5027 913 5085 diversarum
948 5030 1315 5098 Quiestionum
1348 5035 1413 5087 ad
1446 5034 1853 5103 Simplicianum
1898 5046 2086 5104 quaest.
2121 5041 2173 5090 4.

893 5168 1234 5225 DESIDERII
1264 5170 1523 5240 ERASMI
1551 5171 1867 5229 CENSURA

1160 5281 1298 5320 ιιΒιιι
1342 5282 1406 5319 DE
1439 5282 1580 5320 FIDE.

580 5352 814 5409 Libellus
862 5354 948 5409 ltic
978 5372 1042 5410 ex
1075 5355 1302 5411 diversis
1335 5359 1616 5427 Augustini
1668 5357 1910 5425 epistolis
1949 5371 2171 5411 consar-

649 5428 856 5498 cinatus
903 5438 1024 5489 est,
1065 5430 1296 5484 maxime
1341 5430 1483 5498 quod
1527 5430 1591 5483 ad
1633 5429 1930 5482 sententias
1962 5430 2166 5482 attinet.

649 5496 931 5552 Probabile
959 5509 1042 5553 est
1075 5504 1215 5553 hunc
1243 5496 1371 5555 esse
1397 5501 1635 5569 Hugonis
1667 5500 1945 5553 Victorini.

568 5632 573 5637 .
645 5590 717 5642 At
743 5591 878 5644 hanc
902 5590 1106 5647 Erasmi
1135 5608 1419 5647 censuram
1448 5601 1596 5646 recte
1624 5590 1972 5645 confutarunt
2000 5591 2171 5644 Bene-

571 5680 781 5739 dictini.
821 5683 974 5751 Quod
1023 5686 1065 5739 si
1096 5685 1220 5755 quid
1252 5686 1565 5753 decerptum
1600 5684 1684 5736 hic
1714 5694 1795 5736 est
1833 5698 1898 5736 ex
1927 5681 2170 5750 epistolis

573 5774 888 5851 Augustini,
931 5778 1060 5833 nihil
1091 5790 1233 5835 vetat
1276 5777 1325 5833 id
1359 5777 1424 5832 ab
1451 5776 1569 5847 ipso
1596 5774 1895 5846 Augustino
1928 5772 2121 5829 factum
2149 5788 2163 5838 ;

2298 3258 2351 3310 in
2382 3257 2753 3325 sequentibus,
2788 3255 3055 3326 habetque
3077 3270 3197 3323 qua:
3230 3253 3373 3324 apud
3408 3251 3714 3309 Christianos
3740 3262 3815 3301 cum

2299 3351 2473 3405 fructu
2495 3352 2598 3407 dici
2626 3361 2894 3422 poterant,
2920 3351 3013 3405 sed
3041 3352 3180 3420 apud
3206 3351 3512 3406 incredulos
3540 3348 3721 3419 pondus
3736 3344 3815 3399 nul-

2298 3443 2407 3497 lum
2441 3443 2728 3509 habebant,
2752 3458 2874 3498 cum
2897 3445 2983 3497 vix
3009 3459 3242 3513 unquam
3267 3459 3334 3498 ex
3374 3443 3425 3497 vi
3450 3457 3629 3496 vocum
3651 3449 3696 3493 et
3728 3451 3816 3491 neti

2296 3538 2578 3603 orationis,
2608 3537 2653 3592 si
2682 3553 2801 3591 cum
2836 3536 3052 3591 homine
3079 3537 3359 3591 veritatem
3387 3536 3617 3591 Iudaica:
3644 3541 3691 3587 et
3717 3530 3819 3584 Chri-

2296 3629 2484 3684 stiana:
2507 3628 2784 3698 religionis
2814 3638 3042 3699 negante
3072 3630 3144 3682 sit
3165 3629 3319 3682 nobis
3348 3629 3633 3703 negotium,
3655 3621 3819 3695 probare

2298 3722 2566 3790 possimus
2596 3738 2656 3775 ea
2687 3722 2937 3776 vaticinia
2983 3721 3048 3775 ad
3078 3721 3349 3775 Christum
3383 3722 3662 3791 pertinere.
3696 3717 3821 3783 Itaque

2295 3814 2435 3883 apud
2473 3814 2778 3869 incredulos
2808 3814 2890 3869 his
2918 3815 3098 3883 potius
3142 3816 3477 3884 argumentis
3514 3807 3821 3868 abstinendum

2295 3907 2432 3971 fuit,
2467 3907 2812 3978 historiisque
2845 3908 3103 3963 utendum
3130 3950 3147 3975 ,
3180 3907 3376 3975 quibus
3418 3907 3547 3963 nihil
3584 3917 3744 3962 sanum
3767 3913 3821 3953 re-

2294 4000 2420 4068 poni
2449 3999 2518 4055 ab
2545 4001 2608 4055 iis
2640 4009 2869 4070 poterat.

2769 4089 3417 4148 ANIMADVERSIONES

2637 4202 2684 4239 IN
2717 4200 2909 4239 LIBRUM
2950 4200 3016 4238 DE
3052 4200 3172 4238 FIDE
3206 4200 3270 4236 ΕΤ
3300 4195 3553 4236 εγιιιιοιο.

2362 4276 2490 4345 Cap.
2524 4276 2577 4341 3,
2608 4275 2635 4345 §
2663 4278 2715 4330 '5.
2760 4274 2977 4329 Verbum
3004 4284 3171 4327 autent
3210 4272 3386 4327 Patris
3426 4271 3539 4325 ideo
3568 4270 3736 4322 dictant
3758 4271 3821 4324 est,

2290 4371 2407 4438 quia
2442 4385 2532 4437 per
2558 4369 2725 4439 ipsum
2751 4369 3017 4422 innotescit
3050 4366 3227 4421 Pater.
3268 4367 3419 4421 Sicut
3445 4366 3576 4420 enim
3604 4362 3740 4416 verbis
3762 4372 3821 4409 no-

2288 4465 2405 4518 stris
2433 4463 2486 4514 id
2511 4463 2730 4532 agimus,
2768 4479 2881 4515 cum
2910 4479 3079 4515 verum
3109 4460 3389 4529 loquimur,
3420 4468 3477 4512 ut
3498 4468 3658 4511 noster
3677 4460 3821 4507 animus

2288 4557 2573 4608 innotescat
2604 4553 2855 4617 audienti,
2884 4562 2929 4605 et
2951 4553 3202 4621 quidquid
3225 4561 3474 4603 secretum
3500 4551 3549 4601 in
3571 4546 3707 4599 corde
3731 4539 3820 4611 geri-
3892 4594 3893 4619 ξ

2288 4664 2403 4699 ntus
2423 4687 2436 4709 ,
2468 4662 2557 4714 per
2578 4647 2724 4713 signa
2754 4640 3051 4712 hujusmodi
3076 4644 3144 4695 ad
3176 4643 3508 4712 cognitionem
3535 4638 3724 4692 alterius
3744 4646 3819 4698 pnt-

2286 4745 2483 4810 [eratur
2517 4740 2634 4792 :sic
2675 4738 2768 4791 illa
2812 4736 3082 4803 Sapientia
3119 4752 3275 4806 quam
3320 4734 3460 4787 Deus
3496 4730 3648 4785 Pater
3674 4730 3820 4824 gettullt

2284 4831 2527 4901 quoniam
2554 4846 2643 4898 per
2670 4830 2834 4898 ipsam
2868 4827 3136 4880 innotescit
3169 4827 3340 4895 dignis
3378 4825 3562 4877 animis
3604 4826 3821 4874 secretiss-

2284 4942 2396 4977 mus
2419 4922 2609 4985 Pater,
2652 4921 2871 4975 Verbum
2907 4924 3017 4990 ejus
3045 4919 3517 4973 convenientissime
3544 4902 3819 4971 nominatur-1

2282 5018 2443 5072 Miror
2462 5016 2862 5071 catechumenis
2889 5016 3190 5083 propositas
3212 5028 3300 5066 res
3322 5025 3490 5081 usque
3509 5009 3637 5063 adeo
3654 5003 3819 5059 dubias.

2280 5111 2429 5179 quasi
2474 5109 2599 5163 ﬁdei
2638 5109 2834 5173 capita.
2884 5106 3015 5160 Nam
3056 5106 3097 5159 si
3128 5107 3244 5174 quis
3290 5112 3537 5173 negasset
3577 5094 3820 5167 Augustino

2283 5217 2467 5256 vocem
2498 5202 2640 5271 λόγος
2671 5199 2808 5265 apud
2842 5198 3102 5253 Joannem
3139 5196 3449 5251 vertendam
3477 5193 3698 5249 verbum,
3724 5199 3819 5287 con-

2280 5296 2645 5365 tendissetque
2694 5308 2815 5348 esse
2868 5292 3163 5358 rationem,
3215 5288 3486 5359 quomodo
3542 5290 3815 5370 contrartuut

2281 5389 2509 5458 probare
2542 5386 2746 5458 potuit?
2793 5384 3044 5453 Quinimo
3076 5384 3496 5444 Platonicorum,
3528 5378 3814 5474 quos-may"

2278 5482 2541 5548 faciebat,
2586 5479 2887 5547 similiaque
2909 5476 3227 5530 Christianis
3253 5474 3353 5527 hac
3383 5475 3433 5526 in
3464 5485 3519 5525 re
3544 5470 3723 5521 sentire
3745 5470 3814 5526 νυ·

2277 5576 2442 5640 tabat,
2472 5572 2789 5626 auctoritate
2817 5570 2985 5639 premi
3020 5568 3211 5637 potuit.
3237 5566 3507 5620 Praeterea
3537 5559 3581 5613 si
3604 5555 3710 5626 quis
3737 5561 3808 5601 ne-

2274 5680 2455 5742 gasset
2478 5684 2675 5725 munus
2705 5682 2825 5723 esse
2856 5668 3001 5729 Filii,
3035 5677 3090 5720 ut
3115 5666 3325 5721 animos
3353 5679 3442 5731 per
3471 5678 3527 5725 se
3549 5656 3805 5714 illustraret.

2272 5783 2341 5824 eo
2370 5768 2530 5822 tuodo
2551 5778 2709 5837 quem
2733 5762 2861 5820 dicit
2890 5760 3254 5833 Augustinus;
3284 5759 3371 5832 qui
3403 5755 3623 5829 probare
3646 5742 3805 5821 potuit'
