3974 6356
121 378 217 430 417

794 369 1148 425 γΑιιιοιιυιι
1186 366 1696 425 EXERCITATION

1829 368 1891 423 IN
1934 367 1994 423 S.
2034 368 2405 426 AUGUSTINI
2444 370 2689 427 ΟΡΕΒΛ.

3266 372 3367 427 418

120 501 193 542 set
223 487 353 558 quod
384 486 468 543 hic
495 485 800 550 contendit,
842 487 938 540 nisi
970 485 1106 539 forte
1144 500 1205 538 ex
1239 486 1352 538 suis
1380 484 1690 547 Platonicis,
1719 492 1771 549 Α
1798 493 1941 537 recta
1974 484 2140 547 ratio,
2181 486 2515 555 postulatquc
2552 487 2794 541 humanae
2826 487 3093 543 societatis
3126 488 3368 556 felicitas,

122 583 201 649 qui
237 584 473 637 homines
500 581 788 635 rationales
814 596 931 636 esse
961 581 1253 649 putabant,
1291 579 1691 647 participatione

120 681 201 729 τοῦ
243 676 399 746 Λόγου
430 717 443 739 ,
493 689 629 741 quos
662 684 838 727 tamen
884 672 1070 726 audire
1102 672 1355 724 noluisset
1385 670 1450 723 de
1482 668 1691 738 propria

122 768 267 834 hujus
290 769 432 821 vocis
460 766 883 836 signiﬁcatione?
920 764 1077 818 Multa
1108 763 1208 816 alia
1241 762 1343 815 dici
1382 771 1689 831 potuerunt,

121 874 231 927 quae
259 858 443 911 omitto
476 867 528 911 et
554 873 673 928 qua:
702 857 804 926 legi
839 865 1121 924 potuerunt
1168 851 1307 922 apud
1355 851 1572 904 Joannis
1614 850 1692 902 in-

126 960 371 1017 terpretes
396 948 460 1002 ad
484 964 603 1017 cap.
631 965 669 1013 l,
700 948 749 1001 1.
776 950 842 1001 At
864 962 927 1001 eo
951 956 1211 1015 tempore,
1236 945 1281 998 si
1308 958 1490 998 verum
1514 944 1693 996 dicere

122 1042 355 1108 velimus,
381 1056 486 1095 nou
516 1041 853 1110 quaerebatur
880 1050 983 1091 tam
1014 1036 1138 1107 quid
1170 1047 1312 1090 esset
1341 1051 1542 1096 verum,
1572 1048 1693 1103 pos-

121 1142 296 1202 setque
323 1142 506 1185 contra
557 1131 774 1200 quasvis
817 1130 1162 1183 adversarios
1202 1128 1369 1180 firmis
1400 1126 1692 1179 rationibus

120 1224 321 1278 defendi
351 1265 364 1287 ,
397 1238 558 1292 qnam
604 1222 745 1293 quod
784 1224 865 1277 vel
900 1223 999 1276 levi
1055 1220 1424 1290 probabilitate
1473 1220 1713 1273 tinctum,

118 1326 245 1381 erat,
275 1327 326 1371 et
354 1318 493 1385 apud
517 1332 673 1371 aures
702 1317 880 1370 omnia
908 1315 1189 1367 admittere
1214 1323 1424 1383 paratas
1449 1312 1692 1381 speciose

118 1409 215 1462 dici
244 1410 432 1479 potuit.
484 1408 754 1478 Legantur
783 1406 1090 1477 sequentia,
1122 1406 1595 1473 expendanturque
1626 1404 1692 1457 ab

115 1504 285 1554 animo
310 1502 555 1556 veritatis
584 1510 818 1563 amante,
849 1511 903 1554 et
937 1502 986 1554 ni
1022 1514 1202 1553 verum
1232 1499 1415 1552 tulisse
1434 1498 1690 1567 judicium

117 1595 279 1659 dicar,
310 1593 631 1661 abjiciautur
659 1593 739 1645 hae
768 1593 986 1657 chartis,
1024 1591 1285 1659 lineisque
1310 1598 1364 1643 et
1394 1592 1570 1646 blattis
1600 1591 1693 1646 de-

112 1690 361 1744 voranda:
388 1690 782 1757 permittantur.

176 1782 305 1849 Cap.
337 1782 391 1847 5,
424 1782 452 1853 ᾗ
479 1783 530 1837 8.
563 1780 710 1835 Dono
734 1782 866 1836 enim
896 1780 1008 1847 Dei,
1036 1780 1131 1833 hoc
1152 1789 1243 1845 est,
1270 1790 1443 1832 sancto
1467 1779 1688 1848 Spiritu,

1798 588 1939 629 recta
1964 588 2085 630 sunt
2101 585 2155 629 et
2172 578 2275 631 Deo
2291 578 2519 645 placent,
2534 580 2622 646 qui
2644 588 2803 633 rectm
2820 581 3036 634 rationis
3052 589 3105 635 et
3131 582 3371 635 humana:

1796 668 2068 721 societatis
2108 684 2213 721 non
2256 670 2429 721 minus
2468 681 2654 724 auctor
2694 678 2776 723 est
2810 687 2967 741 quam
3011 674 3369 726 revelatiouis.

1796 760 1895 825 Qui
1931 760 2046 813 sine
2087 761 2411 815 revelatione
2449 770 2671 830 possunt
2715 763 2955 818 damnari
2995 765 3063 819 ob
3092 764 3283 818 delicta
3320 766 3371 819 in

1798 862 1995 905 rectam
2020 854 2278 907 rationem
2302 853 2551 917 admissa,
2571 854 2785 909 eosdem
2811 870 3029 910 necesse
3047 866 3128 911 est
3143 870 3195 911 et
3219 872 3373 925 posse

1797 945 2041 1012 absolvi,
2086 948 2129 1000 si
2178 956 2321 1001 recte
2362 949 2554 1001 rationi
2597 950 2983 1016 obsequantur;
3037 952 3176 1018 quod
3220 952 3374 1007 docet

1795 1037 1955 1092 etiam
1978 1038 2174 1091 Paulus
2207 1039 2362 1092 ltom.
2402 1054 2456 1106 ιι,
2487 1040 2575 1107 14,
2612 1040 2695 1093 15.
2729 1041 2893 1095 Nemo
2922 1041 3013 1110 qui
3039 1058 3149 1097 rem
3178 1058 3375 1111 expen-

1796 1130 1937 1183 derit
1966 1130 2065 1183 sibi
2095 1132 2434 1197 persuadebit
2458 1132 2625 1201 legem
2653 1144 2853 1187 naturae
2874 1149 2902 1186 a
2931 1134 3039 1188 Deo
3062 1152 3154 1204 per
3176 1148 3374 1191 rectam

1797 1227 2058 1277 rationem
2084 1226 2264 1290 latam,
2288 1237 2340 1278 et
2364 1241 2456 1293 per
2488 1228 2653 1295 ipsam
2681 1226 2926 1280 humanas
2958 1239 3160 1281 natura:
3182 1230 3377 1283 consti-

1797 1316 2052 1369 tutionem
2094 1318 2459 1370 confirmatam
2487 1358 2503 1383 ,
2556 1319 2872 1384 perfractam
2914 1328 3007 1372 aut
3043 1322 3376 1377 observatam

1797 1408 1996 1475 pariter
2032 1408 2315 1473 damnare;
2361 1426 2458 1463 nec
2503 1410 2645 1477 pium
2675 1426 2799 1479 erga
2840 1421 3083 1479 parentes
3122 1428 3240 1467 esse
3274 1415 3377 1469 Deo

1795 1500 2081 1568 gratiorem
2125 1516 2280 1569 quam
2328 1502 2670 1569 parricidam.
2722 1502 2953 1557 Monstra
3008 1514 3133 1557 sunt
3184 1506 3270 1558 illa
3313 1521 3377 1560 ex

1796 1593 2155 1647 contendcndi
2192 1604 2246 1648 et
2277 1594 2539 1663 paradoxa
2568 1595 2884 1650 defendendi
2915 1596 3132 1651 libidine
3160 1609 3300 1653 nata.

1866 1686 1995 1753 Cap.
2032 1685 2126 1749 15,
2161 1685 2186 1755 §
2214 1686 2306 1741 ‘24.
2350 1686 2672 1752 Quapropter
2696 1687 2965 1755 diligenter
2991 1698 3187 1755 oportet
3215 1700 3379 1742 atten-

1798 1776 1913 1830 dere
1934 1779 2187 1845 quomodo
2221 1777 2515 1843 accipienda
2540 1778 2604 1829 sit
2631 1779 2849 1845 apostoli
2878 1777 3033 1832 Pauli
3060 1780 3151 1831 illa
3177 1791 3380 1834 senten-

111 1888 340 1925 concessa
372 1872 515 1925 nobis
550 1882 625 1925 est
653 1880 794 1924 tanta
828 1870 1091 1924 humilitas
1129 1872 1252 1923 tanti
1291 1869 1419 1938 Dei,
1450 1882 1504 1923 ut
1537 1881 1694 1925 totum
1724 1870 1772 1929 Β
1799 1870 1868 1921 tia
1894 1869 2045 1937 plane
2070 1870 2137 1920 ad
2184 1867 2568 1938 intelligendum
2597 1867 2839 1936 difﬁcilis,
2873 1869 2956 1921 ubi
3005 1871 3075 1923 ait
3104 1886 3122 1923 :
3170 1870 3379 1925 Funda-

110 1964 359 2016 hominem
379 1964 633 2033 suscipere
660 1963 1001 2034 dignaretur.|
1031 1962 1156 2017 Scio
1185 1972 1237 2015 et
1266 1963 1399 2015 alios
1435 1963 1512 2015 sic
1545 1963 1693 2016 locu-

111 2066 209 2121 tos,
235 2057 326 2110 sed
363 2057 606 2127 profecto
634 2065 689 2112 et
714 2057 1003 2125 Scriptura:
1030 2070 1194 2110 sacra:
1234 2064 1287 2111 et
1318 2064 1463 2110 recte
1499 2056 1691 2109 rationi

120 2149 272 2215 plane
292 2148 623 2201 contrarium
651 2156 734 2201 est
764 2148 1100 2201 humilitatem
1130 2146 1322 2200 divinae
1368 2157 1567 2199 naturae
1600 2147 1692 2200 tri-

126 2240 303 2294 buere.
338 2238 522 2293 Virtus
567 2248 650 2293 est
700 2239 928 2293 hominis
954 2254 1071 2307 qua:
1116 2254 1145 2291 a
1192 2236 1398 2291 Latinis
1448 2238 1693 2292 modestia

124 2329 333 2394 dicitur,
370 2330 463 2383 sed
495 2346 614 2399 qua:
641 2330 752 2384 Deo
780 2331 934 2384 tribui
966 2347 1067 2383 non
1098 2338 1273 2399 potest
1298 2331 1411 2384 sine
1443 2330 1691 2399 blasphe-

114 2424 230 2473 mire
255 2421 485 2488 quadam
516 2421 729 2489 specie,
768 2423 924 2491 cujus
954 2430 1127 2476 tamen
1162 2422 1409 2476 incusare
1439 2424 1691 2491 Augusti-

110 2527 229 2563 num
264 2512 455 2565 nolim.
501 2511 700 2567 Locum
731 2513 797 2566 ad
828 2514 1190 2583 Philippenses
1221 2530 1290 2579 ιι,
1325 2513 1386 2578 6,
1419 2516 1505 2581 qui
1532 2512 1693 2582 objici

108 2603 240 2658 forte
265 2615 470 2671 posset,
504 2604 901 2675 intelligendum
931 2606 996 2660 de
1026 2614 1211 2659 natura
1238 2609 1464 2659 humana
1493 2607 1693 2661 Christi

111 2696 461 2750 ostenderunt
514 2696 661 2766 Hugo
711 2695 922 2751 Grotius
966 2709 1020 2751 et
1070 2697 1303 2751 Joannes
1356 2695 1591 2751 Clericus
1636 2697 1691 2751 in

115 2784 487 2839 additamentis
516 2786 580 2839 ad
624 2786 689 2840 Η.
720 2786 1035 2840 Hammondi
1073 2788 1457 2842 Adnotationes
1489 2789 1555 2841 ad
1587 2787 1691 2842 No-

119 2894 231 2932 vum
264 2879 692 2934 Testamentum.
725 2881 875 2948 Quod
904 2883 1094 2934 factum
1127 2882 1195 2934 ab
1228 2894 1425 2935 aiterna
1461 2883 1688 2947 ratione,

123 2970 322 3037 quando
350 2988 471 3023 caro
500 2972 635 3039 facta
663 2982 761 3037 est,
792 2972 843 3025 id
870 2987 971 3025 non
1003 2973 1314 3026 humilitatis
1336 3014 1349 3036 ,
1381 2972 1551 3026 absit!
1595 2973 1689 3027 sed

125 3076 335 3117 summae
364 3064 614 3117 bonitatis
642 3072 695 3117 et
726 3064 1099 3118 munificentia:
1125 3066 1389 3133 specimen
1420 3063 1533 3117 fuit.

191 3153 311 3221 Cap.
336 3155 389 3217 5,
417 3154 442 3224 §
472 3154 555 3207 H.
586 3153 849 3207 Credimus
872 3155 1041 3222 itaque
1071 3157 1121 3207 in
1143 3170 1259 3207 eum
1280 3156 1365 3223 qui
1386 3157 1478 3208 sub
1505 3155 1689 3210 Pontio

1799 1969 2033 2014 mentum
2065 1961 2203 2015 enim
2233 1961 2374 2013 aliud
2402 1976 2559 2013 nemo
2587 1969 2759 2028 potest
2792 1976 3018 2030 ponere,
3064 1972 3161 2017 etc.
3195 1964 3212 2017 l
3254 1964 3379 2020 Cor.

1797 2068 1881 2118 ιιι,
1922 2053 1974 2106 Η
2010 2063 2062 2106 ει
2092 2050 2266 2121 seqq.]
2294 2050 2410 2104 iam
2442 2050 2507 2105 de
2550 2050 2649 2105 hoc
2689 2051 2805 2105 loco
2839 2052 2948 2121 egit
3000 2053 3053 2105 in
3105 2054 3285 2109 libello
3314 2056 3380 2109 de

1797 2143 2188 2209 Qumsdouibus
2227 2142 2455 2205 Dulcitii,
2491 2156 2589 2196 nec
2619 2152 2794 2196 tamen
2825 2141 2911 2195 hic
2943 2144 3111 2211 potuit
3140 2159 3259 2198 sese
3287 2161 3381 2199 ex-

1799 2237 1980 2305 pedire
2007 2235 2357 2299 diflicultate,
2417 2249 2536 2303 quae
2589 2250 2777 2304 magna
2826 2250 2945 2290 esse
3004 2251 3109 2289 non
3165 2247 3381 2306 potest,

1799 2329 1897 2383 nisi
1945 2328 2213 2383 oscitanti.
2271 2326 2459 2395 Liquet
2506 2326 2648 2379 enim
2707 2326 2924 2379 Paulum
2961 2341 3116 2396 agere
3144 2327 3249 2381 illic
3276 2344 3382 2384 non

1796 2422 1863 2474 de
1894 2420 2160 2485 moribus,
2184 2418 2276 2472 sed
2308 2418 2373 2471 de
2420 2416 2775 2485 dogmatibus,
2822 2432 2941 2471 cum
2992 2431 3170 2472 sermo
3201 2420 3271 2473 sit
3314 2421 3383 2475 de

1796 2515 2102 2569 doctoribus
2130 2530 2144 2576 ;
2177 2513 2348 2582 qualis
2377 2514 2490 2580 ipse
2520 2520 2678 2582 atque
2720 2511 2933 2581 Apollo,
2963 2529 3188 2584 quorum
3217 2531 3275 2571 se
3301 2518 3382 2572 di-

1796 2606 2029 2675 scipulos
2070 2605 2318 2660 dicebant
2360 2603 2651 2669 Corinthii,
2684 2615 3072 2676 proptereaque
3112 2609 3161 2663 in
3202 2619 3383 2679 partes

1795 2697 1960 2750 ibant.

2266 2787 2915 2844 ANIMADVERSIONES

2110 2896 2158 2935 IN
2200 2885 2530 2935 sucumioioa
2586 2898 2652 2933 λυ
2702 2896 3054 2935 LAURENTI‘UI.

1866 2974 1994 3043 Cap.
2028 2971 2083 3027 ii
2107 3014 2121 3036 ,
2151 2974 2177 3043 §
2230 2972 2281 3025 4.
2328 2972 2461 3036 Quid
2490 2980 2561 3023 est
2591 2972 2735 3023 aliud
2762 2973 2898 3041 quod
2943 2974 3134 3027 malum
3161 2977 3370 3047 dicitur,

1793 3067 1891 3120 nisi
1915 3066 2130 3137 privatio
2156 3060 2324 3134 boni?]
2374 3062 2572 3117 Eodem
2612 3062 2732 3131 jure
2761 3062 2907 3117 dicas
2934 3063 3100 3119 Poeno
3130 3067 3372 3135 philoso-

1796 3161 1934 3228 pho:
1969 3160 2092 3228 quid
2125 3169 2206 3214 est
2236 3158 2377 3212 aliud
2407 3157 2545 3227 quod
2577 3158 2741 3212 virtus
2772 3158 2980 3223 dicitur,
3016 3162 3115 3215 nisi
3151 3165 3379 3232 privatio

138 3243 290 3296 Pilato
320 3246 597 3313 cruciﬁxus
618 3254 688 3299 est
722 3253 767 3297 et
801 3248 1046 3314 sepultus.
1090 3248 1394 3300 Addendum
1421 3250 1551 3300 enim
1584 3258 1692 3302 erat
1721 3240 1767 3303 C
1798 3251 1954 3307 vitii?
1999 3250 2129 3304 Nam
2174 3264 2303 3302 sane
2342 3248 2530 3312 virtus,
2564 3248 2788 3316 exempli
2819 3263 3000 3317 causa,
3038 3251 3201 3321 fides,
3235 3270 3381 3324 spes,

138 3338 303 3403 iudicis
348 3356 559 3404 nomen,
601 3348 806 3407 propter
839 3350 1119 3407 temporum
1158 3343 1524 3413 cognitionem,
1562 3344 1691 3415 etc.]

138 3429 255 3484 Tum
278 3432 414 3483 nulla
446 3432 714 3486 mentione
746 3432 880 3485 facta
910 3433 1177 3485 descensus
1204 3434 1271 3484 ad
1303 3435 1492 3504 inferos
1513 3475 1526 3500 ,
1568 3450 1693 3503 pro-

138 3524 263 3575 xiuie
288 3522 563 3591 subjicitur
598 3540 610 3575 :
641 3524 894 3576 credimus
933 3524 1081 3576 etiam
1120 3526 1264 3578 illum
1305 3527 1459 3579 tertio
1494 3526 1581 3580 die
1610 3542 1695 3581 re-

142 3616 414 3668 surrexisse
443 3631 470 3667 a
504 3618 725 3669 mortuis
746 3657 759 3681 ,
793 3618 1181 3688 primogenitum
1212 3620 1551 3671 consecuturis
1585 3620 1696 3689 fru-

142 3707 301 3772 tribus,
332 3716 434 3762 ctc.
479 3707 628 3761 Unde
660 3708 824 3777 liquet
849 3722 915 3762 eo
957 3717 1195 3776 tempore
1235 3710 1285 3762 in
1317 3710 1569 3780 Symbolo
1599 3709 1698 3763 Ec-

142 3797 297 3850 clesiae
323 3797 585 3852 Africaine
606 3838 618 3858 ,
652 3810 706 3851 ut
744 3810 796 3852 et
835 3800 884 3851 in
918 3799 1157 3853 Romano
1183 3801 1434 3870 aliisque,
1466 3802 1697 3856 abfuisse

142 3898 282 3955 caput
309 3891 373 3943 de
403 3892 646 3943 descensu
673 3892 740 3943 ad
776 3892 1001 3961 inferos;
1031 3892 1169 3960 quod
1205 3902 1380 3946 tamen
1406 3902 1588 3961 postea
1619 3903 1697 3948 te-

146 3997 272 4035 mere
294 3982 633 4051 conjunctum
659 3992 759 4038 cst.
796 3985 921 4038 Vide
948 4001 1066 4053 qua:
1095 3986 1432 4041 doctissimus
1463 3989 1698 4041 omnium

146 4074 472 4141 interpretum
506 4075 744 4145 Syniboli
776 4075 1009 4130 Joannes
1033 4075 1333 4131 Pearsonus
1360 4122 1375 4146 ,
1423 4082 1521 4135 hac
1550 4080 1615 4135 de
1641 4096 1700 4135 re

144 4164 183 4217 in
212 4167 421 4236 Augiica
463 4168 897 4235 interpretatione
927 4170 1162 4239 Symboli
1194 4171 1425 4241 scripsit.

594 4258 805 4313 ANIMA
818 4258 1239 4315 DVEllSIONES

443 4366 491 4403 IN
522 4365 709 4403 LIBRUM
753 4366 818 4402 DE
852 4366 970 4403 FIDE
1008 4367 1072 4403 ΕΤ
1100 4366 1371 4405 ορειιιιιυε.

199 4438 323 4507 Cap.
345 4441 397 4503 7,
421 4440 449 4510 §
473 4441 557 4493 Η.
588 4442 848 4509 Quidquid
869 4443 997 4493 enim
1019 4441 1169 4494 homo
1190 4445 1341 4495 veluti
1363 4451 1490 4497 recte
1510 4444 1701 4514 fecerit,

152 4530 224 4580 nisi
246 4530 311 4580 ad
333 4533 570 4598 pietatem
594 4548 707 4596 qua:
732 4534 799 4585 ad
825 4532 983 4586 Deum
1008 4544 1075 4587 est
1100 4536 1367 4602 referatur,
1395 4545 1583 4587 rectum
1605 4537 1707 4589 dici

1795 3343 2010 3408 caritas,
2039 3350 2141 3394 etc.
2166 3382 2179 3405 ,
2213 3354 2315 3393 non
2341 3350 2421 3394 est
2449 3340 2615 3408 magis
2644 3339 2858 3393 habitus
2879 3342 3041 3396 animi
3073 3346 3264 3411 nostri,
3295 3363 3381 3401 re-

1798 3436 1976 3505 petitis
2005 3435 2210 3488 actibus
2257 3444 2617 3503 comparatus,
2669 3448 2826 3501 quam
2876 3433 3242 3501 incredulitas,
3293 3438 3387 3494 de-

1796 3527 2029 3597 speratio
2069 3536 2123 3579 et
2171 3524 2349 3577 odium
2411 3524 2680 3592 proximi;
2736 3539 2833 3579 nec
2883 3524 3105 3581 eliectus
3138 3528 3385 3584 vitiorum

1797 3626 1921 3671 Sunt
1943 3620 2116 3670 minus
2149 3616 2324 3685 magni
2353 3630 2510 3683 quam
2537 3614 2811 3669 virtutum.
2846 3617 2997 3682 Quod
3030 3620 3073 3670 Si
3098 3619 3264 3683 dicas,
3296 3620 3385 3675 deo

1800 3718 1967 3761 tracto
1998 3706 2145 3771 vitio,
2182 3706 2303 3775 poni
2356 3706 2639 3770 virtutem;
2676 3707 2926 3761 similiter
2956 3708 3164 3773 dixero,
3200 3710 3379 3765 detrao

1799 3808 1882 3855 cla
1914 3801 2126 3861 virtute,
2158 3800 2281 3867 poni
2313 3798 2520 3852 vitium.
2550 3796 2830 3852 Contraria
2866 3801 2977 3854 haec
3004 3802 3216 3868 quidem
3241 3812 3377 3869 sunt,

1800 3891 1893 3945 sed
1919 3905 2022 3942 non
2048 3890 2312 3958 opposita,
2370 3899 2428 3943 ut
2478 3889 2703 3958 privatio
2734 3900 2786 3943 et
2813 3889 3045 3955 habitus,
3094 3893 3388 3961 ignorantia

1802 3996 1854 4038 et
1883 3985 2126 4039 scientia.
2161 3984 2353 4037 Verum
2384 3983 2711 4052 Augustinus
2750 3986 3151 4054 comparatione
3181 3988 3316 4044 hanc
3338 3992 3389 4047 in

1803 4094 1917 4132 rem
1956 4078 2137 4142 utitur,
2167 4094 2267 4146 qua
2296 4077 2430 4130 forte
2461 4078 2723 4145 quispiam
2771 4080 3039 4149 negotium
3069 4083 3373 4137 confectum

1803 4179 1972 4239 putet.
2017 4167 2128 4222 Non
2158 4168 2328 4222 dicam
2358 4174 2759 4238 comparatione
2811 4187 2919 4225 rem
2954 4187 3135 4227 veram
3163 4184 3217 4229 et
3260 4190 3387 4244 pro-

1807 4264 1983 4314 batam
2034 4261 2289 4314 illustrari
2344 4270 2567 4328 tantum,
2599 4272 2688 4315 aut
2716 4263 2874 4317 altius
2906 4267 3178 4320 memoria:
3207 4268 3391 4338 infigi;

1810 4369 1913 4405 non
1945 4368 2093 4415 vero,
2127 4353 2170 4406 si
2198 4353 2353 4407 dubia
2389 4362 2492 4418 est,
2525 4354 2773 4423 probari;
2806 4356 2899 4409 sed
2928 4358 3095 4425 ipsam
3119 4372 3369 4427 compara

1811 4447 2006 4500 tionem
2055 4447 2377 4515 expendam.
2431 4445 2569 4499 Nam
2598 4448 2762 4514 sicut,
2835 4448 3043 4517 inquit,
3097 4452 3389 4520 corporibus

1812 4541 2115 4593 animalium
2164 4540 2293 4592 nihil
2348 4550 2419 4593 est
2447 4539 2593 4593 aliud
2622 4542 2807 4595 morbis
2834 4553 2877 4593 et
2908 4544 3197 4598 vulneribus
3236 4547 3396 4615 affici,

154 4634 231 4671 non
258 4620 508 4693 Oportet.]
552 4623 830 4688 Quomodo
866 4625 978 4678 hazc
1009 4625 1329 4679 intellexerit
1360 4628 1704 4695 Augustinus,
1742 4609 1790 4669 Ῑ)
1816 4651 1969 4703 quam
1995 4634 2212 4686 sanitate
2230 4634 2452 4702 privari:
2478 4635 2549 4686 ita
2579 4645 2626 4687 et
2654 4636 2937 4688 animorum
2962 4654 3270 4706 quwcunque
3295 4640 3395 4693 sin.

152 4720 192 4761 et
228 4714 415 4781 quibus
459 4716 751 4769 rationibus
802 4718 966 4772 fretus
998 4722 1065 4771 ita
1100 4720 1303 4774 locutus
1330 4723 1435 4784 sit,
1470 4722 1709 4790 quisquis

156 4806 267 4858 seire
294 4810 487 4873 avehit,
515 4808 670 4863 adeat
693 4819 835 4863 tomo
868 4810 911 4864 Χ
936 4812 1124 4864 librum
1154 4828 1203 4865 tv
1234 4825 1413 4866 contra
1441 4812 1707 4867 Juliannm

161 4910 249 4964 cap.
281 4901 349 4964 '5,
389 4901 472 4954 ubi
508 4903 685 4955 multis
732 4902 829 4955 hac
868 4903 934 4955 de
975 4919 1031 4956 re
1073 4904 1200 4973 agit.
1248 4903 1616 4957 Consulendus
1654 4911 1709 4957 et

160 4993 462 5048 eminentiss.
516 4996 801 5051 cardinalis
845 4996 1005 5051 Ilenr.
1050 4996 1287 5051 Norisius
1345 4999 1396 5051 in
1458 4999 1713 5053 Vindiciis

158 5082 529 5153 Augustinianis
557 5103 765 5157 paragr.
790 5088 841 5141 4.
873 5095 1141 5153 Attamen,
1169 5091 1211 5141 si
1239 5106 1423 5143 verum
1446 5104 1710 5155 amamus,

153 5178 329 5231 nemini
351 5178 484 5231 hanc
500 5193 649 5232 suam
667 5180 983 5233 sententiam
1008 5181 1345 5251 persuadebit
1366 5182 1710 5251 Augustinus,

145 5274 233 5331 Qui
256 5274 455 5341 quidem
481 5276 531 5329 in
560 5276 699 5329 nuda
732 5276 845 5343 ejus
885 5277 1200 5330 auctoritate
1238 5291 1343 5329 non
1388 5276 1709 5345 acquiescat,

136 5367 240 5415 Sed
262 5369 482 5422 rationes
521 5370 807 5437 expendat.
853 5369 982 5422 Nam
1026 5380 1229 5423 certum
1271 5378 1351 5421 est
1383 5382 1709 5436 quascunque

86 5520 89 5523 ἰ
131 5446 175 5499 li
192 5466 274 5511 unt
290 5461 571 5516 secundum
599 5472 801 5519 natura:
821 5472 875 5515 et
897 5463 1114 5516 rationis
1140 5468 1297 5515 rectae
1319 5460 1625 5528 impulsum,
1648 5473 1711 5513 ea

121 5550 263 5602 lEsse
284 5552 431 5619 bona,
461 5555 704 5622 quamvis
726 5554 981 5608 revelatio
1003 5568 1109 5608 non
1133 5552 1442 5607 accesserit.
1468 5551 1713 5619 Exempli

112 5639 316 5706 citusa,
346 5646 516 5699 colere
554 5655 833 5714 parentes,
878 5660 1077 5713 eosque
1116 5645 1260 5697 omni
1302 5657 1402 5710 ope
1437 5643 1711 5710 adjuvare,

102 5731 447 5792 ‘laiserorum
479 5739 631 5792 malis
656 5740 795 5807 tangi
822 5746 873 5792 et
896 5738 1167 5806 opitulari,
1190 5734 1484 5790 castitatem
1509 5736 1711 5799 colere,

91 5821 185 5868 Li
205 5826 327 5885 udice
348 5831 593 5887 familiam
624 5831 848 5885 educare
868 5838 921 5885 et
952 5839 1201 5887 sexcenta
1228 5828 1348 5883 talia
1381 5843 1498 5899 quae
1522 5828 1709 5884 suadet

1816 4727 1956 4791 vitia,
1988 4727 2301 4777 naturalium
2336 4734 2450 4778 sunt
2492 4726 2796 4795 privationes
2841 4726 3109 4790 bonorum,
3141 4743 3252 4797 qua:
3280 4744 3395 4783 cum

1815 4828 2064 4871 sanantur
2112 4834 2212 4872 non
2266 4818 2436 4889 aliqua
2476 4824 2887 4888 transferuntur;
2940 4820 3029 4872 sed
3073 4836 3132 4872 ea
3172 4837 3283 4889 qua:
3324 4820 3394 4875 ibi

1818 4920 1962 4963 erant
1994 4926 2241 4980 nusquam
2260 4919 2428 4975 erunt,
2456 4911 2666 4979 quando
2686 4912 2738 4963 in
2758 4911 2849 4963 illa
2870 4911 3085 4963 sanitate
3101 4928 3201 4962 non
3224 4920 3418 4976 erant,

1818 5007 1887 5054 At
1937 4999 2108 5055 morbi
2134 5009 2222 5053 aut
2254 4999 2477 5053 vulnera
2523 5017 2628 5053 non
2674 5011 2798 5055 sunt
2844 5010 3043 5054 tantum
3074 5000 3395 5070 privationes

1816 5094 2089 5157 sanitatis;
2122 5092 2220 5145 uisi
2251 5094 2369 5162 quis
2395 5093 2536 5146 dicat
2568 5092 2779 5156 febrim,
2807 5092 3038 5160 exempli
3081 5108 3265 5160 causa,
3301 5110 3396 5148 cu-

1814 5185 1903 5251 jus
1948 5190 2074 5237 sunt
2107 5191 2181 5236 tot
2210 5198 2428 5251 genera,
2475 5194 2529 5237 et
2575 5192 2949 5253 symptomata,
2982 5198 3248 5253 quamque
3276 5199 3395 5237 om-

1820 5291 1915 5330 nes
1947 5284 2140 5329 norunt
2169 5276 2323 5328 sitam
2357 5290 2475 5328 esse
2502 5283 2558 5328 ut
2582 5274 2863 5343 plurimum
2896 5273 2947 5327 in
2978 5284 3125 5329 motu
3155 5285 3396 5329 extraor-

1819 5367 2024 5421 dinario
2052 5367 2346 5435 sanguinis,
2380 5382 2580 5421 meram
2621 5381 2739 5420 esse
2784 5365 3165 5433 privationem;
3206 5382 3395 5435 quem-

1818 5460 2106 5515 admodum
2138 5471 2336 5525 motus,
2364 5459 2606 5529 quamvis
2654 5458 2942 5524 violentus,
2977 5474 3120 5514 mera
3172 5469 3255 5513 est
3286 5460 3393 5528 pri-

1818 5554 1958 5606 vatio
1985 5552 2198 5622 quietis.
2244 5552 2373 5619 Quis
2421 5551 2584 5606 ferret
2632 5567 2697 5605 eo
2737 5552 2896 5605 modo
2945 5552 3393 5605 ratiocinantem?

1818 5646 1947 5712 Quis
1967 5644 2107 5698 dicat
2150 5644 2443 5697 sectionem
2492 5644 2719 5700 musculi
2748 5654 2839 5698 aut
2867 5646 3052 5711 nervi,
3075 5643 3388 5699 effusionem

1818 5735 2106 5805 sanguinis,
2130 5734 2449 5789 laxationem
2471 5743 2561 5789 aut
2584 5736 2896 5790 lractionem
2919 5736 3054 5790 ossis
3073 5750 3248 5789 meras
3274 5750 3394 5789 esse

1819 5827 2144 5897 privationes
2173 5840 2359 5883 eorum
2390 5842 2507 5899 qua)
2538 5835 2695 5895 antea
2736 5828 2931 5884 erant?
2960 5825 3313 5897 Caprimulgis
3341 5835 3397 5885 et
