3974 6356
565 393 666 447 411)

1453 385 2006 445 SUPI’LEMENTUM
2047 386 2134 440 AD
2172 384 2394 440 OPERA
2439 384 2496 438 S.
2541 381 2926 440 AUGUSTINI.
3711 391 3785 448 ηπ

566 511 860 566 fossoribus
896 509 1010 563 hrcc
1056 505 1389 577 philosonhia
1421 506 1678 572 tradatur,
1710 519 1816 557 non
1843 502 2147 556 hominibus
2175 504 2224 562 Α
2254 498 2316 552 In
2345 499 2424 554 his
2461 507 2611 569 atque
2641 494 2941 570 huj'usmodi
2987 495 3297 569 falsitatibus
3327 498 3464 553 salva
3488 499 3585 570 [ide
3612 516 3713 570 qua:
3750 507 3790 560 in

566 604 857 657 litterarum
914 598 1104 652 studiis
1130 597 1396 666 expolitis.
1449 594 1599 664 Quod
1639 594 1786 648 addit
1831 595 1977 654 vitia,
2020 606 2138 646 cum

565 704 839 758 sanantur,
862 709 965 746 non
992 693 1094 745 alio
1116 690 1411 754 transferri,
1447 690 1540 743 sed
1573 704 1830 758 nusquam
1861 702 1999 753 esse,
2035 697 2140 740 tam

564 788 705 841 valet
755 785 818 837 ad
874 781 1202 851 probandum
1260 781 1508 835 virtutem
1551 780 1840 845 essenihil,
1889 793 2046 848 quam
2076 775 2142 829 ad

564 869 948 930 obstendendum
980 874 1164 927 vilium
1213 886 1414 926 meram
1448 885 1566 925 esse
1598 869 1986 937 privationem;
2019 882 2140 921 nam

565 970 753 1032 virtus,
787 981 942 1034 quam
959 965 1221 1034 quiSpiam
1247 964 1516 1018 contrario
1538 961 1666 1016 vitio
1691 970 1877 1023 mutat,
1914 975 2019 1014 non
2049 958 2146 1012 ali-

564 1061 670 1130 q'uo
697 1059 1042 1123 transfertur,
1075 1058 1165 1111 sed
1209 1071 1467 1124 nusquam
1500 1067 1599 1112 est.
1631 1054 1759 1122 Quis
1787 1054 1838 1107 in
1865 1050 2145 1124 metaphy-

565 1153 690 1206 sicis
712 1151 948 1205 nonnihil
978 1151 1302 1204 exercitatus
1331 1150 1500 1201 ncscit
1530 1145 1826 1200 accidentia
1846 1159 1949 1197 non
1974 1151 2145 1196 trans-

566 1246 729 1310 ferri,
757 1260 875 1298 cum
906 1252 1179 1298 mutantur
1221 1253 1309 1295 aut
1351 1241 1640 1301 intereunt,
1674 1253 1772 1293 nec
1808 1247 1984 1291 tamen
2028 1250 2146 1290 esse

566 1353 768 1393 merum
799 1339 961 1392 nihil?
993 1339 1161 1403 Quam
1211 1336 1313 1389 hoc
1361 1335 1428 1388 sit
1481 1334 1820 1387 manifestum
1853 1348 2009 1387 nemo
2041 1348 2145 1386 non

565 1431 727 1497 videt.
761 1449 860 1486 nec
889 1449 954 1487 eo
985 1433 1158 1485 secius
1191 1432 1242 1484 in
1275 1438 1379 1484 tam
1421 1430 1642 1483 mirifica
1678 1429 1881 1499 argutia
1908 1430 2004 1482 sibi
2039 1429 2150 1498 pla-

565 1536 650 1579 e‘et
697 1523 1038 1592 Augustinus,
1071 1520 1160 1590 qui
1190 1523 1327 1574 inter
1372 1521 1477 1573 duo
1511 1520 1748 1586 tntqnbra
1787 1519 1961 1574 allata:
1998 1533 2149 1572 com-

566 1615 854 1684 parationis
888 1613 1023 1666 hanc
1053 1611 1400 1678 parenthesin
1442 1610 1696 1663 inl'arcit:
1731 1608 1908 1677 Neque
1937 1609 2069 1660 enim
2096 1609 2150 1660 id

565 1709 754 1777 agitur,
771 1723 883 1758 cum
903 1704 1171 1759 adhibetur
1195 1703 1410 1766 curatio,
1435 1712 1488 1755 ut
1519 1703 1653 1754 mala
1674 1703 1772 1754 ista
1793 1716 1906 1770 qua:
1926 1701 2147 1766 inerant,

566 1802 616 1854 id
644 1812 714 1854 est
743 1799 904 1853 morbi
931 1815 989 1851 ac
1023 1797 1256 1865 vulnera,
1301 1796 1541 1849 recedant
1593 1796 1731 1862 hinc,
1778 1804 1825 1848 et
1856 1793 1980 1846 alibi
2024 1794 2147 1859 sint,

2249 593 2410 646 Deum
2436 592 2577 644 nobis
2608 602 2702 656 est,
2736 591 2992 662 fallimur,
3023 599 3074 644 et
3101 591 3181 644 via
3202 607 3306 644 non
3331 591 3506 645 relicta
3533 609 3640 663 quia
3664 597 3721 647 ad
3745 598 3794 650 il-

2246 689 2350 740 lum
2386 687 2546 750 ducit,
2585 700 2846 748 erramus;
2892 683 2981 754 qui
3010 698 3230 748 errores,
3278 683 3474 736 etiamsi
3505 695 3693 751 peccata
3716 704 3794 741 non

2243 787 2384 844 sunt,
2417 789 2586 831 tamen
2616 777 2670 830 in
2700 775 2849 830 malis
2872 775 3027 846 hujus
3074 777 3188 829 vita:
3216 775 3495 847 deputandi
3533 778 3674 840 sunt;
3707 795 3796 848 qua

2243 869 2316 922 ita
2344 869 2569 940 subjecta
2611 877 2684 923 est
2714 868 2959 934 vanitati,
2993 875 3048 920 ut
3077 865 3427 937 approbentur
3467 867 3546 919 hic
3579 867 3698 936 falsa
3723 886 3798 936 pro

2245 962 2396 1028 veris,
2424 970 2732 1028 respuantur
2762 976 2879 1014 vera
2903 975 2999 1031 pro
3025 959 3194 1030 falsis,
3237 967 3503 1012 teneantur
3529 958 3707 1013 incerta
3729 979 3799 1029 pro

2245 1051 2416 1104 certis.
2450 1051 2573 1106 Hmc
2602 1059 2852 1122 reputare
2893 1065 3074 1105 secum
3120 1049 3384 1104 deberent
3426 1051 3649 1122 theologi
3693 1069 3802 1107 non-

2247 1142 2516 1214 nulli,’qui
2543 1158 2664 1198 cum
2694 1143 2870 1213 magni
2923 1141 3277 1212 Augustinum
3331 1141 3511 1196 facere
3536 1136 3802 1218 videri-ve-

2248 1235 2369 1303 lint,
2401 1244 2638 1290 attamen
2667 1236 2998 1291 contendunt
3016 1250 3204 1290 omnes
3227 1250 3574 1292 erroresesse
3601 1250 3802 1305 peccata,

2248 1331 2533 1400 omniaque
2581 1339 2834 1400 peccata,
2888 1339 2946 1384 ut
2998 1328 3199 1385 scholae
3247 1327 3485 1398 theologi
3529 1327 3803 1399 loquuntur,

2249 1438 2370 1478 esse
2399 1423 2674 1489 mortalia;
2703 1422 2866 1490 unde,
2899 1431 2958 1476 ut
2988 1430 3198 1492 putant,
3223 1422 3466 1491 sequitur
3485 1421 3653 1476 nullos
3679 1437 3805 1475 erro-

2251 1530 2338 1569 res
2367 1514 2492 1568 ferri
2524 1525 2796 1585 oportere,
2819 1513 3248 1584 quandoquidem
3274 1513 3420 1568 nulla
3451 1511 3680 1567 lethif'era
3709 1526 3805 1583 pec”-

2256 1618 2374 1661 cata
2407 1607 2622 1662 ferenda
2644 1615 2788 1661 sunt.

2327 1698 2548 1763 Ibidem,
2584 1709 2859 1768 postquam
2891 1697 3135 1768 probavit
3161 1711 3323 1751 omne
3361 1696 3686 1750 mendacium
3710 1712 3803 1752 esse

2256 1799 2558 1857 peccatum,
2592 1791 2872 1860 plurintum
2916 1789 3142 1860 quidem,
3194 1790 3387 1860 inquit.
3419 1790 3487 1842 ad
3515 1791 3687 1842 bonum
3713 1806 3804 1858 pro-

566 1895 653 1946 sed
679 1892 870 1960 utique,
910 1897 963 1942 ut
993 1906 1094 1942 non
1123 1889 1244 1941 sint.
1279 1887 1400 1941 Non
1427 1888 1566 1940 enim
1601 1886 1710 1938 ulla
1737 1885 2039 1953 substantia,
2067 1883 2154 1938 sed
2184 1873 2233 1932 Β
2259 1884 2436 1954 fecisse
2463 1885 2712 1950 homines,
2742 1884 2827 1955 qui
2857 1900 2959 1937 non
3004 1884 3103 1937 nisi
3131 1900 3222 1955 pro
3249 1882 3417 1936 salute
3458 1882 3667 1935 hominis
3693 1898 3806 1934 men-

565 1983 788 2037 c'arnalis
816 1982 1112 2035 substantia?
1141 1980 1318 2034 vitium
1345 1989 1417 2033 est
1439 1980 1623 2032 vulnus
1650 1987 1737 2031 aut
1767 1976 2008 2038 morbus;
2038 1992 2154 2028 cum

565 2095 683 2131 caro
720 2079 783 2131 sit
807 2078 918 2144 ipsa
947 2075 1251 2137 substantia,
1292 2073 1520 2145 profecto
1566 2072 1775 2142 aliquod
1815 2073 2022 2136 bonum,
2070 2070 2154 2123 cui

564 2169 805 2222 accidunt
834 2168 931 2220 ista
955 2167 1115 2228 mala,
1167 2167 1222 2218 id
1251 2175 1320 2218 est
1353 2165 1656 2236 prirationes
1681 2165 1792 2235 ejus
1822 2162 1939 2216 boni
1958 2205 1971 2226 ,
2014 2161 2152 2233 quod

566 2263 752 2314 dicitur
769 2262 984 2313 sanitas.
1008 2260 1217 2313 Pariter
1246 2257 1555 2312 ratiocinari
1589 2271 1782 2324 queam
1809 2265 1864 2309 ut
1895 2249 2148 2325 probem,

565 2359 749 2408 contra
775 2352 1151 2422 Augustinum,
1204 2351 1484 2404 sanitatem
1513 2363 1634 2403 esse
1664 2357 1866 2401 tantum
1901 2344 2154 2414 privatio-

567 2429 686 2500 nem
719 2444 922 2508 morbi;
955 2459 1074 2496 nam
1105 2440 1317 2512 quando
1344 2440 1677 2510 propinatur.
1711 2439 1944 2507 exempli
1967 2453 2148 2501 causa,

565 2545 881 2592 venenatum
934 2534 1218 2603 poculum,
1274 2541 1330 2587 ut
1379 2532 1580 2586 sanitas
1630 2530 2000 2594 labefactetur,
2052 2532 2153 2584 hoc

565 2613 671 2684 non
699 2631 770 2681 sit.-
796 2635 854 2681 ut
876 2626 997 2681 alibi
1029 2625 1100 2680 sit
1129 2627 1350 2691 sanitas,
1409 2625 1503 2678 sed
1542 2640 1606 2678 ne
1649 2626 1872 2678 omnino
1902 2626 1991 2680 sit.
2019 2623 2152 2690 Quis

565 2727 821 2790 praeterea
867 2733 971 2771 non
1013 2717 1237 2772 miretur
1278 2725 1519 2771 nostrum
1553 2717 1693 2770 hunc
1723 2716 2104 2786 philOSOphum
2132 2759 2148 2784 ,

564 2827 721 2880 quem
751 2809 1064 2879 usqueadeo
1079 2819 1290 2862 acutum
1322 2808 1473 2862 multi
1494 2817 1704 2878 putant,
1739 2810 1808 2862 ita
1827 2809 1968 2878 loqui
1996 2810 2150 2878 quasi

565 2903 702 2957 inter
719 2900 1066 2956 substantiam
1090 2909 1142 2955 et
1167 2899 1299 2953 nihil
1329 2914 1426 2954 ens
1453 2899 1679 2964 nullum,
1707 2909 1762 2954 ut
1781 2900 2150 2969 philosophice

566 2997 774 3064 loquar,
803 2995 1109 3057 interesset,
1137 2991 1538 3060 aecidentiaque
1560 2991 1737 3045 omnia
1764 3007 1860 3059 pro
1877 2992 2043 3046 nihilo
2066 3009 2151 3045 es-

565 3097 684 3141 sent
715 3086 989 3139 habenda?
1011 3085 1065 3139 Si
1108 3099 1291 3139 verum
1338 3084 1439 3138 hoc
1465 3095 1631 3145 esset,
1664 3086 1858 3138 sanitas
1899 3094 1954 3140 et
1994 3087 2150 3140 virtus

567 3175 803 3232 habenda
827 3177 986 3231 etiam
1016 3183 1196 3229 essent
1231 3175 1444 3228 nomina
1477 3175 1609 3228 meri
1640 3173 1818 3240 nihili,
1855 3183 1979 3229 sunt
2005 3178 2147 3232 enim

567 3267 918 3322 accidentium
946 3265 1223 3319 vocabula.
1266 3264 1456 3319 Nescio
1489 3265 1615 3335 quid
1651 3265 1795 3320 hisee
1827 3275 2151 3332 reponerent

568 3360 883 3424 Manichmi;
917 3359 1009 3414 sed
1053 3359 1097 3412 si
1127 3359 1198 3412 ita
1227 3373 1284 3412 se
1314 3358 1577 3412 confutari
1618 3359 1758 3412 taciti
1792 3360 2144 3426 patiebantur,

568 3450 722 3507 valde
753 3451 979 3505 stolidos
1007 3451 1171 3504 fuisse
1193 3459 1424 3520 oportet.
1449 3450 1605 3504 Hisce
1634 3463 1808 3506 tamen
1835 3468 2003 3522 usque
2018 3455 2150 3508 adeo

570 3561 675 3598 non
705 3544 1039 3609 immorarer,
1073 3541 1174 3595 nisi
1205 3542 1439 3596 viderem
1467 3552 1520 3597 et
1550 3544 1899 3599 scholasticos
1929 3555 1984 3600 et
2018 3547 2152 3602 alios

569 3635 836 3689 acutiores
849 3633 1213 3702 phiIOSOphos,
1231 3633 1280 3686 in
1305 3643 1523 3703 accepto
1544 3634 1644 3689 hoc
1669 3651 1698 3688 a
1714 3638 1986 3692 veteribus
2003 3648 2152 3693 conr-

571 3737 770 3792 mento,
805 3727 966 3780 veluti
997 3726 1063 3781 de
1091 3741 1249 3779 manu
1281 3725 1331 3779 in
1363 3742 1608 3790 manum,
1641 3729 1989 3796 acquievisse.
2023 3730 2152 3784 Pro-

571 3832 750 3890 pterea
805 3818 1038 3887 argutias
1095 3817 1491 3886 philosophicas
1537 3834 1657 3885 qua:
1699 3829 1996 3886 sequuntur
2045 3836 2150 3876 non

571 3926 771 3976 moror,
792 3908 1033 3978 quamvis
1061 3923 1242 3977 parum
1272 3908 1464 3962 idoneo
1495 3908 1611 3961 loco
1638 3909 1746 3961 sint
1767 3909 2038 3964 collocata:
2063 3928 2076 3966 :
2098 3912 2152 3966 in

572 4004 881 4061 Enchiridio
911 4003 1130 4071 quippe,
1171 4017 1274 4071 quo
1305 4001 1619 4055 Laurentius
1647 4002 1861 4055 volebat
1907 4019 2010 4056 non
2043 4019 2156 4058 me-

573 4099 876 4170 ta’physicas
905 4095 1404 4163 contemplationes.
1433 4094 1525 4148 sed
1551 4095 1862 4162 religionem
1894 4093 2154 4150 Christia-

572 4206 692 4244 nam
720 4189 772 4242 in
795 4202 998 4242 summa
1026 4187 1198 4255 capita
1227 4195 1577 4250 contractam,
1611 4185 1952 4255 breviterque
1980 4186 2155 4254 expli-

500 4275 507 4279 ’
570 4290 740 4336 catam
771 4279 985 4332 habere.
1020 4277 1124 4330 Sed
1155 4276 1257 4330 hoc
1295 4285 1378 4330 est
1417 4275 1692 4329 hominum
1741 4275 2040 4344 loquacium
2072 4276 2155 4330 in-

569 4371 804 4441 genium,
834 4377 888 4420 ut
918 4367 1126 4436 quidvis
1166 4367 1305 4434 quod
1350 4379 1469 4420 sese
1504 4366 1682 4418 animo
1723 4365 1922 4433 objicit,
1966 4367 2154 4436 quovis

573 4472 813 4530 tempore
835 4469 888 4512 et
916 4459 1036 4512 loco
1067 4455 1361 4512 effundant.
1612 4469 1614 4471 ·

643 4552 777 4620 Cap.
806 4550 868 4603 Ἡ
895 4588 911 4612 ,
946 4548 972 4620 §
1003 4547 1057 4604 7.
1099 4545 1166 4601 In
1199 4547 1383 4617 quibus
1413 4557 1580 4600 autem
1614 4547 1762 4600 rebus
1794 4549 1922 4600 nihil
1949 4550 2152 4604 interest

571 4644 638 4698 ad
667 4641 1025 4713 capessendum
1056 4639 1150 4692 Dei
1171 4655 1402 4710 regnum,
1435 4647 1606 4692 utrum
1625 4638 1902 4692 credantur
1929 4657 1996 4694 an
2018 4658 2150 4704 non;
2180 4609 2234 4671 Β

571 4737 645 4792 vel
671 4745 842 4789 utrum
868 4749 985 4787 vera
1013 4733 1114 4786 sive
1144 4731 1264 4796 sint,
1288 4732 1390 4784 sive
1413 4740 1672 4800 putentur,
1705 4747 1770 4791 an
1801 4733 1968 4803 falsa;
1999 4735 2051 4787 in
2076 4735 2154 4788 his

571 4846 759 4896 errare,
783 4828 836 4881 id
863 4837 936 4881 est
961 4825 1216 4892 aliud'pro
1233 4823 1336 4876 alio
1357 4833 1554 4894 putare,
1583 4839 1681 4876 non
1703 4825 2054 4878 arbitrandum
2079 4837 2154 4880 est

571 4937 676 4974 esse
697 4927 989 4987 peccatum;
1020 4925 1106 4968 aut
1127 4916 1169 4968 si
1198 4922 1288 4979 est,
1313 4915 1579 4967 minimum
1599 4930 1703 4968 esse
1722 4931 1780 4968 ac
1794 4915 2148 4990 levissimum]

572 5011 626 5067 Si
657 5017 915 5081 peccatum
945 5007 1045 5062 dici
1073 5014 1229 5074 queat
1254 5019 1405 5059 error
1425 5019 1530 5074 quo
1559 5005 1732 5059 minus
1765 5007 1855 5060 Dei
1881 5007 2151 5073 timentes,

573 5118 634 5156 ac
664 5111 1046 5169 praeceptorum
1075 5098 1190 5166 ejus
1233 5097 1408 5150 minus
1438 5097 1788 5152 observantes
1819 5114 1921 5152 non
1956 5100 2150 5166 fimus;

574 5202 654 5246 est
694 5200 978 5259 peccatum,
1010 5199 1066 5242 ut
1105 5189 1175 5242 ita
1205 5189 1409 5255 loquar,
1444 5187 1874 5255 philosophicum,
1924 5191 2021 5244 hoc
2070 5201 2153 5248 est

574 5285 823 5338 delictum
864 5283 915 5335 in
960 5283 1102 5349 leges
1147 5279 1364 5347 logicas,
1397 5293 1538 5348 quae,
1585 5280 1627 5332 si
1674 5295 1886 5348 semper
1915 5296 1942 5334 a
2001 5284 2152 5338 nobis

573 5377 1004 5435 observarentur,
1039 5387 1136 5426 nos
1163 5371 1229 5424 ab
1252 5385 1436 5424 errore
1460 5372 1723 5426 immunes
1746 5385 2147 5429 conservarent.

573 5467 678 5524 Sed
721 5467 849 5521 talia
891 5474 1127 5534 peccata,
1179 5461 1368 5530 quibus
1414 5477 1517 5514 non
1552 5464 1610 5514 fit
1656 5470 1712 5514 ut
1737 5461 1802 5514 de
1835 5463 1942 5516 Deo
1980 5466 2155 5519 minus

575 5558 854 5628 magnifice
877 5554 1190 5618 sentiamus,
1217 5554 1298 5606 vel
1329 5563 1384 5606 ut
1403 5552 1722 5620 evangelieis
1752 5553 1954 5619 legibus
1979 5556 2154 5611 minus

575 5650 743 5704 teneri
785 5663 880 5700 nos
908 5654 1175 5715 putemus,
1210 5661 1315 5698 non
1363 5655 1485 5698 sunt
1525 5659 1586 5697 ea
1617 5644 1807 5712 quibus
1841 5648 2152 5715 evangelica

574 5744 812 5797 doctrina
839 5755 1021 5809 pinnas
1054 5743 1302 5794 minatur.
1339 5737 1516 5806 Itaque
1545 5747 1687 5791 recte
1728 5737 1780 5791 in
1809 5740 2152 5807 sequentibus

575 5834 921 5903 Augustinus,
955 5831 1260 5892 memoratis
1290 5829 1555 5882 nonnullis
1581 5829 1820 5883 innocuis
1843 5831 2144 5886 erroribus:

2256 1976 2474 2040 tiuntur,
2505 1992 2605 2028 non
2627 1983 2700 2028 est
2733 1975 3057 2045 negandum;
3085 1975 3173 2028 sed
3195 1976 3246 2028 in
3269 1991 3448 2027 eorum
3477 1963 3805 2044 tali‘profectu,

2254 2071 2432 2125 merito
2473 2068 2736 2133 laudatur,
2788 2070 2865 2122 vel
2899 2070 3054 2122 etiam
3102 2069 3454 2136 temporaliter
3491 2073 3807 2132 remuneratur

2255 2152 2616 2223 benevolentia,
2645 2176 2747 2212 non
2795 2159 3026 2230 fallacia,
3065 2175 3180 2230 qua:
3220 2169 3276 2212 ut
3315 2159 3604 2229 ignoscatur
3640 2167 3709 2210 sat
3732 2168 3804 2222 est,

2254 2271 2356 2306 non
2391 2264 2445 2307 ut
2475 2255 2626 2308 etiam
2655 2253 2976 2323 prmdicetur,
3009 2251 3138 2325 etc.]
3170 2252 3394 2307 Videtur
3415 2253 3722 2322 Augustinus
3747 2253 3806 2306 Io-

2254 2345 2345 2414 qui
2377 2344 2443 2398 de
2472 2345 2639 2397 salute
2669 2353 2893 2410 :eterna,
2943 2344 3008 2398 ad
3040 2360 3200 2414 quam
3231 2343 3509 2398 nonnullis
3552 2343 3805 2397 concilian-

2255 2437 2376 2493 dam
2413 2437 2561 2490 multi
2613 2445 2738 2490 tunc
2786 2438 3043 2506 temporis
3093 2437 3510 2501 mentiebantur,
3553 2437 3807 2492 innumeris

2255 2529 2525 2583 miraculis
2553 2529 2828 2595 confictis;
2857 2544 2999 2594 eum,
3035 2540 3090 2584 ut
3115 2528 3392 2594 dicebant,
3425 2530 3677 2585 duntaxat
3697 2531 3739 2583 in
3760 2529 3807 2583 li-

2257 2641 2400 2688 nem,
2449 2636 2507 2679 ut
2553 2625 2796 2680 infideles
2827 2626 2894 2680 ad
2927 2626 3085 2680 fidem
3117 2626 3538 2683 adducerentur.
3588 2627 3684 2682 Eos
3723 2642 3806 2680 non

2255 2718 2435 2773 laudat
2466 2718 2809 2788 Augustinus,
2851 2719 2941 2773 sed
2973 2717 3126 2774 facile
3156 2721 3219 2774 iis
3253 2720 3514 2787 ignoscit;
3545 2721 3676 2790 quod
3719 2720 3805 2774 fre-

2254 2825 2442 2880 quens,
2473 2820 2530 2864 ut
2558 2810 2772 2880 quidem
2801 2809 3031 2876 videtur,
3085 2811 3283 2864 malum
3334 2820 3478 2866 esset
3509 2812 3641 2866 inter
3664 2812 3808 2866 eccle-

2254 2901 2498 2956 siasticos
2526 2903 2772 2956 homines
2817 2902 2959 2956 illius
2999 2905 3120 2956 aevi.
3153 2903 3257 2958 Sed
3287 2904 3512 2973 dignum
3542 2915 3619 2959 est
3653 2904 3807 2959 obser-

2255 3007 2402 3057 vatu,
2455 2997 2678 3064 primum
2707 3011 2801 3051 eos
2831 2997 2919 3066 qui
2947 2996 3196 3052 servandi
3227 2999 3469 3067 proximi
3498 3012 3650 3052 causa
3686 3012 3808 3052 uten-

2254 3088 2544 3151 tiebantur,
2573 3087 2870 3156 sarpissime
2901 3103 2970 3142 ex
3007 3089 3098 3142 illo
3138 3089 3428 3144 mendacio
3471 3104 3570 3143 non
3601 3099 3808 3145 contem-

2255 3179 2487 3234 nendum
2521 3181 2725 3233 lucrum
2746 3179 2955 3235 fecisse.
2985 3180 3224 3249 Exempli
3252 3196 3443 3248 causa;
3461 3182 3549 3250 qui
3581 3180 3817 3249 fingebant,

2257 3281 2333 3325 tot
2360 3271 2613 3324 miracula
2643 3272 2693 3323 in
2727 3271 2835 3324 suis
2864 3272 3108 3327 ecclesiis
3138 3273 3250 3327 fieri
3281 3288 3392 3341 ope
3421 3274 3741 3342 reliquiarum
3764 3270 3808 3325 S.

2254 3363 2528 3432 Stephani,
2557 3363 2590 3416 ii
2615 3363 2684 3416 ita
2717 3378 2774 3418 se
2795 3363 3054 3432 gerebant
3083 3374 3138 3416 nt
3164 3365 3413 3420 inﬁdeles
3434 3374 3522 3419 aut
3546 3365 3812 3418 dubitantes

2255 3456 2323 3510 de
2355 3456 2456 3509 fide
2490 3456 2894 3518 lucrifacercnt;
2927 3457 3019 3510 sed
3045 3458 3232 3511 eadem
3254 3472 3425 3526 opera
3452 3458 3733 3512 oblationes
3755 3455 3808 3508 ab

2256 3549 2320 3626 iis
2368 3548 2701 3617 accipiebant
2741 3548 2962 3602 minime
3019 3549 3392 3617 Spernendas;
3440 3549 3557 3620 quis
3608 3549 3752 3609 enim,
3776 3546 3810 3598 si

2257 3639 2416 3694 modo
2446 3651 2642 3706 posset,
2677 3655 2780 3693 non
2811 3639 3006 3710 aliquid
3043 3641 3363 3695 contulisset
3393 3643 3442 3695 in
3492 3656 3638 3695 usum
3663 3637 3809 3693 eccle-

2257 3731 2373 3796 siae,
2405 3747 2563 3800 quam
2599 3740 2675 3785 tot
2700 3746 2763 3785 ac
2809 3731 2969 3785 tantis
2997 3733 3270 3786 miraculis
3297 3733 3613 3802 dignabatur
3657 3733 3810 3785 beatus

2257 3825 2607 3894 Stephanus?
2662 3824 2845 3894 Itaque
2889 3827 3005 3880 sine
3037 3827 3201 3881 nimia
3243 3829 3602 3898 malignitate.
3651 3823 3810 3880 menti-

2259 3928 2340 3970 tos
2359 3932 2456 3970 eos
2478 3917 2699 3980 dixeris,
2729 3934 2832 3971 non
2875 3918 3054 3972 minus
3075 3935 3171 3987 spe
3197 3920 3332 3973 lucri
3365 3936 3522 3990 quam
3554 3919 3811 3985 cupiditate

2257 4007 2502 4063 servandi
2533 4009 2779 4077 proximi.
2812 4010 2971 4064 Certe
3001 4011 3091 4079 qui
3114 3993 3537 4068 ita‘mentiuntur
3573 4013 3702 4082 digni
3724 4024 3808 4063 non

2257 4101 2500 4176 suntqui
2538 4102 2789 4158 meliores
2837 4118 2867 4156 a
2913 4104 3066 4158 nobis
3117 4114 3395 4173 putentur.
3445 4106 3680 4162 Secundo
3716 4105 3811 4158 loco

2258 4193 2632 4263 gravissimum
2665 4203 2748 4248 est
2774 4205 3051 4262 peccatum
3089 4195 3141 4250 in
3174 4196 3342 4252 Deum
3366 4199 3524 4268 inque
3557 4198 3809 4251 humanum

2257 4299 2447 4352 genus,
2487 4299 2607 4338 cum
2639 4287 2970 4339 certissimas
3003 4289 3240 4344 rationes
3273 4292 3474 4345 habeas
3496 4291 3679 4359 quibus
3713 4287 3812 4341 infi-

2256 4374 2425 4442 deles,
2457 4375 2502 4428 si
2533 4373 2642 4429 ﬁeri
2675 4375 2726 4428 id
2756 4378 2946 4444 possit,
2977 4378 3043 4432 ad
3065 4379 3396 4435 credendum
3431 4382 3676 4445 adducas,
3705 4393 3811 4434 com

2260 4468 2439 4536 fugere
2459 4467 2524 4521 ad
2544 4469 2850 4534 mendacia;
2882 4471 3204 4528 dehonestas
3223 4477 3367 4529 enim
3392 4476 3544 4545 plane
3569 4476 3824 4530 veritatem-

2257 4573 2414 4625 quam
2447 4558 2724 4613 mendacio
2757 4561 2954 4625 tueris;
2977 4562 3170 4618 deinde
3196 4580 3314 4620 eam
3348 4567 3405 4622 in
3436 4583 3594 4635 grave
3626 4567 3811 4635 perieu-

2258 4648 2363 4701 lum
2393 4649 2633 4716 eonjicis,
2661 4652 2783 4719 quia
2813 4652 2857 4705 si
2881 4653 3016 4706 forte
3033 4655 3370 4711 mendacium
3390 4665 3534 4712 tuum
3550 4665 3825 4724 retegatur,

2259 4737 2454 4791 veritas
2485 4739 2596 4806 ipsa
2624 4741 2675 4792 in
2698 4741 2912 4795 dubium
2937 4745 3294 4800 revocabitur.
3319 4746 3428 4802 Sed
3457 4744 3704 4802 mendacii
3722 4753 3811 4796 tam

2259 4828 2501 4882 inimicus
2532 4846 2635 4883 non
2667 4841 2782 4884 erat
2811 4834 3140 4902 Augustinus
3171 4852 3330 4904 quam
3360 4838 3572 4894 volebat
3600 4835 3770 4890 videri.

2329 4918 2456 4988 Cap.
2484 4920 2571 4975 50.
2615 4919 2742 4975 Hier
2765 4939 2882 4990 pars
2911 4925 3123 4980 humani
3142 4929 3365 4997 generis,
3389 4931 3470 4982 cui
3496 4927 3810 4982 liberationem

2263 5009 2423 5077 Deus,
2455 5029 2767 5082 regnumque
2789 5019 3020 5086 promisit
3058 5030 3324 5085 internum,
3377 5020 3606 5092 nunquid
3644 5014 3810 5071 meritis

2262 5121 2471 5172 operum
2509 5123 2720 5159 suorum
2762 5110 2992 5178 reparari
3023 5113 3225 5178 potest?
3266 5113 3450 5186 Absit.]
3488 5113 3615 5180 Quis
3656 5111 3810 5175 Augu'

2260 5195 2400 5248 stino
2428 5211 2530 5248 non
2580 5198 2931 5266 astipuletur?
2961 5200 3115 5255 Nulla
3163 5203 3305 5256 enim
3337 5214 3555 5272 possunt
3579 5216 3690 5256 esse
3717 5211 3810 5250 me-

2261 5288 2358 5339 rita
2416 5289 2700 5358 malorum,
2729 5292 2852 5343 dum
2901 5291 3025 5345 mali
3071 5303 3212 5356 sunt,
3259 5311 3376 5363 quae
3405 5295 3513 5349 Deo
3541 5306 3681 5362 grata
3707 5300 3808 5342 esse

2259 5389 2474 5446 queant,
2505 5381 2574 5433 ita
2606 5390 2660 5432 ut
2702 5392 2979 5451 propterea
3022 5382 3089 5437 de
3143 5385 3207 5438 iis
3254 5386 3321 5439 ad
3372 5402 3429 5440 se
3468 5379 3807 5440 convertendis

2259 5471 2536 5526 consilium
2554 5475 2744 5542 capiat.
2772 5473 2986 5543 Pergit:
3014 5476 3152 5541 Quid
3168 5479 3303 5530 enim
3327 5479 3443 5532 boni
3463 5488 3687 5546 operatur
3711 5488 3797 5538 per-

2258 5561 2414 5627 ditus,
2443 5565 2540 5616 nisi
2562 5576 2805 5634 quantum
2830 5569 2983 5631 fuerit
3008 5583 3039 5620 a
3070 5569 3355 5637 perditione
3371 5568 3641 5623 liberatus?
3669 5562 3804 5615 Nun-

2255 5654 2378 5724 quid
2411 5655 2565 5708 libera
2594 5657 2868 5710 voluntatis
2903 5659 3151 5714 arbitrio?
3181 5659 3244 5713 Et
3272 5665 3363 5714 hoc
3390 5660 3535 5714 absit.
3569 5657 3683 5712 Ilaec
3709 5667 3805 5705 out-

2258 5745 2340 5797 nia
2373 5760 2494 5798 vera
2525 5756 2676 5810 sunt,
2713 5764 2868 5802 nemo
2899 5750 3038 5803 enim
3071 5753 3240 5805 malus
3271 5762 3413 5807 recte
3439 5751 3707 5820 quidquam
3738 5743 3801 5794 ia-

2256 5837 2325 5889 cit
2356 5849 2612 5906 quatenus
2644 5842 2810 5894 malus
2837 5852 2936 5897 est.
2987 5843 3151 5899 Nemo
3201 5845 3358 5900 etiam
3405 5846 3491 5912 qui
3524 5860 3621 5896 ηοη
3667 5841 3800 5906 Ρ¹³¹¹⁶
