3974 6356
212 368 303 424 421

880 365 1227 423 VARIORUM
1268 359 1864 420 EXERCITATIONES
1904 359 1969 414 IN
2009 359 2068 417 S.
2112 359 2485 417 AUGUSTlNI'
2516 361 2766 417 OPERA.

3354 359 3462 418 432

202 479 370 531 malus
404 484 485 532 est
514 476 668 534 liberi
698 478 902 533 arbitrii
932 481 1011 533 sui
1061 481 1251 533 meritis
1290 482 1518 546 reparari
1562 484 1773 548 potest,
1807 478 1852 534 A
1881 485 2193 538 revocatur;
2226 476 2347 545 quia
2378 492 2535 529 nemo
2562 486 2708 544 putat
2745 491 2865 530 eum
2894 475 2999 529 ulla
3032 476 3352 533 necessitate
3383 488 3461 532 te-

199 569 342 623 nulla
368 569 505 623 enim
547 570 658 624 illic
685 580 808 623 sunt
848 572 1056 634 merita,
1090 570 1132 624 si
1166 570 1332 639 rigide
1358 570 1654 637 loquamur,
1687 566 1774 621 ubi

197 663 352 716 venia
379 678 510 732 opus
548 671 651 728 est,
684 680 782 718 nec
810 664 900 718 ulli
930 664 1130 718 homini
1169 664 1309 718 Deus
1339 663 1563 717 salutem
1594 661 1773 716 debet.

193 755 447 823 Speciosa
478 755 589 810 hate
612 768 738 812 sunt
758 757 1027 825 dogmata,
1051 757 1343 823 eademque
1358 758 1653 818 verissima,
1679 754 1776 810 sed

192 847 485 902 videndum
515 864 581 902 an
610 851 881 918 sequentia
909 852 988 903 eis
1023 850 1381 919 respondeant
1407 866 1419 901 ;
1454 865 1572 902 nam
1595 850 1769 914 libero,

190 936 388 1004 inquit,
414 938 622 991 arbitrio
649 938 781 991 male
801 948 945 993 utens
960 938 1112 993 homo
1130 948 1176 993 et
1197 956 1250 993 se
1266 940 1489 1009 perdidit
1511 949 1557 991 et
1582 940 1771 1006 ipsum.

189 1027 434 1081 Adamus
462 1028 696 1096 quidem,
722 1029 811 1096 qui
845 1029 1047 1097 primus
1077 1030 1215 1083 male
1240 1044 1365 1083 usus
1386 1037 1466 1082 est
1492 1029 1660 1082 libero
1688 1044 1775 1082 ar-

187 1117 359 1172 bitrio
387 1120 522 1187 (imo
549 1134 678 1173 vero
703 1119 876 1182 solus,
910 1121 953 1173 si
988 1120 1335 1189 Augustinum
1366 1119 1684 1189 audiamus),
1716 1134 1775 1173 se

187 1209 339 1262 malo
363 1209 453 1262 illo
484 1224 578 1262 usu
608 1210 658 1262 in
689 1219 946 1263 aeternum
978 1210 1312 1277 perdidisset,
1341 1210 1438 1264 nisi
1462 1210 1638 1263 divina
1672 1210 1774 1263 mi-

186 1302 489 1356 sericnrdia
520 1302 771 1358 delictum
810 1304 938 1357 illud
970 1304 1017 1357 ei
1048 1304 1365 1373 ign0vissct;
1408 1304 1501 1358 sed
1531 1318 1631 1358 nec
1656 1319 1777 1371 per-

187 1392 331 1446 didit
361 1393 586 1449 liberum
617 1394 919 1455 arbitrium,
951 1411 1119 1464 neque
1144 1396 1285 1449 enim
1319 1411 1380 1449 ea
1412 1397 1524 1450 sola
1566 1396 1775 1451 actione

192 1484 269 1535 sic
306 1486 613 1539 necessario
651 1497 898 1553 peccator
940 1487 1108 1540 tactus
1131 1496 1234 1550 est,
1269 1496 1325 1539 ut
1353 1487 1479 1540 nihil
1511 1488 1632 1541 boni
1660 1502 1777 1540 am-

199 1573 355 1641 plius,
386 1575 487 1629 nisi
516 1577 835 1631 ineluctabili
868 1577 1149 1645 Dei-gratia
1180 1578 1410 1645 adjutus,
1438 1578 1616 1633 lacere
1647 1594 1773 1647 pos-

190 1674 297 1718 set.
340 1666 499 1720 Nullo
545 1667 644 1720 hoc
672 1668 963 1737 Scriptura:
992 1668 1108 1721 loco
1137 1678 1364 1730 constat,
1418 1686 1515 1722 nec
1567 1673 1773 1723 ratione

191 1756 303 1809 ulla
328 1758 534 1811 nititur.
588 1758 791 1811 Posteri
840 1760 955 1825 ejus
997 1759 1154 1811 etiam
1187 1776 1290 1813 non
1332 1762 1399 1813 ita
1442 1761 1766 1826 amiserunt,

1884 566 1999 620 neri
2030 568 2313 635 quominus
2344 569 2495 621 mulis
2523 568 2760 621 moribus
2788 569 3064 622 valedicat.
3337 622 3343 628 _

1951 658 2127 727 Pergit
2158 659 2481 726 Augustinus
2513 675 2525 711 :
2564 658 2704 712 Petri
2726 670 2860 713 certe
2884 660 3102 729 apostoli
3123 670 3197 712 est
3230 661 3325 712 ista
3353 677 3463 714 sen-

1878 753 2052 813 tentia,
2094 768 2206 820 quat
2231 768 2345 803 cum
2386 768 2499 804 vera
2527 753 2610 816 sit,
2642 752 2811 821 qualis
2830 767 3002 821 qnwso
3024 763 3181 821 potest
3215 754 3343 806 servi
3369 754 3463 806 ad-

1881 844 2003 897 dicti
2030 859 2137 896 esse
2170 843 2398 905 libertas,
2430 844 2529 895 nisi
2553 843 2756 911 quando
2801 858 2910 895 eum
2948 857 3156 912 peccare
3212 842 3463 897 delectat?

1879 934 2182 987 Liberaliter
2204 935 2343 985 enim.
2379 936 2556 997 servit,
2582 935 2668 1002 qui
2708 934 2789 985 sui
2828 934 3033 987 Domini
3061 934 3369 987 voluntatem
3400 935 3463 987 li-

1880 1029 2050 1083 benter
2080 1030 2237 1098 facit;
2287 1044 2348 1080 ac
2401 1045 2493 1097 per
2518 1027 2625 1079 hoc.
2662 1030 2729 1079 ad
2772 1028 3086 1093 peccandum
3116 1028 3241 1080 liber
3279 1038 3351 1081 est
3380 1027 3464 1095 qui

1880 1121 2073 1188 peccati
2103 1135 2285 1174 seruus
2319 1130 2411 1173 est.
2456 1120 2525 1173 At
2554 1134 2660 1188 quo
2690 1119 2938 1173 libentius
2984 1128 3199 1187 peccato
3229 1120 3464 1173 serviunt

1881 1214 2147 1278 homines,
2179 1228 2245 1266 eo
2276 1214 2446 1281 magis
2472 1213 2531 1265 eil
2552 1224 2675 1265 sunt
2706 1210 2901 1264 addicti
2935 1222 2988 1265 et
3018 1210 3330 1279 mancipati;
3368 1210 3465 1263 sed

1878 1323 1997 1362 eam
2024 1307 2333 1362 servith
2379 1306 2578 1360 sensim
2622 1316 2873 1359 excutere
2922 1315 3163 1371 possunt.
3197 1303 3350 1356 Aliud
3382 1310 3466 1356 est

1879 1400 2155 1453 liberaliter
2178 1400 2298 1451 hero
2338 1399 2541 1460 seruire,
2572 1396 2713 1450 aliud
2745 1395 2903 1448 libere
2927 1398 3131 1447 servire.
3165 1394 3317 1448 Prius
3346 1409 3467 1449 esse

1881 1502 2075 1561 poteSI,
2109 1493 2151 1544 si
2184 1504 2373 1544 servus
2402 1490 2585 1543 herum
2609 1500 2771 1552 amet,
2805 1488 3025 1556 ejusque
3053 1487 3273 1540 caritate
3296 1485 3465 1539 liben-

1878 1598 1961 1641 ter
1990 1587 2052 1640 ad
2080 1586 2367 1656 parendum
2392 1584 2717 1647 adducatur;
2752 1591 2806 1635 at
2828 1582 3091 1649 posterius
3114 1594 3234 1634 esse
3258 1580 3462 1647 nequit,

1877 1682 2001 1749 quia
2045 1688 2303 1747 repugnat
2335 1676 2562 1730 liberum
2602 1688 2721 1729 esse
2750 1675 2837 1741 qui
2884 1674 3049 1725 servit
3094 1672 3162 1725 ita
3206 1680 3263 1723 ut
3290 1667 3466 1722 servi-

1854 1773 2005 1825 tutis
2032 1774 2214 1839 jugum
2247 1778 2501 1822 excutere
2530 1782 2635 1820 non
2670 1765 2855 1835 possit.
2895 1765 3077 1833 Itaque
3115 1778 3177 1815 ex
3206 1762 3468 1815 sententia

186 1850 582 1903 consuetudine
604 1850 879 1918 peccandi,
922 1851 1247 1915 libertatem,
1283 1861 1338 1904 ut
1366 1853 1566 1906 sensim
1590 1853 1772 1921 jugum
1805 1850 1859 1911 B
1883 1863 2161 1933 Augustini
2194 1860 2493 1931 negandum
2542 1869 2625 1912 est
2667 1871 2884 1911 servum
2925 1854 3127 1923 peccati
3175 1851 3281 1905 ullo
3303 1852 3469 1905 modo

188 1940 433 2007 peccati,
481 1941 699 1995 meliore
746 1949 1015 1996 contracta
1062 1943 1468 2007 consuetudine,
1520 1953 1772 1997 excutere

185 2047 305 2085 non
341 2033 563 2101 possint,
593 2032 690 2085 nisi
710 2032 892 2087 afï¬‚atu
913 2034 1119 2087 interno
1138 2034 1218 2085 cui
1240 2034 1487 2087 resistere
1510 2044 1776 2103 nequeant

184 2126 533 2193 adjuvantur.
571 2125 786 2180 Frustra
813 2129 953 2180 enim
985 2127 1180 2195 alioqui
1221 2127 1358 2181 Deus
1380 2128 1458 2179 eis
1499 2128 1641 2195 leges
1665 2126 1772 2181 ler-

187 2226 280 2269 ret
326 2216 556 2270 sancitas
603 2216 837 2283 praemiis
867 2226 919 2269 et
972 2218 1172 2283 poenis,
1206 2233 1334 2285 quas
1364 2220 1430 2272 ab
1465 2219 1528 2271 iis
1556 2219 1775 2273 minime

186 2324 359 2377 posse
385 2308 655 2363 observari
688 2309 853 2377 probe
880 2320 1077 2373 nosset,
1104 2310 1203 2363 nisi
1234 2325 1328 2364 eos
1358 2321 1666 2364 constanter
1697 2312 1775 2365 at-

187 2400 369 2463 llaret,
402 2398 542 2468 quod
575 2408 747 2452 tamen
775 2414 901 2467 erga
928 2414 1114 2453 omnes
1144 2398 1319 2453 facere
1343 2401 1558 2455 minime
1582 2401 1777 2455 consti-

188 2492 319 2547 tuit.
355 2490 549 2545 Verum
584 2489 669 2544 hic
701 2505 806 2544 non
835 2499 913 2543 est
956 2490 1103 2544 locus
1140 2490 1480 2545 confutandae
1508 2491 1625 2559 ejus
1654 2476 1777 2545 sen-

188 2586 417 2649 tentitle;
450 2584 548 2639 hoc
566 2593 765 2638 tantum
789 2583 1072 2654 diligenter
1095 2586 1367 2641 memoria:
1393 2586 1773 2652 mandandum,

188 2678 621 2744 quotiescunque
652 2676 979 2743 Augustinus
1008 2676 1220 2729 liberum
1246 2678 1516 2730 hominem
1541 2680 1779 2745 agnoscit

191 2768 245 2820 in
276 2767 430 2820 libris
459 2776 579 2841 post
606 2767 1000 2821 controversias
1031 2768 1341 2835 Pelagianas
1363 2768 1697 2837 conscriptis,
1725 2768 1777 2821 id

193 2875 257 2914 ex
282 2860 405 2926 ejus
429 2860 691 2914 sententia
717 2858 873 2914 valde
894 2860 1183 2930 improprie
1207 2860 1626 2930 intelligendum,
1656 2875 1776 2915 cum

196 2952 284 3006 hic
313 2953 667 3006 disertissime
709 2952 898 3007 doceat
946 2954 1214 3007 hominem
1243 2961 1299 3006 et
1348 2968 1405 3007 se
1452 2963 1506 3007 et
1550 2954 1777 3007 liberum

200 3044 478 3100 arbitrium
510 3044 828 3123 perdidisse.
876 3044 1173 3099 Audiamus
1211 3054 1264 3099 et
1288 3055 1597 3113 sequentem
1626 3060 1777 3099 com-

190 3137 530 3205 parationem
564 3153 577 3190 :
612 3136 757 3192 Sicut
781 3138 935 3201 enim,
965 3138 1154 3206 inquit,
1182 3138 1269 3206 qui
1291 3154 1345 3191 se
1364 3138 1571 3204 occidit,
1606 3139 1777 3207 utique

1877 1958 2104 2011 liberum
2137 1970 2279 2021 esse,
2333 1956 2375 2007 si
2429 1952 2645 2021 proprie
2693 1949 2836 2017 loqui
2875 1947 3118 2003 velimus.
3157 1946 3348 1999 Verum
3381 1943 3470 1998 ille

1877 2064 2020 2117 stepe
2040 2046 2333 2115 improprie
2356 2044 2693 2113 loquebatur,
2724 2040 2845 2109 quia
2871 2052 3161 2109 paucorum
3193 2052 3350 2091 aures
3371 2037 3468 2090 ali-

1855 2150 1958 2191 ter
1990 2140 2290 2205 loquentem
2324 2135 2465 2189 ferre
2497 2142 2758 2201 poterant.

1954 2229 2123 2290 (inde,
2153 2227 2352 2295 inquit,
2386 2226 2607 2295 adjuste
2633 2222 2929 2291 faciendum
2956 2220 3083 2272 liber
3102 2220 3345 2282 non'erit,
3370 2217 3471 2271 nisi

1878 2336 1908 2370 a
1939 2328 2141 2386 peccato
2162 2318 2404 2371 liberatus
2422 2332 2529 2369 esse
2542 2315 2761 2386 justitite
2789 2313 2993 2383 carperit
3019 2327 3206 2364 seruus.
3243 2309 3364 2378 Ipsa
3396 2318 3471 2362 est

1858 2424 1993 2460 Î·Î¹Î½ÎµÎ½Î±
2039 2408 2264 2473 libertas,
2319 2414 2527 2475 propter
2553 2414 2688 2457 recte
2725 2404 2845 2471 facti
2900 2403 3167 2454 libentium
3185 2401 3471 2470 (assentior

1879 2500 2017 2553 enim
2077 2498 2433 2553 Benedictinis
2468 2498 2537 2548 ita
2581 2495 2904 2563 legentibus,
2954 2508 3052 2561 pro
3096 2492 3327 2544 ltetitiam
3378 2500 3472 2545 aut

1856 2591 2155 2663 licentiam,
2186 2599 2243 2642 ut
2272 2589 2464 2641 habent
2493 2586 2611 2638 alite
2640 2586 2901 2639 editiones
2934 2593 2991 2636 et
3025 2583 3192 2650 libri),
3228 2583 3380 2635 simul
3420 2590 3471 2635 et

1865 2700 1968 2748 .pta
1994 2683 2223 2743 servitus,
2254 2688 2460 2749 propter
2487 2678 2725 2748 praecepti
2762 2676 3117 2729 obedientiam.
3156 2674 3289 2728 Hinc
3319 2674 3470 2727 vide-

1881 2789 1999 2829 mus
2044 2784 2473 2843 regeneratorum
2500 2815 2513 2835 ,
2562 2773 2650 2842 qui
2677 2811 2693 2836 ,
2740 2786 2804 2825 ex
2837 2770 3127 2837 Augustini?
3172 2768 3460 2832 sententia,

1869 2867 2206 2923 .ineluctabili
2251 2866 2429 2919 afï¬‚atu
2474 2872 2722 2933 aguntur,
2757 2862 2957 2915 nullam
2988 2861 3148 2914 etiam
3178 2874 3303 2914 esse
3345 2874 3471 2925 pro-

1883 2960 1996 3027 prie
2023 2959 2223 3012 dictam
2273 2958 2595 3017 lihertalem,
2628 2956 2669 3005 si
2705 2953 2780 3006 illi
2810 2952 3098 3016 credimus,
3132 2950 3226 3004 sed
3268 2958 3471 3006 tantum

1882 3054 2098 3123 parendi
2128 3052 2418 3117 libentium,
2451 3065 2570 3119 quae
2600 3049 2886 3111 rhetorice,
2922 3060 3023 3099 non
3051 3060 3198 3110 vero,
3248 3043 3469 3098 libertas

1887 3146 1992 3199 dici
2041 3152 2231 3213 potest.
2265 3142 2379 3196 Vox
2410 3140 2617 3193 libentia
2644 3138 2875 3192 occurrit
2930 3135 3069 3204 apud
3120 3138 3186 3189 Î‘..
3239 3135 3472 3190 Gellium

218 3229 407 3281 virutdo
428 3245 491 3305 se
519 3229 719 3293 occidit,
746 3229 835 3282 sed
858 3245 910 3282 se
938 3228 1217 3283 occidendo
1264 3246 1369 3283 non
1406 3230 1543 3291 vivit,
1590 3246 1679 3284 nec
1707 3245 1786 3284 se-
1812 3210 1860 3276 (á¼¶
1892 3240 1985 3292 lib,
2015 3210 2100 3301 á¾–Î½,
2122 3252 2239 3304 cap,
2271 3236 2306 3288 2
2329 3252 2341 3287 Ï‚
2368 3232 2462 3288 Cui
2481 3232 2700 3286 libentia
2719 3232 2999 3301 ÏÏ„Î±Î¹á½·Ï‰Î·Î±Î¿
3024 3245 3197 3282 omne;
3221 3230 3472 3282 convivio.

221 3321 367 3388 ipsum
402 3321 583 3388 poterit
612 3321 913 3374 resuscitare
938 3337 1053 3374 cum
1084 3321 1359 3384 occiderit;
1390 3323 1461 3373 ita
1492 3337 1607 3375 cum
1632 3322 1789 3374 libero

209 3424 498 3481 peccaretur
538 3413 769 3475 arbitrio,
790 3415 978 3466 victore
1006 3422 1232 3483 peccato,
1273 3414 1516 3466 amissum
1562 3423 1637 3467 est
1668 3414 1791 3467 libe-

206 3522 314 3558 rum
334 3506 620 3559 arbitrium.
654 3507 696 3561 A
724 3521 826 3576 quo
856 3508 999 3560 enim
1028 3507 1146 3575 quis
1176 3506 1416 3560 devictus
1445 3516 1550 3572 est,
1584 3507 1709 3562 huic
1734 3516 1791 3562 et

203 3613 394 3652 servus
420 3597 663 3653 addictus
692 3607 773 3654 est
804 3597 891 3669 (II
920 3598 1064 3653 Petr.
1090 3616 1123 3653 Î¹Î¹
1145 3641 1161 3665 ,
1202 3599 1315 3669 19).
1347 3600 1412 3654 llt
1434 3602 1791 3669 comparatio-

203 3703 323 3742 nem
356 3688 458 3743 alia
487 3692 881 3757 comparatione
909 3689 1141 3755 eludam,
1172 3690 1346 3744 dicam
1376 3699 1434 3745 ut
1461 3706 1618 3747 nemo
1648 3692 1707 3745 ï¬t
1736 3690 1789 3745 in

202 3780 347 3834 bello
369 3796 578 3847 servus,
610 3781 713 3836 nisi
746 3781 961 3846 invitus,
994 3790 1049 3835 et
1073 3783 1462 3850 quamprimum
1492 3783 1791 3838 libertatem

204 3887 524 3940 recuperare
554 3880 743 3941 potest,
770 3872 1108 3928 occasionem
1130 3872 1283 3926 avide
1312 3872 1527 3942 arripit;
1557 3875 1634 3927 sic
1661 3888 1793 3941 quo-

204 3981 310 4031 que
332 3965 625 4028 hominem,
652 3966 742 4032 qui
768 3980 828 4020 se
856 3981 884 4017 a
920 3974 1138 4031 peccato
1170 3965 1365 4019 victum
1394 3964 1789 4031 animadvertit,

204 4058 429 4125 eiusque
450 4057 721 4110 servitutis
750 4055 1085 4109 incommoda
1108 4055 1287 4121 sentit,
1319 4056 1364 4109 si
1386 4057 1504 4124 quis
1525 4070 1646 4111 eum
1678 4072 1793 4110 me-

207 4147 312 4200 lius
340 4148 551 4210 doceat,
595 4155 813 4215 peccato
843 4146 1076 4201 libenter
1098 4146 1415 4201 valedicere.
1440 4146 1545 4200 Sed
1576 4153 1633 4199 ut
1654 4146 1793 4202 Ada-

206 4255 328 4292 mus
354 4255 460 4293 uno
482 4248 700 4307 peccato
721 4254 825 4293 non
854 4240 1026 4308 potuit
1055 4239 1304 4294 amittere
1325 4254 1538 4293 omnem
1572 4240 1792 4294 libertaâ€”

207 4344 341 4399 tem,
376 4336 441 4389 ita
481 4349 577 4387 nec
604 4350 702 4387 una
732 4334 891 4403 proba
924 4334 1132 4388 actione
1164 4333 1417 4401 peccandi
1449 4333 1794 4388 consuetudi-

207 4442 335 4479 nem
362 4425 639 4493 quisquam
658 4424 838 4480 delere
869 4432 1064 4493 potest.
1094 4424 1230 4478 Vicit
1251 4424 1464 4493 quidem
1488 4433 1788 4493 peccatum,

208 4518 429 4585 ejusque
458 4516 601 4570 servi
631 4517 752 4569 facti
800 4528 922 4570 sunt
956 4516 1218 4575 homines,
1249 4515 1372 4581 quia
1403 4513 1452 4568 ei
1486 4529 1673 4581 parere
1700 4528 1790 4567 vo-

1891 3347 2005 3383 rum
2032 3329 2301 3398 incognita:
2332 3328 2454 3390 sint,
2489 3326 2674 3391 quique
2703 3323 2909 3376 illorum
2943 3321 3149 3373 omnino
3177 3336 3357 3390 expers
3377 3321 3471 3385 sit;

1892 3420 1935 3472 si
1965 3435 2079 3472 eum
2106 3423 2233 3485 forte
2261 3418 2328 3469 ad
2370 3413 2754 3483 participandas
2782 3412 3039 3480 ejusmodi
3067 3410 3347 3479 voluptates
3385 3418 3475 3463 aut

1892 3510 2125 3563 voluntas
2151 3508 2347 3570 tulerit,
2399 3513 2489 3559 aut
2533 3521 2679 3558 casus
2721 3503 3001 3566 induxerit,
3039 3511 3128 3555 aut
3203 3504 3475 3557 necessitas

1890 3601 2215 3669 compulerit,
2245 3598 2452 3653 deliniri
2477 3601 2772 3667 plerumque
2793 3606 2839 3650 et
2866 3598 2980 3663 capi
3002 3612 3021 3661 ;
3047 3596 3323 3659 nimirum,
3348 3596 3476 3651 dicit

1894 3692 2046 3747 Plato
2076 3690 2321 3745 similiter
2352 3691 2403 3743 in
2428 3684 2616 3744 Veteri
2635 3689 2975 3743 Onomastico
3002 3705 3013 3740 :
3042 3688 3285 3750 labentia,
3316 3690 3472 3743 Îµá½Ï€á½±-

1894 3788 2019 3841 Î¸ÎµÎ¹Î±.
2043 3785 2173 3850 Quae
2200 3784 2412 3855 quidem
2443 3782 2757 3851 significatio
2788 3782 3025 3836 nonnihil
3067 3782 3228 3835 distat
3255 3782 3322 3836 ab
3370 3790 3476 3839 Au-

1872 3879 2190 3949 ,gustiniana
2218 3919 2233 3943 ,
2286 3894 2410 3932 nam
2464 3877 2723 3930 libentium
2771 3886 2933 3930 vocat
2972 3890 3089 3929 eam
3138 3875 3475 3933 aï¬‚'ecdonem

1894 3969 2055 4023 animi
2102 3984 2203 4038 qua
2260 3968 2489 4022 libenter
2535 3966 2807 4034 quidpiam
2850 3965 3002 4029 facit;
3036 3966 3237 4019 Gellius
3266 3981 3397 4020 vero
3424 3975 3477 4021 et

1895 4062 2292 4121 Onomasticon,
2318 4058 2676 4125 voluptatem;
2709 4056 2803 4111 sed
2838 4064 3039 4121 tamen,
3071 4071 3178 4109 non
3199 4056 3477 4125 analogiae

1878 4163 2098 4215 tantum
2146 4154 2421 4206 formatam
2468 4164 2652 4205 vocem
2707 4150 2933 4207 libentia.
2987 4149 3079 4204 sed
3128 4158 3183 4203 et
3228 4150 3477 4205 usitatam

1894 4245 2199 4297 ostendunt.
2236 4241 2341 4296 Sed
2376 4242 2441 4294 ad
2472 4241 2596 4299 bene
2621 4239 2911 4309 faciendum
2954 4240 3053 4293 ista
3094 4239 3304 4294 libertas
3347 4241 3477 4312 (imo

1898 4336 2136 4404 libentia)
2169 4336 2302 4388 unde
2329 4337 2421 4389 erit
2448 4334 2642 4387 homini
2671 4333 2879 4386 addicto
2904 4341 2947 4385 et
2970 4334 3193 4398 vendito,
3214 4335 3313 4387 nisi
3340 4333 3477 4387 redi-

1896 4437 2001 4487 mat
2030 4428 2176 4496 cujus
2205 4426 2297 4478 illa
2325 4441 2419 4479 vox
2455 4434 2527 4477 est
2556 4422 2735 4493 (Joan.
2766 4439 2857 4478 vttt
2882 4465 2898 4488 ,
2933 4424 3022 4491 56)
3053 4440 3067 4476 :
3099 4423 3155 4478 Si
3185 4439 3280 4477 vos
3310 4424 3475 4477 Filius

1897 4520 2221 4583 liberaverit,
2275 4528 2397 4572 tunc
2425 4532 2549 4573 vere
2590 4517 2740 4572 liberi
2778 4517 2965 4570 eritis?
3010 4515 3160 4582 Quod
3202 4524 3475 4583 antequam

209 4609 456 4671 luerunt;
486 4608 579 4663 sed
614 4608 743 4662 nihil
773 4615 917 4662 vetat
946 4616 999 4659 ut
1040 4606 1214 4660 nolint
1234 4607 1280 4658 ei
1320 4605 1566 4673 obsequi,
1600 4613 1792 4672 prteter
1816 4575 1871 4637 Î’
1896 4612 2005 4679 ï¬eri
2047 4612 2099 4663 in
2128 4610 2329 4663 homine
2366 4611 2596 4678 incipiat,
2639 4608 2893 4678 quomodo
2919 4609 3185 4677 quisquam
3226 4612 3289 4661 de
3317 4608 3475 4662 libero

206 4702 673 4767 consuetudinem,
703 4714 819 4768 qua:
852 4699 1105 4769 paulatim
1140 4698 1274 4751 vinei
1296 4707 1501 4765 potest;
1528 4707 1583 4750 ut
1627 4698 1793 4767 liquet

208 4810 280 4847 ex
312 4807 371 4846 eo
396 4792 536 4861 quod
581 4792 720 4845 Deus
747 4805 935 4844 omnes
988 4789 1234 4843 homines
1290 4788 1355 4841 ad
1420 4789 1786 4857 paenitentiam

208 4892 386 4937 vocet.
443 4885 517 4937 Ex
567 4880 831 4937 locutione
884 4880 1235 4944 translatitia,
1283 4879 1454 4948 qualis
1498 4890 1580 4935 est
1608 4883 1791 4934 servire

211 4986 433 5047 peccato,
458 4990 565 5027 non
596 4976 667 5028 ita
693 4972 1117 5026 ratiocinandum
1141 4972 1290 5038 quasi
1315 4981 1371 5025 ut
1388 4972 1628 5040 captivus
1657 4972 1793 5025 ami-

215 5067 287 5120 sit
317 5067 607 5121 libertatem
640 5064 903 5133 corporis,
927 5078 1084 5132 quam
1117 5078 1435 5130 recuperare
1457 5063 1640 5131 nequit
1667 5064 1790 5117 dum

219 5158 418 5211 vinctus
444 5168 526 5211 est
554 5172 571 5209 :
601 5156 679 5209 sic
707 5158 794 5224 qui
831 5172 1002 5207 servus
1026 5163 1106 5207 est
1146 5155 1336 5223 peccati
1381 5170 1648 5222 nunquam
1681 5156 1796 5223 ejus

222 5250 628 5302 dominationem
674 5260 925 5301 excutere
970 5257 1169 5315 posset.
1212 5247 1394 5316 Neque
1431 5251 1573 5302 enim
1620 5249 1793 5304 homi-

227 5356 339 5392 nem
368 5341 656 5409 captivum,
690 5342 1000 5408 catenisque
1026 5340 1281 5405 vinctum,
1319 5348 1372 5392 et
1396 5354 1613 5394 carcere
1644 5341 1792 5394 clau-

227 5447 335 5482 sum
380 5432 624 5484 hortatur
653 5444 931 5499 quisquam
975 5440 1033 5483 ut
1076 5430 1320 5484 excussis
1350 5432 1552 5484 catenis
1581 5446 1795 5487 carcere

230 5532 389 5584 exeat,
420 5532 472 5577 et
502 5521 602 5575 nisi
650 5521 805 5575 faciat
851 5520 1181 5590 indignatur,
1224 5523 1345 5589 quia
1376 5538 1563 5578 omnes
1597 5534 1794 5579 norunt

237 5629 329 5665 Itun
357 5628 472 5669 esse
512 5615 614 5668 hoc
662 5613 715 5667 in
743 5614 857 5683 ejus
883 5624 1180 5682 poteState;
1228 5624 1281 5667 at
1316 5614 1515 5669 homini
1564 5632 1789 5684 nequam

238 5718 406 5758 omnes
435 5707 795 5775 indignantur,
842 5719 962 5758 cum
995 5704 1193 5757 nullam
1224 5706 1482 5759 rationem
1515 5707 1673 5760 habet
1702 5708 1793 5762 ad-

238 5788 579 5849 hortationum
622 5809 809 5850 eorum
852 5808 879 5847 a
927 5795 1117 5862 quibus
1157 5794 1220 5847 ad
1268 5796 1539 5850 meliorem
1589 5796 1790 5865 frugem

1893 4701 2106 4754 arbitrio
2128 4702 2179 4753 in
2207 4701 2333 4753 bono
2360 4700 2609 4769 gloriatur
2636 4710 2802 4766 apere,
2828 4701 2910 4765 qui
2936 4704 3157 4753 nondum
3178 4712 3247 4753 est
3269 4700 3394 4753 liber
3408 4701 3477 4753 ad

1898 4796 2213 4864 operantium
2245 4794 2386 4855 bene,
2429 4794 2527 4845 nisi
2557 4809 2609 4844 se
2638 4808 2766 4844 vana
2806 4790 3049 4855 superbia
3074 4792 3283 4859 inï¬‚atus
3313 4791 3477 4844 extol-

1899 4886 1970 4937 lat
2000 4886 2023 4937 ?
2048 4884 2213 4951 Quam
2260 4882 2472 4937 cohibet
2512 4882 2799 4950 Apostolus
2842 4881 3027 4936 dicens
3062 4898 3076 4933 :
3126 4881 3306 4935 Gratia
3346 4883 3476 4937 salt'i

1884 4978 2019 5047 facti
2043 4976 2162 5030 estis
2190 4993 2279 5042 per
2299 4976 2449 5041 [idem
2472 4957 2689 5045 (Ephes.
2714 4989 2770 5037 tt,
2796 4974 2871 5044 8).
2905 4974 3107 5029 Revera
3140 4974 3354 5029 libentia
3387 4975 3474 5029 illa

1899 5077 2045 5120 recte
2074 5065 2301 5121 faciendi
2332 5080 2437 5119 non
2466 5066 2702 5119 nascitur
2731 5066 2780 5118 in
2833 5065 3045 5117 homine
3087 5065 3248 5128 malo,
3283 5066 3381 5120 nisi
3415 5066 3478 5120 li-
3539 5062 3547 5073 â€™

1899 5158 2175 5213 beratlone
2204 5157 2355 5223 Filii;
2388 5160 2474 5228 qui
2529 5158 2758 5227 praemiis
2790 5168 2845 5212 et
2875 5157 3046 5225 pinnis
3078 5156 3129 5211 in
3163 5158 3474 5227 Evangelio,

1892 5251 2136 5327 caelestis
2179 5251 2419 5306 veritatis
2446 5251 2565 5305 luce
2613 5249 2877 5318 fulgente,
2938 5250 3184 5302 homines
3231 5251 3472 5303 servituti

1898 5347 2097 5412 peceati
2129 5344 2310 5411 eripit,
2359 5344 2450 5397 sed
2496 5344 2636 5396 nulla
2669 5352 2843 5395 tamen
2899 5341 3235 5404 necessitate,
3289 5352 3347 5395 ut
3378 5357 3475 5395 nec

1898 5436 2000 5489 ulla
2024 5437 2341 5489 necessitate
2357 5449 2449 5489 eos
2476 5436 2527 5488 in
2557 5433 2736 5487 ofï¬cio
2756 5434 3023 5497 continet;
3052 5448 3159 5501 quo
3184 5435 3342 5487 modo
3372 5449 3472 5486 non

1896 5526 2109 5597 libenter
2132 5534 2334 5579 tantum
2367 5525 2520 5580 bonis
2573 5523 2723 5577 factis
2752 5524 3046 5589 adhaerent,
3092 5524 3184 5579 sed
3218 5534 3272 5578 et
3300 5524 3472 5577 libere.

1900 5616 2007 5671 Nec
2033 5616 2308 5685 quisquam
2341 5624 2511 5684 potest
2552 5615 2759 5682 jactare
2785 5615 3011 5670 liberum
3050 5616 3350 5676 arbitrium,
3381 5631 3476 5668 an-

1900 5716 2111 5775 tequam
2151 5721 2215 5759 eo
2265 5715 2410 5760 recte
2439 5715 2642 5772 utatur;
2696 5721 2795 5762 nec
2842 5716 3121 5775 postquam
3169 5716 3313 5761 recte
3349 5718 3475 5760 usus

1901 5808 2000 5873 est,
2034 5797 2248 5865 gloriari
2277 5807 2455 5851 tamen
2484 5807 2679 5867 potest,
2710 5808 2765 5854 ut
2787 5798 3121 5855 ostendimus
3148 5798 3213 5853 ad
3241 5808 3369 5852 tom.
3405 5797 3471 5863 ll,
