3974 6356
568 341 673 397 623

1465 333 2018 394 SUPPLEMENTUM
2059 334 2149 390 AD
2187 332 2417 389 OPERA
2454 334 2509 390 S.
2555 334 2943 391 AUGUSTINI.

3676 351 3749 406 lii

568 458 725 525 epist.
760 456 882 521 175,
917 455 944 527 §
972 455 1029 510 2.
1069 454 1225 510 Fides
1252 468 1383 509 sane
1414 453 1506 507 Dei
1530 454 1722 507 donum
1754 461 1857 519 est,
1890 464 1985 508 sed
2017 453 2154 507 invl-
2184 455 2228 512 A
2263 453 2428 505 vellet
2456 456 2570 520 ipse
2597 456 2862 516 homines,
2906 454 3048 506 nulla
3076 456 3282 509 ratione
3310 456 3475 512 habita
3503 474 3662 518 eorum
3686 484 3751 521 vo-

570 548 636 601 tis
666 557 840 601 tamen
872 562 976 600 non
1006 545 1269 609 donatur;
1306 544 1487 599 invitis
1517 545 1658 599 enim
1706 558 1894 614 rapere
1939 543 2149 613 possis,

570 638 748 693 invitis
771 637 899 691 dare
929 635 1056 690 nihil
1084 634 1276 704 possis.
1304 637 1382 689 Ac
1395 649 1526 689 sane
1549 635 1690 690 Deus
1708 635 1867 690 (idem
1885 633 2152 704 dat,quod

570 729 639 782 sit
672 737 857 782 auctor
881 728 1138 782 doetrinae
1163 742 1281 796 quae
1321 726 1589 782 credenda
1644 728 1975 796 proponitur,
2011 726 2154 795 quod

495 870 509 880 ,
574 819 820 874 homines
845 834 962 874 eam
1000 819 1334 873 nuntiaturos
1362 818 1429 873 ad
1458 834 1555 873 nos
1602 818 1831 883 miserit,
1874 828 1929 873 et
1974 819 2156 873 omnia

499 900 507 909 ’
571 910 757 965 fecerit
788 926 905 979 qua:
930 911 994 963 ad
1029 910 1453 978 persuadendam
1482 910 1761 965 veritatem
1795 910 1977 965 liberis
2002 925 2156 966 crea-

482 1058 489 1081 _,
573 1005 705 1058 turis
733 1018 763 1057 a
791 1005 898 1058 Deo
923 1003 1038 1059 fieri
1071 1003 1391 1060 debuerunt.
1412 1003 1618 1081 ‘Verum
1651 1004 1766 1058 haec
1809 1003 1937 1058 satis
1974 1019 2158 1073 super-

480 1077 489 1091 ι
570 1112 674 1163 que
698 1100 763 1150 de
796 1096 1062 1160 libertate,
1094 1108 1287 1151 caetera
1316 1077 1433 1165 qua:
1488 1094 1651 1150 habet
1695 1095 2021 1165 Augustinus
2049 1110 2157 1150 non

571 1188 912 1257 attingemus.
960 1187 1065 1243 Sed
1125 1187 1423 1256 intelligere
1471 1188 1628 1242 facile
1683 1187 1807 1243 licet
1857 1186 1999 1242 bono
2043 1190 2158 1241 viro

571 1280 738 1334 multo
767 1280 882 1349 plus
910 1280 1058 1334 cordi
1094 1279 1257 1334 fuisse
1296 1279 1640 1334 Laurentium
1687 1288 2036 1334 controversa
2067 1279 2158 1333 illa

571 1386 667 1427 sua
688 1373 956 1443 dogmata,
989 1388 1147 1442 quam
1170 1372 1528 1425 Christianam
1559 1370 1899 1440 religionem,
1940 1370 2158 1425 docere.

640 1462 769 1531 Cap.
796 1462 895 1529 94,
931 1461 957 1533 §
988 1461 1077 1514 24.
1114 1462 1442 1530 Apertissime
1472 1476 1691 1530 namque
1719 1458 1972 1513 Dominus
1992 1459 2117 1512 dicit
2142 1474 2160 1511 :

574 1557 667 1611 Va:
701 1554 826 1619 tibi,
871 1552 1186 1608 Corozaim!
1230 1567 1310 1605 vae
1345 1552 1470 1620 tibi,
1506 1551 1819 1606 Bethsaida!
1852 1552 1975 1619 quia
2018 1550 2062 1602 si
2107 1550 2160 1603 in

572 1648 713 1719 Tyro
737 1660 790 1701 et
815 1645 1013 1701 Sidone
1044 1644 1197 1699 facta:
1230 1645 1454 1699 fuissent
1472 1648 1695 1698 virtutes
1719 1658 1839 1713 qua:
1862 1643 2017 1698 factae
2038 1653 2162 1696 sunt

571 1739 626 1794 in
649 1739 819 1805 vobis,
850 1738 976 1791 olim
1006 1738 1060 1791 in
1105 1736 1283 1790 cilicio
1313 1746 1368 1790 et
1407 1736 1586 1790 cinere
1617 1736 1986 1804 paenitentiam
2019 1733 2162 1803 egis-

2232 584 2235 587 ς
2262 545 2498 609 luntatis,
2530 546 2771 600 volentes
2799 546 3041 599 nolentes
3076 556 3273 600 mterna
3317 548 3554 604 beatitate
3583 554 3754 617 donare.

2261 634 2401 688 Deus
2423 634 2534 687 vult
2557 649 2744 689 omnes
2776 634 3022 689 homines
3052 631 3229 690 Salvos
3269 636 3401 701 fieri,
3430 640 3540 707 quia
3564 646 3759 704 omnibus

2231 742 2598 782 .communem
2647 728 2979 795 paenitentia:
3022 730 3189 797 legem
3221 730 3376 793 tulit,
3420 746 3515 800 qua
3540 734 3760 795 observata

2261 819 2394 873 salvi
2427 818 2540 873 ﬁeri
2569 820 2790 887 possint,
2816 829 2872 873 et
2892 818 3055 887 quam
3073 834 3261 874 revera
3284 821 3555 878 observare
3573 840 3762 901 possunt,

2238 913 2305 965 .si
2335 908 2619 974 velint;‘et
2647 912 2771 981 quia
2816 911 3050 965 neminis
3100 911 3309 964 animus
3357 926 3515 981 usque
3550 915 3665 971 adeo
3701 922 3767 977 de-

2231 1031 2237 1037 η
2263 1013 2517 1072 pravatus
2545 1013 2645 1068 εει,
2684 1012 2741 1056 ut
2768 1002 3045 1056 beneficiis
3074 1017 3191 1070 qua:
3218 1002 3353 1057 Deus
3374 1004 3423 1057 in
3449 1019 3617 1061 omnes
3644 1010 3770 1067 homi-

2236 1116 2237 1119 η
2262 1112 2358 1151 nes
2386 1096 2609 1165 spargit,
2643 1096 2892 1163 paulatim
2925 1104 3071 1150 certe
3103 1096 3372 1151 emendari
3400 1110 3624 1168 nequeat.
3644 1102 3689 1156 Si
3706 1105 3769 1160 lex

2236 1202 2419 1257 quam
2448 1187 2551 1242 fert
2583 1187 2726 1242 Deus
2755 1186 3057 1241 hominibus
3095 1198 3148 1242 et
3187 1204 3251 1242 ex
3298 1204 3397 1257 qua
3444 1190 3622 1259 pendet
3647 1196 3770 1264 salus,

2235 1280 2546 1334 observari
2592 1279 2658 1333 ab
2710 1279 2775 1332 iis
2807 1294 2912 1333 non
2963 1288 3167 1348 posset,
3197 1281 3434 1349 quamvis
3456 1281 3672 1339 homines
3694 1290 3775 1341 rel-

2266 1373 2411 1437 lent;
2442 1381 2535 1427 aut
2555 1372 2598 1427 si
2629 1382 2811 1428 essent
2841 1374 2913 1428 ita
2942 1372 3118 1427 allecti
3148 1381 3206 1426 ut
3232 1372 3478 1427 voluntas
3499 1374 3581 1429 illa
3604 1380 3778 1444 parendi

2234 1487 2241 1495 ·
2267 1464 2378 1519 Deo
2401 1466 2545 1518 nasci
2580 1464 2631 1517 in
2660 1464 2726 1519 iis
2758 1480 2862 1519 non
2898 1472 3098 1534 posset,
3131 1464 3232 1517 nisi
3264 1464 3401 1519 Deus
3428 1479 3518 1520 eos
3547 1465 3699 1521 afflatu
3722 1469 3778 1523 in-

2239 1557 2538 1612 eluctabili
2562 1572 2779 1612 movere
2813 1558 3142 1626 dignaretur,
3173 1571 3280 1627 quo
3322 1557 3482 1611 nollet
3509 1572 3674 1613 omnes
3693 1561 3777 1629 dig-

2241 1648 2411 1704 ‘nari:
2444 1657 2552 1702 tum
2577 1663 2706 1703 vero
2732 1647 3008 1718 negandus
3030 1656 3174 1702 esset
3204 1647 3347 1702 Deus
3387 1647 3613 1704 homines
3639 1665 3777 1707 omnes

2265 1743 2403 1799 velle
2434 1742 2611 1797 salvos
2642 1742 2775 1796 fieri.

571 1844 711 1889 sent.
755 1832 867 1887 Nec
908 1833 1081 1902 utique
1111 1830 1249 1884 Deus
1286 1831 1475 1903 injuste
1504 1829 1668 1883 noluit
1693 1828 2018 1898 salvosﬁeri,
2050 1843 2164 1881 cum
2194 1830 2243 1892 B
2340 1831 2568 1901 Subjicit
2591 1831 2917 1902 Augustinus
2952 1848 2965 1884 :
2995 1831 3131 1902 quod
3160 1829 3365 1899 quidem
3392 1829 3487 1883 dici
3520 1830 3578 1884 de
3609 1836 3781 1897 parvulis

573 1938 773 1998 possent
793 1927 921 1980 salvi
959 1942 1068 1979 esse
1090 1966 1105 1990 ,
1136 1939 1183 1978 st
1212 1921 1502 1993 νειιεΝτᾹ
1535 1922 1869 1977 Benedictini
1902 1930 2166 1977 testantur

572 2018 757 2089 viginti
799 2016 1031 2087 quinque
1060 2015 1270 2071 codices
1299 2014 1547 2083 antiquos
1588 2013 1786 2069 habere
1829 2013 1916 2067 hic
1955 2026 2003 2067 SI
2038 2029 2165 2067 ver.-

573 2127 702 2177 urr,
731 2108 1176 2180 quemadmodum
1208 2109 1333 2177 legit
1362 2109 1551 2162 Petrus
1592 2104 1943 2171 Lomhardus,
1976 2106 2162 2175 legen-

572 2201 808 2270 dumque
852 2209 1175 2255 censuerunt
1225 2198 1583 2253 Lovanienses
1640 2204 1694 2250 ct
1739 2194 1848 2249 alii.
1906 2197 1987 2250 Ac
2032 2210 2163 2251 sane

573 2289 836 2345 sententia
886 2290 998 2360 ipsa
1040 2288 1321 2359 Augusﬁni
1352 2297 1404 2343 et
1443 2289 1722 2356 sequentia
1761 2286 1833 2341 ita
1879 2287 2162 2357 legendum

574 2380 820 2436 suadent.
851 2379 1049 2435 Sensus
1095 2390 1221 2434 est:
1266 2394 1387 2434 cum
1418 2391 1636 2448 possent
1688 2380 1890 2433 servari
1945 2379 1990 2433 si
2024 2379 2163 2434 Deus

576 2475 849 2538 voluisset,
882 2474 1023 2541 juste
1052 2470 1226 2526 noluit
1250 2484 1369 2525 esse
1392 2471 1598 2533 salvos;
1631 2470 1876 2539 quamvis
1902 2470 2161 2524 rationem

574 2566 693 2634 ejus
719 2566 797 2620 rei
826 2564 1146 2631 nesciamus,
1198 2564 1241 2616 si
1264 2577 1385 2616 cum
1412 2561 1532 2615 aliis
1560 2560 1796 2615 damnati
1843 2576 1950 2615 non
1977 2560 2164 2615 melio-

576 2664 722 2716 ribus
749 2660 1113 2716 conferantur.
1134 2660 1382 2715 Attamen
1405 2660 1669 2714 editiones
1684 2660 2000 2714 etundeciin
2027 2675 2156 2715 mss.

574 2754 773 2809 habent
798 2753 855 2809 St
885 2768 1125 2807 VELLENT
1158 2792 1171 2820 ,
1221 2751 1363 2821 quod
1411 2751 1662 2805 nimirum
1686 2752 2044 2821 exscriptores
2070 2760 2164 2806 aut

574 2847 743 2902 critici
774 2846 944 2915 magis
986 2843 1329 2899 attenderent
1368 2857 1482 2897 rem
1534 2844 1734 2912 ipsam,
1784 2851 1841 2897 et
1889 2852 2155 2912 receptam

573 2952 672 2993 suo
699 2946 940 3006 tempore
988 2937 1329 2999 sententiam,
1376 2948 1536 3001 quam
1588 2935 1865 3004 Augustini
1898 2945 2156 2990 mentem.

572 3032 650 3088 Ac
678 3047 805 3087 sane
832 3030 1179 3101 sequentibus
1214 3029 1448 3094 saeculis,
1488 3044 1612 3083 cum
1644 3036 1785 3082 tctus
1818 3028 1982 3083 ferme
2007 3029 2160 3084 Occi-

573 3125 707 3181 dens
732 3126 784 3178 in
815 3123 1263 3193 Pelagianismnm
1298 3131 1389 3176 aut
1420 3121 2012 3192 Semipelagiauismum
2041 3122 2181 3193 (cur,

2268 1941 2372 1978 non
2405 1934 2591 1994 potest,
2620 1940 2833 1993 quorum
2863 1925 3093 1977 nondum
3140 1931 3213 1977 est
3255 1921 3383 1975 velle
3419 1938 3503 1976 seu
3536 1924 3674 1977 nolle.
3710 1926 3782 1981 Sed

2267 2017 2388 2084 quis
2438 2031 2559 2070 eum
2612 2015 2794 2069 docuit
2842 2014 3093 2084 parvulos
3136 2014 3411 2082 damnari,
3458 2029 3571 2067 cum
3598 2014 3783 2070 Chriitus

2267 2118 2450 2177 aperte
2498 2107 2638 2162 dicat
2684 2108 2750 2161 ad
2800 2106 2937 2162 tales
2986 2107 3255 2176 pertinere
3288 2120 3506 2175 regnum
3537 2107 3782 2162 cmlormn?

2243 2214 2249 2222 '
2275 2200 2381 2255 Sed
2408 2200 2652 2270 apertius,
2682 2200 2872 2268 inquit,
2906 2197 3155 2251 Dominus
3182 2198 3238 2250 in
3278 2195 3566 2266 Evangelia,
3613 2199 3784 2265 compel-

2272 2291 2384 2343 lans
2406 2290 2616 2360 impiam
2638 2290 2888 2343 civitatem
2911 2304 2928 2341 :
2956 2287 3197 2353 Quoties,
3222 2288 3406 2356 inquit,
3434 2287 3567 2340 volui
3591 2288 3785 2357 colligere

2274 2382 2415 2437 filios
2445 2392 2584 2447 tuos,
2618 2381 2753 2436 sicut
2774 2381 2966 2450 gallina
2996 2380 3167 2449 pullos
3196 2393 3346 2445 suos,
3372 2386 3427 2432 et
3450 2378 3786 2432 noluistiltan-

2271 2491 2425 2545 quam
2451 2472 2542 2527 Dei
2564 2474 2795 2527 voluntas
2823 2482 3065 2544 superata
3108 2472 3173 2524 sit
3204 2473 3467 2526 hominum
3500 2473 3721 2524 voluntate
3755 2480 3787 2525 et

2250 2602 2253 2605 λ
2276 2570 2643 2640 inﬁrmissimis
2660 2569 2883 2623 nolendo
2904 2568 3319 2640 impedientibus,
3344 2583 3441 2621 non
3455 2568 3655 2634 potuerit
3666 2566 3788 2635 facere

2244 2692 2248 2697 ~
2271 2664 2653 2735 potentissimus
2673 2647 2812 2732 quod
2835 2661 3047 2715 volebat.
3072 2660 3177 2716 Sed
3201 2660 3346 2715 aliud
3371 2668 3452 2715 est
3472 2658 3601 2713 velle
3618 2657 3787 2727 praemio

2272 2753 2487 2809 afficere
2518 2753 2834 2821 obsequium
2863 2762 3173 2808 naturarum
3212 2740 3533 2819 liberarum,
3568 2750 3657 2805 nisi
3694 2751 3788 2818 ipse

2272 2845 2493 2913 obsequi
2523 2843 2729 2909 nolint;
2768 2844 2910 2899 aliud
2940 2844 3115 2899 facere
3139 2846 3315 2914 ipsum
3347 2853 3405 2899 ut
3434 2851 3671 2898 creaturae
3696 2844 3788 2898 flant

2266 2934 2470 2989 felices.
2515 2935 2788 2989 Posterius
2836 2948 3050 3004 semper
3079 2936 3217 2990 Deus
3249 2936 3395 2998 facit,
3436 2934 3635 3011 quando
3672 2934 3784 2996 vult;

2266 3027 2411 3094 prius
2441 3040 2546 3080 non
2595 3026 2723 3081 facit
2748 3070 2763 3096 ,
2810 3028 2931 3097 quia
2982 3042 3089 3082 non
3134 3027 3246 3081 vult
3287 3026 3531 3081 effectum
3562 3026 3693 3086 dare.
3715 3024 3786 3079 nisi

2264 3119 2479 3173 volente
2507 3127 2772 3185 creatura,
2805 3121 2889 3173 cui
2917 3119 3081 3172 ullam
3103 3120 3210 3172 vim
3238 3118 3433 3173 afferre
3454 3117 3631 3172 noluit.
3656 3115 3788 3184 Itaque

524 3212 527 3215 ’
573 3218 717 3272 enim
750 3216 852 3271 hoc
873 3214 1355 3285 dissimularetur?)
1392 3224 1537 3268 esset
1562 3213 1832 3284 delapsus,
1864 3229 1964 3269 nec
1988 3223 2164 3270 tamen
2192 3207 2238 3271 C
2271 3212 2443 3265 inanis
2490 3221 2574 3267 est
2620 3212 3097 3267 exclamatiuncula
3139 3226 3260 3280 qua:
3311 3211 3545 3282 sequitur
3580 3227 3595 3265 :
3638 3208 3695 3262 Et
3732 3208 3789 3261 ubi

574 3310 807 3365 exuisset
850 3323 1044 3363 caecam
1092 3306 1235 3361 illam
1288 3308 1646 3362 reverentiam
1694 3323 1797 3377 qua
1853 3310 2162 3377 superiores

573 3412 758 3459 aetates
787 3411 938 3458 erant
981 3400 1333 3471 Augustinum
1382 3412 1717 3470 proseCutm;
1754 3402 1806 3455 in
1851 3416 1916 3456 eo
1945 3411 2163 3455 senten-

575 3497 700 3554 tiam
730 3509 880 3552 snam
911 3494 1149 3548 invenire
1175 3494 1479 3557 voluerunt,
1529 3509 1597 3549 ne
1624 3509 1746 3548 eum
1775 3494 2034 3549 damnare
2072 3510 2163 3549 co-

574 3598 847 3659 gerentur,
923 3600 1083 3658 quem
1132 3585 1308 3656 magni
1355 3584 1656 3640 faciendum
1713 3595 2048 3655 acceperant.
2106 3587 2163 3640 In

576 3678 677 3732 hoc
701 3678 993 3748 praesertim
1039 3677 1196 3741 loco,
1228 3674 1405 3731 minus
1443 3676 1614 3729 acutis
1660 3674 1817 3729 facile
1854 3675 2163 3744 persuaderi

578 3769 748 3839 potuit
778 3783 900 3823 esse
955 3767 1234 3837 legendum
1284 3768 1489 3834 vellent,
1535 3767 1676 3835 quod
1716 3768 1939 3838 justitia:
1977 3769 2165 3823 memi-

575 3864 745 3919 nisset
783 3863 1139 3931 Augustinus;
1168 3876 1286 3930 qua:
1330 3862 1473 3916 nulla
1513 3859 1753 3930 profesto
1782 3868 1885 3927 est,
1931 3860 1975 3915 si
2006 3862 2165 3931 longe

574 3954 804 4009 maxima
838 3967 962 4023 pars
1006 3951 1302 4021 hominum,
1351 3952 1504 4022 culpa
1533 3953 1747 4020 Adami,
1775 3953 1860 4006 cui
1894 3951 2037 4005 Deus
2064 3967 2161 4007 ne-

576 4047 867 4103 cessarium
908 4061 1121 4117 prorsus
1148 4045 1442 4100 remedium
1476 4046 1670 4101 afferre
1698 4047 1889 4111 noluit,
1924 4060 2029 4099 non
2065 4061 2160 4115 po-

578 4139 739 4194 tuerit
786 4138 923 4194 velle
967 4139 1194 4194 servari.
1229 4137 1352 4192 Vult
1401 4149 1578 4193 tamen
1617 4143 1946 4208 Augustinus
1984 4139 2162 4194 inesse

578 4231 627 4285 ei
668 4230 743 4285 rei
783 4230 1077 4299 justitiam,
1126 4228 1219 4284 sed
1261 4244 1419 4298 quam
1472 4231 1525 4284 in
1576 4232 1741 4285 altera
1784 4230 1998 4285 demum
2052 4231 2160 4284 vita

579 4321 953 4390 intelligemus.

654 4415 728 4468 Eo
775 4412 982 4467 facilius
1019 4412 1071 4466 in
1120 4424 1361 4468 errorem
1403 4412 1606 4482 delapsi
1630 4421 1775 4479 sunt,
1806 4413 1949 4483 quod
1978 4413 2160 4484 Angit-

578 4507 771 4572 slinus,
788 4520 855 4561 ne
877 4506 1165 4575 Scriptura:
1187 4505 1455 4558 contraria
1477 4504 1531 4556 al
1535 4504 1751 4560 firmare
1772 4515 1955 4574 aperte
1977 4507 2157 4560 videa-

580 4610 688 4663 tur,
719 4598 981 4652 interdum
1014 4596 1155 4652 dicat
1188 4595 1431 4650 homines
1470 4594 1589 4649 ideo
1634 4611 1739 4649 non
1770 4611 1889 4651 esse
1916 4606 2160 4652 servatos

576 4690 717 4761 quod
741 4690 1045 4745 uoluerunt.
1066 4688 1202 4743 Audi
1229 4704 1347 4758 quae
1370 4688 1529 4742 habet
1548 4704 1666 4757 cap.
1684 4689 1751 4743 97
1776 4706 1789 4742 :
1818 4689 2159 4756 Quamobrem

576 4783 850 4837 videndum
876 4793 946 4835 est
968 4780 1391 4851 quemadmodum
1419 4781 1482 4833 sit
1507 4781 1568 4834 de
1593 4780 1698 4834 Deo
1720 4781 1909 4834 dictum
1933 4781 1986 4851 (ι
2017 4782 2154 4836 Tim.

578 4892 634 4940 ιι,
667 4874 746 4945 4),
777 4874 866 4943 qui
895 4888 1083 4927 omnes
1113 4872 1357 4926 homines
1376 4872 1486 4926 vult
1507 4874 1682 4927 salvos
1709 4873 1844 4928 ﬁeri.
1874 4871 2003 4927 Cum
2025 4876 2159 4929 enim

576 4985 677 5021 non
708 4984 901 5030 omnes,
935 4967 1023 5019 sed
1064 4963 1224 5016 multo
1256 4964 1425 5033 plures
1476 4981 1577 5018 non
1615 4965 1744 5034 [iant
1780 4964 1932 5032 salvi,
1962 4966 2161 5021 videtur

498 5054 505 5062 ’
576 5068 749 5128 utique
768 5077 869 5114 non
898 5060 1007 5118 ﬁeri
1032 5059 1168 5127 quod
1193 5055 1333 5112 Deus
1362 5058 1468 5111 vult
1508 5060 1651 5126 ﬁeri,
1698 5059 1924 5112 humana
1962 5059 2160 5113 scilicet

578 5154 833 5206 uoluntate
855 5150 1156 5219 impediente
1169 5150 1473 5204 uoluntatem
1492 5150 1613 5204 Dei.
1635 5151 1856 5217 Quando
1867 5153 2000 5206 enim
2020 5168 2160 5223 qua:-

577 5244 709 5297 ritur
730 5259 886 5295 causa
915 5258 1003 5294 cur
1027 5258 1131 5294 non
1157 5257 1328 5294 omnes
1357 5241 1483 5295 salvi
1510 5232 1656 5308 ﬁant,
1686 5244 1987 5313 responderi
2007 5245 2157 5311 solet,

576 5338 692 5406 quin
715 5336 807 5389 hoc
833 5336 931 5404 ipsi
957 5336 1160 5389 nolunt.
1186 5335 1307 5389 Haec
1334 5344 1474 5402 erat,
1502 5325 1715 5405 nempe,
1745 5338 2011 5392 sententia
2039 5353 2159 5393 om-

579 5430 721 5481 nium
770 5426 1195 5480 Christianorum
1224 5467 1238 5491 ,
1285 5427 1373 5495 qui
1417 5427 1659 5481 solebant
1682 5428 1751 5480 ita
1784 5427 1955 5498 loqui,
1988 5444 2155 5499 eaque

578 5520 702 5574 nixa
732 5519 795 5572 iis
820 5533 938 5587 quae
969 5518 1035 5573 de
1056 5518 1294 5574 bonitate
1322 5528 1376 5573 et
1396 5519 1603 5589 justitia‘
1635 5519 1725 5573 Dei
1752 5527 1810 5573 et
1838 5532 1986 5576 recta
2018 5524 2155 5579 ratio

577 5620 631 5666 et
654 5611 927 5679 Scriptura
960 5609 1175 5664 docent.
1206 5610 1315 5665 Nec
1346 5612 1451 5666 ulla
1483 5622 1564 5665 est
1596 5612 1646 5665 in
1679 5627 1740 5665 ea
1765 5627 1825 5667 re
1846 5612 2149 5683 difficultas,

575 5718 695 5756 cum
726 5701 868 5755 enim
898 5700 1092 5755 Paulus
1113 5701 1240 5756 dicit
1266 5702 1430 5757 Deum
1455 5702 1580 5755 velle
1602 5718 1768 5757 omnes
1789 5704 2021 5759 homines
2049 5708 2153 5760 sal-

574 5813 658 5851 vos
690 5795 822 5862 ﬁeri,
856 5794 956 5851 hoc
985 5794 1056 5850 ita
1102 5794 1507 5865 intelligendum
1541 5810 1644 5851 non
1682 5806 1785 5861 est,
1820 5800 1971 5867 quasi
2015 5799 2155 5858 Deus

2242 3324 2243 3327 ‘
2269 3315 2341 3360 est
2363 3305 2456 3359 illa
2477 3307 2849 3374 omnipotentia
2870 3323 2971 3377 qua
2992 3306 3046 3359 in
3066 3304 3190 3360 crelo
3213 3315 3264 3360 et
3292 3306 3346 3359 in
3369 3316 3503 3360 terra
3523 3305 3677 3358 omnia
3693 3318 3791 3371 quir-

2240 3414 2468 3468 'cunque
2496 3399 2653 3452 voluit
2684 3399 2821 3466 fecit,
2852 3398 2899 3451 si
2927 3398 3165 3469 colligere
3207 3398 3349 3468 ﬁlios
3381 3397 3651 3452 Jerusalem
3677 3395 3793 3448 voluit

2266 3503 2313 3547 et
2340 3510 2438 3547 non
2472 3494 2589 3562 fecit
2612 3494 2636 3546 ?
2662 3495 2728 3547 At
2750 3492 2870 3561 quis
2892 3491 3065 3547 nescit
3096 3491 3289 3559 Deum,
3315 3492 3594 3563 propositis
3613 3490 3792 3560 legibus,

2269 3602 2375 3641 non
2404 3588 2476 3640 uti
2506 3584 2893 3653 omnipotentia
2921 3598 3016 3639 sua
3063 3592 3121 3637 ut
3164 3584 3540 3648 observentur,
3577 3581 3686 3651 quia
3714 3580 3793 3633 vult

2269 3678 2332 3732 iis
2379 3677 2546 3732 libere
2595 3676 2804 3746 pareri?
2844 3676 2978 3742 Quis
3023 3676 3266 3746 ignorat,
3321 3676 3365 3730 si
3406 3677 3544 3729 Deus
3586 3672 3793 3729 libertatis

2267 3779 2630 3824 creaturarum
2663 3769 2861 3823 nullam
2912 3756 3175 3823 rationem
3208 3768 3416 3825 habere
3443 3767 3633 3832 vellet,
3676 3776 3793 3832 posse

2267 3875 2388 3916 eum
2430 3860 2638 3930 quidvis
2676 3861 2745 3914 ah
2782 3861 2849 3915 iis
2879 3860 3233 3930 extorquere?
3283 3861 3466 3931 Itaque
3515 3874 3613 3913 non
3662 3856 3794 3909 minus

2267 3955 2445 4008 omnia
2476 3954 2617 4009 Deus
2642 3969 2761 4024 qum
2784 3953 2898 4007 vult
2922 3953 3067 4018 facit,
3095 3968 3214 4007 cum
3243 3952 3301 4007 vi
3331 3960 3613 4011 creaturas,
3648 3948 3793 4018 quibus

2266 4045 2569 4100 libertatem
2593 4044 2880 4109 concessit,
2915 4058 3019 4097 non
3069 4055 3373 4113 expugnat;
3420 4044 3537 4113 quia
3592 4041 3681 4095 hoc
3718 4053 3793 4092 non

2263 4140 2379 4190 vult
2400 4136 2595 4192 facere.
2626 4137 2704 4189 An
2729 4135 2900 4205 potius
2926 4135 3018 4189 illa
3048 4136 3254 4205 quidem
3292 4135 3433 4205 ﬁlios
3475 4150 3586 4188 suos
3618 4132 3673 4184 ab
3714 4132 3793 4198 ipso

2265 4228 2436 4296 colligi
2465 4227 2649 4291 noluit,
2680 4228 2769 4280 sed
2794 4244 2851 4281 ea
2875 4243 3071 4297 quoque
3098 4228 3320 4292 nolente,
3344 4227 3478 4294 filios
3499 4230 3606 4297 ejus
3635 4220 3795 4291 collegit

2264 4322 2372 4388 ipse
2399 4337 2521 4388 quos
2551 4321 2747 4374 voluit?
2778 4320 2911 4386 Quia
2938 4321 2989 4372 in
3018 4321 3142 4374 caelo
3170 4326 3216 4372 el
3248 4320 3299 4373 in
3328 4330 3463 4373 terra
3489 4335 3585 4372 non
3609 4317 3795 4385 quadam

2264 4414 2421 4467 roluit
2448 4421 2496 4467 et
2523 4414 2660 4482 fecit,
2688 4415 2921 4479 quaedam
2947 4430 3060 4467 vero
3080 4414 3237 4467 voluit
3259 4424 3308 4467 et
3334 4415 3449 4485 fecit
3473 4454 3489 4478 ,
3532 4414 3615 4468 sed
3660 4408 3793 4465 omnia

2264 4523 2568 4577 quiscunque
2593 4507 2752 4561 noluit
2781 4507 2919 4578 fecit.
2978 4506 3081 4562 Sed
3112 4507 3229 4576 quis
3260 4522 3370 4562 non
3403 4508 3542 4562 videt
3568 4506 3795 4561 Christum

2268 4599 2525 4668 conqueri
2573 4600 2715 4669 quod
2756 4597 3102 4669 pertinaciam
3142 4598 3630 4668 Jerosolymitarum
3676 4594 3797 4648 nullis

2270 4690 2755 4757 adhortationibus,
2804 4690 2965 4745 nullis
3003 4689 3273 4744 miraculis
3311 4690 3582 4745 ﬂexisset?
3631 4683 3797 4754 Alioqui

2270 4788 2313 4841 si
2340 4801 2540 4855 paucos
2570 4786 2828 4857 quosdam
2861 4787 3043 4841 afﬂatu
3091 4784 3419 4841 ireluctahili
3468 4785 3668 4838 allicere
3704 4790 3795 4833 tan-

2271 4888 2385 4932 tum
2412 4887 2693 4944 statuerat,
2728 4878 2885 4947 idque
2914 4882 3186 4945 effecerat,
3217 4876 3347 4935 nihil
3378 4887 3493 4932 erat
3533 4874 3661 4946 quod
3693 4885 3795 4939 que-

2274 4977 2499 5023 reretur.
2528 4969 2668 5023 Deus
2694 4968 2871 5023 omnia
2901 4969 3044 5035 facit,
3069 4986 3187 5040 qure
3209 4972 3325 5025 vult
3350 4966 3464 5040 ipse
3492 4959 3794 5031 facere:quis

2270 5062 2466 5130 negat?
2491 5061 2597 5117 Sed
2625 5076 2731 5117 non
2756 5060 2879 5117 facit
2905 5077 3023 5132 quae
3046 5062 3207 5117 vulta
3230 5064 3486 5119 creaturis
3508 5064 3663 5117 libere
3687 5052 3791 5117 fieri.

2265 5156 2386 5224 quia
2421 5168 2604 5209 earum
2651 5153 2879 5210 libertati
2920 5157 3027 5209 vim
3079 5169 3183 5209 non
3230 5155 3406 5210 infert.
3468 5156 3567 5209 Aut
3606 5152 3692 5205 hoc
3732 5156 3793 5201 est

2265 5243 2665 5314 agnoscendum
2694 5286 2706 5309 ,
2757 5257 2848 5298 aut
2888 5246 3186 5314 negandum
3224 5262 3342 5301 cum
3375 5245 3634 5301 nonnullis
3658 5258 3681 5295 a
3709 5242 3793 5294 Deo

2266 5340 2401 5393 ullas
2432 5339 2577 5409 leges
2620 5337 2749 5392 ferri
2780 5338 2991 5407 proprie
3020 5337 3208 5403 dictas,
3236 5339 3329 5393 sed
3375 5346 3573 5392 tantum
3603 5329 3789 5404 proponi

2266 5430 2472 5495 electis,
2505 5430 2645 5500 quod
2693 5431 2807 5497 ipse
2859 5431 2910 5482 in
2959 5429 3026 5482 iis
3058 5428 3234 5484 facere
3257 5432 3395 5494 vult;
3428 5430 3493 5484 ad
3522 5425 3790 5496 reprobatos

2263 5541 2390 5581 vero
2427 5524 2567 5593 quod
2607 5525 2817 5589 attinet,
2854 5524 3020 5577 Deum
3051 5524 3192 5577 nolle
3238 5538 3330 5577 eos
3375 5522 3575 5593 legibus
3614 5526 3783 5587 parere.

2261 5619 2383 5686 quia
2401 5616 2564 5684 probe
2588 5614 2732 5669 novit
2762 5629 2856 5669 eos
2882 5630 2985 5667 non
3009 5614 3296 5683 parituros,
3314 5628 3413 5667 nec
3443 5624 3590 5681 posse
3610 5616 3782 5677 parere,

2264 5724 2324 5762 ac
2352 5723 2445 5761 eos
2468 5710 2745 5761 damnatos
2786 5706 2950 5774 cupit.
2983 5707 3111 5773 Qua:
3158 5707 3332 5761 omnia
3380 5720 3497 5760 cum
3535 5696 3787 5757 rationibus

2262 5810 2423 5872 atque
2453 5800 2708 5859 institutis
2733 5796 2930 5863 Christi
2954 5808 3008 5855 et
3033 5799 3395 5869 apostolorum
3429 5802 3666 5869 pugnant.
