  <div class='ocr_page' id='page_1' title='image "/cluster/home/n/w/nwhite01/storage/ocr_20150623/47/hvd.32044015471527/218.png"; bbox 0 0 3974 6356; ppageno 0'>
   <div class='ocr_carea' id='block_1_1' title="bbox 207 355 297 411">
    <p class='ocr_par' dir='ltr' id='par_1_1' title="bbox 207 355 297 411">
     <span class='ocr_line' id='line_1_1' title="bbox 207 355 297 411; baseline 0 0"><span class='ocrx_word' id='word_1_1' title='bbox 207 355 297 411; x_wconf 70' lang='lat'><strong><em>£25</em></strong></span> 
     </span>
    </p>
   </div>
   <div class='ocr_carea' id='block_1_2' title="bbox 659 464 1301 522">
    <p class='ocr_par' dir='ltr' id='par_1_2' title="bbox 659 464 1301 522">
     <span class='ocr_line' id='line_1_2' title="bbox 659 464 1301 522; baseline 0.003 -2"><span class='ocrx_word' id='word_1_2' title='bbox 659 464 1301 522; x_wconf 71' lang='lat' dir='ltr'><strong><em>ANIMADVERSIONES</em></strong></span> 
     </span>
    </p>
   </div>
   <div class='ocr_carea' id='block_1_3' title="bbox 497 572 1454 613">
    <p class='ocr_par' dir='ltr' id='par_1_3' title="bbox 497 572 1454 613">
     <span class='ocr_line' id='line_1_3' title="bbox 497 572 1454 613; baseline 0.001 -2"><span class='ocrx_word' id='word_1_3' title='bbox 497 572 549 611; x_wconf 73' lang='lat' dir='ltr'><strong>IN</strong></span> <span class='ocrx_word' id='word_1_4' title='bbox 578 572 770 611; x_wconf 75' lang='lat' dir='ltr'><strong><em>LIBRUM</em></strong></span> <span class='ocrx_word' id='word_1_5' title='bbox 814 573 879 611; x_wconf 85' lang='lat' dir='ltr'><strong><em>DE</em></strong></span> <span class='ocrx_word' id='word_1_6' title='bbox 920 572 1089 613; x_wconf 76' lang='lat' dir='ltr'><strong><em>AGONE</em></strong></span> <span class='ocrx_word' id='word_1_7' title='bbox 1120 572 1454 613; x_wconf 72' lang='lat' dir='ltr'><strong><em>CHRISTIANO.</em></strong></span> 
     </span>
    </p>
   </div>
   <div class='ocr_carea' id='block_1_4' title="bbox 270 648 1768 720">
    <p class='ocr_par' dir='ltr' id='par_1_4' title="bbox 270 648 1768 720">
     <span class='ocr_line' id='line_1_4' title="bbox 270 648 1768 720; baseline -0.001 -17"><span class='ocrx_word' id='word_1_8' title='bbox 270 649 400 718; x_wconf 90' lang='lat' dir='ltr'><strong><em>Cap.</em></strong></span> <span class='ocrx_word' id='word_1_9' title='bbox 436 649 523 717; x_wconf 83' lang='lat' dir='ltr'><strong><em>I5,</em></strong></span> <span class='ocrx_word' id='word_1_10' title='bbox 555 648 583 719; x_wconf 67' lang='grc' dir='ltr'><strong>ς</strong></span> <span class='ocrx_word' id='word_1_11' title='bbox 616 650 702 703; x_wconf 86' lang='grc'><strong>17.</strong></span> <span class='ocrx_word' id='word_1_12' title='bbox 734 648 845 703; x_wconf 81' lang='lat' dir='ltr'><strong><em>Nec</em></strong></span> <span class='ocrx_word' id='word_1_13' title='bbox 872 666 956 703; x_wconf 93' lang='lat' dir='ltr'><strong><em>eos</em></strong></span> <span class='ocrx_word' id='word_1_14' title='bbox 984 652 1254 704; x_wconf 78' lang='lat' dir='ltr'><strong><em>audiamus</em></strong></span> <span class='ocrx_word' id='word_1_15' title='bbox 1303 651 1388 720; x_wconf 96' lang='lat' dir='ltr'><strong><em>qui</em></strong></span> <span class='ocrx_word' id='word_1_16' title='bbox 1435 649 1768 720; x_wconf 74' lang='lat' dir='ltr'><strong><em>indignantur</em></strong></span> 
     </span>
    </p>
   </div>
   <div class='ocr_carea' id='block_1_5' title="bbox 207 739 1766 811">
    <p class='ocr_par' dir='ltr' id='par_1_5' title="bbox 207 739 1766 811">
     <span class='ocr_line' id='line_1_5' title="bbox 207 739 1766 811; baseline -0.001 -17"><span class='ocrx_word' id='word_1_17' title='bbox 207 751 247 795; x_wconf 87' lang='lat' dir='ltr'><strong><em>et</em></strong></span> <span class='ocrx_word' id='word_1_18' title='bbox 264 739 647 794; x_wconf 83' lang='lat' dir='ltr'><strong><em>stomachantur</em></strong></span> <span class='ocrx_word' id='word_1_19' title='bbox 672 741 789 811; x_wconf 91' lang='lat' dir='ltr'><strong><em>quia</em></strong></span> <span class='ocrx_word' id='word_1_20' title='bbox 834 750 1069 795; x_wconf 85' lang='lat' dir='ltr'><strong><em>non-tres</em></strong></span> <span class='ocrx_word' id='word_1_21' title='bbox 1105 740 1239 795; x_wconf 83' lang='lat' dir='ltr'><strong><em>Deos</em></strong></span> <span class='ocrx_word' id='word_1_22' title='bbox 1265 742 1500 795; x_wconf 88' lang='lat' dir='ltr'><strong><em>colendos</em></strong></span> <span class='ocrx_word' id='word_1_23' title='bbox 1531 740 1766 794; x_wconf 85' lang='lat' dir='ltr'><strong><em>dicimus.</em></strong></span> 
     </span>
    </p>
   </div>
   <div class='ocr_carea' id='block_1_6' title="bbox 204 830 1769 902">
    <p class='ocr_par' dir='ltr' id='par_1_6' title="bbox 204 830 1769 902">
     <span class='ocr_line' id='line_1_6' title="bbox 204 830 1769 902; baseline -0.003 -16"><span class='ocrx_word' id='word_1_24' title='bbox 204 830 447 886; x_wconf 73' lang='lat' dir='ltr'><strong><em>Nesciunt</em></strong></span> <span class='ocrx_word' id='word_1_25' title='bbox 478 833 614 885; x_wconf 85' lang='lat' dir='ltr'><strong><em>enim</em></strong></span> <span class='ocrx_word' id='word_1_26' title='bbox 651 832 775 901; x_wconf 89' lang='lat' dir='ltr'><strong><em>quid</em></strong></span> <span class='ocrx_word' id='word_1_27' title='bbox 805 832 872 885; x_wconf 86' lang='lat' dir='ltr'><strong><em>sit</em></strong></span> <span class='ocrx_word' id='word_1_28' title='bbox 911 848 1014 886; x_wconf 91' lang='lat' dir='ltr'><strong><em>una</em></strong></span> <span class='ocrx_word' id='word_1_29' title='bbox 1055 833 1329 902; x_wconf 88' lang='lat' dir='ltr'><strong><em>eademque</em></strong></span> <span class='ocrx_word' id='word_1_30' title='bbox 1368 830 1672 895; x_wconf 71' lang='lat' dir='ltr'><strong><em>substantia,</em></strong></span> <span class='ocrx_word' id='word_1_31' title='bbox 1721 837 1769 883; x_wconf 89' lang='lat' dir='ltr'><strong><em>et</em></strong></span> 
     </span>
    </p>
   </div>
   <div class='ocr_carea' id='block_1_7' title="bbox 198 922 1767 993">
    <p class='ocr_par' dir='ltr' id='par_1_7' title="bbox 198 922 1767 993">
     <span class='ocr_line' id='line_1_7' title="bbox 198 922 1767 993; baseline 0.001 -19"><span class='ocrx_word' id='word_1_32' title='bbox 198 922 562 993; x_wconf 83' lang='lat' dir='ltr'><strong><em>phantasmatis</em></strong></span> <span class='ocrx_word' id='word_1_33' title='bbox 587 923 695 976; x_wconf 85' lang='lat' dir='ltr'><strong><em>suis</em></strong></span> <span class='ocrx_word' id='word_1_34' title='bbox 723 922 1034 989; x_wconf 87' lang='lat' dir='ltr'><strong><em>illuduntur,</em></strong></span> <span class='ocrx_word' id='word_1_35' title='bbox 1062 924 1182 993; x_wconf 92' lang='lat' dir='ltr'><strong><em>quia</em></strong></span> <span class='ocrx_word' id='word_1_36' title='bbox 1212 924 1373 977; x_wconf 90' lang='lat' dir='ltr'><strong><em>solent</em></strong></span> <span class='ocrx_word' id='word_1_37' title='bbox 1392 922 1560 977; x_wconf 86' lang='lat' dir='ltr'><strong><em>videre</em></strong></span> <span class='ocrx_word' id='word_1_38' title='bbox 1581 937 1767 992; x_wconf 84' lang='lat' dir='ltr'><strong><em>corpo-</em></strong></span> 
     </span>
    </p>
   </div>
   <div class='ocr_carea' id='block_1_8' title="bbox 199 1011 1772 1084">
    <p class='ocr_par' dir='ltr' id='par_1_8' title="bbox 199 1011 1772 1084">
     <span class='ocr_line' id='line_1_8' title="bbox 199 1011 1772 1084; baseline -0.001 -18"><span class='ocrx_word' id='word_1_39' title='bbox 199 1015 373 1067; x_wconf 85' lang='lat' dir='ltr'><strong><em>raliter</em></strong></span> <span class='ocrx_word' id='word_1_40' title='bbox 422 1017 498 1067; x_wconf 88' lang='lat' dir='ltr'><strong><em>vel</em></strong></span> <span class='ocrx_word' id='word_1_41' title='bbox 543 1012 790 1067; x_wconf 82' lang='lat' dir='ltr'><strong><em>animalia</em></strong></span> <span class='ocrx_word' id='word_1_42' title='bbox 820 1016 950 1078; x_wconf 89' lang='lat' dir='ltr'><strong><em>tria,</em></strong></span> <span class='ocrx_word' id='word_1_43' title='bbox 999 1016 1075 1068; x_wconf 90' lang='lat' dir='ltr'><strong><em>vel</em></strong></span> <span class='ocrx_word' id='word_1_44' title='bbox 1100 1030 1411 1084; x_wconf 64' lang='lat' dir='ltr'><strong><em>quaecunque</em></strong></span> <span class='ocrx_word' id='word_1_45' title='bbox 1429 1028 1643 1081; x_wconf 88' lang='lat' dir='ltr'><strong><em>corpora</em></strong></span> <span class='ocrx_word' id='word_1_46' title='bbox 1674 1011 1772 1065; x_wconf 83' lang='lat' dir='ltr'><strong><em>tria</em></strong></span> 
     </span>
    </p>
   </div>
   <div class='ocr_carea' id='block_1_9' title="bbox 202 1102 1773 1177">
    <p class='ocr_par' dir='ltr' id='par_1_9' title="bbox 202 1102 1773 1177">
     <span class='ocr_line' id='line_1_9' title="bbox 202 1102 1773 1177; baseline -0.003 -18"><span class='ocrx_word' id='word_1_47' title='bbox 202 1108 325 1159; x_wconf 85' lang='lat' dir='ltr'><strong><em>locis</em></strong></span> <span class='ocrx_word' id='word_1_48' title='bbox 353 1107 459 1160; x_wconf 85' lang='lat' dir='ltr'><strong><em>suis</em></strong></span> <span class='ocrx_word' id='word_1_49' title='bbox 477 1122 584 1160; x_wconf 89' lang='lat' dir='ltr'><strong><em>esse</em></strong></span> <span class='ocrx_word' id='word_1_50' title='bbox 610 1117 863 1177; x_wconf 88' lang='lat' dir='ltr'><strong><em>separata.</em></strong></span> <span class='ocrx_word' id='word_1_51' title='bbox 890 1105 980 1161; x_wconf 87' lang='lat' dir='ltr'><strong><em>Sic</em></strong></span> <span class='ocrx_word' id='word_1_52' title='bbox 1015 1114 1195 1171; x_wconf 80' lang='lat' dir='ltr'><strong><em>putant</em></strong></span> <span class='ocrx_word' id='word_1_53' title='bbox 1234 1105 1617 1173; x_wconf 87' lang='lat' dir='ltr'><strong><em>intelligendam</em></strong></span> <span class='ocrx_word' id='word_1_54' title='bbox 1652 1102 1773 1156; x_wconf 87' lang='lat' dir='ltr'><strong><em>sub-</em></strong></span> 
     </span>
    </p>
   </div>
   <div class='ocr_carea' id='block_1_10' title="bbox 201 1194 1775 1267">
    <p class='ocr_par' dir='ltr' id='par_1_10' title="bbox 201 1194 1775 1267">
     <span class='ocr_line' id='line_1_10' title="bbox 201 1194 1775 1267; baseline -0.001 -17"><span class='ocrx_word' id='word_1_55' title='bbox 201 1199 444 1250; x_wconf 79' lang='lat' dir='ltr'><strong><em>stantiam</em></strong></span> <span class='ocrx_word' id='word_1_56' title='bbox 469 1198 584 1262; x_wconf 87' lang='lat' dir='ltr'><strong><em>Dei,</em></strong></span> <span class='ocrx_word' id='word_1_57' title='bbox 612 1208 660 1251; x_wconf 91' lang='lat' dir='ltr'><strong><em>et</em></strong></span> <span class='ocrx_word' id='word_1_58' title='bbox 685 1201 899 1251; x_wconf 86' lang='lat' dir='ltr'><strong><em>multum</em></strong></span> <span class='ocrx_word' id='word_1_59' title='bbox 928 1209 1121 1264; x_wconf 87' lang='lat' dir='ltr'><strong><em>errant,</em></strong></span> <span class='ocrx_word' id='word_1_60' title='bbox 1147 1194 1276 1267; x_wconf 83' lang='lat' dir='ltr'><strong><em>etc.]</em></strong></span> <span class='ocrx_word' id='word_1_61' title='bbox 1315 1196 1540 1251; x_wconf 76' lang='lat' dir='ltr'><strong><em>Videtur</em></strong></span> <span class='ocrx_word' id='word_1_62' title='bbox 1568 1209 1661 1249; x_wconf 86' lang='lat' dir='ltr'><strong><em>eos</em></strong></span> <span class='ocrx_word' id='word_1_63' title='bbox 1688 1195 1775 1248; x_wconf 90' lang='lat' dir='ltr'><strong><em>in-</em></strong></span> 
     </span>
    </p>
   </div>
   <div class='ocr_carea' id='block_1_11' title="bbox 204 1287 1769 1368">
    <p class='ocr_par' dir='ltr' id='par_1_11' title="bbox 204 1287 1769 1368">
     <span class='ocr_line' id='line_1_11' title="bbox 204 1287 1769 1368; baseline -0.004 -24"><span class='ocrx_word' id='word_1_64' title='bbox 204 1290 445 1368; x_wconf 73' lang='lat' dir='ltr'><strong><em>telligere</em></strong></span> <span class='ocrx_word' id='word_1_65' title='bbox 470 1292 559 1358; x_wconf 86' lang='lat' dir='ltr'><strong><em>qui</em></strong></span> <span class='ocrx_word' id='word_1_66' title='bbox 583 1291 905 1360; x_wconf 86' lang='lat' dir='ltr'><strong><em>objicicbant</em></strong></span> <span class='ocrx_word' id='word_1_67' title='bbox 934 1291 1136 1361; x_wconf 86' lang='lat' dir='ltr'><strong><em>synodo</em></strong></span> <span class='ocrx_word' id='word_1_68' title='bbox 1157 1289 1382 1343; x_wconf 65' lang='lat' dir='ltr'><strong><em>Nicaeum</em></strong></span> <span class='ocrx_word' id='word_1_69' title='bbox 1409 1287 1769 1353; x_wconf 87' lang='lat' dir='ltr'><strong><em>tritheismum,</em></strong></span> 
     </span>
    </p>
   </div>
   <div class='ocr_carea' id='block_1_12' title="bbox 204 1377 1774 1452">
    <p class='ocr_par' dir='ltr' id='par_1_12' title="bbox 204 1377 1774 1452">
     <span class='ocr_line' id='line_1_12' title="bbox 204 1377 1774 1452; baseline -0.003 -17"><span class='ocrx_word' id='word_1_70' title='bbox 204 1397 333 1452; x_wconf 87' lang='lat' dir='ltr'><strong><em>quos</em></strong></span> <span class='ocrx_word' id='word_1_71' title='bbox 368 1383 528 1437; x_wconf 89' lang='lat' dir='ltr'><strong><em>etiam</em></strong></span> <span class='ocrx_word' id='word_1_72' title='bbox 554 1392 814 1437; x_wconf 81' lang='lat' dir='ltr'><strong><em>memorat</em></strong></span> <span class='ocrx_word' id='word_1_73' title='bbox 833 1382 1121 1451; x_wconf 80' lang='lat' dir='ltr'><strong><em>Gregorius</em></strong></span> <span class='ocrx_word' id='word_1_74' title='bbox 1141 1380 1505 1434; x_wconf 84' lang='lat' dir='ltr'><strong><em>Nazianzenus</em></strong></span> <span class='ocrx_word' id='word_1_75' title='bbox 1526 1377 1774 1432; x_wconf 87' lang='lat' dir='ltr'><strong><em>oratione</em></strong></span> 
     </span>
    </p>
   </div>
   <div class='ocr_carea' id='block_1_13' title="bbox 234 1469 1775 1544">
    <p class='ocr_par' dir='ltr' id='par_1_13' title="bbox 234 1469 1775 1544">
     <span class='ocr_line' id='line_1_13' title="bbox 234 1469 1775 1544; baseline -0.003 -17"><span class='ocrx_word' id='word_1_76' title='bbox 234 1477 281 1536; x_wconf 81' lang='lat'><strong><em>7,</em></strong></span> <span class='ocrx_word' id='word_1_77' title='bbox 316 1490 443 1544; x_wconf 85' lang='lat' dir='ltr'><strong><em>pag.</em></strong></span> <span class='ocrx_word' id='word_1_78' title='bbox 476 1473 602 1540; x_wconf 72' lang='lat'><strong><em>600,</em></strong></span> <span class='ocrx_word' id='word_1_79' title='bbox 636 1474 723 1527; x_wconf 91' lang='lat' dir='ltr'><strong><em>ubi</em></strong></span> <span class='ocrx_word' id='word_1_80' title='bbox 752 1488 938 1529; x_wconf 89' lang='lat' dir='ltr'><strong><em>eorum</em></strong></span> <span class='ocrx_word' id='word_1_81' title='bbox 986 1471 1277 1542; x_wconf 87' lang='lat' dir='ltr'><strong><em>objectioni</em></strong></span> <span class='ocrx_word' id='word_1_82' title='bbox 1318 1469 1648 1539; x_wconf 86' lang='lat' dir='ltr'><strong><em>respondere</em></strong></span> <span class='ocrx_word' id='word_1_83' title='bbox 1683 1482 1775 1523; x_wconf 85' lang='lat' dir='ltr'><strong><em>co-</em></strong></span> 
     </span>
    </p>
   </div>
   <div class='ocr_carea' id='block_1_14' title="bbox 209 1562 1775 1635">
    <p class='ocr_par' dir='ltr' id='par_1_14' title="bbox 209 1562 1775 1635">
     <span class='ocr_line' id='line_1_14' title="bbox 209 1562 1775 1635; baseline -0.005 -12"><span class='ocrx_word' id='word_1_84' title='bbox 209 1577 378 1623; x_wconf 83' lang='lat' dir='ltr'><strong><em>natur.</em></strong></span> <span class='ocrx_word' id='word_1_85' title='bbox 428 1567 567 1622; x_wconf 77' lang='lat' dir='ltr'><strong><em>Vide</em></strong></span> <span class='ocrx_word' id='word_1_86' title='bbox 614 1567 713 1621; x_wconf 91' lang='lat' dir='ltr'><strong><em>hac</em></strong></span> <span class='ocrx_word' id='word_1_87' title='bbox 752 1566 819 1621; x_wconf 90' lang='lat' dir='ltr'><strong><em>de</em></strong></span> <span class='ocrx_word' id='word_1_88' title='bbox 864 1581 921 1620; x_wconf 90' lang='lat' dir='ltr'><strong><em>re</em></strong></span> <span class='ocrx_word' id='word_1_89' title='bbox 962 1567 1135 1635; x_wconf 87' lang='lat' dir='ltr'><strong><em>ipsum</em></strong></span> <span class='ocrx_word' id='word_1_90' title='bbox 1165 1580 1375 1635; x_wconf 89' lang='lat' dir='ltr'><strong><em>quoque</em></strong></span> <span class='ocrx_word' id='word_1_91' title='bbox 1419 1562 1775 1633; x_wconf 82' lang='lat' dir='ltr'><strong><em>Augustinum</em></strong></span> 
     </span>
    </p>
   </div>
   <div class='ocr_carea' id='block_1_15' title="bbox 203 1652 1777 1726">
    <p class='ocr_par' dir='ltr' id='par_1_15' title="bbox 203 1652 1777 1726">
     <span class='ocr_line' id='line_1_15' title="bbox 203 1652 1777 1726; baseline -0.004 -13"><span class='ocrx_word' id='word_1_92' title='bbox 203 1659 258 1713; x_wconf 87' lang='lat' dir='ltr'><strong><em>de</em></strong></span> <span class='ocrx_word' id='word_1_93' title='bbox 278 1658 549 1713; x_wconf 87' lang='lat' dir='ltr'><strong><em>Trinitate</em></strong></span> <span class='ocrx_word' id='word_1_94' title='bbox 576 1657 670 1712; x_wconf 89' lang='lat' dir='ltr'><strong><em>lib.</em></strong></span> <span class='ocrx_word' id='word_1_95' title='bbox 696 1672 792 1723; x_wconf 87' lang='lat' dir='ltr'><strong><em>vn,</em></strong></span> <span class='ocrx_word' id='word_1_96' title='bbox 825 1672 943 1726; x_wconf 88' lang='lat' dir='ltr'><strong><em>cap.</em></strong></span> <span class='ocrx_word' id='word_1_97' title='bbox 975 1658 1039 1722; x_wconf 72' lang='grc'><strong><em>4,</em></strong></span> <span class='ocrx_word' id='word_1_98' title='bbox 1092 1664 1148 1711; x_wconf 88' lang='lat' dir='ltr'><strong><em>et</em></strong></span> <span class='ocrx_word' id='word_1_99' title='bbox 1182 1656 1226 1709; x_wconf 91' lang='lat' dir='ltr'><strong><em>si</em></strong></span> <span class='ocrx_word' id='word_1_100' title='bbox 1267 1656 1338 1708; x_wconf 90' lang='lat' dir='ltr'><strong><em>ita</em></strong></span> <span class='ocrx_word' id='word_1_101' title='bbox 1366 1654 1635 1717; x_wconf 87' lang='lat' dir='ltr'><strong><em>videatur,</em></strong></span> <span class='ocrx_word' id='word_1_102' title='bbox 1680 1652 1777 1706; x_wconf 92' lang='lat' dir='ltr'><strong><em>do-</em></strong></span> 
     </span>
    </p>
   </div>
   <div class='ocr_carea' id='block_1_16' title="bbox 202 1743 1777 1818">
    <p class='ocr_par' dir='ltr' id='par_1_16' title="bbox 202 1743 1777 1818">
     <span class='ocr_line' id='line_1_16' title="bbox 202 1743 1777 1818; baseline -0.004 -14"><span class='ocrx_word' id='word_1_103' title='bbox 202 1750 498 1805; x_wconf 85' lang='lat' dir='ltr'><strong><em>ctissimum</em></strong></span> <span class='ocrx_word' id='word_1_104' title='bbox 528 1749 700 1803; x_wconf 86' lang='lat' dir='ltr'><strong><em>virum</em></strong></span> <span class='ocrx_word' id='word_1_105' title='bbox 733 1748 953 1818; x_wconf 87' lang='lat' dir='ltr'><strong><em>Dionys.</em></strong></span> <span class='ocrx_word' id='word_1_106' title='bbox 986 1748 1261 1801; x_wconf 89' lang='lat' dir='ltr'><strong><em>Petavium</em></strong></span> <span class='ocrx_word' id='word_1_107' title='bbox 1290 1744 1479 1815; x_wconf 90' lang='lat' dir='ltr'><strong><em>Dogm.</em></strong></span> <span class='ocrx_word' id='word_1_108' title='bbox 1511 1743 1777 1813; x_wconf 83' lang='lat' dir='ltr'><strong><em>theologi-</em></strong></span> 
     </span>
    </p>
   </div>
   <div class='ocr_carea' id='block_1_17' title="bbox 870 339 2746 412">
    <p class='ocr_par' dir='ltr' id='par_1_17' title="bbox 870 339 2746 412">
     <span class='ocr_line' id='line_1_17' title="bbox 870 339 2746 412; baseline -0.005 -2"><span class='ocrx_word' id='word_1_109' title='bbox 870 354 1223 412; x_wconf 79' lang='lat' dir='ltr'><strong><em>VARIORUM</em></strong></span> <span class='ocrx_word' id='word_1_110' title='bbox 1262 350 1854 411; x_wconf 83' lang='lat' dir='ltr'><strong><em>EXERCITATIONES</em></strong></span> <span class='ocrx_word' id='word_1_111' title='bbox 1893 349 1959 405; x_wconf 78' lang='lat' dir='ltr'><strong><em>IN</em></strong></span> <span class='ocrx_word' id='word_1_112' title='bbox 1998 349 2055 404; x_wconf 92' lang='lat' dir='ltr'><strong><em>S.</em></strong></span> <span class='ocrx_word' id='word_1_113' title='bbox 2101 346 2467 405; x_wconf 83' lang='lat' dir='ltr'><strong><em>AUCUSTINI</em></strong></span> <span class='ocrx_word' id='word_1_114' title='bbox 2505 339 2746 402; x_wconf 79' lang='lat' dir='ltr'><strong><em>OPERA.</em></strong></span> 
     </span>
    </p>
   </div>
   <div class='ocr_carea' id='block_1_18' title="bbox 3330 336 3443 395">
    <p class='ocr_par' dir='ltr' id='par_1_18' title="bbox 3330 336 3443 395">
     <span class='ocr_line' id='line_1_18' title="bbox 3330 336 3443 395; baseline 0.018 -2"><span class='ocrx_word' id='word_1_115' title='bbox 3330 336 3443 395; x_wconf 66' lang='lat'><strong><em>4‘26</em></strong></span> 
     </span>
    </p>
   </div>
   <div class='ocr_carea' id='block_1_19' title="bbox 1795 454 3441 530">
    <p class='ocr_par' dir='ltr' id='par_1_19' title="bbox 1795 454 3441 530">
     <span class='ocr_line' id='line_1_19' title="bbox 1795 454 3441 530; baseline -0.004 -13"><span class='ocrx_word' id='word_1_116' title='bbox 1795 468 1851 526; x_wconf 79' lang='grc' dir='ltr'><strong>Α</strong></span> <span class='ocrx_word' id='word_1_117' title='bbox 1875 463 1918 517; x_wconf 90' lang='lat' dir='ltr'><strong><em>si</em></strong></span> <span class='ocrx_word' id='word_1_118' title='bbox 1940 462 2098 515; x_wconf 67' lang='lat' dir='ltr'><strong><em>avitae</em></strong></span> <span class='ocrx_word' id='word_1_119' title='bbox 2123 460 2392 530; x_wconf 81' lang='lat' dir='ltr'><strong><em>religionis</em></strong></span> <span class='ocrx_word' id='word_1_120' title='bbox 2426 461 2604 515; x_wconf 86' lang='lat' dir='ltr'><strong><em>studio</em></strong></span> <span class='ocrx_word' id='word_1_121' title='bbox 2632 459 2915 527; x_wconf 86' lang='lat' dir='ltr'><strong><em>ﬂagrantes</em></strong></span> <span class='ocrx_word' id='word_1_122' title='bbox 2943 472 2971 509; x_wconf 90' lang='lat' dir='ltr'><strong><em>a</em></strong></span> <span class='ocrx_word' id='word_1_123' title='bbox 2994 455 3161 511; x_wconf 88' lang='lat' dir='ltr'><strong><em>sacris</em></strong></span> <span class='ocrx_word' id='word_1_124' title='bbox 3186 454 3441 511; x_wconf 80' lang='lat' dir='ltr'><strong><em>faciendis</em></strong></span> 
     </span>
    </p>
   </div>
   <div class='ocr_carea' id='block_1_20' title="bbox 1870 550 3443 622">
    <p class='ocr_par' dir='ltr' id='par_1_20' title="bbox 1870 550 3443 622">
     <span class='ocr_line' id='line_1_20' title="bbox 1870 550 3443 622; baseline -0.001 -15"><span class='ocrx_word' id='word_1_125' title='bbox 1870 553 2138 608; x_wconf 89' lang='lat' dir='ltr'><strong><em>abstinere</em></strong></span> <span class='ocrx_word' id='word_1_126' title='bbox 2167 554 2390 617; x_wconf 87' lang='lat' dir='ltr'><strong><em>nollent,</em></strong></span> <span class='ocrx_word' id='word_1_127' title='bbox 2421 567 2540 622; x_wconf 88' lang='lat' dir='ltr'><strong><em>quae</em></strong></span> <span class='ocrx_word' id='word_1_128' title='bbox 2568 560 2723 607; x_wconf 90' lang='lat' dir='ltr'><strong><em>erant</em></strong></span> <span class='ocrx_word' id='word_1_129' title='bbox 2762 550 3229 606; x_wconf 85' lang='lat' dir='ltr'><strong><em>constitutionibus</em></strong></span> <span class='ocrx_word' id='word_1_130' title='bbox 3270 551 3443 620; x_wconf 84' lang='lat' dir='ltr'><strong><em>impe-</em></strong></span> 
     </span>
    </p>
   </div>
   <div class='ocr_carea' id='block_1_21' title="bbox 1868 643 2771 700">
    <p class='ocr_par' dir='ltr' id='par_1_21' title="bbox 1868 643 2771 700">
     <span class='ocr_line' id='line_1_21' title="bbox 1868 643 2771 700; baseline -0.001 -1"><span class='ocrx_word' id='word_1_131' title='bbox 1868 654 2105 700; x_wconf 87' lang='lat' dir='ltr'><strong><em>ratorum</em></strong></span> <span class='ocrx_word' id='word_1_132' title='bbox 2132 643 2555 699; x_wconf 88' lang='lat' dir='ltr'><strong><em>Cbristianorum</em></strong></span> <span class='ocrx_word' id='word_1_133' title='bbox 2587 644 2771 698; x_wconf 81' lang='lat' dir='ltr'><strong><em>vetita.</em></strong></span> 
     </span>
    </p>
   </div>
   <div class='ocr_carea' id='block_1_22' title="bbox 1940 735 3446 813">
    <p class='ocr_par' dir='ltr' id='par_1_22' title="bbox 1940 735 3446 813">
     <span class='ocr_line' id='line_1_22' title="bbox 1940 735 3446 813; baseline -0.001 -21"><span class='ocrx_word' id='word_1_134' title='bbox 1940 737 2072 807; x_wconf 89' lang='lat' dir='ltr'><strong><em>Cap.</em></strong></span> <span class='ocrx_word' id='word_1_135' title='bbox 2096 737 2150 806; x_wconf 89' lang='lat'><strong><em>9,</em></strong></span> <span class='ocrx_word' id='word_1_136' title='bbox 2180 737 2207 813; x_wconf 65' lang='grc' dir='ltr'>ᾗ</span> <span class='ocrx_word' id='word_1_137' title='bbox 2240 737 2325 791; x_wconf 81' lang='grc'><strong>15.</strong></span> <span class='ocrx_word' id='word_1_138' title='bbox 2376 736 2628 791; x_wconf 85' lang='lat' dir='ltr'><strong><em>Noverint</em></strong></span> <span class='ocrx_word' id='word_1_139' title='bbox 2660 735 3013 808; x_wconf 82' lang='lat' dir='ltr'><strong><em>(grammatici</em></strong></span> <span class='ocrx_word' id='word_1_140' title='bbox 3063 742 3156 791; x_wconf 89' lang='lat' dir='ltr'><strong><em>aut</em></strong></span> <span class='ocrx_word' id='word_1_141' title='bbox 3202 744 3446 791; x_wconf 86' lang='lat' dir='ltr'><strong><em>oratores</em></strong></span> 
     </span>
    </p>
   </div>
   <div class='ocr_carea' id='block_1_23' title="bbox 1870 827 3476 903">
    <p class='ocr_par' dir='ltr' id='par_1_23' title="bbox 1870 827 3476 903">
     <span class='ocr_line' id='line_1_23' title="bbox 1870 827 3476 903; baseline 0 -23"><span class='ocrx_word' id='word_1_142' title='bbox 1870 829 1959 898; x_wconf 90' lang='lat' dir='ltr'><strong><em>qui</em></strong></span> <span class='ocrx_word' id='word_1_143' title='bbox 1996 829 2412 896; x_wconf 86' lang='lat' dir='ltr'><strong><em>catechizantur,</em></strong></span> <span class='ocrx_word' id='word_1_144' title='bbox 2442 844 2562 883; x_wconf 90' lang='lat' dir='ltr'><strong><em>cum</em></strong></span> <span class='ocrx_word' id='word_1_145' title='bbox 2600 827 2887 883; x_wconf 85' lang='lat' dir='ltr'><strong><em>Christiani</em></strong></span> <span class='ocrx_word' id='word_1_146' title='bbox 2915 827 3028 883; x_wconf 81' lang='lat' dir='ltr'><strong><em>fieri</em></strong></span> <span class='ocrx_word' id='word_1_147' title='bbox 3065 827 3270 898; x_wconf 87' lang='lat' dir='ltr'><strong><em>volunt)</em></strong></span> <span class='ocrx_word' id='word_1_148' title='bbox 3292 829 3476 903; x_wconf 89' lang='lat' dir='ltr'><strong><em>etiam_</em></strong></span> 
     </span>
    </p>
   </div>
   <div class='ocr_carea' id='block_1_24' title="bbox 1871 918 3449 989">
    <p class='ocr_par' dir='ltr' id='par_1_24' title="bbox 1871 918 3449 989">
     <span class='ocr_line' id='line_1_24' title="bbox 1871 918 3449 989; baseline -0.001 -15"><span class='ocrx_word' id='word_1_149' title='bbox 1871 936 1974 974; x_wconf 87' lang='lat' dir='ltr'><strong><em>non</em></strong></span> <span class='ocrx_word' id='word_1_150' title='bbox 2000 936 2106 974; x_wconf 84' lang='lat' dir='ltr'><strong><em>esse</em></strong></span> <span class='ocrx_word' id='word_1_151' title='bbox 2133 935 2302 974; x_wconf 88' lang='lat' dir='ltr'><strong><em>vocem</em></strong></span> <span class='ocrx_word' id='word_1_152' title='bbox 2338 921 2404 974; x_wconf 92' lang='lat' dir='ltr'><strong><em>ad</em></strong></span> <span class='ocrx_word' id='word_1_153' title='bbox 2428 936 2577 973; x_wconf 91' lang='lat' dir='ltr'><strong><em>aures</em></strong></span> <span class='ocrx_word' id='word_1_154' title='bbox 2618 918 2732 984; x_wconf 86' lang='lat' dir='ltr'><strong><em>Dei,</em></strong></span> <span class='ocrx_word' id='word_1_155' title='bbox 2764 920 2859 973; x_wconf 86' lang='lat' dir='ltr'><strong><em>nisi</em></strong></span> <span class='ocrx_word' id='word_1_156' title='bbox 2891 919 3049 973; x_wconf 92' lang='lat' dir='ltr'><strong><em>animi</em></strong></span> <span class='ocrx_word' id='word_1_157' title='bbox 3073 918 3345 989; x_wconf 71' lang='lat' dir='ltr'><strong><em>affectum;</em></strong></span> <span class='ocrx_word' id='word_1_158' title='bbox 3374 920 3449 973; x_wconf 91' lang='lat' dir='ltr'><strong><em>ita</em></strong></span> 
     </span>
    </p>
   </div>
   <div class='ocr_carea' id='block_1_25' title="bbox 1872 1009 3449 1081">
    <p class='ocr_par' dir='ltr' id='par_1_25' title="bbox 1872 1009 3449 1081">
     <span class='ocr_line' id='line_1_25' title="bbox 1872 1009 3449 1081; baseline 0 -16"><span class='ocrx_word' id='word_1_159' title='bbox 1872 1011 2005 1065; x_wconf 82' lang='lat' dir='ltr'><strong><em>enim</em></strong></span> <span class='ocrx_word' id='word_1_160' title='bbox 2033 1026 2136 1064; x_wconf 91' lang='lat' dir='ltr'><strong><em>non</em></strong></span> <span class='ocrx_word' id='word_1_161' title='bbox 2160 1011 2461 1081; x_wconf 87' lang='lat' dir='ltr'><strong><em>irridebunt,</em></strong></span> <span class='ocrx_word' id='word_1_162' title='bbox 2491 1012 2535 1065; x_wconf 91' lang='lat' dir='ltr'><strong><em>si</em></strong></span> <span class='ocrx_word' id='word_1_163' title='bbox 2564 1009 2765 1079; x_wconf 88' lang='lat' dir='ltr'><strong><em>aliquos</em></strong></span> <span class='ocrx_word' id='word_1_164' title='bbox 2810 1012 3059 1065; x_wconf 70' lang='lat' dir='ltr'><strong><em>antistites</em></strong></span> <span class='ocrx_word' id='word_1_165' title='bbox 3099 1019 3148 1065; x_wconf 89' lang='lat' dir='ltr'><strong><em>et</em></strong></span> <span class='ocrx_word' id='word_1_166' title='bbox 3191 1012 3449 1065; x_wconf 79' lang='lat' dir='ltr'><strong><em>ministros</em></strong></span> 
     </span>
    </p>
   </div>
   <div class='ocr_carea' id='block_1_26' title="bbox 1874 1099 3453 1172">
    <p class='ocr_par' dir='ltr' id='par_1_26' title="bbox 1874 1099 3453 1172">
     <span class='ocr_line' id='line_1_26' title="bbox 1874 1099 3453 1172; baseline 0.003 -19"><span class='ocrx_word' id='word_1_167' title='bbox 1874 1099 2119 1156; x_wconf 65' lang='lat' dir='ltr'><strong><em>Ecclesiae</em></strong></span> <span class='ocrx_word' id='word_1_168' title='bbox 2142 1104 2270 1172; x_wconf 93' lang='lat' dir='ltr'><strong><em>forte</em></strong></span> <span class='ocrx_word' id='word_1_169' title='bbox 2293 1103 2761 1167; x_wconf 83' lang='lat' dir='ltr'><strong><em>animadverterint,</em></strong></span> <span class='ocrx_word' id='word_1_170' title='bbox 2796 1102 2871 1157; x_wconf 91' lang='lat' dir='ltr'><strong><em>vel</em></strong></span> <span class='ocrx_word' id='word_1_171' title='bbox 2904 1120 3019 1157; x_wconf 88' lang='lat' dir='ltr'><strong><em>cum</em></strong></span> <span class='ocrx_word' id='word_1_172' title='bbox 3050 1104 3374 1159; x_wconf 87' lang='lat' dir='ltr'><strong><em>barbarismis</em></strong></span> <span class='ocrx_word' id='word_1_173' title='bbox 3402 1113 3453 1158; x_wconf 89' lang='lat' dir='ltr'><strong><em>et</em></strong></span> 
     </span>
    </p>
   </div>
   <div class='ocr_carea' id='block_1_27' title="bbox 1872 1192 3453 1269">
    <p class='ocr_par' dir='ltr' id='par_1_27' title="bbox 1872 1192 3453 1269">
     <span class='ocr_line' id='line_1_27' title="bbox 1872 1192 3453 1269; baseline 0.003 -21"><span class='ocrx_word' id='word_1_174' title='bbox 1872 1192 2166 1248; x_wconf 79' lang='lat' dir='ltr'><strong><em>solaecismis</em></strong></span> <span class='ocrx_word' id='word_1_175' title='bbox 2195 1195 2360 1249; x_wconf 87' lang='lat' dir='ltr'><strong><em>Deum</em></strong></span> <span class='ocrx_word' id='word_1_176' title='bbox 2382 1196 2656 1260; x_wconf 83' lang='lat' dir='ltr'><strong><em>invocare;</em></strong></span> <span class='ocrx_word' id='word_1_177' title='bbox 2684 1196 2762 1249; x_wconf 89' lang='lat' dir='ltr'><strong><em>vel</em></strong></span> <span class='ocrx_word' id='word_1_178' title='bbox 2786 1196 2960 1249; x_wconf 85' lang='lat' dir='ltr'><strong><em>cadent</em></strong></span> <span class='ocrx_word' id='word_1_179' title='bbox 2987 1197 3137 1250; x_wconf 89' lang='lat' dir='ltr'><strong><em>verba</em></strong></span> <span class='ocrx_word' id='word_1_180' title='bbox 3178 1214 3289 1267; x_wconf 72' lang='lat' dir='ltr'><strong><em>qua:</em></strong></span> <span class='ocrx_word' id='word_1_181' title='bbox 3333 1216 3453 1269; x_wconf 83' lang='lat' dir='ltr'><strong><em>pro-</em></strong></span> 
     </span>
    </p>
   </div>
   <div class='ocr_carea' id='block_1_28' title="bbox 1876 1285 3455 1359">
    <p class='ocr_par' dir='ltr' id='par_1_28' title="bbox 1876 1285 3455 1359">
     <span class='ocr_line' id='line_1_28' title="bbox 1876 1285 3455 1359; baseline 0.004 -21"><span class='ocrx_word' id='word_1_182' title='bbox 1876 1287 2135 1355; x_wconf 87' lang='lat' dir='ltr'><strong><em>nuntiant,</em></strong></span> <span class='ocrx_word' id='word_1_183' title='bbox 2173 1302 2277 1341; x_wconf 86' lang='lat' dir='ltr'><strong><em>non</em></strong></span> <span class='ocrx_word' id='word_1_184' title='bbox 2305 1285 2620 1356; x_wconf 85' lang='lat' dir='ltr'><strong><em>intelligere,</em></strong></span> <span class='ocrx_word' id='word_1_185' title='bbox 2668 1288 3056 1357; x_wconf 84' lang='lat' dir='ltr'><strong><em>perturbateque</em></strong></span> <span class='ocrx_word' id='word_1_186' title='bbox 3099 1285 3455 1359; x_wconf 86' lang='lat' dir='ltr'><strong><em>distinguere.]</em></strong></span> 
     </span>
    </p>
   </div>
   <div class='ocr_carea' id='block_1_29' title="bbox 1876 1377 3457 1449">
    <p class='ocr_par' dir='ltr' id='par_1_29' title="bbox 1876 1377 3457 1449">
     <span class='ocr_line' id='line_1_29' title="bbox 1876 1377 3457 1449; baseline 0.003 -17"><span class='ocrx_word' id='word_1_187' title='bbox 1876 1377 2021 1448; x_wconf 91' lang='lat' dir='ltr'><strong><em>Pigri</em></strong></span> <span class='ocrx_word' id='word_1_188' title='bbox 2049 1393 2181 1434; x_wconf 87' lang='lat' dir='ltr'><strong><em>sane</em></strong></span> <span class='ocrx_word' id='word_1_189' title='bbox 2225 1379 2440 1435; x_wconf 88' lang='lat' dir='ltr'><strong><em>fuerunt</em></strong></span> <span class='ocrx_word' id='word_1_190' title='bbox 2468 1388 2522 1435; x_wconf 91' lang='lat' dir='ltr'><strong><em>et</em></strong></span> <span class='ocrx_word' id='word_1_191' title='bbox 2552 1379 2758 1449; x_wconf 89' lang='lat' dir='ltr'><strong><em>indigni</em></strong></span> <span class='ocrx_word' id='word_1_192' title='bbox 2791 1380 2884 1449; x_wconf 89' lang='lat' dir='ltr'><strong><em>qui</em></strong></span> <span class='ocrx_word' id='word_1_193' title='bbox 2929 1379 3141 1448; x_wconf 88' lang='lat' dir='ltr'><strong><em>publice</em></strong></span> <span class='ocrx_word' id='word_1_194' title='bbox 3170 1382 3457 1437; x_wconf 87' lang='lat' dir='ltr'><strong><em>conciones</em></strong></span> 
     </span>
    </p>
   </div>
   <div class='ocr_carea' id='block_1_30' title="bbox 1877 1469 3456 1541">
    <p class='ocr_par' dir='ltr' id='par_1_30' title="bbox 1877 1469 3456 1541">
     <span class='ocr_line' id='line_1_30' title="bbox 1877 1469 3456 1541; baseline 0.003 -18"><span class='ocrx_word' id='word_1_195' title='bbox 1877 1469 1946 1523; x_wconf 91' lang='lat' dir='ltr'><strong><em>ad</em></strong></span> <span class='ocrx_word' id='word_1_196' title='bbox 1995 1472 2250 1541; x_wconf 88' lang='lat' dir='ltr'><strong><em>populum</em></strong></span> <span class='ocrx_word' id='word_1_197' title='bbox 2304 1471 2584 1538; x_wconf 84' lang='lat' dir='ltr'><strong><em>haberent,</em></strong></span> <span class='ocrx_word' id='word_1_198' title='bbox 2616 1481 2707 1525; x_wconf 90' lang='lat' dir='ltr'><strong><em>aut</em></strong></span> <span class='ocrx_word' id='word_1_199' title='bbox 2753 1486 2939 1541; x_wconf 88' lang='lat' dir='ltr'><strong><em>preces</em></strong></span> <span class='ocrx_word' id='word_1_200' title='bbox 2965 1486 3144 1527; x_wconf 90' lang='lat' dir='ltr'><strong><em>coram</em></strong></span> <span class='ocrx_word' id='word_1_201' title='bbox 3173 1488 3239 1528; x_wconf 92' lang='lat' dir='ltr'><strong><em>eo</em></strong></span> <span class='ocrx_word' id='word_1_202' title='bbox 3264 1474 3456 1529; x_wconf 89' lang='lat' dir='ltr'><strong><em>funde-</em></strong></span> 
     </span>
    </p>
   </div>
   <div class='ocr_carea' id='block_1_31' title="bbox 1878 1561 3461 1632">
    <p class='ocr_par' dir='ltr' id='par_1_31' title="bbox 1878 1561 3461 1632">
     <span class='ocr_line' id='line_1_31' title="bbox 1878 1561 3461 1632; baseline 0.002 -17"><span class='ocrx_word' id='word_1_203' title='bbox 1878 1570 2030 1626; x_wconf 86' lang='lat' dir='ltr'><strong><em>rent;</em></strong></span> <span class='ocrx_word' id='word_1_204' title='bbox 2076 1563 2168 1632; x_wconf 89' lang='lat' dir='ltr'><strong><em>qul</em></strong></span> <span class='ocrx_word' id='word_1_205' title='bbox 2214 1577 2333 1617; x_wconf 90' lang='lat' dir='ltr'><strong><em>cum</em></strong></span> <span class='ocrx_word' id='word_1_206' title='bbox 2374 1563 2466 1616; x_wconf 89' lang='lat' dir='ltr'><strong><em>uni</em></strong></span> <span class='ocrx_word' id='word_1_207' title='bbox 2511 1562 2709 1632; x_wconf 60' lang='lat' dir='ltr'><strong><em>linguae</em></strong></span> <span class='ocrx_word' id='word_1_208' title='bbox 2742 1561 2964 1628; x_wconf 62' lang='lat' dir='ltr'><strong><em>Latinae,</em></strong></span> <span class='ocrx_word' id='word_1_209' title='bbox 3005 1578 3104 1617; x_wconf 92' lang='lat' dir='ltr'><strong><em>nec</em></strong></span> <span class='ocrx_word' id='word_1_210' title='bbox 3141 1578 3219 1618; x_wconf 71' lang='lat' dir='ltr'><strong><em>ere</em></strong></span> <span class='ocrx_word' id='word_1_211' title='bbox 3246 1564 3461 1618; x_wconf 82' lang='lat' dir='ltr'><strong><em>Cicero-</em></strong></span> 
     </span>
    </p>
   </div>
   <div class='ocr_carea' id='block_1_32' title="bbox 1880 1654 3463 1725">
    <p class='ocr_par' dir='ltr' id='par_1_32' title="bbox 1880 1654 3463 1725">
     <span class='ocr_line' id='line_1_32' title="bbox 1880 1654 3463 1725; baseline 0.003 -18"><span class='ocrx_word' id='word_1_212' title='bbox 1880 1656 2054 1709; x_wconf 70' lang='lat' dir='ltr'><strong><em>nianze</em></strong></span> <span class='ocrx_word' id='word_1_213' title='bbox 2079 1696 2093 1719; x_wconf 92' lang='lat'><strong><em>,</em></strong></span> <span class='ocrx_word' id='word_1_214' title='bbox 2145 1656 2238 1709; x_wconf 88' lang='lat' dir='ltr'><strong><em>sed</em></strong></span> <span class='ocrx_word' id='word_1_215' title='bbox 2285 1656 2497 1725; x_wconf 86' lang='lat' dir='ltr'><strong><em>qualem</em></strong></span> <span class='ocrx_word' id='word_1_216' title='bbox 2537 1668 2667 1710; x_wconf 70' lang='lat' dir='ltr'><strong><em>tetas</em></strong></span> <span class='ocrx_word' id='word_1_217' title='bbox 2708 1655 2798 1711; x_wconf 87' lang='lat' dir='ltr'><strong><em>illa</em></strong></span> <span class='ocrx_word' id='word_1_218' title='bbox 2830 1654 3052 1719; x_wconf 89' lang='lat' dir='ltr'><strong><em>ferebat,</em></strong></span> <span class='ocrx_word' id='word_1_219' title='bbox 3085 1672 3301 1724; x_wconf 87' lang='lat' dir='ltr'><strong><em>operam</em></strong></span> <span class='ocrx_word' id='word_1_220' title='bbox 3332 1657 3463 1711; x_wconf 88' lang='lat' dir='ltr'><strong><em>dare</em></strong></span> 
     </span>
    </p>
   </div>
   <div class='ocr_carea' id='block_1_33' title="bbox 1881 1746 3465 1817">
    <p class='ocr_par' dir='ltr' id='par_1_33' title="bbox 1881 1746 3465 1817">
     <span class='ocr_line' id='line_1_33' title="bbox 1881 1746 3465 1817; baseline 0 -16"><span class='ocrx_word' id='word_1_221' title='bbox 1881 1747 2157 1813; x_wconf 84' lang='lat' dir='ltr'><strong><em>deberent,</em></strong></span> <span class='ocrx_word' id='word_1_222' title='bbox 2191 1765 2257 1802; x_wconf 89' lang='lat' dir='ltr'><strong><em>ne</em></strong></span> <span class='ocrx_word' id='word_1_223' title='bbox 2284 1763 2402 1803; x_wconf 87' lang='lat' dir='ltr'><strong><em>eam</em></strong></span> <span class='ocrx_word' id='word_1_224' title='bbox 2436 1747 2653 1817; x_wconf 85' lang='lat' dir='ltr'><strong><em>quidem</em></strong></span> <span class='ocrx_word' id='word_1_225' title='bbox 2684 1748 2756 1800; x_wconf 90' lang='lat' dir='ltr'><strong><em>ita</em></strong></span> <span class='ocrx_word' id='word_1_226' title='bbox 2786 1746 3084 1811; x_wconf 84' lang='lat' dir='ltr'><strong><em>discebant,</em></strong></span> <span class='ocrx_word' id='word_1_227' title='bbox 3105 1756 3163 1800; x_wconf 93' lang='lat' dir='ltr'><strong><em>ut</em></strong></span> <span class='ocrx_word' id='word_1_228' title='bbox 3182 1749 3299 1801; x_wconf 89' lang='lat' dir='ltr'><strong><em>sine</em></strong></span> <span class='ocrx_word' id='word_1_229' title='bbox 3319 1761 3465 1801; x_wconf 90' lang='lat' dir='ltr'><strong><em>cras-</em></strong></span> 
     </span>
    </p>
   </div>
   <div class='ocr_carea' id='block_1_34' title="bbox 200 1836 3464 1910">
    <p class='ocr_par' dir='ltr' id='par_1_34' title="bbox 200 1836 3464 1910">
     <span class='ocr_line' id='line_1_34' title="bbox 200 1836 3464 1910; baseline -0.001 -13"><span class='ocrx_word' id='word_1_230' title='bbox 200 1859 387 1897; x_wconf 90' lang='lat' dir='ltr'><strong><em>corum</em></strong></span> <span class='ocrx_word' id='word_1_231' title='bbox 419 1851 552 1901; x_wconf 85' lang='lat' dir='ltr'><strong><em>tom.</em></strong></span> <span class='ocrx_word' id='word_1_232' title='bbox 584 1841 646 1907; x_wconf 88' lang='lat' dir='ltr'><strong><em>ll,</em></strong></span> <span class='ocrx_word' id='word_1_233' title='bbox 677 1841 772 1895; x_wconf 92' lang='lat' dir='ltr'><strong><em>lib.</em></strong></span> <span class='ocrx_word' id='word_1_234' title='bbox 804 1856 876 1906; x_wconf 87' lang='lat' dir='ltr'><strong><em>tv,</em></strong></span> <span class='ocrx_word' id='word_1_235' title='bbox 906 1854 1027 1910; x_wconf 89' lang='lat' dir='ltr'><strong><em>cap.</em></strong></span> <span class='ocrx_word' id='word_1_236' title='bbox 1058 1837 1114 1907; x_wconf 92' lang='lat'><strong><em>2,</em></strong></span> <span class='ocrx_word' id='word_1_237' title='bbox 1146 1855 1210 1893; x_wconf 85' lang='lat' dir='ltr'><strong><em>ex</em></strong></span> <span class='ocrx_word' id='word_1_238' title='bbox 1239 1838 1477 1893; x_wconf 89' lang='lat' dir='ltr'><strong><em>editione</em></strong></span> <span class='ocrx_word' id='word_1_239' title='bbox 1505 1836 1777 1892; x_wconf 59' lang='lat' dir='ltr'><strong><em>Amsteloa</em></strong></span> <span class='ocrx_word' id='word_1_240' title='bbox 1802 1840 1853 1902; x_wconf 81' lang='grc' dir='ltr'><strong><em>Β</em></strong></span> <span class='ocrx_word' id='word_1_241' title='bbox 1879 1839 2115 1893; x_wconf 86' lang='lat' dir='ltr'><strong><em>sioribus</em></strong></span> <span class='ocrx_word' id='word_1_242' title='bbox 2146 1841 2382 1906; x_wconf 84' lang='lat' dir='ltr'><strong><em>peccatis</em></strong></span> <span class='ocrx_word' id='word_1_243' title='bbox 2404 1840 2584 1894; x_wconf 84' lang='lat' dir='ltr'><strong><em>dicere</em></strong></span> <span class='ocrx_word' id='word_1_244' title='bbox 2616 1849 2706 1891; x_wconf 90' lang='lat' dir='ltr'><strong><em>aut</em></strong></span> <span class='ocrx_word' id='word_1_245' title='bbox 2730 1838 2909 1907; x_wconf 86' lang='lat' dir='ltr'><strong><em>legere</em></strong></span> <span class='ocrx_word' id='word_1_246' title='bbox 2951 1849 3189 1907; x_wconf 87' lang='lat' dir='ltr'><strong><em>possent.</em></strong></span> <span class='ocrx_word' id='word_1_247' title='bbox 3220 1838 3464 1908; x_wconf 86' lang='lat' dir='ltr'><strong><em>Magnam</em></strong></span> 
     </span>
    </p>
   </div>
   <div class='ocr_carea' id='block_1_35' title="bbox 201 1926 1777 2001">
    <p class='ocr_par' dir='ltr' id='par_1_35' title="bbox 201 1926 1777 2001">
     <span class='ocr_line' id='line_1_35' title="bbox 201 1926 1777 2001; baseline -0.004 -13"><span class='ocrx_word' id='word_1_248' title='bbox 201 1933 468 2000; x_wconf 85' lang='lat' dir='ltr'><strong><em>damensi,</em></strong></span> <span class='ocrx_word' id='word_1_249' title='bbox 500 1931 642 1987; x_wconf 87' lang='lat' dir='ltr'><strong><em>unde</em></strong></span> <span class='ocrx_word' id='word_1_250' title='bbox 671 1930 799 2001; x_wconf 88' lang='lat' dir='ltr'><strong><em>quid</em></strong></span> <span class='ocrx_word' id='word_1_251' title='bbox 829 1931 1059 1986; x_wconf 88' lang='lat' dir='ltr'><strong><em>senserit</em></strong></span> <span class='ocrx_word' id='word_1_252' title='bbox 1104 1930 1430 2000; x_wconf 84' lang='lat' dir='ltr'><strong><em>Augustinus</em></strong></span> <span class='ocrx_word' id='word_1_253' title='bbox 1469 1943 1536 1983; x_wconf 80' lang='lat' dir='ltr'><strong><em>ex</em></strong></span> <span class='ocrx_word' id='word_1_254' title='bbox 1580 1926 1777 1983; x_wconf 83' lang='lat' dir='ltr'><strong><em>notulis</em></strong></span> 
     </span>
    </p>
   </div>
   <div class='ocr_carea' id='block_1_36' title="bbox 199 2026 636 2097">
    <p class='ocr_par' dir='ltr' id='par_1_36' title="bbox 199 2026 636 2097">
     <span class='ocr_line' id='line_1_36' title="bbox 199 2026 636 2097; baseline -0.007 -16"><span class='ocrx_word' id='word_1_255' title='bbox 199 2027 371 2097; x_wconf 85' lang='lat' dir='ltr'><strong><em>magis</em></strong></span> <span class='ocrx_word' id='word_1_256' title='bbox 397 2026 636 2096; x_wconf 87' lang='lat' dir='ltr'><strong><em>liquebit.</em></strong></span> 
     </span>
    </p>
   </div>
   <div class='ocr_carea' id='block_1_37' title="bbox 264 2112 1780 2189">
    <p class='ocr_par' dir='ltr' id='par_1_37' title="bbox 264 2112 1780 2189">
     <span class='ocr_line' id='line_1_37' title="bbox 264 2112 1780 2189; baseline -0.007 -14"><span class='ocrx_word' id='word_1_257' title='bbox 264 2123 405 2189; x_wconf 86' lang='lat' dir='ltr'><strong><em>Cap.</em></strong></span> <span class='ocrx_word' id='word_1_258' title='bbox 435 2121 524 2187; x_wconf 84' lang='lat'><strong><em>20,</em></strong></span> <span class='ocrx_word' id='word_1_259' title='bbox 560 2118 586 2189; x_wconf 83' lang='lat'><strong>§</strong></span> <span class='ocrx_word' id='word_1_260' title='bbox 618 2117 709 2171; x_wconf 89' lang='lat'><strong><em>22.</em></strong></span> <span class='ocrx_word' id='word_1_261' title='bbox 750 2117 968 2174; x_wconf 84' lang='lat' dir='ltr'><strong><em>Verbum</em></strong></span> <span class='ocrx_word' id='word_1_262' title='bbox 996 2119 1051 2171; x_wconf 88' lang='lat' dir='ltr'><strong><em>in</em></strong></span> <span class='ocrx_word' id='word_1_263' title='bbox 1080 2118 1329 2187; x_wconf 82' lang='lat' dir='ltr'><strong><em>principio</em></strong></span> <span class='ocrx_word' id='word_1_264' title='bbox 1360 2131 1449 2184; x_wconf 83' lang='lat' dir='ltr'><strong><em>per</em></strong></span> <span class='ocrx_word' id='word_1_265' title='bbox 1475 2112 1613 2183; x_wconf 92' lang='lat' dir='ltr'><strong><em>quod</em></strong></span> <span class='ocrx_word' id='word_1_266' title='bbox 1643 2119 1780 2183; x_wconf 79' lang='lat' dir='ltr'><strong><em>facta</em></strong></span> 
     </span>
    </p>
   </div>
   <div class='ocr_carea' id='block_1_38' title="bbox 203 2209 1781 2281">
    <p class='ocr_par' dir='ltr' id='par_1_38' title="bbox 203 2209 1781 2281">
     <span class='ocr_line' id='line_1_38' title="bbox 203 2209 1781 2281; baseline -0.005 -15"><span class='ocrx_word' id='word_1_267' title='bbox 203 2223 315 2267; x_wconf 83' lang='lat' dir='ltr'><strong><em>sunt</em></strong></span> <span class='ocrx_word' id='word_1_268' title='bbox 346 2214 539 2278; x_wconf 85' lang='lat' dir='ltr'><strong><em>omnia,</em></strong></span> <span class='ocrx_word' id='word_1_269' title='bbox 562 2229 663 2265; x_wconf 90' lang='lat' dir='ltr'><strong><em>non</em></strong></span> <span class='ocrx_word' id='word_1_270' title='bbox 685 2214 758 2264; x_wconf 88' lang='lat' dir='ltr'><strong><em>sic</em></strong></span> <span class='ocrx_word' id='word_1_271' title='bbox 788 2211 1063 2281; x_wconf 79' lang='lat' dir='ltr'><strong><em>assumpsit</em></strong></span> <span class='ocrx_word' id='word_1_272' title='bbox 1096 2211 1346 2264; x_wconf 81' lang='lat' dir='ltr'><strong><em>hominem</em></strong></span> <span class='ocrx_word' id='word_1_273' title='bbox 1374 2209 1522 2262; x_wconf 90' lang='lat' dir='ltr'><strong><em>illum</em></strong></span> <span class='ocrx_word' id='word_1_274' title='bbox 1555 2216 1609 2260; x_wconf 86' lang='lat' dir='ltr'><strong><em>ut</em></strong></span> <span class='ocrx_word' id='word_1_275' title='bbox 1634 2216 1781 2260; x_wconf 62' lang='lat' dir='ltr'><strong><em>caete-</em></strong></span> 
     </span>
    </p>
   </div>
   <div class='ocr_carea' id='block_1_39' title="bbox 203 2299 1782 2370">
    <p class='ocr_par' dir='ltr' id='par_1_39' title="bbox 203 2299 1782 2370">
     <span class='ocr_line' id='line_1_39' title="bbox 203 2299 1782 2370; baseline -0.004 -12"><span class='ocrx_word' id='word_1_276' title='bbox 203 2322 282 2358; x_wconf 89' lang='lat' dir='ltr'><strong><em>ros</em></strong></span> <span class='ocrx_word' id='word_1_277' title='bbox 308 2314 537 2370; x_wconf 84' lang='lat' dir='ltr'><strong><em>sanctos,</em></strong></span> <span class='ocrx_word' id='word_1_278' title='bbox 566 2304 654 2357; x_wconf 89' lang='lat' dir='ltr'><strong><em>sed</em></strong></span> <span class='ocrx_word' id='word_1_279' title='bbox 674 2304 834 2356; x_wconf 79' lang='lat' dir='ltr'><strong><em>multo</em></strong></span> <span class='ocrx_word' id='word_1_280' title='bbox 853 2303 1180 2356; x_wconf 73' lang='lat' dir='ltr'><strong><em>excellentius</em></strong></span> <span class='ocrx_word' id='word_1_281' title='bbox 1202 2305 1460 2370; x_wconf 85' lang='lat' dir='ltr'><strong><em>multoque</em></strong></span> <span class='ocrx_word' id='word_1_282' title='bbox 1481 2299 1782 2363; x_wconf 86' lang='lat' dir='ltr'><strong><em>sublimius;</em></strong></span> 
     </span>
    </p>
   </div>
   <div class='ocr_carea' id='block_1_40' title="bbox 205 2392 1784 2467">
    <p class='ocr_par' dir='ltr' id='par_1_40' title="bbox 205 2392 1784 2467">
     <span class='ocr_line' id='line_1_40' title="bbox 205 2392 1784 2467; baseline -0.005 -16"><span class='ocrx_word' id='word_1_283' title='bbox 205 2399 463 2467; x_wconf 84' lang='lat' dir='ltr'><strong><em>quomodo</em></strong></span> <span class='ocrx_word' id='word_1_284' title='bbox 491 2400 657 2466; x_wconf 86' lang='lat' dir='ltr'><strong><em>ipsum</em></strong></span> <span class='ocrx_word' id='word_1_285' title='bbox 685 2396 848 2450; x_wconf 86' lang='lat' dir='ltr'><strong><em>solum</em></strong></span> <span class='ocrx_word' id='word_1_286' title='bbox 878 2396 1068 2449; x_wconf 83' lang='lat' dir='ltr'><strong><em>assumi</em></strong></span> <span class='ocrx_word' id='word_1_287' title='bbox 1097 2397 1340 2464; x_wconf 80' lang='lat' dir='ltr'><strong><em>oportuit,</em></strong></span> <span class='ocrx_word' id='word_1_288' title='bbox 1365 2396 1418 2446; x_wconf 88' lang='lat' dir='ltr'><strong><em>in</em></strong></span> <span class='ocrx_word' id='word_1_289' title='bbox 1441 2410 1540 2463; x_wconf 84' lang='lat' dir='ltr'><strong><em>quo</em></strong></span> <span class='ocrx_word' id='word_1_290' title='bbox 1564 2392 1784 2463; x_wconf 85' lang='lat' dir='ltr'><strong><em>Sapien-</em></strong></span> 
     </span>
    </p>
   </div>
   <div class='ocr_carea' id='block_1_41' title="bbox 211 2482 1786 2558">
    <p class='ocr_par' dir='ltr' id='par_1_41' title="bbox 211 2482 1786 2558">
     <span class='ocr_line' id='line_1_41' title="bbox 211 2482 1786 2558; baseline -0.004 -17"><span class='ocrx_word' id='word_1_291' title='bbox 211 2491 275 2542; x_wconf 88' lang='lat' dir='ltr'><strong><em>tia</em></strong></span> <span class='ocrx_word' id='word_1_292' title='bbox 309 2489 605 2543; x_wconf 85' lang='lat' dir='ltr'><strong><em>hominibus</em></strong></span> <span class='ocrx_word' id='word_1_293' title='bbox 630 2482 919 2558; x_wconf 83' lang='lat' dir='ltr'><strong><em>appareret,</em></strong></span> <span class='ocrx_word' id='word_1_294' title='bbox 958 2488 1090 2541; x_wconf 88' lang='lat' dir='ltr'><strong><em>sicut</em></strong></span> <span class='ocrx_word' id='word_1_295' title='bbox 1140 2503 1250 2541; x_wconf 89' lang='lat' dir='ltr'><strong><em>eam</em></strong></span> <span class='ocrx_word' id='word_1_296' title='bbox 1288 2484 1551 2539; x_wconf 88' lang='lat' dir='ltr'><strong><em>visibiliter</em></strong></span> <span class='ocrx_word' id='word_1_297' title='bbox 1579 2483 1786 2536; x_wconf 85' lang='lat' dir='ltr'><strong><em>decebat</em></strong></span> 
     </span>
    </p>
   </div>
   <div class='ocr_carea' id='block_1_42' title="bbox 207 2573 1788 2649">
    <p class='ocr_par' dir='ltr' id='par_1_42' title="bbox 207 2573 1788 2649">
     <span class='ocr_line' id='line_1_42' title="bbox 207 2573 1788 2649; baseline -0.005 -15"><span class='ocrx_word' id='word_1_298' title='bbox 207 2577 456 2649; x_wconf 85' lang='lat' dir='ltr'><strong><em>ostendi.]</em></strong></span> <span class='ocrx_word' id='word_1_299' title='bbox 489 2579 768 2649; x_wconf 89' lang='lat' dir='ltr'><strong><em>Sapienter</em></strong></span> <span class='ocrx_word' id='word_1_300' title='bbox 794 2593 923 2632; x_wconf 87' lang='lat' dir='ltr'><strong><em>sane</em></strong></span> <span class='ocrx_word' id='word_1_301' title='bbox 941 2587 995 2631; x_wconf 90' lang='lat' dir='ltr'><strong><em>et</em></strong></span> <span class='ocrx_word' id='word_1_302' title='bbox 1018 2586 1075 2631; x_wconf 88' lang='lat' dir='ltr'><strong><em>ut</em></strong></span> <span class='ocrx_word' id='word_1_303' title='bbox 1098 2577 1404 2645; x_wconf 88' lang='lat' dir='ltr'><strong><em>theologum</em></strong></span> <span class='ocrx_word' id='word_1_304' title='bbox 1431 2575 1589 2629; x_wconf 91' lang='lat' dir='ltr'><strong><em>decet</em></strong></span> <span class='ocrx_word' id='word_1_305' title='bbox 1616 2573 1788 2643; x_wconf 90' lang='lat' dir='ltr'><strong><em>loqui-</em></strong></span> 
     </span>
    </p>
   </div>
   <div class='ocr_carea' id='block_1_43' title="bbox 206 2664 1787 2741">
    <p class='ocr_par' dir='ltr' id='par_1_43' title="bbox 206 2664 1787 2741">
     <span class='ocr_line' id='line_1_43' title="bbox 206 2664 1787 2741; baseline -0.005 -14"><span class='ocrx_word' id='word_1_306' title='bbox 206 2682 288 2727; x_wconf 91' lang='lat' dir='ltr'><strong><em>tur</em></strong></span> <span class='ocrx_word' id='word_1_307' title='bbox 318 2672 411 2726; x_wconf 90' lang='lat' dir='ltr'><strong><em>hic</em></strong></span> <span class='ocrx_word' id='word_1_308' title='bbox 439 2671 789 2741; x_wconf 85' lang='lat' dir='ltr'><strong><em>Augustinus,</em></strong></span> <span class='ocrx_word' id='word_1_309' title='bbox 821 2670 887 2724; x_wconf 91' lang='lat' dir='ltr'><strong><em>de</em></strong></span> <span class='ocrx_word' id='word_1_310' title='bbox 915 2668 1172 2724; x_wconf 73' lang='lat' dir='ltr'><strong><em>ineffabili</em></strong></span> <span class='ocrx_word' id='word_1_311' title='bbox 1192 2668 1568 2736; x_wconf 88' lang='lat' dir='ltr'><strong><em>conjunctione</em></strong></span> <span class='ocrx_word' id='word_1_312' title='bbox 1591 2664 1787 2719; x_wconf 66' lang='lat' dir='ltr'><strong><em>divinat</em></strong></span> 
     </span>
    </p>
   </div>
   <div class='ocr_carea' id='block_1_44' title="bbox 208 2758 1788 2832">
    <p class='ocr_par' dir='ltr' id='par_1_44' title="bbox 208 2758 1788 2832">
     <span class='ocr_line' id='line_1_44' title="bbox 208 2758 1788 2832; baseline -0.005 -13"><span class='ocrx_word' id='word_1_313' title='bbox 208 2764 435 2819; x_wconf 87' lang='lat' dir='ltr'><strong><em>rationis</em></strong></span> <span class='ocrx_word' id='word_1_314' title='bbox 453 2778 572 2817; x_wconf 89' lang='lat' dir='ltr'><strong><em>cum</em></strong></span> <span class='ocrx_word' id='word_1_315' title='bbox 598 2764 845 2828; x_wconf 90' lang='lat' dir='ltr'><strong><em>homine;</em></strong></span> <span class='ocrx_word' id='word_1_316' title='bbox 888 2762 983 2816; x_wconf 91' lang='lat' dir='ltr'><strong><em>sed</em></strong></span> <span class='ocrx_word' id='word_1_317' title='bbox 1010 2770 1193 2832; x_wconf 88' lang='lat' dir='ltr'><strong><em>postea</em></strong></span> <span class='ocrx_word' id='word_1_318' title='bbox 1223 2760 1427 2815; x_wconf 79' lang='lat' dir='ltr'><strong><em>exortis</em></strong></span> <span class='ocrx_word' id='word_1_319' title='bbox 1458 2758 1788 2813; x_wconf 86' lang='lat' dir='ltr'><strong><em>Nestorianis</em></strong></span> 
     </span>
    </p>
   </div>
   <div class='ocr_carea' id='block_1_45' title="bbox 210 2850 1792 2919">
    <p class='ocr_par' dir='ltr' id='par_1_45' title="bbox 210 2850 1792 2919">
     <span class='ocr_line' id='line_1_45' title="bbox 210 2850 1792 2919; baseline -0.006 -8"><span class='ocrx_word' id='word_1_320' title='bbox 210 2855 607 2919; x_wconf 82' lang='lat' dir='ltr'><strong><em>controversiis,</em></strong></span> <span class='ocrx_word' id='word_1_321' title='bbox 633 2869 753 2908; x_wconf 87' lang='lat' dir='ltr'><strong><em>cum</em></strong></span> <span class='ocrx_word' id='word_1_322' title='bbox 779 2854 959 2907; x_wconf 85' lang='lat' dir='ltr'><strong><em>omnia</em></strong></span> <span class='ocrx_word' id='word_1_323' title='bbox 987 2851 1123 2909; x_wconf 87' lang='lat' dir='ltr'><strong><em>odiis</em></strong></span> <span class='ocrx_word' id='word_1_324' title='bbox 1151 2866 1215 2907; x_wconf 89' lang='lat' dir='ltr'><strong><em>ac</em></strong></span> <span class='ocrx_word' id='word_1_325' title='bbox 1252 2850 1679 2905; x_wconf 88' lang='lat' dir='ltr'><strong><em>contentionibus</em></strong></span> <span class='ocrx_word' id='word_1_326' title='bbox 1701 2864 1792 2903; x_wconf 89' lang='lat' dir='ltr'><strong><em>ar-</em></strong></span> 
     </span>
    </p>
   </div>
   <div class='ocr_carea' id='block_1_46' title="bbox 214 2941 1791 3013">
    <p class='ocr_par' dir='ltr' id='par_1_46' title="bbox 214 2941 1791 3013">
     <span class='ocr_line' id='line_1_46' title="bbox 214 2941 1791 3013; baseline -0.005 -10"><span class='ocrx_word' id='word_1_327' title='bbox 214 2947 423 3013; x_wconf 81' lang='lat' dir='ltr'><strong><em>derent,</em></strong></span> <span class='ocrx_word' id='word_1_328' title='bbox 464 2946 592 3000; x_wconf 90' lang='lat' dir='ltr'><strong><em>dum</em></strong></span> <span class='ocrx_word' id='word_1_329' title='bbox 640 2945 823 3001; x_wconf 89' lang='lat' dir='ltr'><strong><em>volunt</em></strong></span> <span class='ocrx_word' id='word_1_330' title='bbox 879 2943 1192 2999; x_wconf 86' lang='lat' dir='ltr'><strong><em>audaciores</em></strong></span> <span class='ocrx_word' id='word_1_331' title='bbox 1240 2942 1470 3013; x_wconf 88' lang='lat' dir='ltr'><strong><em>theologi</em></strong></span> <span class='ocrx_word' id='word_1_332' title='bbox 1517 2941 1791 3010; x_wconf 84' lang='lat' dir='ltr'><strong><em>explicare</em></strong></span> 
     </span>
    </p>
   </div>
   <div class='ocr_carea' id='block_1_47' title="bbox 218 3037 1789 3111">
    <p class='ocr_par' dir='ltr' id='par_1_47' title="bbox 218 3037 1789 3111">
     <span class='ocr_line' id='line_1_47' title="bbox 218 3037 1789 3111; baseline -0.003 -15"><span class='ocrx_word' id='word_1_333' title='bbox 218 3043 350 3111; x_wconf 89' lang='lat' dir='ltr'><strong><em>quod</em></strong></span> <span class='ocrx_word' id='word_1_334' title='bbox 379 3041 647 3106; x_wconf 90' lang='lat' dir='ltr'><strong><em>nesciunt,</em></strong></span> <span class='ocrx_word' id='word_1_335' title='bbox 679 3041 965 3111; x_wconf 85' lang='lat' dir='ltr'><strong><em>omniaque</em></strong></span> <span class='ocrx_word' id='word_1_336' title='bbox 990 3041 1143 3095; x_wconf 89' lang='lat' dir='ltr'><strong><em>novis</em></strong></span> <span class='ocrx_word' id='word_1_337' title='bbox 1174 3040 1480 3094; x_wconf 90' lang='lat' dir='ltr'><strong><em>nominibus</em></strong></span> <span class='ocrx_word' id='word_1_338' title='bbox 1510 3037 1789 3106; x_wconf 88' lang='lat' dir='ltr'><strong><em>insignire,</em></strong></span> 
     </span>
    </p>
   </div>
   <div class='ocr_carea' id='block_1_48' title="bbox 232 3131 1796 3196">
    <p class='ocr_par' dir='ltr' id='par_1_48' title="bbox 232 3131 1796 3196">
     <span class='ocr_line' id='line_1_48' title="bbox 232 3131 1796 3196; baseline -0.001 -11"><span class='ocrx_word' id='word_1_339' title='bbox 232 3134 280 3185; x_wconf 90' lang='lat' dir='ltr'><strong><em>in</em></strong></span> <span class='ocrx_word' id='word_1_340' title='bbox 302 3142 378 3187; x_wconf 91' lang='lat' dir='ltr'><strong><em>tot</em></strong></span> <span class='ocrx_word' id='word_1_341' title='bbox 399 3131 770 3187; x_wconf 81' lang='lat' dir='ltr'><strong><em>difficultatum</em></strong></span> <span class='ocrx_word' id='word_1_342' title='bbox 800 3132 1102 3186; x_wconf 71' lang='lat' dir='ltr'><strong><em>maeandros</em></strong></span> <span class='ocrx_word' id='word_1_343' title='bbox 1124 3131 1443 3196; x_wconf 89' lang='lat' dir='ltr'><strong><em>inciderunt,</em></strong></span> <span class='ocrx_word' id='word_1_344' title='bbox 1463 3139 1522 3185; x_wconf 94' lang='lat' dir='ltr'><strong><em>ut</em></strong></span> <span class='ocrx_word' id='word_1_345' title='bbox 1546 3146 1667 3186; x_wconf 90' lang='lat' dir='ltr'><strong><em>sese</em></strong></span> <span class='ocrx_word' id='word_1_346' title='bbox 1695 3145 1796 3184; x_wconf 82' lang='lat' dir='ltr'><strong><em>ex-</em></strong></span> 
     </span>
    </p>
   </div>
   <div class='ocr_carea' id='block_1_49' title="bbox 1880 1930 3466 1987">
    <p class='ocr_par' dir='ltr' id='par_1_49' title="bbox 1880 1930 3466 1987">
     <span class='ocr_line' id='line_1_49' title="bbox 1880 1930 3466 1987; baseline -0.001 -2"><span class='ocrx_word' id='word_1_347' title='bbox 1880 1947 2007 1986; x_wconf 83' lang='lat' dir='ltr'><strong><em>vcro</em></strong></span> <span class='ocrx_word' id='word_1_348' title='bbox 2036 1943 2089 1986; x_wconf 91' lang='lat' dir='ltr'><strong><em>et</em></strong></span> <span class='ocrx_word' id='word_1_349' title='bbox 2120 1933 2525 1987; x_wconf 74' lang='lat' dir='ltr'><strong><em>memorandum</em></strong></span> <span class='ocrx_word' id='word_1_350' title='bbox 2554 1930 2927 1986; x_wconf 81' lang='lat' dir='ltr'><strong><em>difficultatem</em></strong></span> <span class='ocrx_word' id='word_1_351' title='bbox 2960 1930 3172 1986; x_wconf 89' lang='lat' dir='ltr'><strong><em>discere</em></strong></span> <span class='ocrx_word' id='word_1_352' title='bbox 3215 1932 3350 1986; x_wconf 89' lang='lat' dir='ltr'><strong><em>bene</em></strong></span> <span class='ocrx_word' id='word_1_353' title='bbox 3381 1932 3466 1985; x_wconf 87' lang='lat' dir='ltr'><strong><em>lo-</em></strong></span> 
     </span>
    </p>
   </div>
   <div class='ocr_carea' id='block_1_50' title="bbox 1881 2023 3470 2093">
    <p class='ocr_par' dir='ltr' id='par_1_50' title="bbox 1881 2023 3470 2093">
     <span class='ocr_line' id='line_1_50' title="bbox 1881 2023 3470 2093; baseline 0.003 -18"><span class='ocrx_word' id='word_1_354' title='bbox 1881 2024 1972 2093; x_wconf 90' lang='lat' dir='ltr'><strong><em>qui</em></strong></span> <span class='ocrx_word' id='word_1_355' title='bbox 2002 2024 2182 2092; x_wconf 86' lang='lat' dir='ltr'><strong><em>lingua</em></strong></span> <span class='ocrx_word' id='word_1_356' title='bbox 2212 2025 2495 2081; x_wconf 87' lang='lat' dir='ltr'><strong><em>vernacula</em></strong></span> <span class='ocrx_word' id='word_1_357' title='bbox 2519 2067 2532 2089; x_wconf 92' lang='lat'><strong><em>,</em></strong></span> <span class='ocrx_word' id='word_1_358' title='bbox 2568 2039 2688 2077; x_wconf 86' lang='lat' dir='ltr'><strong><em>cum</em></strong></span> <span class='ocrx_word' id='word_1_359' title='bbox 2725 2024 2888 2077; x_wconf 89' lang='lat' dir='ltr'><strong><em>nullis</em></strong></span> <span class='ocrx_word' id='word_1_360' title='bbox 2913 2023 3031 2077; x_wconf 90' lang='lat' dir='ltr'><strong><em>aliis</em></strong></span> <span class='ocrx_word' id='word_1_361' title='bbox 3058 2023 3256 2079; x_wconf 89' lang='lat' dir='ltr'><strong><em>studiis</em></strong></span> <span class='ocrx_word' id='word_1_362' title='bbox 3302 2026 3470 2079; x_wconf 88' lang='lat' dir='ltr'><strong><em>desti-</em></strong></span> 
     </span>
    </p>
   </div>
   <div class='ocr_carea' id='block_1_51' title="bbox 1882 2116 3471 2187">
    <p class='ocr_par' dir='ltr' id='par_1_51' title="bbox 1882 2116 3471 2187">
     <span class='ocr_line' id='line_1_51' title="bbox 1882 2116 3471 2187; baseline 0.002 -18"><span class='ocrx_word' id='word_1_363' title='bbox 1882 2117 2058 2171; x_wconf 88' lang='lat' dir='ltr'><strong><em>neris!</em></strong></span> <span class='ocrx_word' id='word_1_364' title='bbox 2086 2117 2189 2173; x_wconf 91' lang='lat' dir='ltr'><strong><em>Sed</em></strong></span> <span class='ocrx_word' id='word_1_365' title='bbox 2221 2118 2349 2186; x_wconf 89' lang='lat' dir='ltr'><strong><em>quid</em></strong></span> <span class='ocrx_word' id='word_1_366' title='bbox 2380 2116 2547 2171; x_wconf 83' lang='lat' dir='ltr'><strong><em>facias</em></strong></span> <span class='ocrx_word' id='word_1_367' title='bbox 2576 2117 2687 2171; x_wconf 91' lang='lat' dir='ltr'><strong><em>illis</em></strong></span> <span class='ocrx_word' id='word_1_368' title='bbox 2715 2116 2927 2171; x_wconf 61' lang='lat' dir='ltr'><strong><em>SJECUIIS</em></strong></span> <span class='ocrx_word' id='word_1_369' title='bbox 2955 2116 3148 2185; x_wconf 90' lang='lat' dir='ltr'><strong><em>quibus</em></strong></span> <span class='ocrx_word' id='word_1_370' title='bbox 3176 2126 3329 2172; x_wconf 89' lang='lat' dir='ltr'><strong><em>erant</em></strong></span> <span class='ocrx_word' id='word_1_371' title='bbox 3355 2118 3471 2187; x_wconf 86' lang='lat' dir='ltr'><strong><em>cpi-</em></strong></span> 
     </span>
    </p>
   </div>
   <div class='ocr_carea' id='block_1_52' title="bbox 1884 2210 3472 2281">
    <p class='ocr_par' dir='ltr' id='par_1_52' title="bbox 1884 2210 3472 2281">
     <span class='ocr_line' id='line_1_52' title="bbox 1884 2210 3472 2281; baseline 0.002 -18"><span class='ocrx_word' id='word_1_372' title='bbox 1884 2211 2028 2280; x_wconf 90' lang='lat' dir='ltr'><strong><em>scopi</em></strong></span> <span class='ocrx_word' id='word_1_373' title='bbox 2061 2212 2152 2279; x_wconf 87' lang='lat' dir='ltr'><strong><em>qui</em></strong></span> <span class='ocrx_word' id='word_1_374' title='bbox 2185 2226 2249 2265; x_wconf 90' lang='lat' dir='ltr'><strong><em>ne</em></strong></span> <span class='ocrx_word' id='word_1_375' title='bbox 2276 2211 2513 2265; x_wconf 89' lang='lat' dir='ltr'><strong><em>scribere</em></strong></span> <span class='ocrx_word' id='word_1_376' title='bbox 2542 2210 2757 2280; x_wconf 86' lang='lat' dir='ltr'><strong><em>quidem</em></strong></span> <span class='ocrx_word' id='word_1_377' title='bbox 2817 2218 3047 2279; x_wconf 87' lang='lat' dir='ltr'><strong><em>norant,</em></strong></span> <span class='ocrx_word' id='word_1_378' title='bbox 3091 2220 3149 2265; x_wconf 93' lang='lat' dir='ltr'><strong><em>ut</em></strong></span> <span class='ocrx_word' id='word_1_379' title='bbox 3187 2211 3355 2281; x_wconf 87' lang='lat' dir='ltr'><strong><em>liquet</em></strong></span> <span class='ocrx_word' id='word_1_380' title='bbox 3405 2227 3472 2267; x_wconf 83' lang='lat' dir='ltr'><strong><em>ex</em></strong></span> 
     </span>
    </p>
   </div>
   <div class='ocr_carea' id='block_1_53' title="bbox 1887 2302 2794 2371">
    <p class='ocr_par' dir='ltr' id='par_1_53' title="bbox 1887 2302 2794 2371">
     <span class='ocr_line' id='line_1_53' title="bbox 1887 2302 2794 2371; baseline -0.001 -16"><span class='ocrx_word' id='word_1_381' title='bbox 1887 2302 2378 2371; x_wconf 86' lang='lat' dir='ltr'><strong><em>subscriptionibus</em></strong></span> <span class='ocrx_word' id='word_1_382' title='bbox 2409 2302 2794 2356; x_wconf 86' lang='lat' dir='ltr'><strong><em>conciliorum?</em></strong></span> 
     </span>
    </p>
   </div>
   <div class='ocr_carea' id='block_1_54' title="bbox 1959 2392 3472 2463">
    <p class='ocr_par' dir='ltr' id='par_1_54' title="bbox 1959 2392 3472 2463">
     <span class='ocr_line' id='line_1_54' title="bbox 1959 2392 3472 2463; baseline -0.001 -15"><span class='ocrx_word' id='word_1_383' title='bbox 1959 2394 2146 2463; x_wconf 87' lang='lat' dir='ltr'><strong><em>Capite</em></strong></span> <span class='ocrx_word' id='word_1_384' title='bbox 2172 2410 2205 2445; x_wconf 79' lang='grc' dir='ltr'>ν</span> <span class='ocrx_word' id='word_1_385' title='bbox 2236 2402 2291 2447; x_wconf 90' lang='lat' dir='ltr'><strong><em>et</em></strong></span> <span class='ocrx_word' id='word_1_386' title='bbox 2318 2410 2471 2463; x_wconf 84' lang='lat' dir='ltr'><strong><em>seqq.</em></strong></span> <span class='ocrx_word' id='word_1_387' title='bbox 2505 2393 2686 2447; x_wconf 90' lang='lat' dir='ltr'><strong><em>multis</em></strong></span> <span class='ocrx_word' id='word_1_388' title='bbox 2718 2392 3058 2462; x_wconf 86' lang='lat' dir='ltr'><strong><em>persequitur</em></strong></span> <span class='ocrx_word' id='word_1_389' title='bbox 3087 2407 3274 2447; x_wconf 86' lang='lat' dir='ltr'><strong><em>causas</em></strong></span> <span class='ocrx_word' id='word_1_390' title='bbox 3303 2394 3472 2463; x_wconf 84' lang='lat' dir='ltr'><strong><em>taedii,</em></strong></span> 
     </span>
    </p>
   </div>
   <div class='ocr_carea' id='block_1_55' title="bbox 1889 2484 3474 2556">
    <p class='ocr_par' dir='ltr' id='par_1_55' title="bbox 1889 2484 3474 2556">
     <span class='ocr_line' id='line_1_55' title="bbox 1889 2484 3474 2556; baseline 0.002 -19"><span class='ocrx_word' id='word_1_391' title='bbox 1889 2500 1995 2556; x_wconf 90' lang='lat' dir='ltr'><strong><em>quo</em></strong></span> <span class='ocrx_word' id='word_1_392' title='bbox 2024 2486 2331 2541; x_wconf 70' lang='lat' dir='ltr'><strong><em>calecbistze</em></strong></span> <span class='ocrx_word' id='word_1_393' title='bbox 2359 2485 2751 2551; x_wconf 80' lang='lat' dir='ltr'><strong><em>afficiebantur,</em></strong></span> <span class='ocrx_word' id='word_1_394' title='bbox 2787 2499 2907 2538; x_wconf 91' lang='lat' dir='ltr'><strong><em>cum</em></strong></span> <span class='ocrx_word' id='word_1_395' title='bbox 2940 2484 3184 2539; x_wconf 89' lang='lat' dir='ltr'><strong><em>rudiorcs</em></strong></span> <span class='ocrx_word' id='word_1_396' title='bbox 3212 2497 3367 2538; x_wconf 87' lang='lat' dir='ltr'><strong><em>erant</em></strong></span> <span class='ocrx_word' id='word_1_397' title='bbox 3391 2487 3474 2540; x_wconf 84' lang='lat' dir='ltr'><strong><em>in-</em></strong></span> 
     </span>
    </p>
   </div>
   <div class='ocr_carea' id='block_1_56' title="bbox 1891 2575 3477 2647">
    <p class='ocr_par' dir='ltr' id='par_1_56' title="bbox 1891 2575 3477 2647">
     <span class='ocr_line' id='line_1_56' title="bbox 1891 2575 3477 2647; baseline 0.001 -17"><span class='ocrx_word' id='word_1_398' title='bbox 1891 2577 2176 2642; x_wconf 86' lang='lat' dir='ltr'><strong><em>stituendi,</em></strong></span> <span class='ocrx_word' id='word_1_399' title='bbox 2224 2592 2345 2632; x_wconf 90' lang='lat' dir='ltr'><strong><em>cum</em></strong></span> <span class='ocrx_word' id='word_1_400' title='bbox 2386 2578 2732 2633; x_wconf 88' lang='lat' dir='ltr'><strong><em>catecheseos</em></strong></span> <span class='ocrx_word' id='word_1_401' title='bbox 2758 2575 2889 2631; x_wconf 88' lang='lat' dir='ltr'><strong><em>duas</em></strong></span> <span class='ocrx_word' id='word_1_402' title='bbox 2916 2575 3178 2632; x_wconf 82' lang='lat' dir='ltr'><strong><em>formulas</em></strong></span> <span class='ocrx_word' id='word_1_403' title='bbox 3202 2579 3477 2647; x_wconf 85' lang='lat' dir='ltr'><strong><em>proponit,</em></strong></span> 
     </span>
    </p>
   </div>
   <div class='ocr_carea' id='block_1_57' title="bbox 1891 2671 3481 2743">
    <p class='ocr_par' dir='ltr' id='par_1_57' title="bbox 1891 2671 3481 2743">
     <span class='ocr_line' id='line_1_57' title="bbox 1891 2671 3481 2743; baseline 0.004 -20"><span class='ocrx_word' id='word_1_404' title='bbox 1891 2672 2114 2725; x_wconf 88' lang='lat' dir='ltr'><strong><em>alteram</em></strong></span> <span class='ocrx_word' id='word_1_405' title='bbox 2155 2671 2480 2740; x_wconf 88' lang='lat' dir='ltr'><strong><em>longiorem,</em></strong></span> <span class='ocrx_word' id='word_1_406' title='bbox 2510 2671 2824 2726; x_wconf 85' lang='lat' dir='ltr'><strong><em>breviorem</em></strong></span> <span class='ocrx_word' id='word_1_407' title='bbox 2871 2672 3118 2740; x_wconf 86' lang='lat' dir='ltr'><strong><em>alteram,</em></strong></span> <span class='ocrx_word' id='word_1_408' title='bbox 3161 2673 3228 2727; x_wconf 89' lang='lat' dir='ltr'><strong><em>ad</em></strong></span> <span class='ocrx_word' id='word_1_409' title='bbox 3253 2690 3481 2743; x_wconf 88' lang='lat' dir='ltr'><strong><em>quarum</em></strong></span> 
     </span>
    </p>
   </div>
   <div class='ocr_carea' id='block_1_58' title="bbox 1898 2763 3480 2833">
    <p class='ocr_par' dir='ltr' id='par_1_58' title="bbox 1898 2763 3480 2833">
     <span class='ocr_line' id='line_1_58' title="bbox 1898 2763 3480 2833; baseline 0.004 -17"><span class='ocrx_word' id='word_1_410' title='bbox 1898 2764 2198 2832; x_wconf 79' lang='lat' dir='ltr'><strong><em>exemplum</em></strong></span> <span class='ocrx_word' id='word_1_411' title='bbox 2251 2772 2472 2830; x_wconf 86' lang='lat' dir='ltr'><strong><em>possent</em></strong></span> <span class='ocrx_word' id='word_1_412' title='bbox 2515 2763 2825 2818; x_wconf 87' lang='lat' dir='ltr'><strong><em>sacerdotes</em></strong></span> <span class='ocrx_word' id='word_1_413' title='bbox 2876 2780 2936 2819; x_wconf 90' lang='lat' dir='ltr'><strong><em>se</em></strong></span> <span class='ocrx_word' id='word_1_414' title='bbox 2977 2780 3318 2833; x_wconf 87' lang='lat' dir='ltr'><strong><em>componere.</em></strong></span> <span class='ocrx_word' id='word_1_415' title='bbox 3362 2766 3480 2823; x_wconf 85' lang='lat' dir='ltr'><strong><em>Non</em></strong></span> 
     </span>
    </p>
   </div>
   <div class='ocr_carea' id='block_1_59' title="bbox 1903 2853 3479 2923">
    <p class='ocr_par' dir='ltr' id='par_1_59' title="bbox 1903 2853 3479 2923">
     <span class='ocr_line' id='line_1_59' title="bbox 1903 2853 3479 2923; baseline 0.001 -16"><span class='ocrx_word' id='word_1_416' title='bbox 1903 2853 2075 2907; x_wconf 89' lang='lat' dir='ltr'><strong><em>dicam</em></strong></span> <span class='ocrx_word' id='word_1_417' title='bbox 2110 2868 2201 2907; x_wconf 90' lang='lat' dir='ltr'><strong><em>eas</em></strong></span> <span class='ocrx_word' id='word_1_418' title='bbox 2229 2866 2414 2922; x_wconf 91' lang='lat' dir='ltr'><strong><em>parum</em></strong></span> <span class='ocrx_word' id='word_1_419' title='bbox 2448 2863 2725 2908; x_wconf 85' lang='lat' dir='ltr'><strong><em>accuratas</em></strong></span> <span class='ocrx_word' id='word_1_420' title='bbox 2754 2868 2875 2908; x_wconf 88' lang='lat' dir='ltr'><strong><em>esse</em></strong></span> <span class='ocrx_word' id='word_1_421' title='bbox 2915 2855 3307 2923; x_wconf 85' lang='lat' dir='ltr'><strong><em>descriptiones</em></strong></span> <span class='ocrx_word' id='word_1_422' title='bbox 3347 2856 3479 2910; x_wconf 88' lang='lat' dir='ltr'><strong><em>reli-</em></strong></span> 
     </span>
    </p>
   </div>
   <div class='ocr_carea' id='block_1_60' title="bbox 1902 2944 3482 3018">
    <p class='ocr_par' dir='ltr' id='par_1_60' title="bbox 1902 2944 3482 3018">
     <span class='ocr_line' id='line_1_60' title="bbox 1902 2944 3482 3018; baseline 0.003 -20"><span class='ocrx_word' id='word_1_423' title='bbox 1902 2945 2076 3015; x_wconf 86' lang='lat' dir='ltr'><strong><em>gionis</em></strong></span> <span class='ocrx_word' id='word_1_424' title='bbox 2108 2944 2467 3011; x_wconf 70' lang='lat' dir='ltr'><strong><em>Christian-ac,</em></strong></span> <span class='ocrx_word' id='word_1_425' title='bbox 2500 2956 2555 3000; x_wconf 90' lang='lat' dir='ltr'><strong><em>et</em></strong></span> <span class='ocrx_word' id='word_1_426' title='bbox 2601 2946 3113 3002; x_wconf 89' lang='lat' dir='ltr'><strong><em>declamatiunculas</em></strong></span> <span class='ocrx_word' id='word_1_427' title='bbox 3160 2950 3337 3018; x_wconf 86' lang='lat' dir='ltr'><strong><em>potius</em></strong></span> <span class='ocrx_word' id='word_1_428' title='bbox 3382 2964 3482 3003; x_wconf 73' lang='lat' dir='ltr'><strong><em>ex-</em></strong></span> 
     </span>
    </p>
   </div>
   <div class='ocr_carea' id='block_1_61' title="bbox 1899 3039 3483 3108">
    <p class='ocr_par' dir='ltr' id='par_1_61' title="bbox 1899 3039 3483 3108">
     <span class='ocr_line' id='line_1_61' title="bbox 1899 3039 3483 3108; baseline 0.004 -18"><span class='ocrx_word' id='word_1_429' title='bbox 1899 3046 2271 3106; x_wconf 87' lang='lat' dir='ltr'><strong><em>temporaneas</em></strong></span> <span class='ocrx_word' id='word_1_430' title='bbox 2309 3039 2481 3093; x_wconf 90' lang='lat' dir='ltr'><strong><em>videri</em></strong></span> <span class='ocrx_word' id='word_1_431' title='bbox 2529 3054 2689 3108; x_wconf 87' lang='lat' dir='ltr'><strong><em>quam</em></strong></span> <span class='ocrx_word' id='word_1_432' title='bbox 2731 3040 3037 3096; x_wconf 88' lang='lat' dir='ltr'><strong><em>elaboratas</em></strong></span> <span class='ocrx_word' id='word_1_433' title='bbox 3079 3041 3483 3097; x_wconf 88' lang='lat' dir='ltr'><strong><em>Christianismi</em></strong></span> 
     </span>
    </p>
   </div>
   <div class='ocr_carea' id='block_1_62' title="bbox 1903 3130 3486 3203">
    <p class='ocr_par' dir='ltr' id='par_1_62' title="bbox 1903 3130 3486 3203">
     <span class='ocr_line' id='line_1_62' title="bbox 1903 3130 3486 3203; baseline 0.003 -19"><span class='ocrx_word' id='word_1_434' title='bbox 1903 3132 2307 3196; x_wconf 87' lang='lat' dir='ltr'><strong><em>enarrationes;</em></strong></span> <span class='ocrx_word' id='word_1_435' title='bbox 2334 3130 2428 3186; x_wconf 88' lang='lat' dir='ltr'><strong><em>sed</em></strong></span> <span class='ocrx_word' id='word_1_436' title='bbox 2457 3131 2652 3186; x_wconf 90' lang='lat' dir='ltr'><strong><em>mirum</em></strong></span> <span class='ocrx_word' id='word_1_437' title='bbox 2684 3147 2806 3188; x_wconf 89' lang='lat' dir='ltr'><strong><em>esse</em></strong></span> <span class='ocrx_word' id='word_1_438' title='bbox 2826 3135 3185 3203; x_wconf 88' lang='lat' dir='ltr'><strong><em>Augustinum</em></strong></span> <span class='ocrx_word' id='word_1_439' title='bbox 3209 3136 3486 3189; x_wconf 79' lang='lat' dir='ltr'><strong><em>auctolem</em></strong></span> 
     </span>
    </p>
   </div>
   <div class='ocr_carea' id='block_1_63' title="bbox 236 3206 3482 3295">
    <p class='ocr_par' dir='ltr' id='par_1_63' title="bbox 236 3206 3482 3295">
     <span class='ocr_line' id='line_1_63' title="bbox 236 3206 3482 3295; baseline 0.001 -17"><span class='ocrx_word' id='word_1_440' title='bbox 236 3224 393 3293; x_wconf 85' lang='lat' dir='ltr'><strong><em>pedire</em></strong></span> <span class='ocrx_word' id='word_1_441' title='bbox 411 3232 701 3293; x_wconf 87' lang='lat' dir='ltr'><strong><em>nequeant,</em></strong></span> <span class='ocrx_word' id='word_1_442' title='bbox 720 3232 773 3276; x_wconf 91' lang='lat' dir='ltr'><strong><em>et</em></strong></span> <span class='ocrx_word' id='word_1_443' title='bbox 792 3223 957 3277; x_wconf 91' lang='lat' dir='ltr'><strong><em>risum</em></strong></span> <span class='ocrx_word' id='word_1_444' title='bbox 984 3223 1123 3276; x_wconf 91' lang='lat' dir='ltr'><strong><em>male</em></strong></span> <span class='ocrx_word' id='word_1_445' title='bbox 1147 3222 1500 3277; x_wconf 89' lang='lat' dir='ltr'><strong><em>sentientibus</em></strong></span> <span class='ocrx_word' id='word_1_446' title='bbox 1521 3228 1796 3275; x_wconf 85' lang='lat' dir='ltr'><strong><em>moveant.</em></strong></span> <span class='ocrx_word' id='word_1_447' title='bbox 1824 3216 1872 3281; x_wconf 84' lang='lat' dir='ltr'><strong><em>C</em></strong></span> <span class='ocrx_word' id='word_1_448' title='bbox 1905 3235 2011 3275; x_wconf 93' lang='lat' dir='ltr'><strong><em>non</em></strong></span> <span class='ocrx_word' id='word_1_449' title='bbox 2038 3206 2204 3276; x_wconf 82' lang='lat' dir='ltr'><strong><em>fuisse</em></strong></span> <span class='ocrx_word' id='word_1_450' title='bbox 2253 3223 2463 3277; x_wconf 88' lang='lat' dir='ltr'><strong><em>erudito</em></strong></span> <span class='ocrx_word' id='word_1_451' title='bbox 2511 3225 2822 3295; x_wconf 90' lang='lat' dir='ltr'><strong><em>presbytero</em></strong></span> <span class='ocrx_word' id='word_1_452' title='bbox 2873 3226 3249 3281; x_wconf 88' lang='lat' dir='ltr'><strong><em>conscribendi</em></strong></span> <span class='ocrx_word' id='word_1_453' title='bbox 3293 3227 3482 3292; x_wconf 86' lang='lat' dir='ltr'><strong><em>libelli,</em></strong></span> 
     </span>
    </p>
   </div>
   <div class='ocr_carea' id='block_1_64' title="bbox 244 3313 1819 3385">
    <p class='ocr_par' dir='ltr' id='par_1_64' title="bbox 244 3313 1819 3385">
     <span class='ocr_line' id='line_1_64' title="bbox 244 3313 1819 3385; baseline 0 -16"><span class='ocrx_word' id='word_1_454' title='bbox 244 3318 367 3371; x_wconf 84' lang='lat' dir='ltr'><strong><em>Ante</em></strong></span> <span class='ocrx_word' id='word_1_455' title='bbox 398 3325 555 3370; x_wconf 87' lang='lat' dir='ltr'><strong><em>natas</em></strong></span> <span class='ocrx_word' id='word_1_456' title='bbox 583 3316 747 3383; x_wconf 82' lang='lat' dir='ltr'><strong><em>rixas,</em></strong></span> <span class='ocrx_word' id='word_1_457' title='bbox 781 3314 1038 3385; x_wconf 86' lang='lat' dir='ltr'><strong><em>quidquid</em></strong></span> <span class='ocrx_word' id='word_1_458' title='bbox 1068 3314 1227 3385; x_wconf 89' lang='lat' dir='ltr'><strong><em>vulgo</em></strong></span> <span class='ocrx_word' id='word_1_459' title='bbox 1267 3315 1369 3369; x_wconf 92' lang='lat' dir='ltr'><strong><em>dici</em></strong></span> <span class='ocrx_word' id='word_1_460' title='bbox 1402 3315 1555 3369; x_wconf 89' lang='lat' dir='ltr'><strong><em>aliter</em></strong></span> <span class='ocrx_word' id='word_1_461' title='bbox 1584 3314 1685 3368; x_wconf 90' lang='lat' dir='ltr'><strong><em>hac</em></strong></span> <span class='ocrx_word' id='word_1_462' title='bbox 1728 3313 1819 3383; x_wconf 32' lang='lat' dir='ltr'><strong><em>de.</em></strong></span> 
     </span>
    </p>
   </div>
   <div class='ocr_carea' id='block_1_65' title="bbox 226 3405 1800 3476">
    <p class='ocr_par' dir='ltr' id='par_1_65' title="bbox 226 3405 1800 3476">
     <span class='ocr_line' id='line_1_65' title="bbox 226 3405 1800 3476; baseline 0.001 -17"><span class='ocrx_word' id='word_1_463' title='bbox 226 3422 275 3460; x_wconf 89' lang='lat' dir='ltr'><strong><em>re</em></strong></span> <span class='ocrx_word' id='word_1_464' title='bbox 298 3407 494 3472; x_wconf 90' lang='lat' dir='ltr'><strong><em>soleat,</em></strong></span> <span class='ocrx_word' id='word_1_465' title='bbox 524 3405 714 3460; x_wconf 88' lang='lat' dir='ltr'><strong><em>melius</em></strong></span> <span class='ocrx_word' id='word_1_466' title='bbox 742 3415 797 3461; x_wconf 89' lang='lat' dir='ltr'><strong><em>et</em></strong></span> <span class='ocrx_word' id='word_1_467' title='bbox 823 3405 1099 3462; x_wconf 88' lang='lat' dir='ltr'><strong><em>candidius</em></strong></span> <span class='ocrx_word' id='word_1_468' title='bbox 1138 3406 1384 3461; x_wconf 88' lang='lat' dir='ltr'><strong><em>homines</em></strong></span> <span class='ocrx_word' id='word_1_469' title='bbox 1414 3407 1703 3476; x_wconf 92' lang='lat' dir='ltr'><strong><em>loquuntur</em></strong></span> <span class='ocrx_word' id='word_1_470' title='bbox 1730 3406 1800 3461; x_wconf 88' lang='lat' dir='ltr'><strong><em>de</em></strong></span> 
     </span>
    </p>
   </div>
   <div class='ocr_carea' id='block_1_66' title="bbox 223 3499 1799 3570">
    <p class='ocr_par' dir='ltr' id='par_1_66' title="bbox 223 3499 1799 3570">
     <span class='ocr_line' id='line_1_66' title="bbox 223 3499 1799 3570; baseline 0.003 -18"><span class='ocrx_word' id='word_1_471' title='bbox 223 3500 373 3555; x_wconf 86' lang='lat' dir='ltr'><strong><em>rebus</em></strong></span> <span class='ocrx_word' id='word_1_472' title='bbox 401 3515 524 3569; x_wconf 65' lang='lat' dir='ltr'><strong><em>quae</em></strong></span> <span class='ocrx_word' id='word_1_473' title='bbox 546 3508 731 3569; x_wconf 87' lang='lat' dir='ltr'><strong><em>postea</em></strong></span> <span class='ocrx_word' id='word_1_474' title='bbox 760 3499 814 3554; x_wconf 91' lang='lat' dir='ltr'><strong><em>in</em></strong></span> <span class='ocrx_word' id='word_1_475' title='bbox 843 3499 1265 3555; x_wconf 82' lang='lat' dir='ltr'><strong><em>controversiam</em></strong></span> <span class='ocrx_word' id='word_1_476' title='bbox 1287 3501 1527 3566; x_wconf 90' lang='lat' dir='ltr'><strong><em>veniunt,</em></strong></span> <span class='ocrx_word' id='word_1_477' title='bbox 1550 3502 1673 3570; x_wconf 89' lang='lat' dir='ltr'><strong><em>quia</em></strong></span> <span class='ocrx_word' id='word_1_478' title='bbox 1697 3503 1799 3556; x_wconf 90' lang='lat' dir='ltr'><strong><em>mi-</em></strong></span> 
     </span>
    </p>
   </div>
   <div class='ocr_carea' id='block_1_67' title="bbox 222 3590 1796 3662">
    <p class='ocr_par' dir='ltr' id='par_1_67' title="bbox 222 3590 1796 3662">
     <span class='ocr_line' id='line_1_67' title="bbox 222 3590 1796 3662; baseline 0.003 -19"><span class='ocrx_word' id='word_1_479' title='bbox 222 3605 315 3646; x_wconf 87' lang='lat' dir='ltr'><strong><em>nus</em></strong></span> <span class='ocrx_word' id='word_1_480' title='bbox 339 3592 622 3647; x_wconf 75' lang='lat' dir='ltr'><strong><em>affectibus</em></strong></span> <span class='ocrx_word' id='word_1_481' title='bbox 651 3591 1073 3662; x_wconf 84' lang='lat' dir='ltr'><strong><em>praepediuntur,</em></strong></span> <span class='ocrx_word' id='word_1_482' title='bbox 1098 3605 1198 3647; x_wconf 89' lang='lat' dir='ltr'><strong><em>nec</em></strong></span> <span class='ocrx_word' id='word_1_483' title='bbox 1218 3590 1499 3648; x_wconf 89' lang='lat' dir='ltr'><strong><em>victoriam</em></strong></span> <span class='ocrx_word' id='word_1_484' title='bbox 1528 3601 1796 3662; x_wconf 77' lang='lat' dir='ltr'><strong><em>quzerunt,</em></strong></span> 
     </span>
    </p>
   </div>
   <div class='ocr_carea' id='block_1_68' title="bbox 222 3681 642 3739">
    <p class='ocr_par' dir='ltr' id='par_1_68' title="bbox 222 3681 642 3739">
     <span class='ocr_line' id='line_1_68' title="bbox 222 3681 642 3739; baseline -0.002 -2"><span class='ocrx_word' id='word_1_485' title='bbox 222 3681 322 3739; x_wconf 79' lang='lat' dir='ltr'><strong><em>sed</em></strong></span> <span class='ocrx_word' id='word_1_486' title='bbox 336 3683 618 3739; x_wconf 82' lang='lat' dir='ltr'><strong><em>veritatem</em></strong></span> <span class='ocrx_word' id='word_1_487' title='bbox 628 3723 642 3736; x_wconf 93' lang='lat'><strong><em>.</em></strong></span> 
     </span>
    </p>
   </div>
   <div class='ocr_carea' id='block_1_69' title="bbox 673 3774 1316 3832">
    <p class='ocr_par' dir='ltr' id='par_1_69' title="bbox 673 3774 1316 3832">
     <span class='ocr_line' id='line_1_69' title="bbox 673 3774 1316 3832; baseline 0.003 -2"><span class='ocrx_word' id='word_1_488' title='bbox 673 3775 980 3831; x_wconf 81' lang='lat' dir='ltr'><strong><em>ANIMADV</em></strong></span> <span class='ocrx_word' id='word_1_489' title='bbox 991 3774 1316 3832; x_wconf 77' lang='lat' dir='ltr'><strong><em>ERSIONES</em></strong></span> 
     </span>
    </p>
   </div>
   <div class='ocr_carea' id='block_1_70' title="bbox 467 3883 1563 3924">
    <p class='ocr_par' dir='ltr' id='par_1_70' title="bbox 467 3883 1563 3924">
     <span class='ocr_line' id='line_1_70' title="bbox 467 3883 1563 3924; baseline 0 -2"><span class='ocrx_word' id='word_1_490' title='bbox 467 3883 519 3922; x_wconf 73' lang='lat' dir='ltr'><strong>IN</strong></span> <span class='ocrx_word' id='word_1_491' title='bbox 548 3884 740 3923; x_wconf 62' lang='lat' dir='ltr'><strong><em>LIBRUM</em></strong></span> <span class='ocrx_word' id='word_1_492' title='bbox 774 3885 838 3922; x_wconf 80' lang='lat' dir='ltr'><strong><em>DE</em></strong></span> <span class='ocrx_word' id='word_1_493' title='bbox 876 3884 1286 3924; x_wconf 76' lang='lat' dir='ltr'><strong><em>CATECHIZANDIS</em></strong></span> <span class='ocrx_word' id='word_1_494' title='bbox 1327 3884 1563 3924; x_wconf 70' lang='grc' dir='ltr'><strong><em>τιυωιιυε.</em></strong></span> 
     </span>
    </p>
   </div>
   <div class='ocr_carea' id='block_1_71' title="bbox 299 3960 1805 4032">
    <p class='ocr_par' dir='ltr' id='par_1_71' title="bbox 299 3960 1805 4032">
     <span class='ocr_line' id='line_1_71' title="bbox 299 3960 1805 4032; baseline 0 -17"><span class='ocrx_word' id='word_1_495' title='bbox 299 3960 424 4030; x_wconf 85' lang='lat' dir='ltr'><strong><em>Cap.</em></strong></span> <span class='ocrx_word' id='word_1_496' title='bbox 448 3961 504 4029; x_wconf 81' lang='lat'><strong><em>5,</em></strong></span> <span class='ocrx_word' id='word_1_497' title='bbox 528 3962 625 4032; x_wconf 84' lang='lat'><strong><em>§9.</em></strong></span> <span class='ocrx_word' id='word_1_498' title='bbox 651 3960 713 4017; x_wconf 88' lang='lat' dir='ltr'><strong><em>Si</em></strong></span> <span class='ocrx_word' id='word_1_499' title='bbox 737 3961 871 4015; x_wconf 89' lang='lat' dir='ltr'><strong><em>enim</em></strong></span> <span class='ocrx_word' id='word_1_500' title='bbox 892 3960 1102 4031; x_wconf 87' lang='lat' dir='ltr'><strong><em>aliquod</em></strong></span> <span class='ocrx_word' id='word_1_501' title='bbox 1120 3962 1437 4015; x_wconf 89' lang='lat' dir='ltr'><strong><em>commodum</em></strong></span> <span class='ocrx_word' id='word_1_502' title='bbox 1461 3960 1805 4031; x_wconf 67' lang='lat' dir='ltr'><strong><em>exspectando</em></strong></span> 
     </span>
    </p>
   </div>
   <div class='ocr_carea' id='block_1_72' title="bbox 223 4049 1803 4119">
    <p class='ocr_par' dir='ltr' id='par_1_72' title="bbox 223 4049 1803 4119">
     <span class='ocr_line' id='line_1_72' title="bbox 223 4049 1803 4119; baseline -0.001 -16"><span class='ocrx_word' id='word_1_503' title='bbox 223 4050 293 4103; x_wconf 80' lang='lat' dir='ltr'><strong><em>ab</em></strong></span> <span class='ocrx_word' id='word_1_504' title='bbox 326 4049 634 4118; x_wconf 85' lang='lat' dir='ltr'><strong><em>hominibus,</em></strong></span> <span class='ocrx_word' id='word_1_505' title='bbox 662 4051 842 4118; x_wconf 87' lang='lat' dir='ltr'><strong><em>quibus</em></strong></span> <span class='ocrx_word' id='word_1_506' title='bbox 872 4067 926 4105; x_wconf 84' lang='lat' dir='ltr'><strong><em>se</em></strong></span> <span class='ocrx_word' id='word_1_507' title='bbox 959 4052 1106 4105; x_wconf 87' lang='lat' dir='ltr'><strong><em>aliter</em></strong></span> <span class='ocrx_word' id='word_1_508' title='bbox 1148 4050 1457 4119; x_wconf 80' lang='lat' dir='ltr'><strong><em>placiturum</em></strong></span> <span class='ocrx_word' id='word_1_509' title='bbox 1501 4068 1602 4104; x_wconf 89' lang='lat' dir='ltr'><strong><em>non</em></strong></span> <span class='ocrx_word' id='word_1_510' title='bbox 1634 4060 1803 4119; x_wconf 85' lang='lat' dir='ltr'><strong><em>putat,</em></strong></span> 
     </span>
    </p>
   </div>
   <div class='ocr_carea' id='block_1_73' title="bbox 222 4140 1808 4212">
    <p class='ocr_par' dir='ltr' id='par_1_73' title="bbox 222 4140 1808 4212">
     <span class='ocr_line' id='line_1_73' title="bbox 222 4140 1808 4212; baseline 0.001 -19"><span class='ocrx_word' id='word_1_511' title='bbox 222 4148 321 4193; x_wconf 78' lang='lat' dir='ltr'><strong><em>aut</em></strong></span> <span class='ocrx_word' id='word_1_512' title='bbox 346 4141 548 4211; x_wconf 87' lang='lat' dir='ltr'><strong><em>aliquod</em></strong></span> <span class='ocrx_word' id='word_1_513' title='bbox 576 4142 638 4194; x_wconf 87' lang='lat' dir='ltr'><strong><em>ab</em></strong></span> <span class='ocrx_word' id='word_1_514' title='bbox 660 4140 948 4195; x_wconf 80' lang='lat' dir='ltr'><strong><em>hominibus</em></strong></span> <span class='ocrx_word' id='word_1_515' title='bbox 972 4143 1345 4196; x_wconf 86' lang='lat' dir='ltr'><strong><em>incommodum</em></strong></span> <span class='ocrx_word' id='word_1_516' title='bbox 1367 4142 1658 4209; x_wconf 80' lang='lat' dir='ltr'><strong><em>devitanda,</em></strong></span> <span class='ocrx_word' id='word_1_517' title='bbox 1677 4158 1776 4212; x_wconf 88' lang='lat' dir='ltr'><strong><em>quo</em></strong></span> <span class='ocrx_word' id='word_1_518' title='bbox 1791 4169 1808 4181; x_wconf 89' lang='lat'><strong>-</strong></span> 
     </span>
    </p>
   </div>
   <div class='ocr_carea' id='block_1_74' title="bbox 222 4235 1807 4306">
    <p class='ocr_par' dir='ltr' id='par_1_74' title="bbox 222 4235 1807 4306">
     <span class='ocr_line' id='line_1_74' title="bbox 222 4235 1807 4306; baseline 0.001 -17"><span class='ocrx_word' id='word_1_519' title='bbox 222 4252 345 4289; x_wconf 79' lang='lat' dir='ltr'><strong><em>rum</em></strong></span> <span class='ocrx_word' id='word_1_520' title='bbox 369 4235 698 4302; x_wconf 81' lang='lat' dir='ltr'><strong><em>o/fensisnem</em></strong></span> <span class='ocrx_word' id='word_1_521' title='bbox 734 4244 821 4290; x_wconf 87' lang='lat' dir='ltr'><strong><em>aut</em></strong></span> <span class='ocrx_word' id='word_1_522' title='bbox 846 4238 1169 4291; x_wconf 90' lang='lat' dir='ltr'><strong><em>inimicitiam</em></strong></span> <span class='ocrx_word' id='word_1_523' title='bbox 1208 4238 1529 4306; x_wconf 80' lang='lat' dir='ltr'><strong><em>reformidat,</em></strong></span> <span class='ocrx_word' id='word_1_524' title='bbox 1562 4237 1665 4290; x_wconf 82' lang='lat' dir='ltr'><strong><em>vult</em></strong></span> <span class='ocrx_word' id='word_1_525' title='bbox 1689 4237 1807 4305; x_wconf 84' lang='lat' dir='ltr'><strong><em>ﬁeri</em></strong></span> 
     </span>
    </p>
   </div>
   <div class='ocr_carea' id='block_1_75' title="bbox 221 4325 1808 4399">
    <p class='ocr_par' dir='ltr' id='par_1_75' title="bbox 221 4325 1808 4399">
     <span class='ocr_line' id='line_1_75' title="bbox 221 4325 1808 4399; baseline 0.001 -18"><span class='ocrx_word' id='word_1_526' title='bbox 221 4325 584 4393; x_wconf 82' lang='lat' dir='ltr'><strong><em>Christianus;</em></strong></span> <span class='ocrx_word' id='word_1_527' title='bbox 611 4344 713 4381; x_wconf 90' lang='lat' dir='ltr'><strong><em>non</em></strong></span> <span class='ocrx_word' id='word_1_528' title='bbox 741 4329 853 4397; x_wconf 84' lang='lat' dir='ltr'><strong><em>ﬁeri</em></strong></span> <span class='ocrx_word' id='word_1_529' title='bbox 878 4328 983 4381; x_wconf 88' lang='lat' dir='ltr'><strong><em>vult</em></strong></span> <span class='ocrx_word' id='word_1_530' title='bbox 1021 4329 1188 4396; x_wconf 77' lang='lat' dir='ltr'><strong><em>potius</em></strong></span> <span class='ocrx_word' id='word_1_531' title='bbox 1225 4345 1374 4398; x_wconf 90' lang='lat' dir='ltr'><strong><em>quam</em></strong></span> <span class='ocrx_word' id='word_1_532' title='bbox 1401 4330 1610 4399; x_wconf 86' lang='lat' dir='ltr'><strong><em>ﬁngere.</em></strong></span> <span class='ocrx_word' id='word_1_533' title='bbox 1645 4327 1808 4382; x_wconf 79' lang='lat' dir='ltr'><strong><em>Fides</em></strong></span> 
     </span>
    </p>
   </div>
   <div class='ocr_carea' id='block_1_76' title="bbox 226 4418 1807 4489">
    <p class='ocr_par' dir='ltr' id='par_1_76' title="bbox 226 4418 1807 4489">
     <span class='ocr_line' id='line_1_76' title="bbox 226 4418 1807 4489; baseline 0.001 -17"><span class='ocrx_word' id='word_1_534' title='bbox 226 4418 371 4472; x_wconf 79' lang='lat' dir='ltr'><strong><em>enim</em></strong></span> <span class='ocrx_word' id='word_1_535' title='bbox 405 4435 503 4472; x_wconf 87' lang='lat' dir='ltr'><strong><em>non</em></strong></span> <span class='ocrx_word' id='word_1_536' title='bbox 545 4434 626 4472; x_wconf 91' lang='lat' dir='ltr'><strong><em>res</em></strong></span> <span class='ocrx_word' id='word_1_537' title='bbox 675 4428 746 4472; x_wconf 86' lang='lat' dir='ltr'><strong><em>est</em></strong></span> <span class='ocrx_word' id='word_1_538' title='bbox 794 4420 1068 4473; x_wconf 87' lang='lat' dir='ltr'><strong><em>salutantis</em></strong></span> <span class='ocrx_word' id='word_1_539' title='bbox 1114 4421 1366 4489; x_wconf 87' lang='lat' dir='ltr'><strong><em>corporis,</em></strong></span> <span class='ocrx_word' id='word_1_540' title='bbox 1414 4421 1503 4474; x_wconf 86' lang='lat' dir='ltr'><strong><em>sed</em></strong></span> <span class='ocrx_word' id='word_1_541' title='bbox 1550 4421 1807 4475; x_wconf 84' lang='lat' dir='ltr'><strong><em>credentis</em></strong></span> 
     </span>
    </p>
   </div>
   <div class='ocr_carea' id='block_1_77' title="bbox 218 4507 1798 4581">
    <p class='ocr_par' dir='ltr' id='par_1_77' title="bbox 218 4507 1798 4581">
     <span class='ocr_line' id='line_1_77' title="bbox 218 4507 1798 4581; baseline 0.002 -18"><span class='ocrx_word' id='word_1_542' title='bbox 218 4507 429 4581; x_wconf 56' lang='lat' dir='ltr'><strong><em>animi]</em></strong></span> <span class='ocrx_word' id='word_1_543' title='bbox 454 4509 701 4565; x_wconf 89' lang='lat' dir='ltr'><strong><em>Editores</em></strong></span> <span class='ocrx_word' id='word_1_544' title='bbox 727 4508 1054 4565; x_wconf 88' lang='lat' dir='ltr'><strong><em>Parisienses</em></strong></span> <span class='ocrx_word' id='word_1_545' title='bbox 1079 4511 1149 4565; x_wconf 85' lang='lat' dir='ltr'><strong><em>ita</em></strong></span> <span class='ocrx_word' id='word_1_546' title='bbox 1173 4511 1370 4567; x_wconf 88' lang='lat' dir='ltr'><strong><em>habere</em></strong></span> <span class='ocrx_word' id='word_1_547' title='bbox 1392 4521 1654 4566; x_wconf 89' lang='lat' dir='ltr'><strong><em>testantur</em></strong></span> <span class='ocrx_word' id='word_1_548' title='bbox 1679 4526 1798 4567; x_wconf 89' lang='lat' dir='ltr'><strong><em>me-</em></strong></span> 
     </span>
    </p>
   </div>
   <div class='ocr_carea' id='block_1_78' title="bbox 1904 3313 3486 3388">
    <p class='ocr_par' dir='ltr' id='par_1_78' title="bbox 1904 3313 3486 3388">
     <span class='ocr_line' id='line_1_78' title="bbox 1904 3313 3486 3388; baseline 0.004 -22"><span class='ocrx_word' id='word_1_549' title='bbox 1904 3327 2062 3383; x_wconf 91' lang='lat' dir='ltr'><strong><em>quem</em></strong></span> <span class='ocrx_word' id='word_1_550' title='bbox 2096 3313 2377 3383; x_wconf 89' lang='lat' dir='ltr'><strong><em>legendum</em></strong></span> <span class='ocrx_word' id='word_1_551' title='bbox 2410 3316 2673 3385; x_wconf 67' lang='lat' dir='ltr'><strong><em>praeberet</em></strong></span> <span class='ocrx_word' id='word_1_552' title='bbox 2699 3316 3123 3383; x_wconf 91' lang='lat' dir='ltr'><strong><em>catechumenis,</em></strong></span> <span class='ocrx_word' id='word_1_553' title='bbox 3173 3329 3227 3373; x_wconf 90' lang='lat' dir='ltr'><strong><em>et</em></strong></span> <span class='ocrx_word' id='word_1_554' title='bbox 3264 3318 3332 3374; x_wconf 87' lang='lat' dir='ltr'><strong><em>de</em></strong></span> <span class='ocrx_word' id='word_1_555' title='bbox 3379 3333 3486 3388; x_wconf 92' lang='lat' dir='ltr'><strong><em>quo</em></strong></span> 
     </span>
    </p>
   </div>
   <div class='ocr_carea' id='block_1_79' title="bbox 1906 3408 3485 3481">
    <p class='ocr_par' dir='ltr' id='par_1_79' title="bbox 1906 3408 3485 3481">
     <span class='ocr_line' id='line_1_79' title="bbox 1906 3408 3485 3481; baseline 0.004 -21"><span class='ocrx_word' id='word_1_556' title='bbox 1906 3415 2093 3475; x_wconf 90' lang='lat' dir='ltr'><strong><em>postea</em></strong></span> <span class='ocrx_word' id='word_1_557' title='bbox 2122 3408 2444 3474; x_wconf 76' lang='lat' dir='ltr'><strong><em>quaestiones</em></strong></span> <span class='ocrx_word' id='word_1_558' title='bbox 2475 3408 2552 3461; x_wconf 90' lang='lat' dir='ltr'><strong><em>eis</em></strong></span> <span class='ocrx_word' id='word_1_559' title='bbox 2582 3419 2938 3478; x_wconf 89' lang='lat' dir='ltr'><strong><em>proponeret;</em></strong></span> <span class='ocrx_word' id='word_1_560' title='bbox 2964 3419 3057 3465; x_wconf 90' lang='lat' dir='ltr'><strong><em>aut</em></strong></span> <span class='ocrx_word' id='word_1_561' title='bbox 3086 3411 3200 3481; x_wconf 91' lang='lat' dir='ltr'><strong><em>ipse</em></strong></span> <span class='ocrx_word' id='word_1_562' title='bbox 3223 3412 3485 3481; x_wconf 66' lang='lat' dir='ltr'><strong><em>praelege-</em></strong></span> 
     </span>
    </p>
   </div>
   <div class='ocr_carea' id='block_1_80' title="bbox 1906 3497 3490 3567">
    <p class='ocr_par' dir='ltr' id='par_1_80' title="bbox 1906 3497 3490 3567">
     <span class='ocr_line' id='line_1_80' title="bbox 1906 3497 3490 3567; baseline 0.004 -15"><span class='ocrx_word' id='word_1_563' title='bbox 1906 3506 2012 3563; x_wconf 93' lang='lat' dir='ltr'><strong><em>ret,</em></strong></span> <span class='ocrx_word' id='word_1_564' title='bbox 2038 3506 2091 3552; x_wconf 91' lang='lat' dir='ltr'><strong><em>et</em></strong></span> <span class='ocrx_word' id='word_1_565' title='bbox 2116 3497 2428 3567; x_wconf 78' lang='lat' dir='ltr'><strong><em>explicaret,</em></strong></span> <span class='ocrx_word' id='word_1_566' title='bbox 2452 3509 2510 3552; x_wconf 93' lang='lat' dir='ltr'><strong><em>ut</em></strong></span> <span class='ocrx_word' id='word_1_567' title='bbox 2534 3499 2692 3554; x_wconf 88' lang='lat' dir='ltr'><strong><em>hodie</em></strong></span> <span class='ocrx_word' id='word_1_568' title='bbox 2717 3500 2794 3554; x_wconf 81' lang='lat' dir='ltr'><strong><em>fit.</em></strong></span> <span class='ocrx_word' id='word_1_569' title='bbox 2819 3500 3165 3557; x_wconf 87' lang='lat' dir='ltr'><strong><em>Commodius</em></strong></span> <span class='ocrx_word' id='word_1_570' title='bbox 3191 3503 3357 3558; x_wconf 92' lang='lat' dir='ltr'><strong><em>multo</em></strong></span> <span class='ocrx_word' id='word_1_571' title='bbox 3384 3503 3490 3558; x_wconf 90' lang='lat' dir='ltr'><strong><em>hoc</em></strong></span> 
     </span>
    </p>
   </div>
   <div class='ocr_carea' id='block_1_81' title="bbox 1906 3588 3491 3668">
    <p class='ocr_par' dir='ltr' id='par_1_81' title="bbox 1906 3588 3491 3668">
     <span class='ocr_line' id='line_1_81' title="bbox 1906 3588 3491 3668; baseline 0.005 -24"><span class='ocrx_word' id='word_1_572' title='bbox 1906 3588 2099 3645; x_wconf 88' lang='lat' dir='ltr'><strong><em>fuisset</em></strong></span> <span class='ocrx_word' id='word_1_573' title='bbox 2150 3598 2204 3647; x_wconf 89' lang='lat' dir='ltr'><strong><em>et</em></strong></span> <span class='ocrx_word' id='word_1_574' title='bbox 2247 3592 2648 3648; x_wconf 89' lang='lat' dir='ltr'><strong><em>catechumenis</em></strong></span> <span class='ocrx_word' id='word_1_575' title='bbox 2692 3601 2746 3650; x_wconf 86' lang='lat' dir='ltr'><strong><em>et</em></strong></span> <span class='ocrx_word' id='word_1_576' title='bbox 2799 3594 3129 3663; x_wconf 88' lang='lat' dir='ltr'><strong><em>catecbistis,</em></strong></span> <span class='ocrx_word' id='word_1_577' title='bbox 3161 3612 3318 3667; x_wconf 89' lang='lat' dir='ltr'><strong><em>quam</em></strong></span> <span class='ocrx_word' id='word_1_578' title='bbox 3348 3597 3491 3668; x_wconf 89' lang='lat' dir='ltr'><strong><em>quod</em></strong></span> 
     </span>
    </p>
   </div>
   <div class='ocr_carea' id='block_1_82' title="bbox 1911 3682 2210 3739">
    <p class='ocr_par' dir='ltr' id='par_1_82' title="bbox 1911 3682 2210 3739">
     <span class='ocr_line' id='line_1_82' title="bbox 1911 3682 2210 3739; baseline 0.003 -3"><span class='ocrx_word' id='word_1_579' title='bbox 1911 3682 2000 3738; x_wconf 90' lang='lat' dir='ltr'><strong><em>hic</em></strong></span> <span class='ocrx_word' id='word_1_580' title='bbox 2031 3683 2210 3739; x_wconf 85' lang='lat' dir='ltr'><strong><em>habet.</em></strong></span> 
     </span>
    </p>
   </div>
   <div class='ocr_carea' id='block_1_83' title="bbox 2205 3775 3181 3837">
    <p class='ocr_par' dir='ltr' id='par_1_83' title="bbox 2205 3775 3181 3837">
     <span class='ocr_line' id='line_1_83' title="bbox 2205 3775 3181 3837; baseline 0.004 -7"><span class='ocrx_word' id='word_1_581' title='bbox 2205 3775 2551 3834; x_wconf 82' lang='lat' dir='ltr'><strong>DESIDERII</strong></span> <span class='ocrx_word' id='word_1_582' title='bbox 2578 3778 2833 3835; x_wconf 82' lang='lat' dir='ltr'><strong>ERASMI</strong></span> <span class='ocrx_word' id='word_1_583' title='bbox 2874 3778 3181 3837; x_wconf 83' lang='lat' dir='ltr'><strong><em>CENSURA</em></strong></span> 
     </span>
    </p>
   </div>
   <div class='ocr_carea' id='block_1_84' title="bbox 2320 3885 3120 3927">
    <p class='ocr_par' dir='ltr' id='par_1_84' title="bbox 2320 3885 3120 3927">
     <span class='ocr_line' id='line_1_84' title="bbox 2320 3885 3120 3927; baseline 0.006 -5"><span class='ocrx_word' id='word_1_584' title='bbox 2320 3885 2372 3923; x_wconf 85' lang='lat' dir='ltr'><strong>IN</strong></span> <span class='ocrx_word' id='word_1_585' title='bbox 2415 3885 2609 3925; x_wconf 73' lang='lat' dir='ltr'><strong>LIBRUM</strong></span> <span class='ocrx_word' id='word_1_586' title='bbox 2644 3888 2711 3926; x_wconf 84' lang='lat' dir='ltr'><strong><em>DE</em></strong></span> <span class='ocrx_word' id='word_1_587' title='bbox 2748 3887 3120 3927; x_wconf 77' lang='lat' dir='ltr'><strong><em>CONTINENTIA.</em></strong></span> 
     </span>
    </p>
   </div>
   <div class='ocr_carea' id='block_1_85' title="bbox 1985 3961 3494 4035">
    <p class='ocr_par' dir='ltr' id='par_1_85' title="bbox 1985 3961 3494 4035">
     <span class='ocr_line' id='line_1_85' title="bbox 1985 3961 3494 4035; baseline 0.003 -19"><span class='ocrx_word' id='word_1_588' title='bbox 1985 3961 2220 4017; x_wconf 88' lang='lat' dir='ltr'><strong><em>Libellus</em></strong></span> <span class='ocrx_word' id='word_1_589' title='bbox 2263 3962 2415 4031; x_wconf 92' lang='lat' dir='ltr'><strong><em>pius,</em></strong></span> <span class='ocrx_word' id='word_1_590' title='bbox 2458 3979 2557 4019; x_wconf 90' lang='lat' dir='ltr'><strong><em>nec</em></strong></span> <span class='ocrx_word' id='word_1_591' title='bbox 2596 3966 2877 4031; x_wconf 89' lang='lat' dir='ltr'><strong><em>indoctus;</em></strong></span> <span class='ocrx_word' id='word_1_592' title='bbox 2916 3968 3193 4035; x_wconf 82' lang='lat' dir='ltr'><strong><em>Augustini</em></strong></span> <span class='ocrx_word' id='word_1_593' title='bbox 3238 3981 3341 4021; x_wconf 88' lang='lat' dir='ltr'><strong><em>non</em></strong></span> <span class='ocrx_word' id='word_1_594' title='bbox 3374 3981 3494 4021; x_wconf 88' lang='lat' dir='ltr'><strong><em>esse</em></strong></span> 
     </span>
    </p>
   </div>
   <div class='ocr_carea' id='block_1_86' title="bbox 1914 4053 3495 4127">
    <p class='ocr_par' dir='ltr' id='par_1_86' title="bbox 1914 4053 3495 4127">
     <span class='ocr_line' id='line_1_86' title="bbox 1914 4053 3495 4127; baseline 0.003 -20"><span class='ocrx_word' id='word_1_595' title='bbox 1914 4053 2131 4125; x_wconf 88' lang='lat' dir='ltr'><strong><em>phrasis</em></strong></span> <span class='ocrx_word' id='word_1_596' title='bbox 2160 4057 2358 4125; x_wconf 88' lang='lat' dir='ltr'><strong><em>arguit.</em></strong></span> <span class='ocrx_word' id='word_1_597' title='bbox 2389 4055 2519 4110; x_wconf 85' lang='lat' dir='ltr'><strong><em>Mihi</em></strong></span> <span class='ocrx_word' id='word_1_598' title='bbox 2545 4058 2759 4112; x_wconf 89' lang='lat' dir='ltr'><strong><em>videtur</em></strong></span> <span class='ocrx_word' id='word_1_599' title='bbox 2785 4059 3024 4127; x_wconf 87' lang='lat' dir='ltr'><strong><em>Ilugonis</em></strong></span> <span class='ocrx_word' id='word_1_600' title='bbox 3055 4058 3334 4115; x_wconf 85' lang='lat' dir='ltr'><strong><em>Victorini.</em></strong></span> <span class='ocrx_word' id='word_1_601' title='bbox 3365 4059 3495 4127; x_wconf 87' lang='lat' dir='ltr'><strong><em>(Sed</em></strong></span> 
     </span>
    </p>
   </div>
   <div class='ocr_carea' id='block_1_87' title="bbox 1911 4147 3498 4205">
    <p class='ocr_par' dir='ltr' id='par_1_87' title="bbox 1911 4147 3498 4205">
     <span class='ocr_line' id='line_1_87' title="bbox 1911 4147 3498 4205; baseline 0.003 -5"><span class='ocrx_word' id='word_1_602' title='bbox 1911 4147 2028 4201; x_wconf 89' lang='lat' dir='ltr'><strong><em>vide</em></strong></span> <span class='ocrx_word' id='word_1_603' title='bbox 2073 4148 2290 4201; x_wconf 87' lang='lat' dir='ltr'><strong><em>editores</em></strong></span> <span class='ocrx_word' id='word_1_604' title='bbox 2338 4147 2661 4202; x_wconf 87' lang='lat' dir='ltr'><strong><em>Parisienses</em></strong></span> <span class='ocrx_word' id='word_1_605' title='bbox 2703 4150 2756 4202; x_wconf 88' lang='lat' dir='ltr'><strong><em>in</em></strong></span> <span class='ocrx_word' id='word_1_606' title='bbox 2798 4150 3146 4202; x_wconf 85' lang='lat' dir='ltr'><strong><em>admonitione</em></strong></span> <span class='ocrx_word' id='word_1_607' title='bbox 3183 4150 3302 4203; x_wconf 85' lang='lat' dir='ltr'><strong><em>huic</em></strong></span> <span class='ocrx_word' id='word_1_608' title='bbox 3327 4150 3498 4205; x_wconf 83' lang='lat' dir='ltr'><strong><em>libello</em></strong></span> 
     </span>
    </p>
   </div>
   <div class='ocr_carea' id='block_1_88' title="bbox 1914 4238 3186 4310">
    <p class='ocr_par' dir='ltr' id='par_1_88' title="bbox 1914 4238 3186 4310">
     <span class='ocr_line' id='line_1_88' title="bbox 1914 4238 3186 4310; baseline 0.003 -18"><span class='ocrx_word' id='word_1_609' title='bbox 1914 4239 2153 4308; x_wconf 68' lang='lat' dir='ltr'><strong><em>prie/ima,</em></strong></span> <span class='ocrx_word' id='word_1_610' title='bbox 2184 4240 2269 4293; x_wconf 84' lang='lat' dir='ltr'><strong><em>ubi</em></strong></span> <span class='ocrx_word' id='word_1_611' title='bbox 2294 4238 2570 4294; x_wconf 83' lang='lat' dir='ltr'><strong><em>Erasmum</em></strong></span> <span class='ocrx_word' id='word_1_612' title='bbox 2608 4244 2893 4310; x_wconf 85' lang='lat' dir='ltr'><strong><em>confutant.</em></strong></span> <span class='ocrx_word' id='word_1_613' title='bbox 2926 4240 3186 4310; x_wconf 79' lang='lat' dir='ltr'><strong><em>PBEBEP.)</em></strong></span> 
     </span>
    </p>
   </div>
   <div class='ocr_carea' id='block_1_89' title="bbox 2377 4333 3024 4390">
    <p class='ocr_par' dir='ltr' id='par_1_89' title="bbox 2377 4333 3024 4390">
     <span class='ocr_line' id='line_1_89' title="bbox 2377 4333 3024 4390; baseline 0.005 -3"><span class='ocrx_word' id='word_1_614' title='bbox 2377 4333 3024 4390; x_wconf 78' lang='lat' dir='ltr'><strong><em>ANIMADVERSIONES</em></strong></span> 
     </span>
    </p>
   </div>
   <div class='ocr_carea' id='block_1_90' title="bbox 2433 4441 2978 4480">
    <p class='ocr_par' dir='ltr' id='par_1_90' title="bbox 2433 4441 2978 4480">
     <span class='ocr_line' id='line_1_90' title="bbox 2433 4441 2978 4480; baseline 0 -2"><span class='ocrx_word' id='word_1_615' title='bbox 2433 4441 2484 4478; x_wconf 78' lang='lat' dir='ltr'><strong>IN</strong></span> <span class='ocrx_word' id='word_1_616' title='bbox 2516 4442 2732 4480; x_wconf 71' lang='lat' dir='ltr'><strong><em>EUMDEM</em></strong></span> <span class='ocrx_word' id='word_1_617' title='bbox 2764 4441 2978 4480; x_wconf 75' lang='lat' dir='ltr'><strong><em>LIBRUM.</em></strong></span> 
     </span>
    </p>
   </div>
   <div class='ocr_carea' id='block_1_91' title="bbox 1984 4515 3498 4588">
    <p class='ocr_par' dir='ltr' id='par_1_91' title="bbox 1984 4515 3498 4588">
     <span class='ocr_line' id='line_1_91' title="bbox 1984 4515 3498 4588; baseline 0.001 -17"><span class='ocrx_word' id='word_1_618' title='bbox 1984 4515 2117 4586; x_wconf 83' lang='lat' dir='ltr'><strong><em>Cap.</em></strong></span> <span class='ocrx_word' id='word_1_619' title='bbox 2150 4516 2259 4587; x_wconf 81' lang='lat'><strong><em>5,§</em></strong></span> <span class='ocrx_word' id='word_1_620' title='bbox 2300 4515 2353 4571; x_wconf 87' lang='grc'><strong>6.</strong></span> <span class='ocrx_word' id='word_1_621' title='bbox 2400 4516 2504 4571; x_wconf 89' lang='lat' dir='ltr'><strong><em>Sed</em></strong></span> <span class='ocrx_word' id='word_1_622' title='bbox 2549 4517 2692 4570; x_wconf 86' lang='lat' dir='ltr'><strong><em>aliud</em></strong></span> <span class='ocrx_word' id='word_1_623' title='bbox 2723 4526 2795 4570; x_wconf 87' lang='lat' dir='ltr'><strong><em>est</em></strong></span> <span class='ocrx_word' id='word_1_624' title='bbox 2835 4516 2958 4571; x_wconf 89' lang='lat' dir='ltr'><strong><em>bene</em></strong></span> <span class='ocrx_word' id='word_1_625' title='bbox 2991 4534 3240 4588; x_wconf 85' lang='lat' dir='ltr'><strong><em>pugnare,</em></strong></span> <span class='ocrx_word' id='word_1_626' title='bbox 3290 4518 3498 4588; x_wconf 89' lang='lat' dir='ltr'><strong><em>quando</em></strong></span> 
     </span>
    </p>
   </div>
   <div class='ocr_carea' id='block_1_92' title="bbox 223 4585 3501 4676">
    <p class='ocr_par' dir='ltr' id='par_1_92' title="bbox 223 4585 3501 4676">
     <span class='ocr_line' id='line_1_92' title="bbox 223 4585 3501 4676; baseline 0.003 -20"><span class='ocrx_word' id='word_1_627' title='bbox 223 4600 379 4656; x_wconf 88' lang='lat' dir='ltr'><strong><em>Iioris</em></strong></span> <span class='ocrx_word' id='word_1_628' title='bbox 408 4611 548 4656; x_wconf 66' lang='lat' dir='ltr'><strong><em>notas</em></strong></span> <span class='ocrx_word' id='word_1_629' title='bbox 577 4614 709 4655; x_wconf 88' lang='lat' dir='ltr'><strong><em>mss.</em></strong></span> <span class='ocrx_word' id='word_1_630' title='bbox 741 4600 984 4666; x_wconf 85' lang='lat' dir='ltr'><strong><em>codices,</em></strong></span> <span class='ocrx_word' id='word_1_631' title='bbox 1030 4616 1135 4657; x_wconf 92' lang='lat' dir='ltr'><strong><em>non</em></strong></span> <span class='ocrx_word' id='word_1_632' title='bbox 1164 4604 1401 4656; x_wconf 86' lang='lat' dir='ltr'><strong><em>salvandi</em></strong></span> <span class='ocrx_word' id='word_1_633' title='bbox 1426 4604 1690 4672; x_wconf 85' lang='lat' dir='ltr'><strong><em>corporis;</em></strong></span> <span class='ocrx_word' id='word_1_634' title='bbox 1718 4604 1803 4657; x_wconf 87' lang='lat' dir='ltr'><strong><em>in-</em></strong></span> <span class='ocrx_word' id='word_1_635' title='bbox 1827 4585 1887 4649; x_wconf 79' lang='grc' dir='ltr'><strong><em>Ῑ)</em></strong></span> <span class='ocrx_word' id='word_1_636' title='bbox 1914 4611 2097 4663; x_wconf 88' lang='lat' dir='ltr'><strong><em>mortis</em></strong></span> <span class='ocrx_word' id='word_1_637' title='bbox 2140 4610 2452 4664; x_wconf 87' lang='lat' dir='ltr'><strong><em>contentioni</em></strong></span> <span class='ocrx_word' id='word_1_638' title='bbox 2495 4610 2787 4676; x_wconf 83' lang='lat' dir='ltr'><strong><em>resistitur;</em></strong></span> <span class='ocrx_word' id='word_1_639' title='bbox 2836 4611 2980 4663; x_wconf 84' lang='lat' dir='ltr'><strong><em>aliud</em></strong></span> <span class='ocrx_word' id='word_1_640' title='bbox 3011 4611 3359 4667; x_wconf 80' lang='lat' dir='ltr'><strong><em>adversarium</em></strong></span> <span class='ocrx_word' id='word_1_641' title='bbox 3399 4630 3501 4666; x_wconf 89' lang='lat' dir='ltr'><strong><em>non</em></strong></span> 
     </span>
    </p>
   </div>
   <div class='ocr_carea' id='block_1_93' title="bbox 238 4692 1807 4763">
    <p class='ocr_par' dir='ltr' id='par_1_93' title="bbox 238 4692 1807 4763">
     <span class='ocr_line' id='line_1_93' title="bbox 238 4692 1807 4763; baseline -0.001 -16"><span class='ocrx_word' id='word_1_642' title='bbox 238 4700 725 4761; x_wconf 86' lang='lat' dir='ltr'><strong><em>tcrpretanturque,</em></strong></span> <span class='ocrx_word' id='word_1_643' title='bbox 745 4692 986 4757; x_wconf 90' lang='lat' dir='ltr'><strong><em>salutem,</em></strong></span> <span class='ocrx_word' id='word_1_644' title='bbox 1018 4708 1107 4744; x_wconf 90' lang='lat' dir='ltr'><strong><em>seu</em></strong></span> <span class='ocrx_word' id='word_1_645' title='bbox 1137 4709 1395 4746; x_wconf 84' lang='lat' dir='ltr'><strong><em>assensum</em></strong></span> <span class='ocrx_word' id='word_1_646' title='bbox 1431 4703 1575 4763; x_wconf 85' lang='lat' dir='ltr'><strong><em>gestu</em></strong></span> <span class='ocrx_word' id='word_1_647' title='bbox 1603 4695 1807 4763; x_wconf 83' lang='lat' dir='ltr'><strong><em>signi/i-</em></strong></span> 
     </span>
    </p>
   </div>
   <div class='ocr_carea' id='block_1_94' title="bbox 238 4784 1806 4853">
    <p class='ocr_par' dir='ltr' id='par_1_94' title="bbox 238 4784 1806 4853">
     <span class='ocr_line' id='line_1_94' title="bbox 238 4784 1806 4853; baseline 0.004 -16"><span class='ocrx_word' id='word_1_648' title='bbox 238 4786 430 4838; x_wconf 84' lang='lat' dir='ltr'><strong><em>cantis.</em></strong></span> <span class='ocrx_word' id='word_1_649' title='bbox 459 4786 531 4839; x_wconf 88' lang='lat' dir='ltr'><strong><em>At</em></strong></span> <span class='ocrx_word' id='word_1_650' title='bbox 565 4784 746 4839; x_wconf 87' lang='lat' dir='ltr'><strong><em>malim</em></strong></span> <span class='ocrx_word' id='word_1_651' title='bbox 778 4785 1115 4853; x_wconf 87' lang='lat' dir='ltr'><strong><em>interpretari</em></strong></span> <span class='ocrx_word' id='word_1_652' title='bbox 1145 4786 1416 4839; x_wconf 85' lang='lat' dir='ltr'><strong><em>salutantis</em></strong></span> <span class='ocrx_word' id='word_1_653' title='bbox 1461 4786 1583 4853; x_wconf 90' lang='lat' dir='ltr'><strong><em>hic,</em></strong></span> <span class='ocrx_word' id='word_1_654' title='bbox 1614 4787 1806 4843; x_wconf 91' lang='lat' dir='ltr'><strong><em>eodem</em></strong></span> 
     </span>
    </p>
   </div>
   <div class='ocr_carea' id='block_1_95' title="bbox 234 4870 1809 4948">
    <p class='ocr_par' dir='ltr' id='par_1_95' title="bbox 234 4870 1809 4948">
     <span class='ocr_line' id='line_1_95' title="bbox 234 4870 1809 4948; baseline 0.004 -18"><span class='ocrx_word' id='word_1_655' title='bbox 234 4890 401 4930; x_wconf 84' lang='lat' dir='ltr'><strong><em>sensu</em></strong></span> <span class='ocrx_word' id='word_1_656' title='bbox 430 4870 494 4931; x_wconf 82' lang='lat' dir='ltr'><strong><em>ac</em></strong></span> <span class='ocrx_word' id='word_1_657' title='bbox 522 4874 772 4944; x_wconf 81' lang='lat' dir='ltr'><strong><em>dicebant</em></strong></span> <span class='ocrx_word' id='word_1_658' title='bbox 796 4874 971 4931; x_wconf 83' lang='lat' dir='ltr'><strong><em>Latini</em></strong></span> <span class='ocrx_word' id='word_1_659' title='bbox 1007 4878 1233 4931; x_wconf 84' lang='lat' dir='ltr'><strong><em>salutare</em></strong></span> <span class='ocrx_word' id='word_1_660' title='bbox 1279 4879 1652 4948; x_wconf 84' lang='lat' dir='ltr'><strong><em>imperatorem,</em></strong></span> <span class='ocrx_word' id='word_1_661' title='bbox 1703 4878 1809 4936; x_wconf 86' lang='lat' dir='ltr'><strong><em>hoc</em></strong></span> 
     </span>
    </p>
   </div>
   <div class='ocr_carea' id='block_1_96' title="bbox 231 4967 1810 5039">
    <p class='ocr_par' dir='ltr' id='par_1_96' title="bbox 231 4967 1810 5039">
     <span class='ocr_line' id='line_1_96' title="bbox 231 4967 1810 5039; baseline 0.002 -17"><span class='ocrx_word' id='word_1_662' title='bbox 231 4976 324 5022; x_wconf 85' lang='lat' dir='ltr'><strong><em>est</em></strong></span> <span class='ocrx_word' id='word_1_663' title='bbox 347 4982 554 5023; x_wconf 90' lang='lat' dir='ltr'><strong><em>vocare.</em></strong></span> <span class='ocrx_word' id='word_1_664' title='bbox 581 4968 781 5023; x_wconf 89' lang='lat' dir='ltr'><strong><em>Sensus</em></strong></span> <span class='ocrx_word' id='word_1_665' title='bbox 810 4978 893 5024; x_wconf 88' lang='lat' dir='ltr'><strong><em>est</em></strong></span> <span class='ocrx_word' id='word_1_666' title='bbox 921 4967 1078 5023; x_wconf 90' lang='lat' dir='ltr'><strong><em>tidem</em></strong></span> <span class='ocrx_word' id='word_1_667' title='bbox 1101 4984 1205 5023; x_wconf 90' lang='lat' dir='ltr'><strong><em>non</em></strong></span> <span class='ocrx_word' id='word_1_668' title='bbox 1245 4983 1365 5024; x_wconf 90' lang='lat' dir='ltr'><strong><em>esse</em></strong></span> <span class='ocrx_word' id='word_1_669' title='bbox 1392 4969 1631 5039; x_wconf 89' lang='lat' dir='ltr'><strong><em>corporis</em></strong></span> <span class='ocrx_word' id='word_1_670' title='bbox 1657 4972 1810 5026; x_wconf 84' lang='lat' dir='ltr'><strong><em>salu-</em></strong></span> 
     </span>
    </p>
   </div>
   <div class='ocr_carea' id='block_1_97' title="bbox 230 5059 1806 5131">
    <p class='ocr_par' dir='ltr' id='par_1_97' title="bbox 230 5059 1806 5131">
     <span class='ocr_line' id='line_1_97' title="bbox 230 5059 1806 5131; baseline 0.003 -17"><span class='ocrx_word' id='word_1_671' title='bbox 230 5061 395 5116; x_wconf 83' lang='lat' dir='ltr'><strong><em>tantis</em></strong></span> <span class='ocrx_word' id='word_1_672' title='bbox 419 5061 581 5115; x_wconf 89' lang='lat' dir='ltr'><strong><em>alium</em></strong></span> <span class='ocrx_word' id='word_1_673' title='bbox 608 5060 823 5116; x_wconf 90' lang='lat' dir='ltr'><strong><em>nomine</em></strong></span> <span class='ocrx_word' id='word_1_674' title='bbox 854 5062 1030 5131; x_wconf 77' lang='lat' dir='ltr'><strong><em>fratris</em></strong></span> <span class='ocrx_word' id='word_1_675' title='bbox 1069 5070 1161 5116; x_wconf 80' lang='lat' dir='ltr'><strong><em>aut</em></strong></span> <span class='ocrx_word' id='word_1_676' title='bbox 1187 5059 1487 5127; x_wconf 81' lang='lat' dir='ltr'><strong><em>Christiani,</em></strong></span> <span class='ocrx_word' id='word_1_677' title='bbox 1540 5062 1635 5118; x_wconf 90' lang='lat' dir='ltr'><strong><em>sed</em></strong></span> <span class='ocrx_word' id='word_1_678' title='bbox 1684 5078 1806 5118; x_wconf 89' lang='lat' dir='ltr'><strong><em>cre-</em></strong></span> 
     </span>
    </p>
   </div>
   <div class='ocr_carea' id='block_1_98' title="bbox 240 5152 1808 5223">
    <p class='ocr_par' dir='ltr' id='par_1_98' title="bbox 240 5152 1808 5223">
     <span class='ocr_line' id='line_1_98' title="bbox 240 5152 1808 5223; baseline 0.003 -17"><span class='ocrx_word' id='word_1_679' title='bbox 240 5153 415 5208; x_wconf 88' lang='lat' dir='ltr'><strong><em>dentis</em></strong></span> <span class='ocrx_word' id='word_1_680' title='bbox 437 5152 621 5207; x_wconf 89' lang='lat' dir='ltr'><strong><em>animi.</em></strong></span> <span class='ocrx_word' id='word_1_681' title='bbox 650 5152 709 5207; x_wconf 91' lang='lat' dir='ltr'><strong><em>In</em></strong></span> <span class='ocrx_word' id='word_1_682' title='bbox 744 5154 1015 5208; x_wconf 90' lang='lat' dir='ltr'><strong><em>veteribus</em></strong></span> <span class='ocrx_word' id='word_1_683' title='bbox 1051 5153 1243 5223; x_wconf 91' lang='lat' dir='ltr'><strong><em>glossis</em></strong></span> <span class='ocrx_word' id='word_1_684' title='bbox 1273 5154 1515 5207; x_wconf 87' lang='lat' dir='ltr'><strong><em>salutatio</em></strong></span> <span class='ocrx_word' id='word_1_685' title='bbox 1538 5170 1644 5209; x_wconf 91' lang='lat' dir='ltr'><strong><em>non</em></strong></span> <span class='ocrx_word' id='word_1_686' title='bbox 1688 5166 1808 5209; x_wconf 90' lang='lat' dir='ltr'><strong><em>tan-</em></strong></span> 
     </span>
    </p>
   </div>
   <div class='ocr_carea' id='block_1_99' title="bbox 235 5244 1807 5320">
    <p class='ocr_par' dir='ltr' id='par_1_99' title="bbox 235 5244 1807 5320">
     <span class='ocr_line' id='line_1_99' title="bbox 235 5244 1807 5320; baseline 0.002 -22"><span class='ocrx_word' id='word_1_687' title='bbox 235 5252 349 5299; x_wconf 84' lang='lat' dir='ltr'><strong><em>tum</em></strong></span> <span class='ocrx_word' id='word_1_688' title='bbox 376 5247 654 5317; x_wconf 79' lang='grc' dir='ltr'><strong><em>ἀσπασμὸς</em></strong></span> <span class='ocrx_word' id='word_1_689' title='bbox 674 5288 689 5313; x_wconf 88' lang='grc'>,</span> <span class='ocrx_word' id='word_1_690' title='bbox 719 5244 811 5298; x_wconf 89' lang='lat' dir='ltr'><strong><em>sed</em></strong></span> <span class='ocrx_word' id='word_1_691' title='bbox 843 5254 899 5299; x_wconf 87' lang='lat' dir='ltr'><strong><em>et</em></strong></span> <span class='ocrx_word' id='word_1_692' title='bbox 927 5247 1242 5320; x_wconf 70' lang='grc' dir='ltr'><strong><em>προσηγορία</em></strong></span> <span class='ocrx_word' id='word_1_693' title='bbox 1266 5246 1508 5298; x_wconf 83' lang='lat' dir='ltr'><strong><em>vertitur.</em></strong></span> <span class='ocrx_word' id='word_1_694' title='bbox 1539 5245 1807 5301; x_wconf 71' lang='lat' dir='ltr'><strong><em>Caeterum</em></strong></span> 
     </span>
    </p>
   </div>
   <div class='ocr_carea' id='block_1_100' title="bbox 244 5335 1809 5409">
    <p class='ocr_par' dir='ltr' id='par_1_100' title="bbox 244 5335 1809 5409">
     <span class='ocr_line' id='line_1_100' title="bbox 244 5335 1809 5409; baseline 0.002 -20"><span class='ocrx_word' id='word_1_695' title='bbox 244 5350 315 5389; x_wconf 89' lang='lat' dir='ltr'><strong><em>eo</em></strong></span> <span class='ocrx_word' id='word_1_696' title='bbox 338 5347 593 5409; x_wconf 86' lang='lat' dir='ltr'><strong><em>tempore,</em></strong></span> <span class='ocrx_word' id='word_1_697' title='bbox 622 5335 776 5390; x_wconf 87' lang='lat' dir='ltr'><strong><em>facile</em></strong></span> <span class='ocrx_word' id='word_1_698' title='bbox 804 5344 1051 5405; x_wconf 88' lang='lat' dir='ltr'><strong><em>poterant</em></strong></span> <span class='ocrx_word' id='word_1_699' title='bbox 1076 5335 1274 5391; x_wconf 86' lang='lat' dir='ltr'><strong><em>ethnici</em></strong></span> <span class='ocrx_word' id='word_1_700' title='bbox 1301 5350 1395 5405; x_wconf 90' lang='lat' dir='ltr'><strong><em>spe</em></strong></span> <span class='ocrx_word' id='word_1_701' title='bbox 1422 5344 1514 5390; x_wconf 90' lang='lat' dir='ltr'><strong><em>aut</em></strong></span> <span class='ocrx_word' id='word_1_702' title='bbox 1537 5347 1679 5391; x_wconf 89' lang='lat' dir='ltr'><strong><em>metu</em></strong></span> <span class='ocrx_word' id='word_1_703' title='bbox 1708 5338 1809 5393; x_wconf 86' lang='lat' dir='ltr'><strong><em>ad-</em></strong></span> 
     </span>
    </p>
   </div>
   <div class='ocr_carea' id='block_1_101' title="bbox 240 5430 1809 5507">
    <p class='ocr_par' dir='ltr' id='par_1_101' title="bbox 240 5430 1809 5507">
     <span class='ocr_line' id='line_1_101' title="bbox 240 5430 1809 5507; baseline 0.002 -24"><span class='ocrx_word' id='word_1_704' title='bbox 240 5430 435 5486; x_wconf 83' lang='lat' dir='ltr'><strong><em>duciut</em></strong></span> <span class='ocrx_word' id='word_1_705' title='bbox 457 5432 651 5487; x_wconf 84' lang='lat' dir='ltr'><strong><em>ﬁerent</em></strong></span> <span class='ocrx_word' id='word_1_706' title='bbox 678 5430 996 5507; x_wconf 79' lang='lat' dir='ltr'><strong><em>Christiaqi;</em></strong></span> <span class='ocrx_word' id='word_1_707' title='bbox 1037 5444 1158 5484; x_wconf 90' lang='lat' dir='ltr'><strong><em>nam</em></strong></span> <span class='ocrx_word' id='word_1_708' title='bbox 1190 5430 1506 5485; x_wconf 87' lang='lat' dir='ltr'><strong><em>Christianis</em></strong></span> <span class='ocrx_word' id='word_1_709' title='bbox 1544 5431 1809 5500; x_wconf 85' lang='lat' dir='ltr'><strong><em>propositi</em></strong></span> 
     </span>
    </p>
   </div>
   <div class='ocr_carea' id='block_1_102' title="bbox 238 5523 1807 5595">
    <p class='ocr_par' dir='ltr' id='par_1_102' title="bbox 238 5523 1807 5595">
     <span class='ocr_line' id='line_1_102' title="bbox 238 5523 1807 5595; baseline 0.003 -20"><span class='ocrx_word' id='word_1_710' title='bbox 238 5532 389 5578; x_wconf 86' lang='lat' dir='ltr'><strong><em>erant</em></strong></span> <span class='ocrx_word' id='word_1_711' title='bbox 414 5525 644 5580; x_wconf 89' lang='lat' dir='ltr'><strong><em>honores</em></strong></span> <span class='ocrx_word' id='word_1_712' title='bbox 674 5524 729 5578; x_wconf 89' lang='lat' dir='ltr'><strong><em>in</em></strong></span> <span class='ocrx_word' id='word_1_713' title='bbox 765 5524 909 5591; x_wconf 88' lang='lat' dir='ltr'><strong><em>aula,</em></strong></span> <span class='ocrx_word' id='word_1_714' title='bbox 954 5537 1086 5593; x_wconf 91' lang='lat' dir='ltr'><strong><em>quos</em></strong></span> <span class='ocrx_word' id='word_1_715' title='bbox 1127 5523 1335 5579; x_wconf 79' lang='lat' dir='ltr'><strong><em>facilius</em></strong></span> <span class='ocrx_word' id='word_1_716' title='bbox 1381 5525 1807 5595; x_wconf 90' lang='lat' dir='ltr'><strong><em>assequebantur</em></strong></span> 
     </span>
    </p>
   </div>
   <div class='ocr_carea' id='block_1_103' title="bbox 242 5618 1813 5689">
    <p class='ocr_par' dir='ltr' id='par_1_103' title="bbox 242 5618 1813 5689">
     <span class='ocr_line' id='line_1_103' title="bbox 242 5618 1813 5689; baseline 0.005 -21"><span class='ocrx_word' id='word_1_717' title='bbox 242 5632 395 5684; x_wconf 87' lang='lat' dir='ltr'><strong><em>quam</em></strong></span> <span class='ocrx_word' id='word_1_718' title='bbox 415 5620 734 5676; x_wconf 88' lang='lat' dir='ltr'><strong><em>etbnicismo</em></strong></span> <span class='ocrx_word' id='word_1_719' title='bbox 762 5620 1088 5689; x_wconf 89' lang='lat' dir='ltr'><strong><em>pertinacius</em></strong></span> <span class='ocrx_word' id='word_1_720' title='bbox 1115 5619 1480 5687; x_wconf 80' lang='lat' dir='ltr'><strong><em>adlnerentes;</em></strong></span> <span class='ocrx_word' id='word_1_721' title='bbox 1522 5618 1813 5689; x_wconf 67' lang='lat' dir='ltr'><strong><em>propositae</em></strong></span> 
     </span>
    </p>
   </div>
   <div class='ocr_carea' id='block_1_104' title="bbox 240 5715 1813 5786">
    <p class='ocr_par' dir='ltr' id='par_1_104' title="bbox 240 5715 1813 5786">
     <span class='ocr_line' id='line_1_104' title="bbox 240 5715 1813 5786; baseline 0.004 -22"><span class='ocrx_word' id='word_1_722' title='bbox 240 5723 388 5766; x_wconf 88' lang='lat' dir='ltr'><strong><em>erant</em></strong></span> <span class='ocrx_word' id='word_1_723' title='bbox 410 5725 464 5771; x_wconf 88' lang='lat' dir='ltr'><strong><em>et</em></strong></span> <span class='ocrx_word' id='word_1_724' title='bbox 487 5716 773 5786; x_wconf 87' lang='lat' dir='ltr'><strong><em>dignitates</em></strong></span> <span class='ocrx_word' id='word_1_725' title='bbox 801 5715 1176 5771; x_wconf 64' lang='lat' dir='ltr'><strong><em>ecclesiasticas</em></strong></span> <span class='ocrx_word' id='word_1_726' title='bbox 1202 5715 1421 5771; x_wconf 91' lang='lat' dir='ltr'><strong><em>minime</em></strong></span> <span class='ocrx_word' id='word_1_727' title='bbox 1454 5725 1813 5772; x_wconf 86' lang='lat' dir='ltr'><strong><em>contemnen-</em></strong></span> 
     </span>
    </p>
   </div>
   <div class='ocr_carea' id='block_1_105' title="bbox 244 5801 1804 5880">
    <p class='ocr_par' dir='ltr' id='par_1_105' title="bbox 244 5801 1804 5880">
     <span class='ocr_line' id='line_1_105' title="bbox 244 5801 1804 5880; baseline 0.008 -23"><span class='ocrx_word' id='word_1_728' title='bbox 244 5801 347 5858; x_wconf 68' lang='lat' dir='ltr'><strong><em>dae.</em></strong></span> <span class='ocrx_word' id='word_1_729' title='bbox 374 5804 563 5863; x_wconf 89' lang='lat' dir='ltr'><strong><em>Contra</em></strong></span> <span class='ocrx_word' id='word_1_730' title='bbox 592 5807 822 5863; x_wconf 91' lang='lat' dir='ltr'><strong><em>ethnicis</em></strong></span> <span class='ocrx_word' id='word_1_731' title='bbox 843 5807 1005 5862; x_wconf 88' lang='lat' dir='ltr'><strong><em>multa</em></strong></span> <span class='ocrx_word' id='word_1_732' title='bbox 1034 5816 1187 5866; x_wconf 84' lang='lat' dir='ltr'><strong><em>erant</em></strong></span> <span class='ocrx_word' id='word_1_733' title='bbox 1218 5807 1471 5877; x_wconf 87' lang='lat' dir='ltr'><strong><em>timenda,</em></strong></span> <span class='ocrx_word' id='word_1_734' title='bbox 1505 5812 1804 5880; x_wconf 67' lang='lat' dir='ltr'><strong><em>praesertim</em></strong></span> 
     </span>
    </p>
   </div>
   <div class='ocr_carea' id='block_1_106' title="bbox 518 5902 1091 5991">
    <p class='ocr_par' dir='ltr' id='par_1_106' title="bbox 518 5902 1091 5991">
     <span class='ocr_line' id='line_1_106' title="bbox 518 5902 1091 5991; baseline 0.003 -28"><span class='ocrx_word' id='word_1_735' title='bbox 518 5902 807 5991; x_wconf 71' lang='lat' dir='ltr'><strong><em>PnaoL.</em></strong></span> <span class='ocrx_word' id='word_1_736' title='bbox 836 5902 1091 5969; x_wconf 77' lang='lat' dir='ltr'><strong><em>XLVII.</em></strong></span> 
     </span>
    </p>
   </div>
   <div class='ocr_carea' id='block_1_107' title="bbox 1920 4694 3503 4772">
    <p class='ocr_par' dir='ltr' id='par_1_107' title="bbox 1920 4694 3503 4772">
     <span class='ocr_line' id='line_1_107' title="bbox 1920 4694 3503 4772; baseline 0.002 -17"><span class='ocrx_word' id='word_1_737' title='bbox 1920 4702 2124 4770; x_wconf 80' lang='lat' dir='ltr'><strong><em>habere,</em></strong></span> <span class='ocrx_word' id='word_1_738' title='bbox 2147 4704 2283 4771; x_wconf 88' lang='lat' dir='ltr'><strong><em>quod</em></strong></span> <span class='ocrx_word' id='word_1_739' title='bbox 2323 4713 2445 4756; x_wconf 88' lang='lat' dir='ltr'><strong><em>tunc</em></strong></span> <span class='ocrx_word' id='word_1_740' title='bbox 2466 4704 2559 4756; x_wconf 90' lang='lat' dir='ltr'><strong><em>erit</em></strong></span> <span class='ocrx_word' id='word_1_741' title='bbox 2581 4704 2785 4772; x_wconf 86' lang='lat' dir='ltr'><strong><em>quando</em></strong></span> <span class='ocrx_word' id='word_1_742' title='bbox 2820 4719 2955 4757; x_wconf 85' lang='lat' dir='ltr'><strong><em>mors</em></strong></span> <span class='ocrx_word' id='word_1_743' title='bbox 2989 4694 3257 4758; x_wconf 79' lang='lat' dir='ltr'><strong><em>novissima</em></strong></span> <span class='ocrx_word' id='word_1_744' title='bbox 3292 4704 3503 4758; x_wconf 86' lang='lat' dir='ltr'><strong><em>inimica</em></strong></span> 
     </span>
    </p>
   </div>
   <div class='ocr_carea' id='block_1_108' title="bbox 1921 4792 3502 4865">
    <p class='ocr_par' dir='ltr' id='par_1_108' title="bbox 1921 4792 3502 4865">
     <span class='ocr_line' id='line_1_108' title="bbox 1921 4792 3502 4865; baseline 0.001 -18"><span class='ocrx_word' id='word_1_745' title='bbox 1921 4792 2256 4865; x_wconf 88' lang='lat' dir='ltr'><strong><em>destruetur.]</em></strong></span> <span class='ocrx_word' id='word_1_746' title='bbox 2286 4794 2451 4849; x_wconf 79' lang='lat' dir='ltr'><strong><em>Recte</em></strong></span> <span class='ocrx_word' id='word_1_747' title='bbox 2480 4803 2733 4850; x_wconf 86' lang='lat' dir='ltr'><strong><em>notarunt</em></strong></span> <span class='ocrx_word' id='word_1_748' title='bbox 2773 4794 3024 4849; x_wconf 90' lang='lat' dir='ltr'><strong><em>monachi</em></strong></span> <span class='ocrx_word' id='word_1_749' title='bbox 3056 4795 3385 4849; x_wconf 89' lang='lat' dir='ltr'><strong><em>Benedictini</em></strong></span> <span class='ocrx_word' id='word_1_750' title='bbox 3411 4810 3502 4849; x_wconf 83' lang='lat' dir='ltr'><strong><em>re-</em></strong></span> 
     </span>
    </p>
   </div>
   <div class='ocr_carea' id='block_1_109' title="bbox 1921 4886 3504 4957">
    <p class='ocr_par' dir='ltr' id='par_1_109' title="bbox 1921 4886 3504 4957">
     <span class='ocr_line' id='line_1_109' title="bbox 1921 4886 3504 4957; baseline 0 -16"><span class='ocrx_word' id='word_1_751' title='bbox 1921 4888 2166 4957; x_wconf 87' lang='lat' dir='ltr'><strong><em>spexisse</em></strong></span> <span class='ocrx_word' id='word_1_752' title='bbox 2188 4886 2541 4956; x_wconf 88' lang='lat' dir='ltr'><strong><em>Augustinum</em></strong></span> <span class='ocrx_word' id='word_1_753' title='bbox 2571 4887 2635 4941; x_wconf 88' lang='lat' dir='ltr'><strong><em>ad</em></strong></span> <span class='ocrx_word' id='word_1_754' title='bbox 2666 4886 2832 4942; x_wconf 90' lang='lat' dir='ltr'><strong><em>ICor.</em></strong></span> <span class='ocrx_word' id='word_1_755' title='bbox 2855 4904 2944 4956; x_wconf 82' lang='lat' dir='ltr'><strong><em>xv,</em></strong></span> <span class='ocrx_word' id='word_1_756' title='bbox 2976 4888 3066 4953; x_wconf 83' lang='lat'><strong><em>55,</em></strong></span> <span class='ocrx_word' id='word_1_757' title='bbox 3101 4887 3199 4941; x_wconf 90' lang='lat' dir='ltr'><strong><em>Ubi</em></strong></span> <span class='ocrx_word' id='word_1_758' title='bbox 3227 4898 3319 4951; x_wconf 91' lang='lat' dir='ltr'><strong><em>est,</em></strong></span> <span class='ocrx_word' id='word_1_759' title='bbox 3344 4904 3504 4955; x_wconf 88' lang='lat' dir='ltr'><strong><em>mors,</em></strong></span> 
     </span>
    </p>
   </div>
   <div class='ocr_carea' id='block_1_110' title="bbox 1922 4977 3505 5047">
    <p class='ocr_par' dir='ltr' id='par_1_110' title="bbox 1922 4977 3505 5047">
     <span class='ocr_line' id='line_1_110' title="bbox 1922 4977 3505 5047; baseline 0.001 -16"><span class='ocrx_word' id='word_1_760' title='bbox 1922 4979 2178 5033; x_wconf 86' lang='lat' dir='ltr'><strong><em>contentio</em></strong></span> <span class='ocrx_word' id='word_1_761' title='bbox 2216 4978 2341 5031; x_wconf 91' lang='lat' dir='ltr'><strong><em>tua?</em></strong></span> <span class='ocrx_word' id='word_1_762' title='bbox 2397 4977 2490 5033; x_wconf 92' lang='lat' dir='ltr'><strong><em>Sic</em></strong></span> <span class='ocrx_word' id='word_1_763' title='bbox 2536 4979 2681 5033; x_wconf 90' lang='lat' dir='ltr'><strong><em>enim</em></strong></span> <span class='ocrx_word' id='word_1_764' title='bbox 2726 4980 2854 5033; x_wconf 88' lang='lat' dir='ltr'><strong><em>citat</em></strong></span> <span class='ocrx_word' id='word_1_765' title='bbox 2887 4979 3213 5047; x_wconf 90' lang='lat' dir='ltr'><strong><em>Augustinus</em></strong></span> <span class='ocrx_word' id='word_1_766' title='bbox 3262 4979 3404 5033; x_wconf 89' lang='lat' dir='ltr'><strong><em>hunc</em></strong></span> <span class='ocrx_word' id='word_1_767' title='bbox 3432 4981 3505 5033; x_wconf 90' lang='lat' dir='ltr'><strong><em>lo-</em></strong></span> 
     </span>
    </p>
   </div>
   <div class='ocr_carea' id='block_1_111' title="bbox 1928 5070 3507 5144">
    <p class='ocr_par' dir='ltr' id='par_1_111' title="bbox 1928 5070 3507 5144">
     <span class='ocr_line' id='line_1_111' title="bbox 1928 5070 3507 5144; baseline 0 -17"><span class='ocrx_word' id='word_1_768' title='bbox 1928 5086 2074 5135; x_wconf 84' lang='lat' dir='ltr'><strong><em>cum,</em></strong></span> <span class='ocrx_word' id='word_1_769' title='bbox 2104 5073 2255 5140; x_wconf 82' lang='lat' dir='ltr'><strong><em>quasi</em></strong></span> <span class='ocrx_word' id='word_1_770' title='bbox 2283 5081 2425 5126; x_wconf 89' lang='lat' dir='ltr'><strong><em>esset</em></strong></span> <span class='ocrx_word' id='word_1_771' title='bbox 2465 5073 2748 5141; x_wconf 87' lang='lat' dir='ltr'><strong><em>scriptum,</em></strong></span> <span class='ocrx_word' id='word_1_772' title='bbox 2781 5077 2882 5126; x_wconf 68' lang='lat' dir='ltr'><strong><em>nos</em></strong></span> <span class='ocrx_word' id='word_1_773' title='bbox 2904 5093 3022 5137; x_wconf 81' lang='grc' dir='ltr'><strong><em>σου,</em></strong></span> <span class='ocrx_word' id='word_1_774' title='bbox 3056 5070 3153 5144; x_wconf 58' lang='lat' dir='ltr'><strong><em>ean</em></strong></span> <span class='ocrx_word' id='word_1_775' title='bbox 3177 5113 3192 5139; x_wconf 96' lang='lat'><strong><em>,</em></strong></span> <span class='ocrx_word' id='word_1_776' title='bbox 3232 5074 3291 5126; x_wconf 87' lang='grc' dir='ltr'><strong><em>τὸ</em></strong></span> <span class='ocrx_word' id='word_1_777' title='bbox 3319 5080 3507 5140; x_wconf 82' lang='grc' dir='ltr'><strong><em>νεῖκος,</em></strong></span> 
     </span>
    </p>
   </div>
   <div class='ocr_carea' id='block_1_112' title="bbox 1926 5162 3571 5231">
    <p class='ocr_par' dir='ltr' id='par_1_112' title="bbox 1926 5162 3571 5231">
     <span class='ocr_line' id='line_1_112' title="bbox 1926 5162 3571 5231; baseline -0.001 -12"><span class='ocrx_word' id='word_1_778' title='bbox 1926 5179 2037 5219; x_wconf 87' lang='lat' dir='ltr'><strong><em>non</em></strong></span> <span class='ocrx_word' id='word_1_779' title='bbox 2067 5179 2192 5219; x_wconf 92' lang='lat' dir='ltr'><strong><em>vero</em></strong></span> <span class='ocrx_word' id='word_1_780' title='bbox 2219 5173 2375 5229; x_wconf 82' lang='grc' dir='ltr'><strong><em>νῖκος,</em></strong></span> <span class='ocrx_word' id='word_1_781' title='bbox 2406 5164 2652 5231; x_wconf 87' lang='lat' dir='ltr'><strong><em>victoria,</em></strong></span> <span class='ocrx_word' id='word_1_782' title='bbox 2687 5172 2744 5217; x_wconf 88' lang='lat' dir='ltr'><strong><em>ut</em></strong></span> <span class='ocrx_word' id='word_1_783' title='bbox 2774 5171 2857 5216; x_wconf 88' lang='lat' dir='ltr'><strong><em>est</em></strong></span> <span class='ocrx_word' id='word_1_784' title='bbox 2886 5162 2938 5216; x_wconf 93' lang='lat' dir='ltr'><strong><em>in</em></strong></span> <span class='ocrx_word' id='word_1_785' title='bbox 2976 5163 3175 5217; x_wconf 91' lang='lat' dir='ltr'><strong><em>nostris</em></strong></span> <span class='ocrx_word' id='word_1_786' title='bbox 3217 5164 3510 5218; x_wconf 90' lang='lat' dir='ltr'><strong><em>codicibus.</em></strong></span> <span class='ocrx_word' id='word_1_787' title='bbox 3566 5178 3571 5182; x_wconf 69' lang='lat'>‘</span> 
     </span>
    </p>
   </div>
   <div class='ocr_carea' id='block_1_113' title="bbox 1926 5253 3514 5322">
    <p class='ocr_par' dir='ltr' id='par_1_113' title="bbox 1926 5253 3514 5322">
     <span class='ocr_line' id='line_1_113' title="bbox 1926 5253 3514 5322; baseline -0.004 -10"><span class='ocrx_word' id='word_1_788' title='bbox 1926 5256 2047 5311; x_wconf 85' lang='lat' dir='ltr'><strong><em>Non</em></strong></span> <span class='ocrx_word' id='word_1_789' title='bbox 2079 5264 2284 5310; x_wconf 87' lang='lat' dir='ltr'><strong><em>tantum</em></strong></span> <span class='ocrx_word' id='word_1_790' title='bbox 2318 5255 2553 5309; x_wconf 81' lang='lat' dir='ltr'><strong><em>affinitas</em></strong></span> <span class='ocrx_word' id='word_1_791' title='bbox 2595 5255 2877 5321; x_wconf 60' lang='lat' dir='ltr'><strong><em>scripturae</em></strong></span> <span class='ocrx_word' id='word_1_792' title='bbox 2903 5290 2919 5316; x_wconf 96' lang='lat'><strong><em>,</em></strong></span> <span class='ocrx_word' id='word_1_793' title='bbox 2957 5253 3052 5307; x_wconf 89' lang='lat' dir='ltr'><strong><em>sed</em></strong></span> <span class='ocrx_word' id='word_1_794' title='bbox 3100 5261 3154 5307; x_wconf 89' lang='lat' dir='ltr'><strong><em>et</em></strong></span> <span class='ocrx_word' id='word_1_795' title='bbox 3202 5254 3514 5322; x_wconf 85' lang='lat' dir='ltr'><strong><em>pronuntia-</em></strong></span> 
     </span>
    </p>
   </div>
   <div class='ocr_carea' id='block_1_114' title="bbox 1925 5347 3543 5415">
    <p class='ocr_par' dir='ltr' id='par_1_114' title="bbox 1925 5347 3543 5415">
     <span class='ocr_line' id='line_1_114' title="bbox 1925 5347 3543 5415; baseline -0.001 -10"><span class='ocrx_word' id='word_1_796' title='bbox 1925 5351 2092 5405; x_wconf 90' lang='lat' dir='ltr'><strong><em>tionis</em></strong></span> <span class='ocrx_word' id='word_1_797' title='bbox 2116 5348 2416 5404; x_wconf 89' lang='lat' dir='ltr'><strong><em>similitudo</em></strong></span> <span class='ocrx_word' id='word_1_798' title='bbox 2454 5348 2641 5403; x_wconf 85' lang='lat' dir='ltr'><strong><em>fallere</em></strong></span> <span class='ocrx_word' id='word_1_799' title='bbox 2669 5348 3020 5415; x_wconf 89' lang='lat' dir='ltr'><strong><em>interpretem</em></strong></span> <span class='ocrx_word' id='word_1_800' title='bbox 3052 5347 3241 5415; x_wconf 92' lang='lat' dir='ltr'><strong><em>potuit.</em></strong></span> <span class='ocrx_word' id='word_1_801' title='bbox 3263 5350 3543 5403; x_wconf 83' lang='lat' dir='ltr'><strong><em>Attamen.</em></strong></span> 
     </span>
    </p>
   </div>
   <div class='ocr_carea' id='block_1_115' title="bbox 1927 5438 3522 5510">
    <p class='ocr_par' dir='ltr' id='par_1_115' title="bbox 1927 5438 3522 5510">
     <span class='ocr_line' id='line_1_115' title="bbox 1927 5438 3522 5510; baseline -0.005 -11"><span class='ocrx_word' id='word_1_802' title='bbox 1927 5443 2247 5499; x_wconf 82' lang='lat' dir='ltr'><strong><em>Ambrosius</em></strong></span> <span class='ocrx_word' id='word_1_803' title='bbox 2277 5442 2443 5510; x_wconf 91' lang='lat' dir='ltr'><strong><em>epist.</em></strong></span> <span class='ocrx_word' id='word_1_804' title='bbox 2484 5438 2555 5492; x_wconf 66' lang='grc'><strong><em>44</em></strong></span> <span class='ocrx_word' id='word_1_805' title='bbox 2600 5438 2667 5493; x_wconf 86' lang='lat' dir='ltr'><strong><em>ad</em></strong></span> <span class='ocrx_word' id='word_1_806' title='bbox 2706 5438 3095 5493; x_wconf 81' lang='lat' dir='ltr'><strong><em>llorontianum</em></strong></span> <span class='ocrx_word' id='word_1_807' title='bbox 3126 5478 3142 5505; x_wconf 95' lang='lat'><strong><em>,</em></strong></span> <span class='ocrx_word' id='word_1_808' title='bbox 3188 5440 3265 5492; x_wconf 92' lang='lat' dir='ltr'><strong><em>sic</em></strong></span> <span class='ocrx_word' id='word_1_809' title='bbox 3317 5438 3522 5507; x_wconf 86' lang='lat' dir='ltr'><strong><em>profert</em></strong></span> 
     </span>
    </p>
   </div>
   <div class='ocr_carea' id='block_1_116' title="bbox 1934 5529 3522 5596">
    <p class='ocr_par' dir='ltr' id='par_1_116' title="bbox 1934 5529 3522 5596">
     <span class='ocr_line' id='line_1_116' title="bbox 1934 5529 3522 5596; baseline -0.006 -8"><span class='ocrx_word' id='word_1_810' title='bbox 1934 5534 2081 5590; x_wconf 90' lang='lat' dir='ltr'><strong><em>hunc</em></strong></span> <span class='ocrx_word' id='word_1_811' title='bbox 2107 5535 2281 5588; x_wconf 90' lang='lat' dir='ltr'><strong><em>locum</em></strong></span> <span class='ocrx_word' id='word_1_812' title='bbox 2314 5550 2326 5584; x_wconf 88' lang='lat'><strong>:</strong></span> <span class='ocrx_word' id='word_1_813' title='bbox 2365 5531 2463 5585; x_wconf 90' lang='lat' dir='ltr'><strong><em>Ubi</em></strong></span> <span class='ocrx_word' id='word_1_814' title='bbox 2491 5541 2585 5596; x_wconf 88' lang='lat' dir='ltr'><strong><em>est,</em></strong></span> <span class='ocrx_word' id='word_1_815' title='bbox 2626 5546 2764 5585; x_wconf 90' lang='lat' dir='ltr'><strong><em>mors</em></strong></span> <span class='ocrx_word' id='word_1_816' title='bbox 2797 5571 2811 5595; x_wconf 91' lang='lat'><strong><em>,</em></strong></span> <span class='ocrx_word' id='word_1_817' title='bbox 2862 5529 3079 5584; x_wconf 87' lang='lat' dir='ltr'><strong><em>victoria</em></strong></span> <span class='ocrx_word' id='word_1_818' title='bbox 3129 5532 3258 5582; x_wconf 89' lang='lat' dir='ltr'><strong><em>tua?</em></strong></span> <span class='ocrx_word' id='word_1_819' title='bbox 3309 5529 3394 5580; x_wconf 88' lang='lat' dir='ltr'><strong><em>ubi</em></strong></span> <span class='ocrx_word' id='word_1_820' title='bbox 3446 5535 3522 5581; x_wconf 87' lang='lat' dir='ltr'><strong><em>est</em></strong></span> 
     </span>
    </p>
   </div>
   <div class='ocr_carea' id='block_1_117' title="bbox 1936 5624 2527 5694">
    <p class='ocr_par' dir='ltr' id='par_1_117' title="bbox 1936 5624 2527 5694">
     <span class='ocr_line' id='line_1_117' title="bbox 1936 5624 2527 5694; baseline -0.01 -13"><span class='ocrx_word' id='word_1_821' title='bbox 1936 5646 2097 5694; x_wconf 87' lang='lat' dir='ltr'><strong><em>mors,</em></strong></span> <span class='ocrx_word' id='word_1_822' title='bbox 2136 5627 2341 5679; x_wconf 87' lang='lat' dir='ltr'><strong><em>aculeus</em></strong></span> <span class='ocrx_word' id='word_1_823' title='bbox 2370 5633 2483 5678; x_wconf 83' lang='lat' dir='ltr'><strong><em>tuus</em></strong></span> <span class='ocrx_word' id='word_1_824' title='bbox 2501 5624 2527 5676; x_wconf 82' lang='lat'><strong><em>?</em></strong></span> 
     </span>
    </p>
   </div>
   <div class='ocr_carea' id='block_1_118' title="bbox 2008 5710 3524 5789">
    <p class='ocr_par' dir='ltr' id='par_1_118' title="bbox 2008 5710 3524 5789">
     <span class='ocr_line' id='line_1_118' title="bbox 2008 5710 3524 5789; baseline -0.009 -15"><span class='ocrx_word' id='word_1_825' title='bbox 2008 5721 2139 5789; x_wconf 91' lang='lat' dir='ltr'><strong><em>Cap.</em></strong></span> <span class='ocrx_word' id='word_1_826' title='bbox 2171 5721 2223 5781; x_wconf 79' lang='lat'><strong><em>6,</em></strong></span> <span class='ocrx_word' id='word_1_827' title='bbox 2256 5717 2283 5786; x_wconf 84' lang='lat'><strong>§</strong></span> <span class='ocrx_word' id='word_1_828' title='bbox 2318 5717 2403 5770; x_wconf 87' lang='grc'><strong><em>16.</em></strong></span> <span class='ocrx_word' id='word_1_829' title='bbox 2434 5714 2556 5769; x_wconf 90' lang='grc' dir='ltr'><strong><em>Νοη</em></strong></span> <span class='ocrx_word' id='word_1_830' title='bbox 2578 5728 2748 5769; x_wconf 85' lang='lat' dir='ltr'><strong><em>autem</em></strong></span> <span class='ocrx_word' id='word_1_831' title='bbox 2768 5723 3017 5788; x_wconf 83' lang='lat' dir='ltr'><strong><em>postestas</em></strong></span> <span class='ocrx_word' id='word_1_832' title='bbox 3049 5712 3158 5767; x_wconf 91' lang='lat' dir='ltr'><strong><em>Deo</em></strong></span> <span class='ocrx_word' id='word_1_833' title='bbox 3188 5712 3346 5782; x_wconf 81' lang='lat' dir='ltr'><strong><em>defuit</em></strong></span> <span class='ocrx_word' id='word_1_834' title='bbox 3371 5710 3524 5763; x_wconf 85' lang='lat' dir='ltr'><strong><em>talem</em></strong></span> 
     </span>
    </p>
   </div>
   <div class='ocr_carea' id='block_1_119' title="bbox 1938 5800 3526 5885">
    <p class='ocr_par' dir='ltr' id='par_1_119' title="bbox 1938 5800 3526 5885">
     <span class='ocr_line' id='line_1_119' title="bbox 1938 5800 3526 5885; baseline -0.008 -15"><span class='ocrx_word' id='word_1_835' title='bbox 1938 5814 2105 5885; x_wconf 87' lang='lat' dir='ltr'><strong><em>facere</em></strong></span> <span class='ocrx_word' id='word_1_836' title='bbox 2149 5810 2399 5866; x_wconf 75' lang='lat' dir='ltr'><strong><em>hominem</em></strong></span> <span class='ocrx_word' id='word_1_837' title='bbox 2441 5809 2525 5879; x_wconf 77' lang='lat' dir='ltr'><strong><em>qui</em></strong></span> <span class='ocrx_word' id='word_1_838' title='bbox 2563 5825 2771 5879; x_wconf 81' lang='lat' dir='ltr'><strong><em>peccare</em></strong></span> <span class='ocrx_word' id='word_1_839' title='bbox 2822 5826 2921 5865; x_wconf 91' lang='lat' dir='ltr'><strong><em>non</em></strong></span> <span class='ocrx_word' id='word_1_840' title='bbox 2965 5818 3171 5879; x_wconf 86' lang='lat' dir='ltr'><strong><em>posset;</em></strong></span> <span class='ocrx_word' id='word_1_841' title='bbox 3207 5806 3295 5861; x_wconf 81' lang='lat' dir='ltr'><strong><em>sed</em></strong></span> <span class='ocrx_word' id='word_1_842' title='bbox 3340 5800 3526 5858; x_wconf 87' lang='lat' dir='ltr'><strong><em>maluit</em></strong></span> 
     </span>
    </p>
   </div>
   <div class='ocr_carea' id='block_1_120' title="bbox 3054 5898 3128 5966">
    <p class='ocr_par' dir='ltr' id='par_1_120' title="bbox 3054 5898 3128 5966">
     <span class='ocr_line' id='line_1_120' title="bbox 3054 5898 3128 5966; baseline 0 -9"><span class='ocrx_word' id='word_1_843' title='bbox 3054 5898 3128 5966; x_wconf 67' lang='lat' dir='ltr'><strong><em>11s</em></strong></span> 
     </span>
    </p>
   </div>
  </div>
