3974 6356
520 315 618 371 427

1408 312 1963 371 SUPPLEMENTUM
2006 314 2097 367 AD
2134 311 2365 366 OPERA
2403 312 2460 367 S.
2508 310 2897 368 AUGUS'I’INI.

3647 313 3731 373 428

520 446 635 483 eum
665 428 817 482 talem
841 430 1004 500 facere
1032 430 1113 482 cui
1135 436 1386 499 aajaceret
1431 443 1639 497 peccare
1675 428 1716 480 si
1755 428 1899 479 vellet
1918 465 1933 488 ,
1984 441 2086 478 non
2114 426 2169 487 Α
2197 433 2397 477 natura:
2437 432 2707 492 gratorum
2743 420 2935 489 quibus
2954 427 3135 472 natura
3165 425 3344 471 nostra
3373 431 3549 473 carere
3570 427 3735 491 nequit.

520 508 729 591 peccare
747 522 791 574 si
816 522 969 574 nollet
997 521 1130 573 :hoc
1156 519 1445 587 prohibens,
1475 517 1607 572 illud
1650 518 1947 587 prmcipiens
1984 532 2001 578 ;
2043 524 2100 567 ut

520 614 662 680 prius
693 623 855 666 essent
884 612 1066 664 bonum
1093 610 1327 664 meritum
1359 627 1460 663 non
1487 626 1714 679 peccare,
1739 617 1787 662 et
1815 618 1994 679 postea
2008 611 2102 679 ju-

522 714 656 757 stum
686 706 948 774 prtvmium
972 719 1073 756 non
1094 718 1238 773 posse
1264 701 1514 772 peccare.)
1555 701 1678 756 Haec
1716 711 1838 753 sunt
1882 698 2101 753 intelli-

522 795 693 865 genda
734 812 837 848 non
881 794 948 848 de
984 795 1101 848 solo
1131 793 1357 855 Adamo,
1389 791 1483 846 sed
1512 792 1651 846 etde
1682 791 1963 860 quibusvis
1996 788 2098 841 ho-

523 885 785 949 minibus;
814 885 1013 955 alioqui
1045 901 1148 938 non
1178 884 1476 938 solveretur
1518 882 1747 953 objectio
1790 896 1973 936 eorum
2009 880 2101 948 qui

524 977 847 1030 excusabant
874 990 1091 1044 peccata
1112 989 1228 1042 sua,
1262 975 1402 1043 quod
1434 975 1545 1028 Deo
1585 989 1689 1027 non
1727 972 2099 1042 displicerent,

524 1070 610 1134 qui
635 1067 867 1134 alioquin
893 1084 951 1119 ea
983 1082 1084 1119 non
1142 1075 1431 1133 pateretur.
1491 1062 1605 1117 Non
1639 1063 1779 1116 enim
1813 1076 1992 1116 sermo
2017 1068 2102 1115 est

523 1159 590 1211 de
621 1174 684 1210 eo
712 1158 854 1225 quod
882 1158 1066 1210 habuit
1095 1156 1329 1210 Adamus
1356 1196 1371 1220 ,
1420 1156 1513 1208 sed
1543 1155 1610 1209 de
1635 1170 1699 1208 eo
1728 1153 1877 1222 quod
1905 1152 2106 1206 habent

524 1248 717 1318 singuli
751 1247 1015 1313 homines,
1054 1248 1106 1300 in
1134 1262 1195 1300 ea
1227 1246 1534 1300 conditione
1575 1246 1630 1297 in
1660 1259 1763 1313 qua
1797 1259 1938 1299 nunc
1956 1251 2101 1297 sunt.

988 1336 1632 1392 ANIMADVERSIUNES

881 1447 931 1484 IN
964 1445 1154 1484 LIBRUM
1186 1446 1249 1483 DE
1284 1445 1417 1483 BONO
1446 1444 1746 1483 CUNJUGALI.

600 1522 733 1591 Cap.
758 1522 815 1587 Ξ,
851 1520 877 1591 §
902 1522 957 1576 2.
983 1522 1104 1576 Sive
1125 1537 1268 1592 ergo,
1302 1522 1410 1573 sine
1439 1520 1655 1574 coeundi
1688 1520 1974 1589 complexu,
2003 1519 2108 1571 alio

528 1614 696 1682 aliquo
728 1614 909 1677 modo,
951 1615 994 1665 si
1031 1630 1132 1666 non
1171 1622 1477 1683 peccassent,
1510 1611 1730 1664 habituri
1762 1620 1925 1664 essent
1951 1610 2103 1676 ﬁlios,

528 1705 655 1777 etc.]
686 1707 757 1759 Ea
785 1708 850 1760 de
887 1721 944 1759 re
972 1706 1091 1759 vide
1119 1720 1239 1774 qua:
1270 1705 1381 1773 ipse
1408 1703 1906 1757 conuuiniscebatur
1926 1704 2108 1771 Augu-

2676 508 3325 568 ANIMADVERSIONES

2502 625 2553 663 IN
2582 623 2775 662 LIBRUM
2808 622 2873 660 DE
2904 618 3105 658 SANCTA
3132 618 3489 658 VIRGINITATE.

2276 704 2409 772 Cap.
2439 704 2495 756 4.
2528 701 2605 755 De
2638 700 2801 754 Maria
2829 698 3049 766 Virgine
3076 714 3089 748 :
3120 695 3246 766 Ipsa
3282 711 3479 764 quoque
3520 697 3743 765 virginitas

2207 797 2316 865 ejus
2344 795 2460 848 ideo
2489 793 2681 862 gratior
2718 800 2765 843 et
2791 790 3068 860 acceptior,
3092 789 3214 857 quia
3240 804 3345 840 non
3367 803 3479 840 eam
3519 803 3745 853 conceptus

2209 886 2439 941 Christus
2467 885 2576 936 viro
2602 882 2877 943 violaturo,
2909 895 3067 950 quant
3096 887 3410 931 conservaret
3439 878 3561 947 ipse,
3600 883 3745 947 prteri-

2207 979 2338 1049 puit,
2371 977 2457 1029 sed
2482 977 2780 1044 priusquam
2804 974 3174 1039 conciperetur,
3190 972 3309 1041 jam
3328 967 3435 1021 Deo
3462 970 3681 1033 dicatam,
3706 978 3751 1023 de

2208 1083 2306 1134 qua
2330 1074 2622 1119 nasceretur
2643 1064 2810 1134 elegit.
2837 1061 2952 1115 Hoc
2976 1062 3202 1115 indicant
3223 1060 3371 1113 verba
3393 1074 3504 1123 qute
3519 1059 3606 1110 sibi
3627 1064 3752 1127 fetum

2209 1157 2534 1210 annuntianti
2584 1156 2763 1225 angelo
2814 1153 2986 1207 Maria
3040 1152 3265 1205 reddidit
3307 1166 3327 1204 :
3370 1150 3653 1216 Quomodo,
3694 1152 3754 1202 in-

2210 1250 2347 1318 quit,
2378 1249 2469 1303 liet
2499 1248 2649 1312 illud,
2675 1247 2924 1316 quoniam
2951 1246 3124 1299 virum
3170 1259 3275 1297 non
3307 1242 3602 1310 cognosco?
3633 1241 3755 1304 Quod

2209 1342 2438 1413 profecto
2460 1357 2559 1394 non
2577 1341 2787 1403 diceret,
2810 1339 2909 1393 nisi
2934 1338 3040 1392 Deo
3061 1338 3304 1407 virginem
3328 1351 3384 1389 se
3406 1344 3523 1387 ante
3542 1334 3757 1404 vovisset.)

2210 1435 2371 1503 Atqui
2400 1450 2461 1489 ex
2517 1435 2662 1488 hisce
2690 1433 2868 1486 verbis
2898 1429 3075 1484 Mariae
3105 1430 3269 1497 liquet
3312 1426 3488 1496 potius
3530 1426 3580 1478 in
3616 1425 3757 1493 angeli

2212 1525 2619 1580 annuntiatione
2639 1565 2654 1589 ,
2681 1537 2825 1577 vers.
2866 1522 2931 1574 51
2954 1560 2967 1584 ,
2996 1522 3098 1574 hoc
3122 1516 3564 1586 comprehensum
3608 1513 3757 1576 fuisse,

2213 1636 2329 1676 eam
2359 1635 2389 1674 e
2410 1618 2634 1687 vestigio
2655 1622 3053 1685 conceptarum,
3083 1622 3369 1679 antequam
3394 1622 3514 1662 cum
3557 1606 3663 1659 viro
3695 1608 3758 1659 cui

2214 1714 2533 1779 deeponsata
2568 1718 2686 1764 erat
2711 1706 3110 1762 concumberet.
3130 1702 3263 1755 Vide
3284 1701 3416 1755 Luc.
3440 1715 3478 1765 ι,
3505 1696 3590 1751 27.
3614 1695 3759 1764 Itaque

528 1798 699 1850 stinus
728 1796 777 1849 in
811 1810 973 1865 opere
989 1795 1407 1849 deCivitateDei
1425 1795 1517 1848 lib.
1537 1808 1817 1862 x1v,capp.
1854 1793 1923 1846 25
1946 1801 1999 1846 et
2026 1792 2116 1849 24.

2228 1805 2402 1859 inania
2422 1812 2545 1857 sunt
2573 1816 2691 1870 quae
2730 1809 3029 1867 sequuntur
3058 1813 3071 1847 ς
3106 1794 3211 1849 Sed
3259 1794 3383 1863 quia
3404 1792 3499 1846 hoc
3529 1788 3760 1843 Israelita-

597 1888 725 1961 Cap.
768 1892 866 1953 15,
898 1889 926 1961 §
963 1888 1048 1943 15.
1081 1886 1198 1941 Illis
1245 1904 1363 1942 vero
1404 1887 1714 1959 temporibus
1754 1887 2117 1955 (patriarcha-

528 1984 688 2052 rum),
715 1998 831 2035 cum
848 1982 1013 2033 adhuc
1037 1980 1347 2048 propheticis
1373 1979 1706 2031 sacramentis
1724 1977 1908 2031 salutis
1932 1988 2118 2032 nostra:

528 2076 825 2144 mysterium
850 2074 1127 2137 velabatur,
1150 2074 1302 2125 etiam
1318 2073 1405 2142 qui
1429 2082 1545 2123 ante
1569 2070 1770 2137 nuptias
1794 2070 1917 2122 tales
1931 2069 2117 2139 (conti-

528 2167 737 2235 nentes)
754 2175 915 2230 erant,
933 2165 1092 2234 officio
1104 2166 1422 2234 prOpagondi
1442 2163 1645 2230 nuptias
1658 2162 1985 2230 copulabant,
2013 2177 2117 2215 non

530 2260 643 2312 victi
667 2258 897 2321 libidine,
921 2257 1007 2310 sed
1027 2256 1165 2309 ducti
1192 2258 1376 2325 pietate
1394 2273 1413 2320 ;
1430 2255 1609 2325 quibus
1622 2254 1815 2324 si0ptio
1841 2254 1956 2306 talis
1972 2254 2118 2306 dare-

530 2350 785 2419 turqualis
804 2347 1018 2401 revelato
1039 2346 1187 2401 Novo
1209 2345 1527 2400 Testamento
1542 2347 1662 2399 data
1690 2355 1782 2412 est,
1802 2346 1996 2397 dicente
2017 2343 2119 2397 Do-

531 2442 668 2493 mino
694 2456 712 2492 :
744 2440 844 2505 Qui
873 2448 1033 2508 potest
1061 2453 1242 2506 capere
1273 2437 1599 2506 capiat;non
1627 2452 1708 2490 eos
1738 2436 1935 2489 dubitat
1955 2434 2120 2505 (Lege

532 2532 743 2599 dubitet)
759 2531 913 2583 etiam
926 2546 1039 2582 cum
1055 2528 1245 2599 gaudio
1263 2538 1589 2599 suscepturos
1608 2529 1784 2597 fuisse,
1802 2528 1889 2595 qui
1902 2526 2119 2595 diligen-

532 2632 604 2673 ter
634 2622 852 2673 intentus
879 2620 999 2691 legit
1020 2618 1272 2688 quomodo
1294 2618 1594 2688 conjugibus
1624 2619 1913 2683 utebantur,
1936 2633 2050 2669 cum
2072 2622 2120 2668 et

532 2711 705 2779 plures
724 2712 906 2766 habere
922 2713 1008 2763 uni
1026 2712 1131 2763 viro
1149 2710 1348 2771 licebat,
1369 2727 1496 2780 quas
1512 2712 1699 2763 castius
1717 2710 1951 2776 habebat,
1967 2725 2119 2777 quam

533 2820 665 2857 nunc
687 2820 839 2856 unam
860 2802 1069 2872 quilibet
1090 2802 1304 2856 istorum
1327 2803 1506 2873 quibus
1522 2802 1746 2856 videmus
1774 2802 1899 2873 quid
1926 2818 2114 2855 secun-

534 2898 655 2950 dum
682 2898 881 2950 veniam
912 2898 1153 2949 concedat
1179 2896 1500 2969 Apostolus.]
1524 2897 1741 2951 Multum
1765 2896 1818 2949 in
1843 2895 1944 2949 hoc
1966 2882 2113 2949 com-

533 3001 715 3045 mento
746 2991 847 3045 sibi
872 2989 1071 3060 placuit
1095 2991 1444 3059 Augustinus,
1476 3005 1595 3045 cum
1623 2990 1673 3043 id
1717 3005 1859 3058 sazpe
1910 2999 2120 3058 repetat

535 3091 587 3137 et
613 3082 947 3136 conﬁdenter
979 3082 1243 3151 proferat;
1274 3081 1397 3150 quia
1427 3082 1749 3136 inserviebat
1787 3082 1856 3135 ad
1897 3096 2117 3151 compe-

2222 1912 2336 1949 rum
2363 1909 2528 1947 mores
2571 1892 2742 1945 adhuc
2773 1888 3097 1951 recusabant,
3128 1887 3438 1954 desponsata
3464 1889 3534 1935 est
3563 1881 3658 1933 viro
3686 1896 3761 1950 pt-

2221 1996 2320 2052 sto,
2353 2000 2453 2036 non
2495 1980 2735 2035 violenter
2766 1979 3024 2042 ablatura,
3049 1976 3135 2029 sed
3166 1976 3336 2045 potius
3357 1981 3533 2026 contra
3558 1972 3764 2023 violentos

2221 2076 2535 2130 custodituro
2563 2074 2700 2143 quod
2722 2070 2815 2124 illa
2835 2071 2949 2139 jam
2976 2076 3195 2122 voverat.

2291 2171 2422 2238 Cap.
2457 2168 2543 2233 12,
2577 2168 2604 2237 ς
2631 2166 2718 2219 12.
2746 2164 2983 2218 [labeant
3015 2160 3253 2231 conjugia
3287 2158 3473 2211 bonum
3503 2171 3658 2220 suum,
3687 2170 3764 2205 non

2222 2265 2341 2334 quia
2374 2263 2507 2331 ﬁlios
2534 2270 2823 2331 procreant,
2846 2256 2934 2311 sed
2959 2257 3082 2326 quia
3107 2252 3334 2317 honeste,
3360 2251 3481 2320 quia
3513 2249 3765 2317 licite,qitia

2223 2356 2427 2424 pudice,
2461 2353 2579 2421 quia
2606 2350 2871 2405 socialiter
2898 2356 3191 2416 procreant,
3220 2354 3266 2397 et
3295 2350 3584 2411 procreatos
3611 2339 3765 2407 pariter

2222 2444 2516 2507 salubriter,
2551 2444 2797 2496 instanter
2822 2439 3071 2502 educant,
3112 2436 3235 2506 quia
3261 2433 3397 2486 thori
3428 2433 3575 2500 fidem
3594 2430 3765 2482 invicem

2223 2544 2443 2601 servant,
2470 2534 2591 2600 quia
2622 2542 2994 2586 sacramentum
3024 2528 3262 2582 connubii
3286 2542 3390 2579 non
3418 2522 3644 2591 violant.)
3671 2522 3766 2576 lltec

2223 2628 2398 2679 omnia
2428 2625 2644 2678 maximi
2667 2638 2789 2678 esse
2808 2622 3064 2676 momenti
3091 2635 3251 2674 nemo
3276 2619 3505 2686 negarit,
3530 2630 3644 2670 cuni
3674 2618 3765 2682 ipsa

2223 2718 2497 2772 societatis
2536 2716 2785 2769 humana:
2810 2713 3149 2767 fundamenta
3190 2711 3522 2776 contineant,
3554 2722 3643 2762 nec
3679 2705 3767 2760 lieri

2224 2817 2369 2863 recte
2419 2809 2627 2879 possint
2676 2806 2853 2860 omnia
2886 2806 3001 2859 sine
3042 2820 3253 2858 summa
3294 2806 3516 2857 virtute.
3565 2800 3767 2855 Pericula

2225 2907 2366 2957 enim
2395 2902 2563 2957 multa
2595 2902 2874 2955 imminent
2904 2899 3225 2968 conjugatis,
3274 2897 3460 2951 tuultte
3487 2894 3768 2948 tentationes

2224 2995 2558 3060 incumbunt,
2599 3008 2667 3047 ex
2720 2991 2913 3061 quibus
2962 3005 3099 3053 sese,
3155 2998 3212 3042 ut
3255 2986 3592 3042 Christianus
3628 2984 3766 3045 decet,

2224 3086 2480 3155 expedire
2508 3099 2721 3153 semper
2753 3098 2859 3137 non
2882 3082 3157 3136 estfacile.
3184 3079 3436 3133 Ferenda
3458 3092 3597 3146 saepe
3624 3087 3767 3129 moro-

535 3174 767 3228 scendos
796 3174 1141 3237 Manichaeos,
1184 3173 1431 3226 homines
1476 3173 1754 3241 imperitos
1807 3187 1868 3227 ac
1917 3173 2112 3238 fatuos,
2145 3158 2193 3224 (ἶ
2221 3194 2276 3233 sa
2309 3178 2540 3245 ingenia,
2562 3175 2921 3230 resistendum
2946 3173 3121 3241 pravis
3142 3172 3390 3240 conjugis
3410 3168 3767 3238 cupiditatibus,

537 3264 630 3333 qui
663 3264 908 3318 solebant
944 3263 1232 3319 detrahere
1260 3264 1491 3333 antiquis
1524 3263 1864 3333 patriarchis,
1901 3271 2119 3332 propter

536 3357 914 3427 polygamiam.
938 3355 1097 3410 Plura
1127 3356 1291 3411 etiam
1313 3371 1372 3409 ea
1398 3355 1466 3410 de
1496 3372 1554 3410 re
1585 3355 1745 3410 habet
1771 3357 1822 3408 in
1848 3356 2119 3421 sequenti-

537 3449 658 3502 bus.
684 3448 752 3501 At
784 3448 871 3517 qui
906 3448 1081 3517 legent
1103 3446 1267 3501 Vetus
1300 3447 1699 3503 Testamentum
1725 3450 1883 3519 paulo
1913 3448 2120 3504 studio-

540 3541 670 3605 sius,
701 3540 1125 3595 animadvertent
1154 3539 1307 3595 facile
1345 3542 1645 3611 priscorum
1689 3543 2116 3613 patriarcharum

540 3643 747 3687 tetatem
792 3632 955 3687 iuiSse
997 3636 1157 3688 veluti
1200 3650 1341 3689 verte
1394 3635 1666 3705 religionis
1714 3637 2008 3700 infantiam,
2064 3639 2118 3691 in

542 3740 645 3794 qua
676 3726 838 3779 multa
869 3726 1009 3779 Deus
1034 3726 1297 3782 tolerabat
1323 3743 1439 3796 qua:
1466 3744 1607 3783 nunc
1636 3729 1818 3783 adulta
1857 3729 2118 3797 religione

539 3818 768 3885 amplius
792 3832 898 3871 non
928 3818 1118 3882 ferret;
1161 3829 1214 3872 et
1236 3818 1289 3872 in
1318 3835 1418 3888 qua
1452 3819 1611 3874 iidem
1645 3831 1972 3887 caeterasque
2012 3822 2121 3874 vir-

542 3920 681 3964 tutes
705 3910 984 3979 probabat,
1019 3926 1114 3977 pro
1144 3910 1301 3965 modo
1340 3913 1683 3967 revelationis
1714 3922 1768 3967 et
1796 3922 1951 3981 captu
1978 3913 2119 3968 illius

540 4000 662 4053 tevi.
707 4000 789 4053 llli
816 4016 943 4069 ergo
984 4000 1131 4056 fuere
1162 3988 1331 4056 instar
1360 4014 1679 4057 cmterorum
1714 4004 1977 4069 virorum,
2030 4005 2121 4071 qui

543 4106 647 4143 non
675 4099 880 4145 tantum
910 4092 1112 4160 prolem
1147 4094 1481 4162 quarrebant,
1521 4094 1613 4149 sed
1662 4104 1715 4149 et
1763 4104 1954 4149 cmtera
2003 4111 2123 4164 quae

543 4184 595 4235 in
626 4182 871 4251 conjugio
903 4184 1068 4251 quieri
1098 4186 1294 4252 solent,
1326 4201 1422 4241 nec
1462 4186 1769 4256 cogitabant
1796 4186 1862 4239 de
1904 4186 1969 4239 iis
2001 4202 2122 4253 qua:

544 4274 696 4327 nobis
726 4284 904 4327 narrat
929 4274 1277 4345 Augustinus,
1310 4284 1363 4328 et
1387 4293 1613 4345 quorum
1641 4276 1691 4329 in
1722 4275 1913 4330 Vetere
1939 4274 2127 4328 Testa-

544 4374 723 4417 mento
747 4379 845 4418 nec
856 4365 996 4433 vola,
1015 4382 1111 4420 nec
1128 4368 1433 4437 vestigium.
1450 4369 1745 4422 Dolendum
1771 4378 1852 4422 est
1872 4383 1992 4421 eum
2010 4381 2125 4434 pas-

543 4457 642 4510 sim
672 4471 776 4510 non
799 4457 939 4521 quod
967 4472 1149 4511 verum
1182 4473 1299 4512 esse
1327 4471 1577 4514 accurato
1608 4459 1854 4513 examine
1876 4458 2122 4513 adhibito

544 4558 899 4618 compererat,
922 4548 1017 4604 sed
1046 4550 1187 4619 quod
1216 4550 1531 4618 expediebat
1557 4550 1680 4615 dici,
1706 4560 1761 4604 et
1791 4551 2124 4626 ῥητορικωτέ-
2154 4527 2214 4591 Ῑ)

546 4664 644 4714 ρως
692 4642 829 4711 apud
873 4642 1178 4712 imperitum
1239 4643 1426 4713 vulgus
1465 4654 1675 4713 poterat
1725 4645 1939 4698 tractari
1990 4660 2122 4713 pro-

546 4736 748 4790 tulisse.

615 4825 720 4879 Sed
766 4840 869 4880 non
918 4833 1095 4895 potest
1122 4838 1228 4879 non
1283 4824 1487 4879 laudari
1515 4824 1659 4894 quod
1700 4825 1860 4881 habet
1883 4842 2001 4896 cap.
2028 4827 2119 4894 25,

546 4916 683 4988 ξεί).
721 4917 896 4989 Majus
926 4929 998 4972 est
1043 4919 1229 4971 bonum
1265 4918 1560 4973 obedientia:
1587 4937 1742 4990 quam
1772 4923 2120 4976 continentiae.

546 5008 685 5061 Nam
704 5011 1011 5063 connubium
1033 5026 1281 5080 nusquam
1298 5020 1590 5065 nostrarum
1619 5012 2006 5081 Scripturarum
2020 5031 2121 5068 au-

544 5104 779 5154 ctoritate
798 5102 1094 5167 damnatur,
1125 5102 1461 5156 inobedientia
1486 5120 1600 5158 vero
1631 5121 1880 5174 nusquam
1904 5104 2125 5158 absolvi-

546 5202 645 5246 tur.
673 5194 824 5248 Unde
854 5194 1042 5249 merito
1063 5194 1264 5265 colligit
1280 5196 1323 5249 si
1342 5196 1620 5266 conjugata
1639 5198 1920 5266 praeceptis
1948 5197 2123 5252 Evan-

545 5288 666 5355 gelii
694 5285 904 5341 ﬁdelius
926 5298 1106 5356 pareat
1136 5304 1295 5359 quam
1334 5288 1504 5359 virgo,
1534 5291 1811 5345 meliorem
1841 5305 1981 5345 esse.
2016 5290 2125 5347 Sed

546 5386 749 5447 censet,
807 5381 1017 5435 cteteris
1077 5381 1323 5437 omnibus
1387 5384 1626 5451 paribus,
1694 5384 2122 5452 praestantiorem

546 5486 667 5527 esse
683 5473 938 5542 virginem
955 5487 1109 5541 quam
1126 5484 1368 5543 nuptam;
1393 5475 1532 5544 quod
1552 5490 1656 5528 non
1674 5474 1746 5529 ita
1760 5476 1985 5544 videtur,
2006 5491 2130 5532 nam

546 5581 646 5620 usu
673 5567 901 5635 coniugii
925 5566 1166 5623 homines
1189 5568 1506 5637 ingratiores
1526 5568 1633 5623 Deo
1664 5586 1769 5622 non
1802 5568 2004 5633 ﬁunt,si
2026 5584 2135 5624 ca:-

548 5658 754 5725 teroqui
781 5658 1099 5727 reliquorum
1122 5659 1392 5729 Evangelii
1418 5672 1803 5729 praceptorum
1834 5664 2125 5717 observan-

546 5755 626 5807 ωε
638 5748 764 5819 sint,
779 5763 935 5819 quam
951 5765 1046 5806 usu
1061 5749 1301 5806 ciborum
1315 5752 1450 5810 bene
1461 5756 1817 5829 conditorum,
1837 5769 1927 5816 aut
1939 5775 2067 5832 spon
2078 5773 2135 5822 to

2224 3269 2542 3325 occultanda
2572 3283 2634 3322 ac
2657 3266 2885 3319 molliter
2910 3263 3245 3319 emendanda
3271 3262 3469 3316 delicta
3508 3269 3595 3314 aut
3620 3259 3770 3326 conju-

2225 3378 2350 3433 gutu
2389 3371 2482 3415 aut
2526 3359 2852 3423 liberorum;
2905 3357 3047 3426 quod
3076 3372 3180 3409 non
3208 3364 3289 3409 est
3320 3354 3529 3424 exiguae
3563 3350 3773 3405 tnodera-
3818 3356 3819 3361 ‘

2224 3454 2405 3519 tionis,
2454 3451 2771 3507 constantiae
2807 3458 2863 3504 et
2909 3448 3229 3516 prudentiae.
3274 3445 3487 3499 Labore
3538 3439 3773 3513 quairendi

2221 3558 2346 3602 sunt
2395 3546 2664 3615 plerisque
2718 3540 3191 3611 patribusfamilias
3221 3548 3490 3607 sumptus,
3519 3526 3645 3607 quas
3666 3547 3771 3601 sup-

2222 3642 2464 3714 peditent
2494 3639 2647 3693 uxori
2665 3650 2719 3692 et
2741 3637 2949 3703 liberis;
2982 3635 3215 3706 gerenda
3238 3645 3319 3688 est
3353 3648 3535 3689 eorum
3562 3646 3696 3696 cura,
3720 3643 3774 3682 ne

2225 3736 2281 3788 in
2308 3733 2465 3786 nimia
2486 3738 2801 3800 paupertate
2820 3728 2990 3782 relicti
3019 3725 3407 3781 tentationibus
3434 3722 3770 3780 succumbant;

2226 3841 2345 3894 quae
2376 3824 2493 3878 sine
2530 3822 2842 3891 cujusquam
2876 3818 3069 3887 injuria
3098 3817 3293 3882 facere,
3329 3827 3388 3870 et
3424 3828 3577 3884 aequo
3625 3812 3771 3864 aniuiu

2227 3917 2477 3972 omnibus
2506 3914 2746 3969 honestis
2777 3911 3048 3967 laboribus
3077 3908 3315 3979 defungi,
3335 3917 3423 3962 est
3451 3920 3577 3963 sane
3600 3904 3709 3960 boui
3726 3914 3773 3953 ac

2227 4008 2505 4078 prudentis
2534 4007 2654 4060 viri.
2686 4004 2827 4059 inter
2853 4004 2967 4057 haec
2994 4004 3195 4067 omnia,
3221 4001 3391 4055 divini
3419 3999 3590 4054 cultus
3608 4008 3775 4049 memo-

2230 4114 2344 4154 rem
2376 4114 2517 4165 esse,
2547 4106 2601 4152 et
2642 4096 2708 4150 ad
2738 4096 2903 4149 Deum
2932 4092 3113 4148 omnia
3136 4092 3357 4157 referre,
3392 4094 3605 4159 suisque
3627 4101 3775 4141 exem-

2230 4192 2376 4260 plum
2395 4190 2670 4260 religionis
2699 4203 2839 4252 esse,
2870 4195 2953 4241 est
2981 4185 3212 4239 hominis
3238 4200 3369 4239 vere
3400 4182 3564 4238 sancti
3594 4196 3651 4234 ac
3676 4176 3776 4232 reli-

2231 4285 2388 4354 giosi.
2420 4286 2490 4336 At
2518 4281 2609 4350 qui
2636 4279 2878 4334 caelibem
2908 4278 3069 4331 vitam
3092 4285 3256 4345 agunt
3281 4276 3482 4329 nullius
3506 4285 3678 4327 curam
3702 4280 3777 4335 ge-

2234 4388 2360 4433 runt
2390 4378 2491 4432 nisi
2523 4376 2627 4440 sui,
2675 4389 2775 4429 nec
2810 4374 3051 4441 indigent
3089 4379 3235 4424 tanta
3262 4369 3461 4423 virtute
3479 4367 3542 4420 ad
3569 4380 3624 4419 se
3660 4360 3778 4416 solos

2235 4468 2634 4533 sustentandos,
2657 4475 2711 4521 et
2742 4467 2876 4520 viam
2909 4464 3126 4517 virtutis
3145 4461 3478 4525 calcandam,
3508 4471 3620 4529 qua}
3640 4452 3779 4508 multo

2240 4560 2540 4617 minoribus
2562 4559 2811 4629 periculis
2834 4558 3008 4613 cincta
3036 4566 3138 4609 est.
3170 4554 3365 4624 Atqui,
3401 4553 3628 4622 inquies,
3656 4545 3778 4600 e'eli‘

2241 4657 2336 4710 bes
2366 4663 2622 4723 spernunt
2646 4652 2974 4720 voluptatem
3006 4648 3262 4717 coniugii,
3295 4661 3398 4716 qua
3430 4648 3482 4700 in
3515 4660 3571 4699 re
3614 4650 3779 4708 magno

2241 4750 2422 4803 animo
2442 4761 2575 4817 Opus
2598 4754 2699 4799 est.
2736 4744 2932 4798 Verum
2974 4743 3016 4797 si
3051 4756 3111 4794 ea
3138 4742 3241 4793 sint
3267 4738 3645 4807 temperatione
3685 4743 3781 4785 cor-

2242 4840 2390 4909 poris
2420 4847 2475 4905 u_t
2506 4838 2809 4905 conjugium
2844 4849 2947 4887 non
2983 4833 3190 4902 possint
3222 4846 3327 4883 non
3376 4837 3637 4897 appetere,
3668 4820 3780 4874 male

2241 4928 2443 4983 faciunt
2482 4928 2574 4996 qui
2625 4926 2693 4978 ab
2719 4939 2784 4979 eo
2815 4925 3117 4986 abstinent;
3151 4936 3270 4974 nam
3306 4919 3483 4973 melius
3528 4924 3595 4969 est
3629 4910 3782 4965 nubere

2234 5037 2388 5091 quam
2412 5020 2513 5074 uri.
2557 5017 2706 5084 Quod
2736 5018 2781 5070 si
2813 5026 3002 5070 natura
3031 5012 3341 5083 frigidiores
3370 5011 3516 5066 nullo
3550 4997 3777 5075 ejusmodi

2236 5113 2477 5181 appetitu
2509 5118 2798 5172 tententur,
2832 5109 3027 5177 exigua
3065 5121 3194 5160 sane
3223 5106 3395 5158 virtus
3424 5111 3506 5157 est
3525 5102 3589 5154 ab
3612 5112 3670 5153 eo
3705 5094 3781 5146 ab-

2235 5206 2440 5260 stinere
2471 5202 2611 5269 quod
2643 5201 2865 5255 minime
2894 5199 3102 5268 cupias.
3133 5198 3258 5251 Scio
3286 5196 3450 5264 objici
3480 5191 3630 5247 verba
3656 5183 3777 5239 Pauli

2239 5296 2262 5350 l
2291 5298 2416 5351 Cor.
2451 5311 2523 5350 vn
2543 5335 2555 5359 ,
2587 5295 2655 5349 “5‘2
2678 5304 2732 5348 et
2760 5308 2935 5361 seqq.,
2977 5291 3068 5345 ubi
3115 5290 3271 5345 docet
3294 5288 3595 5357 conjugatos
3622 5277 3779 5333 anxios

2240 5404 2364 5446 esse
2380 5387 2648 5458 quomodo
2671 5387 2776 5442 sibi
2804 5386 3032 5440 invicem
3064 5382 3336 5453 placeant,
3355 5381 3523 5448 deque
3544 5375 3686 5430 rebus
3701 5369 3779 5419 bu-

2238 5484 2329 5552 jus
2359 5480 2575 5544 mundi;
2613 5478 2828 5533 calibes
2857 5492 2983 5533 vero
3022 5476 3263 5544 cogitare
3289 5489 3408 5543 quae
3433 5467 3633 5526 Domini
3658 5470 3776 5517 sunt.

2246 5573 2349 5631 Sed
2383 5572 2496 5628 haec
2517 5588 2623 5626 non
2649 5572 2860 5625 obstant
2881 5570 3164 5639 quominus
3186 5568 3397 5623 facilius
3418 5566 3487 5619 sit
3509 5578 3567 5618 ac
3589 5554 3777 5630 proinde

2247 5668 2474 5723 minoris
2505 5665 2725 5719 virtutis
2771 5666 2824 5719 in
2852 5663 3041 5718 caalibe
3069 5663 3175 5716 vita
3206 5677 3321 5731 quae
3350 5667 3470 5715 sunt
3489 5651 3681 5711 Domini
3703 5661 3774 5700 co-

2246 5766 2439 5837 gitare,
2462 5774 2619 5833 quam
2647 5756 2700 5815 in
2729 5757 3035 5829 conjugata_
3069 5759 3124 5817 in
3149 5774 3252 5829 qua
3285 5757 3467 5813 multis
3492 5740 3773 5809 necessariis
