3974 6356
149 313 244 370 429

813 317 1162 375 VARIORUM
1202 314 1803 376 EXERCITATIONES
1842 317 1909 373 IN
1946 318 2004 374 S.
2049 317 2428 376 AUGUSTINI
2466 318 2721 373 OPEllA.

3297 313 3401 370 430

116 432 119 437 ⁴
146 434 277 487 curis
296 433 541 491 homines
560 434 957 503 distrahuntur;
981 437 1045 491 ad
1063 452 1193 507 quas
1208 452 1363 491 curas
1380 439 1452 491 ita
1469 438 1706 505 animum
1732 444 1788 503 Α
1812 436 1996 491 ηαηάοε
2020 437 2340 501 iudicantur,
2364 435 2451 488 sed
2475 434 2750 487 damnatur
2774 432 3034 502 propositi
3063 430 3231 501 fraus,
3263 431 3402 483 dam-

144 525 418 594 appellere,
441 537 500 582 ut
522 544 735 599 semper
754 530 822 585 de
859 531 1141 599 praeceptis
1174 529 1447 598 Evangelii
1478 529 1710 600 cogites,

145 632 235 677 nec
256 617 491 674 habitum
538 636 599 676 ea
631 622 997 693 perfringendi
1044 622 1211 675 ullum
1242 622 1557 685 contrahas,
1606 620 1721 677 non

141 720 220 764 est
243 713 475 781 vulgaris
493 714 817 768 sanctitatis.
850 714 1047 767 Paulus
1071 712 1233 767 habet
1259 714 1387 783 quid
1420 713 1577 782 vulgo
1618 712 1718 765 ﬁat:

138 816 165 853 a
194 801 509 870 coniugatis,
538 818 643 857 non
666 804 791 873 quid
811 804 926 859 ﬁeri
956 804 1173 870 debeat;
1198 814 1251 859 et
1269 806 1385 860 vice
1401 819 1556 860 versa
1578 804 1713 873 quid

137 892 248 947 ﬁeri
277 894 467 948 debeat
502 911 532 948 a
560 896 868 963 caelihibus,
902 904 957 952 et
994 897 1151 952 facile
1183 898 1343 952 etiam
1374 898 1487 953 ﬁeri
1523 898 1717 967 possit,

136 976 239 1038 non
266 985 393 1055 quid
439 1002 626 1041 revera
658 990 768 1041 liat.
814 988 1104 1043 Caelibatus
1144 988 1348 1059 alioqui
1382 1006 1485 1044 non
1518 1000 1601 1045 est
1632 1004 1722 1045 res

132 1093 252 1147 qua:
278 1094 375 1148 per
404 1094 462 1134 se
492 1081 662 1150 magis
685 1080 892 1150 placeat
924 1082 1032 1136 Deo
1072 1097 1231 1151 quam
1274 1082 1675 1137 matrimonium
1704 1098 1721 1148 ;

132 1169 226 1223 sed
262 1171 307 1224 is
353 1170 569 1225 demum
600 1172 650 1227 ei
682 1174 907 1241 gratior,
959 1172 1012 1225 iu
1044 1173 1304 1227 alterutro
1334 1175 1402 1226 sit
1428 1182 1592 1242 statu,
1634 1173 1725 1243 qui

132 1272 515 1331 praeceptorum
550 1262 666 1329 ejus
703 1273 787 1317 est
816 1263 1212 1317 observantior.
1246 1262 1321 1316 Ea
1349 1274 1525 1317 autem
1556 1265 1725 1318 inter-

132 1350 253 1402 dum
287 1351 533 1406 incidunt
565 1362 802 1421 tempora
833 1352 1025 1423 quibus
1055 1362 1273 1422 praestat
1306 1354 1476 1408 vitare
1507 1369 1717 1408 connu-

138 1441 273 1494 bium
306 1456 469 1511 quam
499 1456 563 1496 eo
594 1442 871 1512 illaqueari
905 1458 920 1496 :
954 1443 1130 1512 qualia
1160 1452 1285 1497 sunt
1315 1453 1557 1513 tempora
1597 1459 1722 1513 gra-

145 1532 275 1586 vium
326 1534 783 1603 persecutionum,
816 1544 874 1589 ut
920 1546 1049 1590 tetas
1078 1536 1393 1605 apostolica.
1429 1537 1603 1605 Atque
1657 1551 1722 1590 eo

138 1627 287 1680 etiam
303 1626 529 1696 respicit
550 1627 745 1681 Paulus
759 1642 900 1682 vers.
919 1626 988 1682 26
1010 1628 1251 1697 ejusdem
1266 1629 1481 1697 capitis,
1503 1628 1593 1682 ubi
1613 1643 1734 1697 pro-

137 1719 309 1773 ﬁtetur
336 1735 395 1774 se
418 1719 489 1773 ita
514 1719 659 1789 loqui
691 1729 910 1789 propter
939 1722 1210 1773 instantem
1231 1722 1605 1775 necessitatem.
1626 1719 1731 1787 Qui

1819 539 1970 583 natur
1991 529 2152 597 fracta
2180 528 2284 580 voti
2311 526 2459 596 ﬁdes,
2488 535 2595 581 etc.
2629 524 2736 581 Sed
2764 534 2888 579 ante
2903 525 3080 579 omnia
3105 521 3403 578 observan-

1820 622 1944 676 dum
1970 620 2191 675 Paulum
2222 635 2381 689 agere
2433 635 2538 673 non
2563 618 2630 673 de
2650 616 2927 687 quibusvis
2956 615 3155 683 viduis,
3207 614 3305 669 sed
3335 616 3403 667 de

1822 715 1886 769 iis
1942 713 2157 768 demum
2216 727 2350 782 quas
2382 711 2557 767 Graeci
2603 709 2934 765 diaconissas
2957 708 3250 770 vocabant;
3283 720 3407 775 quae

1823 798 1987 862 variis
2038 807 2222 861 usibus
2254 805 2629 861 ecclesiasticis
2675 802 3090 866 adhibebantur,
3123 799 3408 856 oblationi-

1825 901 2028 968 busque
2045 898 2299 969 Ecclesia:
2321 896 2618 951 alebantur.
2646 894 2945 965 Optandum
2970 902 3083 947 erat
3105 892 3200 945 has
3223 899 3409 960 postea

1827 1007 1933 1044 non
1966 990 2186 1054 nubere,
2234 989 2415 1043 multis
2438 988 2505 1043 de
2544 992 2742 1051 causis,
2783 997 2836 1042 et
2866 989 3160 1057 praesertim
3192 984 3412 1055 quidem

1828 1082 1947 1151 quia
1995 1096 2101 1135 non
2128 1088 2245 1134 erat
2276 1078 2617 1135 commodum
2650 1078 2900 1133 Ecclesite
2925 1077 3152 1132 subinde
3181 1077 3414 1130 aliarum

1829 1186 1988 1244 atque
2016 1176 2245 1228 aliarum
2296 1174 2596 1228 ministerio
2632 1174 2740 1237 uti;
2771 1171 3172 1240 timendumque
3202 1177 3317 1223 erat
3345 1181 3417 1221 ne

1829 1268 1877 1320 si
1911 1266 2173 1320 nuberent
2197 1266 2447 1331 ethnicis,
2479 1265 2653 1335 qualia
2676 1266 2794 1319 sine
2821 1264 2985 1318 dubio
3024 1264 3188 1317 multa
3217 1263 3418 1317 ﬁebant

1832 1370 1959 1413 tunc
1990 1360 2243 1427 temporis
2291 1358 2656 1424 matrimonia,
2691 1368 2908 1413 noceret
2952 1357 3054 1410 hoc
3074 1356 3417 1410 Christianis.

1834 1455 2007 1523 Atque
2050 1453 2149 1508 h'oc
2221 1455 2441 1509 omnino
2490 1454 2792 1523 signiﬁcare
2858 1453 3065 1508 videtur
3132 1453 3420 1522 Apostolus

1834 1544 1981 1599 hisce
2027 1545 2203 1599 verbis
2232 1544 2251 1598 l
2276 1545 2415 1600 Tim.
2447 1561 2504 1613 ν,
2539 1562 2593 1613 tl,
2639 1546 2757 1601 ὅταν
2785 1547 2883 1619 γὰρ
2932 1547 3422 1621 καταστρηνιάσωσι

1833 1645 1926 1703 τεοῦ
1953 1644 2197 1713 Χριστοῦ,
2224 1647 2400 1710 γαμεῖν
2435 1639 2656 1702 θέλουσι,
2689 1637 2786 1690 hoc
2807 1646 2909 1700 est,
2936 1654 3051 1689 cum
3082 1637 3213 1689 enim
3240 1637 3423 1689 immo-

1838 1729 2029 1781 destius
2076 1745 2129 1783 se
2167 1738 2345 1782 contra
2375 1728 2633 1782 Christum
2667 1738 2945 1799 gesserunt,
2995 1728 3178 1782 nubere
3224 1728 3425 1783 volunt.

139 1812 243 1865 haec
266 1811 436 1880 probe
457 1811 774 1881 expenderit
794 1827 899 1866 non
926 1812 1151 1866 multum
1177 1812 1475 1866 movebitur
1498 1811 1726 1865 rhetori-
1757 1825 1807 1893 Β
1832 1818 2107 1873 Sententia
2135 1829 2237 1888 est,
2278 1818 2323 1874 si
2357 1820 2482 1889 quid
2518 1820 2887 1874 commiserint
2917 1819 3055 1888 quod
3095 1818 3427 1874 Christianas

144 1903 211 1957 cis
236 1903 571 1972 argumentis
597 1917 715 1972 quae
743 1903 797 1956 in
846 1903 946 1957 hoc
975 1902 1111 1957 libro
1132 1902 1386 1972 deinceps
1412 1912 1725 1972 sequuntur.

417 2011 760 2068 DESIDERII
804 2013 1063 2068 ERASMI
1125 2012 1445 2069 CENSURA

484 2111 543 2159 ‘tN
570 2120 767 2160 manus:
793 2121 860 2159 ne
884 2121 1020 2161 nouo
1051 2120 1370 2159 VIDUITATIS.

218 2200 343 2254 Mira
366 2198 617 2253 dictionis
643 2198 958 2264 facilitas,et
983 2199 1184 2253 candor
1209 2198 1446 2252 clamitat
1472 2211 1580 2251 non
1609 2210 1731 2251 esse

159 2290 450 2360 AuguStiui.
501 2289 786 2345 Probabile
813 2299 896 2344 est
946 2304 1067 2344 esse
1116 2288 1338 2354 Juliani,
1371 2287 1522 2358 cujus
1558 2294 1734 2343 exstat

162 2384 369 2453 epistola
397 2383 463 2438 ad
488 2383 886 2438 Demetriadem
915 2382 983 2436 de
1017 2383 1354 2452 Virginitate.
1380 2382 1511 2435 Nam
1542 2390 1595 2435 et
1613 2396 1734 2433 ora-

165 2479 311 2533 tionis
338 2478 476 2533 lilum
506 2479 773 2548 congruit,
809 2486 862 2531 et
902 2476 991 2530 ltic
1014 2476 1096 2530 his
1125 2477 1256 2531 citat
1308 2491 1428 2531 eum
1462 2475 1728 2528 libellum.

173 2572 295 2623 Sunt
325 2579 494 2624 tamen
522 2568 768 2641 quaedam
790 2570 858 2621 de
888 2566 1060 2621 libero
1088 2565 1312 2621 arbitrio
1334 2581 1452 2635 quae
1480 2564 1734 2618 videntur

172 2662 231 2715 ab
257 2661 358 2715 alio
386 2670 650 2716 correcta.
680 2660 832 2715 Adde
862 2659 1004 2729 quod
1042 2660 1231 2713 titulus
1257 2658 1619 2714 alienissimus
1662 2658 1737 2733 sit

177 2753 233 2806 ab
255 2754 528 2821 Augustini
554 2752 968 2807 consuetudine.
1002 2752 1156 2805 llunc
1185 2751 1397 2805 affinxit
1427 2750 1647 2821 aliquis,
1677 2756 1737 2803 ut

179 2847 463 2916 opusculum
484 2847 723 2916 alioquin
749 2849 891 2914 pium
919 2845 1158 2915 gratioso
1180 2845 1385 2899 nomini
1410 2843 1734 2899 vindicaret.

183 2941 272 2993 Sed
298 2942 354 2993 de
372 2940 463 2992 hac
488 2955 704 2993 censura
726 2939 839 2991 vide
860 2938 1262 2991 admonitionem
1303 2936 1557 2991 editorum
1585 2933 1739 2988 Pari-

183 3032 395 3085 siensium
415 3031 535 3085 huic
562 3032 691 3084 libro
711 3031 1000 3102 pra’ﬁrcam.
1026 3030 1311 3101 (Paeana)

620 3119 1267 3176 ANIMADVERSIONES

674 3227 724 3265 IN
752 3227 970 3265 EUMDEM
1005 3226 1220 3267 LIBRUM.

256 3303 356 3373 Cap.
388 3304 440 3372 9,
480 3304 508 3375 §
540 3304 629 3359 12.
658 3303 725 3357 1η
760 3306 1021 3377 conjugali
1055 3304 1242 3374 quippe
1269 3303 1494 3368 vinculo,
1520 3302 1567 3355 si
1590 3302 1744 3373 pudi-

188 3394 289 3446 citia
303 3403 627 3460 conservetur,
660 3395 922 3449 damnatio
949 3411 1051 3448 non
1078 3396 1322 3461 timetur;
1348 3399 1436 3447 sed
1466 3396 1519 3448 in
1550 3394 1746 3447 viduali

182 3488 452 3557 etcirginalt‘
476 3489 1158 3558 continentia,,eacellentia
1210 3489 1431 3543 muneris
1475 3488 1745 3557 amplioris

186 3585 452 3650 expetitur;
478 3599 581 3653 qua
610 3584 832 3651 expetita
858 3592 905 3636 et
926 3582 1104 3651 electa,
1135 3593 1182 3638 et
1222 3583 1324 3636 voti
1353 3581 1522 3635 debito
1549 3582 1743 3648 oblata,

180 3672 279 3741 iam
304 3689 398 3726 non
423 3676 586 3727 solum
613 3689 873 3744 capessere
902 3676 1131 3743 nuptias,
1162 3673 1250 3727 sed
1276 3674 1480 3727 etiamsi
1519 3688 1618 3725 non
1648 3688 1746 3724 nu-

178 3763 333 3832 batur,
363 3766 547 3820 nubere
569 3766 695 3820 velle
725 3766 1017 3820 damnabile
1046 3764 1166 3839 est.]
1196 3767 1336 3820 Ante
1359 3765 1538 3819 omnia
1564 3774 1745 3819 osten-

176 3857 394 3911 dendum
432 3858 625 3913 fuisset
673 3857 842 3913 Deum
882 3858 1081 3912 alicubi
1114 3859 1165 3912 in
1212 3857 1359 3913 Novo
1396 3857 1748 3911 Testamento

175 3950 488 4019 signiﬁcasse
515 3953 622 4006 sibi
651 3963 871 4021 accepta
900 3966 1021 4007 esse
1062 3952 1187 4005 talia
1219 3960 1369 4014 vota;
1394 3949 1535 4018 quod
1560 3949 1747 4018 proie-

176 4050 257 4093 cto
303 4043 426 4097 mihi
466 4059 575 4098 non
613 4052 859 4108 constat;
894 4045 1003 4098 imo
1051 4058 1179 4097 vero
1222 4042 1356 4096 nihil
1389 4042 1493 4095 tale
1524 4056 1750 4111 usquam

181 4131 352 4187 haberi
395 4136 525 4189 satis
559 4134 689 4187 mihi
718 4144 946 4190 conStat.
984 4134 1186 4188 Deinde
1214 4133 1297 4187 fac
1331 4134 1457 4187 talia
1488 4142 1609 4187 vota
1637 4133 1751 4187 Deo

181 4235 381 4294 accepta
433 4241 578 4295 esse,
619 4241 682 4281 ea
710 4227 926 4282 demum
972 4236 1191 4294 accepta
1221 4235 1378 4279 erunt
1403 4240 1523 4294 quae
1555 4225 1681 4279 ﬁent
1719 4239 1753 4279 a

183 4317 474 4372 mulieribus
496 4336 615 4389 quae
640 4335 749 4373 suae
782 4320 1183 4388 temperationis
1203 4318 1306 4372 sibi
1336 4319 1502 4387 probe
1524 4314 1754 4371 conscia:

185 4406 229 4460 id
271 4410 584 4477 pollicentur
606 4412 748 4482 quod
782 4422 1038 4480 praestare
1067 4419 1312 4479 possunt,
1346 4425 1451 4463 non
1483 4410 1622 4479 quod
1656 4423 1753 4461 ne-

185 4512 367 4566 queunt.
392 4512 670 4571 praestare.
697 4503 828 4557 Nam
849 4504 895 4557 si
933 4502 1216 4571 juvencula
1261 4503 1522 4572 quaepiam
1565 4501 1750 4576 vidua,

187 4589 432 4647 desiderio
455 4610 626 4665 nuper
650 4594 835 4649 amissi
866 4595 963 4647 viri
989 4595 1253 4658 confecta,
1280 4603 1333 4647 et
1364 4608 1471 4662 prie
1498 4592 1759 4645 mtestitia

187 4702 280 4741 non
319 4692 445 4745 satis
474 4691 560 4745 sui
602 4706 821 4759 compos
856 4699 1050 4745 voveat
1074 4700 1387 4758 perpetuam
1420 4687 1759 4753 viduitatem,

188 4796 350 4851 quam,
374 4785 559 4838 sedato
588 4787 752 4851 luctu,
777 4784 1041 4853 intelligat
1065 4798 1123 4837 se
1146 4783 1376 4850 amplius
1406 4796 1625 4835 servare
1651 4795 1761 4835 non

194 4886 364 4939 posse;
417 4892 484 4930 an
535 4876 799 4945 ejusmodi
832 4875 1173 4930 temerarium
1201 4884 1384 4927 votum
1412 4880 1619 4942 gratum
1649 4873 1762 4927 Deo

192 4968 299 5021 erit?
313 4970 424 5023 Non
442 4981 588 5039 puto.
603 4973 783 5040 itaque
798 4981 1045 5040 superest
1059 4979 1118 5025 ut
1132 4970 1343 5026 veniam
1359 4986 1389 5023 a
1405 4970 1513 5025 Deo
1531 4980 1675 5039 petat
1690 4979 1762 5025 te—

194 5061 383 5114 merarii
407 5062 534 5127 voti,
556 5070 609 5119 et
635 5070 839 5115 castum
863 5064 1007 5116 ineat
1026 5062 1372 5129 connubium,
1394 5062 1758 5137 potiusquam

196 5162 352 5204 suaeta
382 5162 561 5223 votum
611 5154 951 5207 temerarium
980 5168 1217 5218 servare,
1259 5154 1310 5205 iu
1342 5161 1599 5220 perpetuo
1639 5166 1760 5205 ver-

199 5252 322 5296 setur
348 5246 603 5313 periculo,
645 5255 697 5299 et
721 5256 905 5298 uratur
931 5247 1134 5299 interea
1157 5244 1281 5298 dum
1306 5244 1475 5297 virum
1497 5255 1646 5297 nacta
1665 5244 1756 5297 sit.

260 5333 353 5390 Sed
383 5338 711 5407 Augustinus
732 5337 1052 5392 auctoritate
1082 5335 1325 5403 Apostoli
1357 5335 1495 5389 hanc
1542 5335 1594 5389 in
1639 5350 1755 5390 rem

206 5424 341 5479 utitur
370 5444 384 5483 :
418 5428 576 5494 Nam,
611 5438 668 5482 ut
706 5430 799 5482 hoc
842 5429 1146 5483 demonstret
1199 5428 1493 5497 Apostolus,
1521 5443 1622 5480 non
1644 5428 1758 5483 ait:

210 5514 317 5572 Cum
347 5522 394 5575 in
422 5522 628 5576 deliciis
659 5521 884 5591 egerint,
916 5524 967 5576 in
998 5521 1213 5576 Christo
1240 5523 1459 5587 nubunt,
1482 5523 1570 5576 sed
1598 5538 1617 5576 :
1645 5522 1757 5576 Nu-

215 5608 317 5667 bere
341 5615 545 5680 volunt;
581 5615 858 5679 habentes,
880 5616 1061 5680 inquit,
1076 5614 1757 5686 damnationem,quoniam

216 5704 400 5771 primam
456 5708 612 5763 [idem
656 5710 857 5762 irritam
916 5707 1187 5771 fecerunt;
1238 5718 1282 5762 et
1332 5709 1376 5761 si
1418 5725 1517 5763 non
1567 5710 1759 5762 nuben-

218 5799 284 5868 do,
313 5812 496 5857 tantum
518 5800 756 5872 colendo,
781 5802 904 5874 quia
923 5804 1049 5872 ipsa:
1070 5807 1261 5876 nuptite
1290 5806 1364 5859 vel
1392 5805 1567 5857 talium
1607 5803 1757 5860 dam-

1769 3186 1820 3254 C

1835 1908 2027 1963 viduas
2066 1910 2356 1975 dedeceat,
2414 1921 2803 1980 proptereaque
2846 1913 3196 1982 castigentur,
3238 1913 3427 1967 volunt

1834 2002 2059 2070 nubere,
2084 2001 2449 2073 Ecclesireque
2476 2003 2804 2059 valedicunt.
2837 2005 2989 2070 Quod
3015 2006 3163 2060 addit
3191 1990 3450 2076 Aposto-f

1834 2095 1918 2148 lus
1932 2094 2118 2148 eodem
2144 2096 2376 2162 pertinet
2396 2113 2407 2147 :
2430 2096 2665 2150 habentes
2690 2098 3067 2151 damnationem
3077 2098 3196 2169 quia
3211 2100 3432 2170 primam

1836 2186 1991 2253 ﬁdem
2030 2187 2231 2239 irritam
2262 2188 2513 2257 fecerunt.
2544 2188 2918 2259 lntelliguntur
2939 2192 3097 2261 vulgo
3129 2191 3242 2245 haec
3267 2193 3434 2251 verba

1838 2278 1904 2333 de
1934 2278 2033 2332 ﬁde
2056 2279 2176 2333 data
2214 2279 2493 2348 Ecclesiae,
2515 2282 2603 2335 cui
2635 2284 2996 2351 promiserant
3026 2300 3085 2340 se
3117 2284 3341 2354 posthac
3368 2300 3436 2343 ea

1838 2381 2120 2428 curaturas
2140 2389 2258 2443 qua:
2283 2373 2350 2428 iis
2370 2374 2877 2442 committebantur;
2906 2378 3001 2432 sed
3031 2379 3212 2433 nescio
3235 2394 3301 2433 an
3325 2394 3437 2441 non

1838 2464 1905 2518 de
1927 2465 2044 2533 ipsa
2070 2464 2177 2517 ﬁde
2205 2464 2511 2541 Christiana
2535 2465 2642 2520 sint
2673 2467 3437 2538 intelligenda,quamirritam

1838 2558 2078 2609 facerent
2135 2556 2385 2611 nubendo
2415 2557 2668 2623 ethnicis,
2719 2573 2944 2627 quorum
2996 2560 3312 2631 religionem
3342 2576 3436 2616 se-

1840 2646 2162 2716 quebantur.
2200 2646 2356 2702 Certe
2390 2648 2492 2703 hoc
2522 2664 2627 2703 non
2675 2649 2962 2719 signiﬁcari
2995 2652 3137 2725 nulla
3170 2653 3439 2713 satﬁrma

1844 2742 2053 2794 ratione
2083 2742 2291 2795 ostendi
2320 2751 2517 2810 potest.
2550 2742 2674 2797 Scio
2702 2744 2769 2797 ab
2824 2744 3126 2811 Augustino
3159 2747 3317 2802 aliter
3354 2748 3439 2802 in-

1847 2826 2088 2902 terpungi
2120 2831 2261 2887 hunc
2290 2834 2489 2898 locum,
2520 2834 2624 2890 hoc
2654 2836 2813 2889 modo
2839 2854 2850 2887 :
2874 2853 2989 2889 cum
3011 2839 3145 2891 enim
3165 2838 3217 2891 in
3241 2839 3441 2895 deliciis

1845 2925 2057 2993 egerint,
2086 2925 2137 2976 in
2159 2922 2361 2978 Christo
2396 2926 2583 2978 nubere
2612 2928 2818 2991 volunt;
2846 2927 2939 2980 sed
2960 2926 3069 2996 jam
3099 2942 3256 2981 nemo
3281 2929 3443 2997 paulo

1846 3015 2053 3069 doctior
2082 3015 2288 3069 dubitet
2328 3032 2395 3069 an
2436 3015 2912 3084 interpungendum
2939 3017 3010 3070 sit
3041 3027 3097 3070 ut
3121 3026 3278 3072 antea
3310 3016 3444 3072 ieci-

1848 3124 1996 3175 mus;
2013 3123 2131 3162 nam
2151 3110 2218 3163 ita
2235 3110 2535 3163 necessario
2549 3107 2749 3162 Grrccte
2764 3109 3021 3177 phraseos
3035 3111 3169 3165 ratio
3185 3105 3455 3181 postulat.

2326 3198 2971 3255 ANIMADVERSIONES
3188 3180 3195 3181 “
3449 3180 3456 3187 ’

2138 3306 2187 3345 ΙΝ
2217 3307 2397 3346 LIBROS
2424 3308 2487 3344 DE
2504 3306 2765 3346 CONJUGIIS
2788 3308 3155 3348 ADULTIRINIS.

1923 3384 2057 3453 Cap.
2090 3386 2138 3437 l.
2168 3384 2331 3438 ωηο
2355 3399 2391 3446 r,
2426 3382 2452 3453 §
2480 3382 2529 3435 l.
2566 3382 2743 3435 Prima
2768 3388 2981 3453 quwstio
3016 3388 3347 3455 est.....quod
3372 3388 3447 3441 ait

1854 3473 2128 3545 Apostolus
2173 3475 2216 3544 (l
2246 3473 2373 3528 Cor.
2400 3490 2492 3539 vn,
2529 3475 2594 3529 10
2627 3484 2683 3529 et
2704 3474 2796 3545 ll)
2826 3491 2838 3528 :
2872 3476 2963 3529 llis
2991 3486 3169 3531 autem
3201 3478 3291 3546 qui
3320 3486 3449 3534 sunt

1855 3568 1910 3620 in
1941 3565 2191 3635 coniugio
2220 3566 2493 3634 praecipio,
2524 3582 2627 3620 non
2662 3581 2783 3636 ego,
2818 3567 2911 3621 sed
2937 3567 3217 3634 Dominus,
3243 3570 3441 3622 mulie-

1855 3672 1970 3711 rem
1996 3673 2024 3711 a
2048 3657 2166 3711 viro
2186 3672 2289 3711 non
2314 3656 2621 3723 discedere;
2649 3658 2785 3726 quod
2810 3657 2854 3711 si
2874 3658 3201 3724 discesserit,
3228 3674 3448 3715 manere

1858 3752 2158 3818 innuptam,
2192 3761 2284 3804 aut
2313 3753 2428 3804 viro
2476 3765 2574 3804 suo
2624 3751 2989 3815 reconciliari;
3019 3760 3075 3807 et
3105 3753 3184 3804 vir
3214 3766 3446 3806 uxorem

1858 3861 1963 3900 non
1988 3845 2249 3909 dimittat;
2281 3853 2449 3897 utrum
2476 3844 2550 3897 ita
2586 3844 2650 3896 sit
2678 3844 3055 3913 accipiendum,
3086 3856 3139 3896 ut
3169 3859 3281 3898 eam
3314 3860 3463 3921 prof

1860 3940 2082 3993 hibuisse
2112 3937 2296 3992 nubere
2324 3937 2662 4006 intelligatur,
2695 3953 2808 4006 qua:
2836 3938 2943 3989 sine
2970 3952 3125 3990 causa
3151 3939 3450 4008 fornicatio-

1860 4033 1940 4086 nis
1968 4032 2195 4085 discessit
2220 4048 2253 4084 a
2290 4033 2433 4099 viro,-
2464 4032 2518 4083 id
2545 4032 2678 4084 enim
2716 4033 2868 4084 sentis
2892 4048 2911 4089 :
2935 4048 3023 4097 an,
3054 4033 3181 4085 sicut
3212 4049 3304 4104 ego
3334 4050 3451 4087 sen-

1859 4126 2022 4180 si.....
2052 4125 2170 4178 illas
2194 4126 2436 4193 innuptas
2462 4140 2664 4178 manere
2694 4128 2991 4196 prteccperit
3015 4143 3127 4196 quae
3149 4144 3181 4179 a
3206 4130 3323 4182 viris
3344 4129 3451 4183 suis

1860 4236 1923 4273 ea
1951 4236 2108 4274 causa
2137 4210 2450 4287 recesserint,
2479 4234 2593 4290 qua:
2621 4220 2727 4271 sola
2761 4221 3003 4287 permissa
3046 4230 3144 4286 est,
3163 4222 3217 4274 id
3244 4233 3316 4275 est
3340 4224 3453 4290 for-

1863 4311 2183 4382 nicationis.]
2208 4312 2465 4378 Quamvis
2498 4312 2692 4365 Paulus
2723 4312 2979 4381 respiciat
3008 4312 3073 4365 ad
3104 4316 3265 4366 verba
3295 4314 3453 4368 Chri-

1864 4405 1933 4459 sti
1960 4405 2149 4475 quibus
2172 4416 2316 4459 vetat
2343 4404 2619 4474 conjuges,
2652 4412 2879 4471 excepto
2909 4420 3035 4459 casu
3065 4404 3340 4470 adulterii,
3365 4392 3464 4460 se-i

1866 4497 2064 4563 parari,
2122 4498 2290 4565 iisque
2340 4508 2518 4550 utatur
2557 4496 2621 4549 ad
2654 4495 3023 4564 impediendas
3069 4497 3453 4554 dissolutiones

1870 4589 2220 4654 matrimonii,
2253 4602 2373 4659 qua:
2404 4589 2592 4657 quavis
2619 4589 2685 4640 de
2715 4603 2874 4640 causa
2906 4589 3103 4642 ﬁebant
3130 4591 3269 4657 apud
3303 4590 3465 4663 Grai-5

1866 4693 1963 4753 cos
1987 4680 2097 4734 suis
2129 4680 2334 4748 legibus
2366 4689 2606 4744 utentes;
2634 4695 2739 4732 non
2768 4679 3006 4749 sequitur
3036 4680 3178 4749 quod
3202 4681 3314 4733 vult
3343 4672 3467 4735 Au—'

1870 4775 2134 4844 gustinus,
2162 4790 2266 4828 non
2318 4774 2485 4830 licere
2532 4775 2779 4829 adulterii
2828 4790 2983 4829 causa
3019 4777 3231 4842 publico
3253 4777 3457 4845 judicio

1870 4868 2134 4936 separatis
2161 4882 2326 4921 novas
2352 4869 2566 4937 nuptias
2592 4868 2929 4922 contrahere.
2954 4868 3088 4923 Nam
3119 4870 3365 4938 quamvis
3387 4861 3467 4925 ex'

1872 4961 2078 5030 legibus
2098 4958 2298 5014 Christi
2320 4975 2424 5014 non
2450 4962 2658 5025 liceret,
2686 4961 2790 5014 ulla
2814 4961 2879 5015 de
2899 4976 3059 5015 causa
3086 4972 3281 5030 prteter
3306 4950 3469 5030 adul-ﬁ

1874 5054 2091 5119 terium,
2135 5053 2407 5109 dimittere
2440 5054 2755 5123 conjugcm;
2792 5069 2895 5108 non
2926 5056 3167 5123 sequitur
3215 5025 3471 5123 Graecos]:

1874 5160 2063 5200 recens
2089 5144 2157 5199 ad
2188 5146 2543 5200 Christianam
2585 5146 2899 5214 religionem
2941 5145 3222 5211 adductos,
3272 5124 3469 5217 pristi-l

1874 5243 1957 5298 nis
1986 5242 2226 5297 moribus
2257 5255 2362 5295 non
2386 5254 2505 5295 esse
2540 5238 2807 5293 interdum
2838 5239 3056 5293 abusos.
3084 5238 3197 5294 Hoc
3226 5241 3355 5293 satis
3377 5241 3471 5294 in-.

1872 5337 2015 5392 dicat
2047 5336 2242 5390 Paulus
2261 5350 2384 5391 cum
2412 5334 2561 5400 dicit,
2585 5332 2721 5403 quod
2759 5333 2804 5386 si
2832 5332 3132 5398 discesserit,
3158 5351 3360 5388 manere
3380 5336 3458 5388 itt-

1872 5441 2127 5503 nuptam;
2186 5446 2306 5485 nam
2356 5430 2483 5484 hinc
2524 5428 2690 5497 liquet
2731 5426 2995 5495 ejusmodi
3026 5428 3319 5485 discessum
3350 5443 3471 5495 non

1871 5525 2088 5593 probari
2134 5522 2411 5591 Apostolo.
2445 5519 2553 5575 Sed
2581 5519 2898 5574 consulendi
2931 5523 3263 5576 recentiores
3291 5522 3470 5612 inter-i-

1869 5625 2050 5685 pretes
2075 5615 2140 5669 ad
2168 5615 2343 5668 locum
2371 5611 2541 5680 Pauli,
2566 5619 2621 5666 et
2640 5611 2773 5667 alios
2794 5610 2931 5666 Novi
2947 5612 3297 5678 Testamenti,
3324 5626 3460 5680 quos

1872 5710 2013 5763 hanc
2054 5708 2105 5761 in
2137 5720 2251 5761 rem
2280 5705 2482 5775 profert
2507 5704 2855 5772 Augustinus,
2887 5704 3103 5777 longum
3146 5706 3289 5763 enim
3316 5709 3461 5759 esset

1870 5815 2061 5858 omnes
2084 5797 2201 5868 ejus
2223 5800 2599 5877 παριρμηνείας
2616 5806 2884 5854 excutere.
