3974 6356
544 330 641 392 εὸξ

1439 328 1995 392 SUPPLEMENTUM
2036 330 2127 387 AD
2165 330 2397 390 OPERA
2437 333 2494 390 S.
2541 332 2933 392 AUGUSTINI.
3661 350 3741 411 δεῖ

616 449 783 506 Ιλιιιιιο
822 461 888 519 ιι.
942 449 1073 519 Cap.
1124 449 1179 515 6,
1213 445 1240 519 §
1269 447 1323 505 5.
1355 446 1611 503 Nonnulli
1638 450 1850 503 modica:
1888 449 2030 517 ﬁdei,
2062 448 2138 501 vel
2167 451 2217 507 Α
2247 455 2353 512 tur,
2407 447 2677 505 duntaxat.
2740 449 2861 518 quia
2914 444 3199 517 aliquando
3237 460 3267 502 a
3310 448 3495 507 celebri
3536 460 3743 530 scriptore

546 542 715 610 potius
744 541 937 595 inimici
956 556 1084 595 verte
1122 541 1243 608 ﬁdei
1268 540 1416 593 credo
1437 550 1713 594 metuentes
1757 540 2002 607 peccandi
2030 539 2129 591 im-

544 634 823 703 punitatem
850 633 965 686 dari
987 633 1284 686 mulieribus
1312 634 1440 695 suis,
1470 632 1602 686 illud
1622 633 1757 701 quod
1780 632 1840 686 de
1887 632 2133 684 adultera:

544 726 863 795 indulgentia
908 724 1157 779 Dominus
1188 728 1301 796 fecit
1330 728 1592 795 auferrent
1616 728 1679 779 de
1713 726 1971 779 codicibus
2000 724 2128 787 suis,

542 820 693 885 quasi
748 820 1132 886 permissionem
1165 820 1405 886 peccandi
1437 819 1670 871 tribuerit
1709 818 1796 887 qui
1819 817 1949 869 dixit
1977 830 1997 869 :
2018 816 2131 885 jam

542 910 798 978 deinceps
829 910 935 964 noli
964 926 1208 980 peccare,
1245 922 1335 965 aut
1356 912 1467 965 ideo
1494 928 1596 964 non
1627 910 1852 963 debuerit
1882 926 1913 961 a
1940 910 2133 963 medico

542 999 651 1055 Deo
676 1001 817 1055 illius
854 1002 1046 1071 peccati
1072 1002 1373 1055 remissione
1423 1001 1617 1065 sanari,
1648 1016 1710 1053 ne
1749 999 2134 1065 offenderentur

540 1090 756 1162 iusani.]
787 1090 1010 1148 Videtur
1033 1094 1272 1148 indicare
1293 1095 1621 1163 Augustinus
1651 1093 1892 1146 abrasam
1927 1108 1955 1143 a
1981 1091 2133 1145 codi-

541 1184 694 1238 cibus
724 1201 841 1238 eam
884 1186 1051 1239 solum
1082 1185 1392 1254 particulam
1422 1203 1580 1255 quam
1623 1193 1904 1239 memorat.
1938 1185 2133 1238 Mirum

540 1284 626 1328 est
671 1275 968 1343 Augustino
1021 1294 1127 1331 non
1194 1278 1489 1332 innotuisse
1545 1279 1806 1347 integram
1854 1277 2135 1330 historiam

540 1366 776 1421 defuisse
815 1371 863 1421 in
896 1370 1165 1438 plerisque
1203 1370 1601 1440 exemplaribus
1631 1371 1855 1425 Grrccis.
1892 1370 1972 1423 Ac
2004 1386 2138 1425 sane

539 1459 746 1515 Theod.
792 1465 923 1516 Beza
967 1474 1020 1518 et
1048 1465 1111 1518 il.
1148 1464 1364 1519 Grotius
1401 1468 1750 1519 ostenderunt
1792 1480 1985 1534 graves
2014 1480 2139 1519 esse

537 1552 778 1607 rationes
801 1554 1077 1607 dubitandi
1104 1556 1172 1609 de
1193 1565 1299 1609 tota
1326 1558 1487 1609 hacce
1520 1555 1909 1611 historia.\"ide
1937 1565 1990 1608 et
2015 1571 2138 1622 qua:

538 1644 789 1697 adnotata
838 1654 963 1700 sunt
1002 1661 1029 1699 a
1071 1646 1279 1701 Joanne
1323 1648 1534 1703 Clerico
1566 1651 1618 1702 in
1648 1649 2032 1703 addit-amentis
2062 1647 2132 1701 ll.

536 1733 875 1790 Hammondi.
1273 1799 1275 1803 λ

1000 1828 1650 1888 ANIMADVERSIONES

998 1937 1047 1976 IN
1078 1938 1269 1978 LIBRUM
1299 1940 1366 1977 DE
1394 1940 1681 1979 MENDACND.

613 2012 741 2080 Cap.
772 2014 826 2081 5,
848 2012 941 2083 §7.
968 2013 1044 2066 De
1064 2015 1322 2083 exemplis
1344 2030 1530 2068 eorum
1552 2016 1640 2084 qni
1668 2018 1717 2068 in
1739 2015 1934 2070 Vetere
1956 2016 2139 2070 Testa-

539 2116 723 2161 mento
736 2107 944 2160 mentiti
967 2108 1240 2161 dicuntur:
1263 2106 1583 2162 Credendum
1596 2118 1689 2178 est,
1709 2111 1899 2177 inquit,
1918 2112 2029 2164 illos
2045 2114 2137 2164 Ito-

537 2202 721 2263 mines,
752 2201 837 2269 qui
857 2202 1167 2269 propheticis
1191 2202 1496 2270 temporibus
1509 2202 1651 2273 digni
1662 2206 1965 2256 auctoritate
1976 2204 2138 2269 fuisse

539 2302 1001 2345 commemorantur
1025 2293 1196 2343 omnia
1224 2309 1335 2360 qua:
1360 2293 1551 2362 scripta
1572 2304 1687 2347 sunt
1710 2296 1773 2347 dc
1797 2294 1901 2347 illis
1922 2296 2138 2363 prop/tc-

539 2384 639 2435 ticc
662 2383 875 2451 gessisse
902 2391 1049 2450 atque
1079 2384 1305 2449 dixisse;
1332 2400 1425 2435 nec
1457 2387 1621 2437 minus
1652 2386 1945 2453 prop/retice
1965 2387 2028 2437 iis
2050 2402 2140 2437 ac-

538 2474 725 2528 cidisse
755 2489 1065 2543 quazcunque
1093 2475 1163 2527 sic
1191 2476 1508 2538 acciderunt,
1540 2486 1595 2529 ut
1623 2478 1799 2531 eodem
1838 2478 2140 2547 prapltetico

538 2565 721 2637 spiritu
739 2569 995 2620 memoria:
1010 2568 1287 2634 litterisque
1310 2569 1603 2623 mandanda
1611 2572 1635 2637 ί
1640 2569 2014 2641 udicarentur.]
2030 2572 2143 2625 Ne-

539 2659 652 2715 scio
663 2660 744 2713 cui
765 2660 1073 2713 cred-sudum
1089 2660 1189 2713 hoc
1212 2662 1335 2714 velit
1354 2664 1701 2729 Augustinus,
1718 2678 1840 2716 nam
1854 2679 1985 2718 sane
2008 2678 2138 2717 nus—

539 2767 698 2821 quam
716 2752 1014 2817 Scriptores
1028 2754 1163 2807 sacri
1182 2755 1280 2808 hoc
1293 2756 1395 2808 sibi
1417 2756 1563 2809 credi
1580 2757 1884 2811 voluerunt.
1902 2758 2138 2811 Historia

512 2845 863 2912 .optimorum
884 2861 1218 2915 quorumque
1240 2848 1329 2917 qui
1349 2848 1679 2917 tempOrihus
1703 2850 2033 2919 propheticis
2057 2851 2139 2904 vi—

538 2946 759 3000 xerunt,
796 2936 1017 2990 historia
1047 2946 1149 3003 est,
1193 2954 1298 2991 non
1351 2940 1671 3008 prophetia;
1709 2957 1807 2995 nec
1835 2941 2141 2996 dissimulat

538 3026 667 3079 vitia
697 3035 753 3080 et
802 3028 993 3081 delicta
1027 3029 1450 3095 patriarcharum
1495 3041 1549 3085 et
1574 3034 1955 3100 prophetarum
1991 3036 2137 3103 ipso-

538 3132 684 3182 rum,
718 3129 776 3172 ut
810 3118 1055 3182 Davidis;
1081 3136 1186 3174 non
1212 3122 1333 3190 quia
1366 3137 1427 3175 ea
1478 3124 1605 3176 vitia
1630 3124 1891 3180 delictave
1939 3126 2137 3179 habent

2239 540 2444 608 prolata
2493 550 2639 602 sunt,
2674 556 2704 593 a
2735 554 2840 608 quo
2878 539 3252 593 auctoritatem
3285 542 3513 609 trahunt;
3554 558 3746 616 quamvis

2237 642 2429 701 negata
2456 632 2523 685 ab
2573 631 2774 701 aliquo,
2822 633 2910 701 qui
2952 630 3072 687 sine
3118 634 3437 700 argumentis
3493 645 3748 704 persuaderi

2238 739 2384 777 mera
2415 724 2735 777 auctoritate
2770 723 3036 777 fallaciam
3086 722 3355 777 hominum
3386 725 3480 778 sibi
3511 728 3625 783 nihil
3652 736 3752 801 pati-

2240 823 2347 879 tur,
2376 814 2574 869 abeunt
2604 814 2658 868 in
2695 830 2872 869 auras.
2909 814 3112 869 Deinde
3137 814 3255 883 quis
3284 831 3388 868 non
3422 817 3554 872 videt
3585 824 3753 879 menda-

2240 909 2382 961 cium
2414 908 2788 974 obstetricum,
2844 908 2986 976 quod
3030 909 3295 977 prolatum
3345 920 3456 963 erat
3482 927 3577 965 non
3602 930 3656 968 eo
3686 918 3757 973 fal-

2239 999 2384 1054 lendi
2407 1001 2586 1055 animo
2610 1009 2668 1054 ut
2697 1000 2904 1054 fallacia
2935 1009 3154 1055 noceret
3175 1010 3229 1055 et
3248 1001 3387 1068 quod
3410 1018 3590 1059 nocere
3614 1022 3757 1065 revera

2240 1094 2441 1147 nemini
2477 1103 2705 1162 poterat,
2730 1109 2852 1147 cum
2882 1092 3183 1161 praesertim
3216 1094 3359 1147 nulla
3389 1094 3487 1148 alia
3512 1098 3630 1151 ratio
3649 1112 3760 1156 esset

2242 1184 2368 1237 vita:
2401 1184 2687 1239 infantium
2714 1183 3051 1252 consulendi,
3083 1186 3370 1238 maximum
3402 1185 3553 1240 fuisse
3579 1187 3763 1245 ofﬁcium

2242 1277 2625 1333 humanitatis?
2652 1278 2820 1333 Nemo
2848 1288 2996 1333 certe
3026 1294 3130 1331 non
3161 1293 3227 1332 co
3262 1279 3418 1333 modo
3443 1279 3762 1350 delinqueret:

2242 1382 2296 1426 et
2339 1372 2649 1441 delinquere
2672 1388 2730 1426 se
2758 1372 2958 1427 debere
2983 1381 3253 1436 censeret,
3284 1373 3329 1424 si
3360 1386 3418 1426 se
3446 1372 3678 1453 ejusmodi
3702 1390 3768 1429 oc-

2242 1466 2389 1519 casio
2420 1466 2595 1520 daret.
2623 1466 2876 1520 Ponenda
2907 1475 3033 1520 sunt
3060 1475 3264 1518 tantum
3294 1465 3393 1517 tria
3420 1480 3531 1532 qua:
3557 1465 3763 1529 diximus,

2244 1560 2478 1629 primum
2502 1570 2586 1615 est
2630 1560 2834 1613 nullum
2875 1574 2997 1613 esse
3041 1568 3293 1624 Oportcre
3322 1559 3549 1611 animum
3586 1561 3765 1614 nocendi

2244 1653 2547 1713 mendacio;
2572 1655 2799 1709 alterum
2824 1652 3089 1721 ejusmodi
3107 1653 3308 1705 debere
3330 1667 3448 1708 esse
3468 1653 3765 1720 mendacium,

2245 1746 2387 1814 quod
2446 1760 2643 1801 nocere
2693 1762 2879 1800 revera
2924 1760 3030 1799 non
3079 1745 3283 1814 possit:
3340 1745 3548 1799 tertium
3589 1745 3768 1814 denique

2169 1831 2219 1891 Β
2245 1854 2350 1893 non
2383 1854 2505 1894 esse
2534 1840 2691 1893 aliam
2724 1840 2865 1893 viam
2913 1855 3015 1908 qua
3056 1839 3347 1892 imminens
3381 1840 3567 1891 malum
3598 1839 3767 1891 vitetur.

2245 1932 2302 1987 In
2334 1932 2480 1986 hisce
2507 1946 2637 1985 sane
2665 1931 3086 1985 circumstantiis
3110 1931 3314 1985 licitum
3346 1944 3466 1983 esse
3493 1929 3638 1983 debet
3664 1945 3772 1983 men-

2246 2025 2362 2090 tiri,
2390 2026 2434 2078 si
2461 2040 2565 2078 non
2609 2024 2853 2078 illicitum
2890 2024 2956 2078 sit
2984 2023 3109 2091 joco
3141 2022 3380 2084 mentiri,
3419 2020 3552 2090 quod
3589 2036 3668 2088 per
3691 2020 3772 2074 Au-

2246 2117 2528 2185 gustinum
2562 2116 2703 2170 licet.
2744 2115 2881 2169 Vide
2931 2130 3051 2183 cap.
3086 2115 3174 2168 Η.
3208 2113 3316 2167 Nec
3347 2122 3498 2181 putes
3534 2114 3613 2180 qui
3649 2126 3774 2180 usque

2245 2208 2383 2262 adeo
2412 2209 2479 2261 ab
2512 2208 2623 2262 utili
2654 2214 2709 2261 et
2740 2206 3046 2261 necessario
3104 2204 3389 2258 mendacio
3435 2202 3698 2256 abhorrere
3732 2216 3773 2255 se

2245 2299 2583 2363 dictitabant,
2617 2306 2722 2352 tam
2756 2297 2954 2367 rigidos
2977 2297 3143 2350 fuisse
3171 2296 3282 2349 veri
3314 2295 3591 2359 satellites,
3613 2303 3662 2347 ut
3680 2310 3777 2346 nua-

2245 2405 2411 2458 quam
2443 2389 2791 2443 emolumenti
2844 2403 3006 2443 causa
3068 2389 3447 2442 mentirentur.
3494 2385 3776 2439 Contrarium

2247 2480 2575 2548 persuadent
2609 2489 2685 2534 tot
2716 2481 2836 2536 ficta
2884 2481 3159 2544 miracula,
3192 2479 3257 2532 ad
3292 2478 3672 2533 venerationem
3697 2475 3779 2544 ple-

2245 2570 2329 2624 bis
2373 2571 2688 2639 quibusdam
2732 2571 2974 2625 ecclesiis
3018 2585 3080 2624 ac
3137 2568 3378 2623 basilicis
3425 2566 3778 2630 conciliandam,

2246 2669 2434 2731 totque
2480 2662 2766 2715 rhetorica:
2802 2662 3045 2716 ﬁctiones
3099 2662 3149 2714 in
3182 2659 3650 2730 disceptationibus
3690 2670 3780 2710 cum

2246 2751 2536 2818 haereticis,
2571 2769 2687 2821 qua:
2724 2755 2775 2807 in
2807 2753 2986 2806 multis
3042 2752 3401 2821 scriptoribus
3436 2763 3694 2819 utramque
3717 2763 3781 2817 pa-

2244 2845 2423 2913 ginam
2479 2844 2697 2898 faciunt.
2738 2843 2864 2911 Sed,
2920 2845 2962 2897 si
3020 2845 3178 2897 liceat
3213 2843 3262 2896 id
3306 2841 3449 2911 quod
3502 2842 3781 2908 suspicamur

2245 2951 2342 3006 pro
2372 2937 2540 3006 loqui,
2574 2952 2679 2991 non
2721 2938 2821 2992 alia
2854 2937 2922 2991 de
2953 2951 3110 2991 causa
3141 2937 3291 2990 multi
3344 2938 3395 2989 in
3446 2936 3580 2995 licita
3611 2932 3783 2988 menda-

2244 3027 2347 3094 cia,
2379 3028 2553 3095 qualia
2589 3028 3003 3096 descripsimus,
3050 3038 3157 3080 tam
3191 3028 3399 3081 acriter
3429 3024 3783 3087 invehebantur,

2246 3131 2404 3185 quam
2424 3125 2479 3170 ut
2501 3127 2681 3185 postea
2711 3117 2761 3170 in
2785 3133 2899 3171 rem
2922 3132 3073 3172 suam
3101 3117 3429 3171 fructuosius
3457 3117 3784 3171 mentirentur.

540 3207 738 3276 aliquid
768 3208 1162 3278 propheticum,
1212 3212 1306 3264 sed
1335 3212 1455 3280 quia
1507 3214 1609 3268 hoc
1657 3215 1893 3283 postulat
1933 3216 2132 3271 veritas
2160 3208 2209 3273 ρ
2241 3208 2606 3276 Simpliciores
2628 3209 2771 3263 enim
2803 3210 3049 3264 homines
3075 3225 3182 3263 non
3230 3209 3644 3279 suspicabantur
3669 3206 3723 3259 ab
3744 3206 3787 3258 iis

539 3300 808 3366 historias,
841 3314 894 3354 et
918 3301 1177 3356 lectorum
1206 3303 1367 3356 etiam
1402 3304 1625 3358 utilitas.
1653 3304 1784 3360 llinc
1801 3307 1948 3359 enim
1972 3306 2132 3361 intel-

539 3389 757 3461 ligimus
787 3405 982 3459 quanta
1016 3393 1291 3462 diligentia
1322 3395 1620 3449 cavendum
1649 3398 1717 3449 sit
1742 3412 1771 3449 a
1801 3408 2038 3465 peccato,
2074 3400 2131 3453 in

542 3482 687 3551 quod
716 3482 1020 3537 inciderunt
1051 3485 1212 3538 etiam
1241 3485 1345 3538 viri
1376 3485 1571 3556 alioqui
1616 3487 1847 3552 laudati;
1872 3490 1992 3544 etsi
2026 3488 2137 3543 for-

542 3583 620 3642 te,
654 3590 750 3644 per
793 3575 1205 3640 imprudentiam
1250 3575 1725 3645 infirmitatemque
1758 3580 1809 3631 itt
1844 3578 1895 3632 id
1928 3579 2133 3649 delapsi

542 3666 825 3732 fuerimus,
854 3683 958 3721 non
983 3682 1103 3722 esse
1135 3669 1529 3736 desperandum
1554 3670 1622 3723 de
1646 3671 2011 3724 misericordia
2043 3672 2134 3725 di-

542 3760 686 3814 vina.
737 3760 1002 3815 Praeterea
1033 3762 1078 3814 si
1124 3762 1271 3829 leges
1305 3761 1512 3816 Veteris
1544 3762 1875 3818 Testamenti
1903 3774 1958 3818 et
1984 3767 2134 3833 leges

541 3852 678 3907 Novi
709 3867 1103 3922 comparemus,
1153 3853 1515 3921 intelligemus
1546 3852 1699 3907 facile
1729 3854 1965 3925 antiquis
1997 3866 2137 3910 tem-

541 3944 763 4014 poribus
788 3944 952 3999 fuisse
974 3944 1136 3998 veluti
1156 3944 1427 4013 religionis
1451 3946 1751 4011 infantiam,
1775 3948 1942 4016 inqua
1965 3948 2131 4002 multa

539 4035 850 4089 ferebantur
881 4051 998 4104 quae
1026 4050 1167 4089 nunc
1208 4034 1428 4089 minime
1453 4039 1749 4103 terrentur;
1800 4039 2010 4106 eritque
2036 4053 2135 4093 cur

541 4128 657 4184 Deo
678 4130 877 4198 gratias
905 4144 1126 4198 agamus
1150 4129 1292 4198 quod
1321 4143 1421 4182 nos
1444 4129 1691 4197 ampliori
1720 4129 1840 4185 luce
1893 4130 2131 4184 donave-

542 4223 637 4287 rit,
669 4220 1066 4289 majoribusque
1094 4230 1187 4274 aut
1208 4228 1353 4273 certe
1384 4220 1702 4273 clarioribus
1734 4222 2013 4289 promissis
2036 4235 2134 4275 nos

543 4330 574 4368 a
607 4314 875 4383 peccando
898 4315 1253 4369 revocaverit.
1287 4313 1412 4367 llmc
1433 4314 1667 4383 aliaque,
1694 4329 1813 4383 quae
1839 4329 1933 4383 per
1955 4329 2012 4367 se
2039 4331 2131 4384 pa—

540 4417 678 4472 tent,
712 4418 767 4462 et
789 4424 853 4461 ex
887 4410 1048 4463 rebus
1090 4408 1218 4476 ipsis
1242 4409 1547 4462 necessario
1582 4418 1876 4462 nascuntur
1901 4409 2130 4464 dicenda

543 4511 667 4553 sunt
708 4501 881 4567 potius
906 4515 1062 4567 quam
1110 4499 1374 4566 fingamus
1420 4499 1705 4567 quidlibet,
1735 4511 1794 4554 ut
1841 4501 2130 4570 allegorice

541 4590 967 4657 simplicissimus
1000 4588 1253 4642 historias
1286 4590 1722 4655 interpretemur.

615 4683 803 4738 Suhdit
829 4683 1152 4751 Augustinus
1178 4698 1190 4733 :
1226 4679 1302 4733 De
1325 4680 1674 4737 obstetricibus
1696 4693 1863 4738 autem
1884 4684 1903 4756 (
1928 4685 1992 4740 de
2013 4689 2130 4756 qui.

542 4779 643 4831 bus
678 4776 845 4829 Exod.
881 4790 917 4837 t,
955 4774 1042 4840 l9)
1072 4772 1193 4841 quia
1235 4789 1318 4825 cas
1361 4789 1461 4825 non
1488 4786 1695 4844 possunt
1721 4778 1886 4830 dicere
1907 4780 2127 4847 prop/te-

542 4872 639 4922 tiro
671 4869 852 4934 spiritu
898 4864 1225 4933 signiﬁcandi
1271 4868 1431 4932 futuri
1466 4868 1571 4919 reri
1614 4869 1802 4937 gratia,
1857 4870 2001 4922 aliud
2034 4888 2126 4937 pro

541 4963 645 5014 alio
669 4960 985 5012 renuntiasse
1008 4953 1294 5020 Pharaoni;
1314 4958 1512 5009 etiamsi
1534 4959 1891 5031 aliquid,ipsis
1910 4966 2127 5017 nescien-

542 5054 693 5115 tibus,
719 5049 853 5113 quod
878 5062 965 5115 per
985 5062 1072 5100 eas
1093 5055 1258 5099 actum
1282 5057 1353 5100 est
1379 5048 1705 5119 signiﬁcavit,
1732 5067 1821 5117 pro
1844 5052 2008 5120 gradu
2033 5070 2126 5106 suo

542 5148 714 5197 dicunt
738 5141 1046 5209 approbatas
1077 5149 1125 5192 et
1150 5152 1499 5193 remuneratus
1528 5160 1558 5193 a
1580 5141 1708 5194 Deo.
1740 5144 1841 5206 Qui
1866 5146 1999 5197 enim
2037 5162 2129 5197 no-

540 5238 683 5289 cendi
709 5248 865 5285 causa
892 5232 1092 5283 mentiri
1113 5233 1265 5297 solet;
1290 5233 1332 5285 si
1343 5233 1458 5301 jam
1487 5234 1783 5287 consulendi
1805 5252 1962 5288 causa
1985 5255 2125 5291 men-

542 5332 722 5393 tiatur,
757 5327 974 5378 multum
998 5326 1229 5393 profecit.
1271 5325 1466 5380 Verum
1494 5327 1636 5394 quod
1699 5329 1839 5382 facto
1874 5331 2127 5386 obstetri-

541 5436 660 5474 enm
688 5417 885 5487 aliquid
917 5418 1271 5486 significatum
1311 5417 1385 5470 ait
1430 5419 1779 5487 Augustinus,
1810 5436 1997 5475 eorum
2027 5439 2125 5477 no-

545 5513 685 5564 mine
721 5526 946 5579 quorum
974 5509 1295 5564 sententiam
1324 5509 1506 5575 refert,
1553 5510 1603 5563 id
1634 5511 1759 5580 quid
1791 5522 1893 5575 est,
1930 5526 2125 5582 praeter

544 5604 807 5657 somnium
829 5643 841 5655 .
875 5601 930 5656 Si
962 5601 1176 5667 talibus,
1207 5616 1326 5670 qua:
1352 5605 1498 5655 omni
1531 5602 2002 5659 verisimilitudine
2033 5607 2128 5660 de-

542 5698 727 5749 stituta
759 5702 903 5759 sunt,
938 5692 1144 5762 pondus
1176 5693 1460 5759 tribuatur,
1495 5694 1621 5762 quid
1656 5695 1868 5749 tandem
1907 5696 2128 5753 habebi-

545 5796 633 5843 tur
664 5786 822 5843 leve?
850 5785 959 5843 Sed
980 5794 1102 5842 sunt
1131 5784 1295 5842 multa
1317 5800 1436 5857 qua:
1460 5796 1513 5841 et
1534 5788 1783 5846 dicuntur
1800 5800 1850 5843 et
1874 5799 2128 5860 repetun-

2238 3298 2341 3352 sibi
2368 3298 2545 3353 fucum
2591 3298 2725 3363 fieri,
2760 3301 2850 3369 qui
2885 3311 2991 3353 tam
3044 3300 3284 3353 infenSos
3345 3300 3714 3369 profitebantur
3747 3309 3788 3348 se

2238 3391 2544 3446 mendacio.
2575 3390 2646 3444 At
2668 3407 2694 3443 a
2730 3401 2807 3445 tot
2836 3392 3046 3446 szcculis
3079 3387 3348 3457 videmus,
3401 3393 3612 3445 mutatis
3638 3389 3789 3443 dunta-

2240 3490 2335 3535 xat
2358 3482 2625 3549 personis,
2657 3497 2772 3535 eam
2800 3482 3032 3536 fabulam
3081 3484 3186 3552 agi,
3215 3484 3569 3551 hominesque
3600 3481 3791 3534 onmium

2242 3574 2567 3627 saeculorum
2608 3583 2714 3627 tam
2747 3575 2929 3627 multis
2956 3575 3007 3627 in
3032 3577 3193 3629 rebus
3221 3576 3324 3629 sibi
3359 3576 3561 3629 similes
3608 3587 3727 3635 esse,
3756 3579 3793 3621 ut

2236 3670 2347 3739 jam
2378 3670 2593 3725 tandem
2640 3656 3019 3738 prudentiores
3051 3686 3171 3725 esse
3203 3671 3525 3735 debeamus,
3569 3679 3652 3722 aut
3686 3664 3794 3733 digni

2245 3766 2421 3818 simus
2451 3766 2540 3830 qui
2567 3765 2800 3819 ludibrio
2834 3765 3148 3831 habeamur,
3177 3773 3232 3819 et
3260 3765 3348 3818 vel
3380 3781 3409 3818 a
3439 3758 3795 3833 CappadOCibus

2242 3855 2510 3909 fallamur.

2724 3947 3383 4002 ANIMADVERSIONES

2373 4058 2425 4096 IN
2454 4057 2644 4095 LIBRUM
2676 4058 2881 4096 CONTRA
2916 4056 3221 4095 MENDAClUM
3254 4057 3324 4094 AD
3356 4052 3701 4095 CONSENTIUM.

2313 4131 2441 4204 Cap.
2477 4136 2529 4194 7.
2568 4134 2594 4203 §
2640 4135 2724 4187 l7.
2776 4134 2835 4188 Si
2876 4145 3151 4204 propterea
3172 4136 3321 4203 justa
3345 4143 3490 4198 sunt,
3524 4146 3621 4183 non
3640 4125 3797 4197 qualia-

2241 4241 2459 4296 cunque,
2506 4228 2595 4279 scd
2652 4225 2950 4295 blaspltema
2998 4226 3282 4289 mendacia,
3330 4226 3457 4293 quia
3530 4225 3621 4275 hoc
3661 4217 3796 4271 animo

2242 4318 2374 4384 fiunt
2405 4326 2457 4369 ut
2487 4316 2669 4369 occulti
2694 4316 2917 4369 Itazretici
2940 4317 3264 4387 detegantur;
3285 4324 3530 4385 poterunt
3555 4316 3645 4365 isto
3660 4307 3798 4369 modo,

2243 4411 2286 4463 si
2308 4408 2484 4461 eodem
2524 4410 2694 4461 animo
2738 4409 2886 4477 fiant,
2930 4418 3071 4460 casta
3104 4424 3209 4461 esse
3263 4407 3551 4461 adulteria.
3586 4403 3603 4474 j
3649 4396 3799 4455 Merito

2242 4515 2374 4555 sane
2402 4501 2673 4553 invehitur
2717 4502 3048 4568 Augustinus
3080 4500 3130 4552 in
3160 4514 3252 4553 eos
3280 4499 3373 4567 qui
3408 4498 3647 4566 improbe
3670 4492 3800 4543 sintu-

2160 4575 2215 4637 D
2248 4593 2429 4646 labant
2475 4607 2533 4645 se
2563 4607 2681 4645 esse
2711 4590 3168 4651 Priscillianistas.
3202 4602 3257 4643 ut
3288 4605 3385 4644 eos
3418 4603 3555 4659 quos
3586 4584 3800 4656 putabant

2244 4685 2515 4738 occultare
2554 4684 2692 4752 apud
2736 4685 2970 4736 animum
3013 4698 3176 4736 suum
3210 4682 3445 4736 harrcsin
3486 4674 3802 4733 Prisciltiani,

2244 4786 2570 4845 relegerent.
2632 4776 2841 4828 Etenim
2872 4777 3052 4828 animo
3103 4774 3326 4828 nocendi
3364 4771 3578 4826 miseris
3624 4762 3803 4822 Priscil-

2243 4866 2478 4921 lianistis
2524 4870 2623 4921 hoc
2651 4867 2829 4927 fiebat,
2865 4876 2921 4918 ιιι
2961 4882 3078 4919 cum
3118 4866 3180 4918 iis
3212 4866 3423 4934 legibus
3451 4872 3636 4917 Contra
3666 4859 3804 4910 litt'rcv

2244 4964 2384 5015 licos
2417 4961 2536 5015 latis
2582 4972 2846 5029 ageretur.
2881 4960 3129 5014 llzrretici
3176 4969 3357 5012 autem
3396 4954 3625 5011 habendi
3654 4955 3803 5011 erant,

2245 5070 2313 5108 ex
2352 5056 2465 5122 lege
2494 5054 2704 5108 Arcadii
2736 5070 2875 5107 anno
2899 5054 3004 5107 δυΐὶ
3038 5054 3165 5117 lata,
3199 5054 3282 5120 qui
3312 5052 3389 5103 vel
3420 5051 3515 5103 levi
3544 5050 3807 5117 argumento

2242 5168 2278 5201 α
2295 5150 2496 5219 judicio
2519 5146 2782 5201 catholica:
2821 5148 3080 5218 religionis
3110 5156 3157 5199 et
3199 5145 3405 5197 tramite
3448 5140 3626 5194 detecti
3650 5133 3808 5207 fuerint

2240 5242 2467 5293 deviare.
2503 5240 2597 5294 Est
2641 5240 2892 5309 vigesima
2926 5253 3111 5293 oetava
3164 5238 3295 5291 tituli
3323 5239 3354 5291 5
3390 5238 3484 5289 lib.
3513 5250 3600 5291 xvr
3640 5227 3809 5285 codicis

2243 5332 2631 5388 Theodosiani.
2666 5333 2869 5387 Deinde
2919 5332 3139 5401 impium
3188 5333 3285 5384 fuit
3328 5330 3590 5384 simulare
3617 5339 3670 5378 se
3711 5332 3808 5375 esse

2255 5424 2723 5479 Priscillianistam
2765 5425 2828 5478 tis
2858 5424 2946 5493 qui
2979 5426 3263 5493 Opiniones
3293 5420 3614 5477 Priscilliani
3646 5424 3808 5486 meS

2246 5536 2371 5574 esse
2393 5519 2649 5587 putabant
2670 5535 2685 5584 ;
2705 5520 2891 5588 quales
2916 5534 3099 5573 revera
3121 5526 3297 5582 erant,
3317 5516 3361 5571 si
3380 5531 3461 5568 eae
3486 5514 3694 5567 fuerunt
3713 5516 3808 5574 qum

2249 5626 2283 5664 a
2316 5610 2672 5679 scriptoribus
2703 5610 3083 5665 ecclesiasticis
3122 5611 3457 5664 scribuntur.
3488 5605 3711 5659 Noxium
3734 5611 3809 5648 au-

2246 5712 2359 5755 tem
2394 5701 2489 5755 fuit
2518 5700 2730 5754 veritati
2761 5710 2818 5755 el.
2849 5703 3174 5755 contrarium
3207 5699 3409 5754 divinis
3443 5691 3715 5765 praeceptis
3737 5700 3809 5738 τεο

2243 5793 2462 5852 ritatem
2507 5793 2557 5847 itt
2607 5807 2664 5848 re
2706 5792 2855 5864 gravi
2884 5808 2986 5849 non
3011 5793 3281 5864 profiteri;
3310 5804 3371 5847 ac
3414 5787 3645 5860 proinde
3673 5790 3808 5838 nec:
