  <div class='ocr_page' id='page_1' title='image "/cluster/home/n/w/nwhite01/storage/ocr_20150623/47/hvd.32044015471527/222.png"; bbox 0 0 3974 6356; ppageno 0'>
   <div class='ocr_carea' id='block_1_1' title="bbox 184 403 281 462">
    <p class='ocr_par' dir='ltr' id='par_1_1' title="bbox 184 403 281 462">
     <span class='ocr_line' id='line_1_1' title="bbox 184 403 281 462; baseline 0 0"><span class='ocrx_word' id='word_1_1' title='bbox 184 403 281 462; x_wconf 71' lang='grc' dir='ltr'><strong>ιὸὃ</strong></span> 
     </span>
    </p>
   </div>
   <div class='ocr_carea' id='block_1_2' title="bbox 855 394 2751 456">
    <p class='ocr_par' dir='ltr' id='par_1_2' title="bbox 855 394 2751 456">
     <span class='ocr_line' id='line_1_2' title="bbox 855 394 2751 456; baseline -0.001 -4"><span class='ocrx_word' id='word_1_2' title='bbox 855 397 1206 456; x_wconf 70' lang='lat' dir='ltr'><strong>VABIORUM</strong></span> <span class='ocrx_word' id='word_1_3' title='bbox 1240 394 1843 454; x_wconf 79' lang='lat' dir='ltr'><strong>EXEBCITATIONES</strong></span> <span class='ocrx_word' id='word_1_4' title='bbox 1882 398 1949 454; x_wconf 89' lang='lat' dir='ltr'><strong>IN</strong></span> <span class='ocrx_word' id='word_1_5' title='bbox 1988 399 2047 455; x_wconf 91' lang='lat' dir='ltr'><strong>S.</strong></span> <span class='ocrx_word' id='word_1_6' title='bbox 2088 395 2457 456; x_wconf 83' lang='lat' dir='ltr'><strong>AUGUSTINI</strong></span> <span class='ocrx_word' id='word_1_7' title='bbox 2498 398 2751 455; x_wconf 68' lang='lat' dir='ltr'><strong>OPEBA.</strong></span> 
     </span>
    </p>
   </div>
   <div class='ocr_carea' id='block_1_3' title="bbox 3341 396 3448 451">
    <p class='ocr_par' dir='ltr' id='par_1_3' title="bbox 3341 396 3448 451">
     <span class='ocr_line' id='line_1_3' title="bbox 3341 396 3448 451; baseline 0.028 -3"><span class='ocrx_word' id='word_1_8' title='bbox 3341 396 3448 451; x_wconf 60' lang='grc'><strong>454</strong></span> 
     </span>
    </p>
   </div>
   <div class='ocr_carea' id='block_1_4' title="bbox 182 511 3451 588">
    <p class='ocr_par' dir='ltr' id='par_1_4' title="bbox 182 511 3451 588">
     <span class='ocr_line' id='line_1_4' title="bbox 182 511 3451 588; baseline 0.001 -17"><span class='ocrx_word' id='word_1_9' title='bbox 182 516 384 588; x_wconf 85' lang='lat' dir='ltr'><strong>quidem</strong></span> <span class='ocrx_word' id='word_1_10' title='bbox 416 517 483 572; x_wconf 91' lang='lat' dir='ltr'><strong>de</strong></span> <span class='ocrx_word' id='word_1_11' title='bbox 536 516 738 570; x_wconf 89' lang='lat' dir='ltr'><strong>ratione</strong></span> <span class='ocrx_word' id='word_1_12' title='bbox 786 516 905 569; x_wconf 87' lang='lat' dir='ltr'><strong>talia</strong></span> <span class='ocrx_word' id='word_1_13' title='bbox 960 514 1235 568; x_wconf 88' lang='lat' dir='ltr'><strong>mendacia</strong></span> <span class='ocrx_word' id='word_1_14' title='bbox 1288 512 1507 567; x_wconf 81' lang='lat' dir='ltr'><strong>innoxia</strong></span> <span class='ocrx_word' id='word_1_15' title='bbox 1558 511 1746 566; x_wconf 88' lang='lat' dir='ltr'><strong>haberi</strong></span> <span class='ocrx_word' id='word_1_16' title='bbox 1782 516 1835 576; x_wconf 81' lang='grc' dir='ltr'>Α</span> <span class='ocrx_word' id='word_1_17' title='bbox 1861 515 2207 583; x_wconf 85' lang='lat' dir='ltr'><strong>arrogantiam</strong></span> <span class='ocrx_word' id='word_1_18' title='bbox 2234 512 2785 583; x_wconf 82' lang='lat' dir='ltr'><strong>fovebant,apostolico</strong></span> <span class='ocrx_word' id='word_1_19' title='bbox 2808 523 3056 585; x_wconf 76' lang='lat' dir='ltr'><strong>prcecepto</strong></span> <span class='ocrx_word' id='word_1_20' title='bbox 3078 532 3179 570; x_wconf 86' lang='lat' dir='ltr'><strong>non</strong></span> <span class='ocrx_word' id='word_1_21' title='bbox 3199 532 3304 573; x_wconf 88' lang='lat' dir='ltr'><strong>esse</strong></span> <span class='ocrx_word' id='word_1_22' title='bbox 3322 534 3451 574; x_wconf 84' lang='lat' dir='ltr'><strong>con-</strong></span> 
     </span>
    </p>
   </div>
   <div class='ocr_carea' id='block_1_5' title="bbox 184 619 480 679">
    <p class='ocr_par' dir='ltr' id='par_1_5' title="bbox 184 619 480 679">
     <span class='ocr_line' id='line_1_5' title="bbox 184 619 480 679; baseline -0.014 -15"><span class='ocrx_word' id='word_1_23' title='bbox 184 619 480 679; x_wconf 87' lang='lat' dir='ltr'><strong>potuerunt.</strong></span> 
     </span>
    </p>
   </div>
   <div class='ocr_carea' id='block_1_6' title="bbox 248 695 1764 771">
    <p class='ocr_par' dir='ltr' id='par_1_6' title="bbox 248 695 1764 771">
     <span class='ocr_line' id='line_1_6' title="bbox 248 695 1764 771; baseline -0.003 -16"><span class='ocrx_word' id='word_1_24' title='bbox 248 702 374 770; x_wconf 88' lang='lat' dir='ltr'><strong>Cap.</strong></span> <span class='ocrx_word' id='word_1_25' title='bbox 408 700 497 764; x_wconf 79' lang='grc'><strong>18.</strong></span> <span class='ocrx_word' id='word_1_26' title='bbox 534 699 560 771; x_wconf 83' lang='lat'><strong>§</strong></span> <span class='ocrx_word' id='word_1_27' title='bbox 595 702 682 755; x_wconf 83' lang='lat'><strong>&#39;57.</strong></span> <span class='ocrx_word' id='word_1_28' title='bbox 728 697 1019 761; x_wconf 80' lang='lat' dir='ltr'><strong>Postquam</strong></span> <span class='ocrx_word' id='word_1_29' title='bbox 1051 700 1299 766; x_wconf 65' lang='lat' dir='ltr'><strong>quiesivit</strong></span> <span class='ocrx_word' id='word_1_30' title='bbox 1329 712 1396 749; x_wconf 90' lang='lat' dir='ltr'><strong>an</strong></span> <span class='ocrx_word' id='word_1_31' title='bbox 1422 695 1559 765; x_wconf 90' lang='lat' dir='ltr'><strong>patri</strong></span> <span class='ocrx_word' id='word_1_32' title='bbox 1589 710 1764 763; x_wconf 66' lang='lat' dir='ltr'><strong>aegro-</strong></span> 
     </span>
    </p>
   </div>
   <div class='ocr_carea' id='block_1_7' title="bbox 182 791 1761 857">
    <p class='ocr_par' dir='ltr' id='par_1_7' title="bbox 182 791 1761 857">
     <span class='ocr_line' id='line_1_7' title="bbox 182 791 1761 857; baseline -0.003 -10"><span class='ocrx_word' id='word_1_33' title='bbox 182 794 309 847; x_wconf 87' lang='lat' dir='ltr'><strong>tanti</strong></span> <span class='ocrx_word' id='word_1_34' title='bbox 343 795 413 846; x_wconf 88' lang='lat' dir='ltr'><strong>sit</strong></span> <span class='ocrx_word' id='word_1_35' title='bbox 448 792 733 847; x_wconf 91' lang='lat' dir='ltr'><strong>dicendum</strong></span> <span class='ocrx_word' id='word_1_36' title='bbox 782 791 946 844; x_wconf 88' lang='lat' dir='ltr'><strong>filium</strong></span> <span class='ocrx_word' id='word_1_37' title='bbox 996 806 1117 845; x_wconf 91' lang='lat' dir='ltr'><strong>esse</strong></span> <span class='ocrx_word' id='word_1_38' title='bbox 1162 798 1456 853; x_wconf 90' lang='lat' dir='ltr'><strong>mortuum,</strong></span> <span class='ocrx_word' id='word_1_39' title='bbox 1490 805 1559 843; x_wconf 90' lang='lat' dir='ltr'><strong>ne</strong></span> <span class='ocrx_word' id='word_1_40' title='bbox 1609 797 1761 857; x_wconf 88' lang='lat' dir='ltr'><strong>pater</strong></span> 
     </span>
    </p>
   </div>
   <div class='ocr_carea' id='block_1_8' title="bbox 180 881 1767 947">
    <p class='ocr_par' dir='ltr' id='par_1_8' title="bbox 180 881 1767 947">
     <span class='ocr_line' id='line_1_8' title="bbox 180 881 1767 947; baseline -0.002 -10"><span class='ocrx_word' id='word_1_41' title='bbox 180 884 390 938; x_wconf 89' lang='lat' dir='ltr'><strong>tristitia</strong></span> <span class='ocrx_word' id='word_1_42' title='bbox 418 884 695 947; x_wconf 78' lang='lat' dir='ltr'><strong>moriatur,</strong></span> <span class='ocrx_word' id='word_1_43' title='bbox 727 883 908 937; x_wconf 92' lang='lat' dir='ltr'><strong>subdit</strong></span> <span class='ocrx_word' id='word_1_44' title='bbox 934 900 946 935; x_wconf 90' lang='lat'><strong>:</strong></span> <span class='ocrx_word' id='word_1_45' title='bbox 988 881 1104 935; x_wconf 85' lang='lat' dir='ltr'><strong>Huc</strong></span> <span class='ocrx_word' id='word_1_46' title='bbox 1133 882 1352 947; x_wconf 79' lang='lat' dir='ltr'><strong>accedit,</strong></span> <span class='ocrx_word' id='word_1_47' title='bbox 1397 882 1479 934; x_wconf 88' lang='lat' dir='ltr'><strong>ubi</strong></span> <span class='ocrx_word' id='word_1_48' title='bbox 1503 881 1767 935; x_wconf 86' lang='lat' dir='ltr'><strong>miserabi-</strong></span> 
     </span>
    </p>
   </div>
   <div class='ocr_carea' id='block_1_9' title="bbox 181 975 1766 1047">
    <p class='ocr_par' dir='ltr' id='par_1_9' title="bbox 181 975 1766 1047">
     <span class='ocr_line' id='line_1_9' title="bbox 181 975 1766 1047; baseline -0.001 -18"><span class='ocrx_word' id='word_1_49' title='bbox 181 977 277 1029; x_wconf 83' lang='lat' dir='ltr'><strong>lius</strong></span> <span class='ocrx_word' id='word_1_50' title='bbox 318 977 621 1045; x_wconf 83' lang='lat' dir='ltr'><strong>ejulandum</strong></span> <span class='ocrx_word' id='word_1_51' title='bbox 669 986 763 1038; x_wconf 89' lang='lat' dir='ltr'><strong>est,</strong></span> <span class='ocrx_word' id='word_1_52' title='bbox 798 975 938 1047; x_wconf 86' lang='lat' dir='ltr'><strong>quod</strong></span> <span class='ocrx_word' id='word_1_53' title='bbox 967 976 1011 1029; x_wconf 90' lang='lat' dir='ltr'><strong>si</strong></span> <span class='ocrx_word' id='word_1_54' title='bbox 1054 980 1450 1030; x_wconf 78' lang='lat' dir='ltr'><strong>concesserimus</strong></span> <span class='ocrx_word' id='word_1_55' title='bbox 1477 993 1569 1047; x_wconf 85' lang='lat' dir='ltr'><strong>pro</strong></span> <span class='ocrx_word' id='word_1_56' title='bbox 1600 975 1766 1029; x_wconf 79' lang='lat' dir='ltr'><strong>salute</strong></span> 
     </span>
    </p>
   </div>
   <div class='ocr_carea' id='block_1_10' title="bbox 179 1066 1765 1137">
    <p class='ocr_par' dir='ltr' id='par_1_10' title="bbox 179 1066 1765 1137">
     <span class='ocr_line' id='line_1_10' title="bbox 179 1066 1765 1137; baseline 0.001 -18"><span class='ocrx_word' id='word_1_57' title='bbox 179 1066 315 1120; x_wconf 85' lang='lat' dir='ltr'><strong>illius</strong></span> <span class='ocrx_word' id='word_1_58' title='bbox 335 1070 461 1136; x_wconf 76' lang='lat' dir='ltr'><strong>wgri</strong></span> <span class='ocrx_word' id='word_1_59' title='bbox 485 1068 547 1120; x_wconf 89' lang='lat' dir='ltr'><strong>de</strong></span> <span class='ocrx_word' id='word_1_60' title='bbox 574 1069 675 1120; x_wconf 87' lang='lat' dir='ltr'><strong>vita</strong></span> <span class='ocrx_word' id='word_1_61' title='bbox 707 1067 802 1134; x_wconf 79' lang='lat' dir='ltr'><strong>ﬁlii</strong></span> <span class='ocrx_word' id='word_1_62' title='bbox 831 1068 942 1137; x_wconf 87' lang='lat' dir='ltr'><strong>ejus</strong></span> <span class='ocrx_word' id='word_1_63' title='bbox 971 1068 1127 1137; x_wconf 77' lang='lat' dir='ltr'><strong>fuisse</strong></span> <span class='ocrx_word' id='word_1_64' title='bbox 1155 1068 1516 1131; x_wconf 89' lang='lat' dir='ltr'><strong>mentiendum,</strong></span> <span class='ocrx_word' id='word_1_65' title='bbox 1539 1069 1611 1121; x_wconf 91' lang='lat' dir='ltr'><strong>ita</strong></span> <span class='ocrx_word' id='word_1_66' title='bbox 1634 1085 1765 1135; x_wconf 89' lang='lat' dir='ltr'><strong>pau-</strong></span> 
     </span>
    </p>
   </div>
   <div class='ocr_carea' id='block_1_11' title="bbox 182 1160 1770 1231">
    <p class='ocr_par' dir='ltr' id='par_1_11' title="bbox 182 1160 1770 1231">
     <span class='ocr_line' id='line_1_11' title="bbox 182 1160 1770 1231; baseline 0.001 -19"><span class='ocrx_word' id='word_1_67' title='bbox 182 1160 322 1213; x_wconf 89' lang='lat' dir='ltr'><strong>latim</strong></span> <span class='ocrx_word' id='word_1_68' title='bbox 358 1162 748 1231; x_wconf 88' lang='lat' dir='ltr'><strong>minutatimque</strong></span> <span class='ocrx_word' id='word_1_69' title='bbox 788 1163 1053 1214; x_wconf 87' lang='lat' dir='ltr'><strong>succrescit</strong></span> <span class='ocrx_word' id='word_1_70' title='bbox 1084 1160 1177 1213; x_wconf 83' lang='lat' dir='ltr'><strong>hoc</strong></span> <span class='ocrx_word' id='word_1_71' title='bbox 1206 1162 1419 1223; x_wconf 89' lang='lat' dir='ltr'><strong>malum,</strong></span> <span class='ocrx_word' id='word_1_72' title='bbox 1452 1168 1500 1213; x_wconf 87' lang='lat' dir='ltr'><strong>et</strong></span> <span class='ocrx_word' id='word_1_73' title='bbox 1539 1160 1770 1214; x_wconf 86' lang='lat' dir='ltr'><strong>brevibus</strong></span> 
     </span>
    </p>
   </div>
   <div class='ocr_carea' id='block_1_12' title="bbox 184 1234 1771 1305">
    <p class='ocr_par' dir='ltr' id='par_1_12' title="bbox 184 1252 1771 1305">
     <span class='ocr_line' id='line_1_12' title="bbox 184 1252 1771 1305; baseline 0 0"><span class='ocrx_word' id='word_1_74' title='bbox 184 1253 461 1305; x_wconf 78' lang='lat' dir='ltr'><strong>accessibus</strong></span> <span class='ocrx_word' id='word_1_75' title='bbox 489 1252 557 1305; x_wconf 88' lang='lat' dir='ltr'><strong>ad</strong></span> <span class='ocrx_word' id='word_1_76' title='bbox 586 1261 785 1305; x_wconf 89' lang='lat' dir='ltr'><strong>tantum</strong></span> <span class='ocrx_word' id='word_1_77' title='bbox 812 1267 1047 1305; x_wconf 80' lang='lat' dir='ltr'><strong>acervum</strong></span> <span class='ocrx_word' id='word_1_78' title='bbox 1093 1253 1471 1305; x_wconf 84' lang='lat' dir='ltr'><strong>mendaciorum</strong></span> <span class='ocrx_word' id='word_1_79' title='bbox 1496 1254 1771 1305; x_wconf 88' lang='lat' dir='ltr'><strong>scelerato-</strong></span> 
     </span>
    </p>
   </div>
   <div class='ocr_carea' id='block_1_13' title="bbox 187 1345 1771 1413">
    <p class='ocr_par' dir='ltr' id='par_1_13' title="bbox 187 1345 1771 1413">
     <span class='ocr_line' id='line_1_13' title="bbox 187 1345 1771 1413; baseline -0.001 -15"><span class='ocrx_word' id='word_1_80' title='bbox 187 1362 288 1398; x_wconf 85' lang='lat' dir='ltr'><strong>rum</strong></span> <span class='ocrx_word' id='word_1_81' title='bbox 317 1345 507 1398; x_wconf 83' lang='lat' dir='ltr'><strong>sensim</strong></span> <span class='ocrx_word' id='word_1_82' title='bbox 534 1345 867 1398; x_wconf 86' lang='lat' dir='ltr'><strong>subintrando</strong></span> <span class='ocrx_word' id='word_1_83' title='bbox 897 1345 1213 1411; x_wconf 87' lang='lat' dir='ltr'><strong>perducitur,</strong></span> <span class='ocrx_word' id='word_1_84' title='bbox 1242 1354 1297 1396; x_wconf 91' lang='lat' dir='ltr'><strong>ut</strong></span> <span class='ocrx_word' id='word_1_85' title='bbox 1322 1361 1582 1413; x_wconf 89' lang='lat' dir='ltr'><strong>nunquam</strong></span> <span class='ocrx_word' id='word_1_86' title='bbox 1612 1345 1771 1409; x_wconf 80' lang='lat' dir='ltr'><strong>possit</strong></span> 
     </span>
    </p>
   </div>
   <div class='ocr_carea' id='block_1_14' title="bbox 198 1435 1772 1506">
    <p class='ocr_par' dir='ltr' id='par_1_14' title="bbox 198 1435 1772 1506">
     <span class='ocr_line' id='line_1_14' title="bbox 198 1435 1772 1506; baseline -0.001 -16"><span class='ocrx_word' id='word_1_87' title='bbox 198 1438 383 1506; x_wconf 75' lang='lat' dir='ltr'><strong>penitus</strong></span> <span class='ocrx_word' id='word_1_88' title='bbox 418 1438 661 1501; x_wconf 88' lang='lat' dir='ltr'><strong>inveniri,</strong></span> <span class='ocrx_word' id='word_1_89' title='bbox 706 1435 791 1489; x_wconf 86' lang='lat' dir='ltr'><strong>ubi</strong></span> <span class='ocrx_word' id='word_1_90' title='bbox 824 1446 978 1490; x_wconf 76' lang='lat' dir='ltr'><strong>tanta:</strong></span> <span class='ocrx_word' id='word_1_91' title='bbox 1012 1437 1143 1505; x_wconf 86' lang='lat' dir='ltr'><strong>pesti</strong></span> <span class='ocrx_word' id='word_1_92' title='bbox 1195 1453 1284 1503; x_wconf 87' lang='lat' dir='ltr'><strong>per</strong></span> <span class='ocrx_word' id='word_1_93' title='bbox 1318 1438 1526 1489; x_wconf 88' lang='lat' dir='ltr'><strong>minima</strong></span> <span class='ocrx_word' id='word_1_94' title='bbox 1561 1436 1772 1489; x_wconf 87' lang='lat' dir='ltr'><strong>addita-</strong></span> 
     </span>
    </p>
   </div>
   <div class='ocr_carea' id='block_1_15' title="bbox 207 1525 1773 1599">
    <p class='ocr_par' dir='ltr' id='par_1_15' title="bbox 207 1525 1773 1599">
     <span class='ocr_line' id='line_1_15' title="bbox 207 1525 1773 1599; baseline -0.001 -16"><span class='ocrx_word' id='word_1_95' title='bbox 207 1540 349 1583; x_wconf 81' lang='lat' dir='ltr'><strong>menta</strong></span> <span class='ocrx_word' id='word_1_96' title='bbox 383 1530 437 1582; x_wconf 87' lang='lat' dir='ltr'><strong>in</strong></span> <span class='ocrx_word' id='word_1_97' title='bbox 468 1530 774 1582; x_wconf 88' lang='lat' dir='ltr'><strong>immensum</strong></span> <span class='ocrx_word' id='word_1_98' title='bbox 814 1528 1184 1582; x_wconf 79' lang='lat' dir='ltr'><strong>convalescenti</strong></span> <span class='ocrx_word' id='word_1_99' title='bbox 1207 1529 1363 1599; x_wconf 85' lang='lat' dir='ltr'><strong>possit</strong></span> <span class='ocrx_word' id='word_1_100' title='bbox 1393 1525 1632 1597; x_wconf 84' lang='lat' dir='ltr'><strong>obsisti.]</strong></span> <span class='ocrx_word' id='word_1_101' title='bbox 1664 1526 1773 1582; x_wconf 89' lang='lat' dir='ltr'><strong>Sed</strong></span> 
     </span>
    </p>
   </div>
   <div class='ocr_carea' id='block_1_16' title="bbox 208 1619 1774 1689">
    <p class='ocr_par' dir='ltr' id='par_1_16' title="bbox 208 1619 1774 1689">
     <span class='ocr_line' id='line_1_16' title="bbox 208 1619 1774 1689; baseline -0.003 -14"><span class='ocrx_word' id='word_1_102' title='bbox 208 1622 309 1675; x_wconf 89' lang='lat' dir='ltr'><strong>huic</strong></span> <span class='ocrx_word' id='word_1_103' title='bbox 328 1621 730 1676; x_wconf 82' lang='lat' dir='ltr'><strong>mendaciorum</strong></span> <span class='ocrx_word' id='word_1_104' title='bbox 762 1620 1009 1674; x_wconf 85' lang='lat' dir='ltr'><strong>decursui</strong></span> <span class='ocrx_word' id='word_1_105' title='bbox 1052 1620 1245 1674; x_wconf 92' lang='lat' dir='ltr'><strong>modus</strong></span> <span class='ocrx_word' id='word_1_106' title='bbox 1296 1620 1451 1674; x_wconf 84' lang='lat' dir='ltr'><strong>facile</strong></span> <span class='ocrx_word' id='word_1_107' title='bbox 1480 1619 1774 1689; x_wconf 88' lang='lat' dir='ltr'><strong>imponitur</strong></span> 
     </span>
    </p>
   </div>
   <div class='ocr_carea' id='block_1_17' title="bbox 210 1712 1771 1783">
    <p class='ocr_par' dir='ltr' id='par_1_17' title="bbox 210 1712 1771 1783">
     <span class='ocr_line' id='line_1_17' title="bbox 210 1712 1771 1783; baseline -0.004 -15"><span class='ocrx_word' id='word_1_108' title='bbox 210 1715 263 1769; x_wconf 89' lang='lat' dir='ltr'><strong>iis</strong></span> <span class='ocrx_word' id='word_1_109' title='bbox 287 1730 400 1783; x_wconf 67' lang='lat' dir='ltr'><strong>quae</strong></span> <span class='ocrx_word' id='word_1_110' title='bbox 424 1714 491 1768; x_wconf 92' lang='lat' dir='ltr'><strong>ad</strong></span> <span class='ocrx_word' id='word_1_111' title='bbox 520 1713 1071 1783; x_wconf 88' lang='lat' dir='ltr'><strong>superioremlibrum</strong></span> <span class='ocrx_word' id='word_1_112' title='bbox 1103 1712 1428 1773; x_wconf 83' lang='lat' dir='ltr'><strong>notavimus;</strong></span> <span class='ocrx_word' id='word_1_113' title='bbox 1460 1712 1525 1777; x_wconf 88' lang='lat' dir='ltr'><strong>si,</strong></span> <span class='ocrx_word' id='word_1_114' title='bbox 1557 1725 1771 1777; x_wconf 87' lang='lat' dir='ltr'><strong>nempe,</strong></span> 
     </span>
    </p>
   </div>
   <div class='ocr_carea' id='block_1_18' title="bbox 212 1801 1776 1878">
    <p class='ocr_par' dir='ltr' id='par_1_18' title="bbox 212 1801 1776 1878">
     <span class='ocr_line' id='line_1_18' title="bbox 212 1801 1776 1878; baseline -0.004 -16"><span class='ocrx_word' id='word_1_115' title='bbox 212 1823 455 1878; x_wconf 87' lang='lat' dir='ltr'><strong>nunquam</strong></span> <span class='ocrx_word' id='word_1_116' title='bbox 477 1807 820 1872; x_wconf 83' lang='lat' dir='ltr'><strong>mentiamur,</strong></span> <span class='ocrx_word' id='word_1_117' title='bbox 848 1806 948 1860; x_wconf 90' lang='lat' dir='ltr'><strong>nisi</strong></span> <span class='ocrx_word' id='word_1_118' title='bbox 978 1805 1066 1859; x_wconf 90' lang='lat' dir='ltr'><strong>ubi</strong></span> <span class='ocrx_word' id='word_1_119' title='bbox 1093 1804 1428 1859; x_wconf 87' lang='lat' dir='ltr'><strong>mendacium</strong></span> <span class='ocrx_word' id='word_1_120' title='bbox 1453 1802 1525 1857; x_wconf 91' lang='lat' dir='ltr'><strong>ita</strong></span> <span class='ocrx_word' id='word_1_121' title='bbox 1552 1801 1776 1871; x_wconf 79' lang='lat' dir='ltr'><strong>prodest</strong></span> 
     </span>
    </p>
   </div>
   <div class='ocr_carea' id='block_1_19' title="bbox 1870 606 3455 680">
    <p class='ocr_par' dir='ltr' id='par_1_19' title="bbox 1870 606 3455 680">
     <span class='ocr_line' id='line_1_19' title="bbox 1870 606 3455 680; baseline 0.004 -21"><span class='ocrx_word' id='word_1_122' title='bbox 1870 608 2054 660; x_wconf 81' lang='lat' dir='ltr'><strong>traria.</strong></span> <span class='ocrx_word' id='word_1_123' title='bbox 2081 606 2318 659; x_wconf 81' lang='lat' dir='ltr'><strong>Candide.</strong></span> <span class='ocrx_word' id='word_1_124' title='bbox 2349 620 2499 667; x_wconf 87' lang='lat' dir='ltr'><strong>sane,</strong></span> <span class='ocrx_word' id='word_1_125' title='bbox 2553 620 2651 661; x_wconf 87' lang='lat' dir='ltr'><strong>nec</strong></span> <span class='ocrx_word' id='word_1_126' title='bbox 2704 614 2924 671; x_wconf 85' lang='lat' dir='ltr'><strong>possunt</strong></span> <span class='ocrx_word' id='word_1_127' title='bbox 2962 622 3066 661; x_wconf 90' lang='lat' dir='ltr'><strong>non</strong></span> <span class='ocrx_word' id='word_1_128' title='bbox 3107 608 3331 674; x_wconf 88' lang='lat' dir='ltr'><strong>laudari,</strong></span> <span class='ocrx_word' id='word_1_129' title='bbox 3360 608 3455 680; x_wconf 84' lang='lat' dir='ltr'><strong>qui</strong></span> 
     </span>
    </p>
   </div>
   <div class='ocr_carea' id='block_1_20' title="bbox 1870 696 3458 765">
    <p class='ocr_par' dir='ltr' id='par_1_20' title="bbox 1870 696 3458 765">
     <span class='ocr_line' id='line_1_20' title="bbox 1870 696 3458 765; baseline 0.005 -15"><span class='ocrx_word' id='word_1_130' title='bbox 1870 696 2161 765; x_wconf 48' lang='lat' dir='ltr'><strong>Augustini.</strong></span> <span class='ocrx_word' id='word_1_131' title='bbox 2178 704 2567 765; x_wconf 71' lang='lat' dir='ltr'><strong>prmceptorum</strong></span> <span class='ocrx_word' id='word_1_132' title='bbox 2593 711 2862 750; x_wconf 86' lang='lat' dir='ltr'><strong>memores</strong></span> <span class='ocrx_word' id='word_1_133' title='bbox 2887 696 3183 753; x_wconf 86' lang='lat' dir='ltr'><strong>honestiori</strong></span> <span class='ocrx_word' id='word_1_134' title='bbox 3206 700 3375 754; x_wconf 88' lang='lat' dir='ltr'><strong>multo</strong></span> <span class='ocrx_word' id='word_1_135' title='bbox 3402 712 3458 757; x_wconf 86' lang='lat' dir='ltr'><strong>et</strong></span> 
     </span>
    </p>
   </div>
   <div class='ocr_carea' id='block_1_21' title="bbox 1869 787 3453 862">
    <p class='ocr_par' dir='ltr' id='par_1_21' title="bbox 1869 787 3453 862">
     <span class='ocr_line' id='line_1_21' title="bbox 1869 787 3453 862; baseline 0.003 -20"><span class='ocrx_word' id='word_1_136' title='bbox 1869 788 2037 842; x_wconf 86' lang='lat' dir='ltr'><strong>animi</strong></span> <span class='ocrx_word' id='word_1_137' title='bbox 2068 795 2124 842; x_wconf 91' lang='lat' dir='ltr'><strong>et</strong></span> <span class='ocrx_word' id='word_1_138' title='bbox 2152 789 2395 854; x_wconf 88' lang='lat' dir='ltr'><strong>corporis</strong></span> <span class='ocrx_word' id='word_1_139' title='bbox 2429 787 2598 842; x_wconf 84' lang='lat' dir='ltr'><strong>labori</strong></span> <span class='ocrx_word' id='word_1_140' title='bbox 2629 804 2848 858; x_wconf 89' lang='lat' dir='ltr'><strong>operam</strong></span> <span class='ocrx_word' id='word_1_141' title='bbox 2881 790 3180 851; x_wconf 85' lang='lat' dir='ltr'><strong>dederunt:</strong></span> <span class='ocrx_word' id='word_1_142' title='bbox 3211 793 3453 862; x_wconf 77' lang='lat' dir='ltr'><strong>intelligo</strong></span> 
     </span>
    </p>
   </div>
   <div class='ocr_carea' id='block_1_22' title="bbox 1870 880 3459 951">
    <p class='ocr_par' dir='ltr' id='par_1_22' title="bbox 1870 880 3459 951">
     <span class='ocr_line' id='line_1_22' title="bbox 1870 880 3459 951; baseline 0.003 -14"><span class='ocrx_word' id='word_1_143' title='bbox 1870 881 2135 937; x_wconf 88' lang='lat' dir='ltr'><strong>editiones</strong></span> <span class='ocrx_word' id='word_1_144' title='bbox 2159 880 2400 945; x_wconf 83' lang='lat' dir='ltr'><strong>Patrum,</strong></span> <span class='ocrx_word' id='word_1_145' title='bbox 2433 894 2567 949; x_wconf 86' lang='lat' dir='ltr'><strong>quas</strong></span> <span class='ocrx_word' id='word_1_146' title='bbox 2598 895 2790 951; x_wconf 82' lang='lat' dir='ltr'><strong>magno</strong></span> <span class='ocrx_word' id='word_1_147' title='bbox 2816 882 2995 939; x_wconf 90' lang='lat' dir='ltr'><strong>studio</strong></span> <span class='ocrx_word' id='word_1_148' title='bbox 3018 896 3290 940; x_wconf 89' lang='lat' dir='ltr'><strong>curarunt.</strong></span> <span class='ocrx_word' id='word_1_149' title='bbox 3320 886 3459 943; x_wconf 87' lang='lat' dir='ltr'><strong>Nam</strong></span> 
     </span>
    </p>
   </div>
   <div class='ocr_carea' id='block_1_23' title="bbox 1872 971 3458 1048">
    <p class='ocr_par' dir='ltr' id='par_1_23' title="bbox 1872 971 3458 1048">
     <span class='ocr_line' id='line_1_23' title="bbox 1872 971 3458 1048; baseline 0.003 -21"><span class='ocrx_word' id='word_1_150' title='bbox 1872 973 2084 1028; x_wconf 89' lang='lat' dir='ltr'><strong>tametsi</strong></span> <span class='ocrx_word' id='word_1_151' title='bbox 2117 988 2181 1027; x_wconf 90' lang='lat' dir='ltr'><strong>eo</strong></span> <span class='ocrx_word' id='word_1_152' title='bbox 2212 972 2394 1026; x_wconf 90' lang='lat' dir='ltr'><strong>labore</strong></span> <span class='ocrx_word' id='word_1_153' title='bbox 2417 971 2615 1026; x_wconf 89' lang='lat' dir='ltr'><strong>victum</strong></span> <span class='ocrx_word' id='word_1_154' title='bbox 2638 974 2739 1027; x_wconf 86' lang='lat' dir='ltr'><strong>sibi</strong></span> <span class='ocrx_word' id='word_1_155' title='bbox 2762 989 2873 1028; x_wconf 91' lang='lat' dir='ltr'><strong>non</strong></span> <span class='ocrx_word' id='word_1_156' title='bbox 2896 987 3294 1044; x_wconf 87' lang='lat' dir='ltr'><strong>compararunt,</strong></span> <span class='ocrx_word' id='word_1_157' title='bbox 3315 979 3458 1048; x_wconf 87' lang='lat' dir='ltr'><strong>quod</strong></span> 
     </span>
    </p>
   </div>
   <div class='ocr_carea' id='block_1_24' title="bbox 1871 1062 3457 1139">
    <p class='ocr_par' dir='ltr' id='par_1_24' title="bbox 1871 1062 3457 1139">
     <span class='ocr_line' id='line_1_24' title="bbox 1871 1062 3457 1139; baseline 0.003 -19"><span class='ocrx_word' id='word_1_158' title='bbox 1871 1081 1939 1120; x_wconf 78' lang='lat' dir='ltr'><strong>ex</strong></span> <span class='ocrx_word' id='word_1_159' title='bbox 1968 1064 2185 1133; x_wconf 76' lang='lat' dir='ltr'><strong>praediis</strong></span> <span class='ocrx_word' id='word_1_160' title='bbox 2201 1074 2254 1119; x_wconf 90' lang='lat' dir='ltr'><strong>et</strong></span> <span class='ocrx_word' id='word_1_161' title='bbox 2278 1062 2570 1119; x_wconf 84' lang='lat' dir='ltr'><strong>latifundiis</strong></span> <span class='ocrx_word' id='word_1_162' title='bbox 2592 1075 2673 1119; x_wconf 90' lang='lat' dir='ltr'><strong>sat</strong></span> <span class='ocrx_word' id='word_1_163' title='bbox 2689 1067 2898 1134; x_wconf 86' lang='lat' dir='ltr'><strong>amplos</strong></span> <span class='ocrx_word' id='word_1_164' title='bbox 2927 1067 3131 1123; x_wconf 90' lang='lat' dir='ltr'><strong>fructus</strong></span> <span class='ocrx_word' id='word_1_165' title='bbox 3154 1071 3457 1139; x_wconf 83' lang='lat' dir='ltr'><strong>percipiant</strong></span> 
     </span>
    </p>
   </div>
   <div class='ocr_carea' id='block_1_25' title="bbox 1872 1158 3460 1231">
    <p class='ocr_par' dir='ltr' id='par_1_25' title="bbox 1872 1158 3460 1231">
     <span class='ocr_line' id='line_1_25' title="bbox 1872 1158 3460 1231; baseline 0.004 -20"><span class='ocrx_word' id='word_1_166' title='bbox 1872 1158 2068 1226; x_wconf 83' lang='lat' dir='ltr'><strong>quibus</strong></span> <span class='ocrx_word' id='word_1_167' title='bbox 2097 1172 2217 1212; x_wconf 90' lang='lat' dir='ltr'><strong>sese</strong></span> <span class='ocrx_word' id='word_1_168' title='bbox 2257 1166 2582 1223; x_wconf 88' lang='lat' dir='ltr'><strong>sustentent,</strong></span> <span class='ocrx_word' id='word_1_169' title='bbox 2627 1167 2861 1212; x_wconf 88' lang='lat' dir='ltr'><strong>attamen</strong></span> <span class='ocrx_word' id='word_1_170' title='bbox 2891 1160 3142 1215; x_wconf 87' lang='lat' dir='ltr'><strong>omnibus</strong></span> <span class='ocrx_word' id='word_1_171' title='bbox 3181 1161 3327 1231; x_wconf 90' lang='lat' dir='ltr'><strong>digni</strong></span> <span class='ocrx_word' id='word_1_172' title='bbox 3352 1163 3460 1217; x_wconf 84' lang='lat' dir='ltr'><strong>visi</strong></span> 
     </span>
    </p>
   </div>
   <div class='ocr_carea' id='block_1_26' title="bbox 1874 1248 3461 1320">
    <p class='ocr_par' dir='ltr' id='par_1_26' title="bbox 1874 1248 3461 1320">
     <span class='ocr_line' id='line_1_26' title="bbox 1874 1248 3461 1320; baseline 0.003 -16"><span class='ocrx_word' id='word_1_173' title='bbox 1874 1260 2000 1304; x_wconf 86' lang='lat' dir='ltr'><strong>sunt</strong></span> <span class='ocrx_word' id='word_1_174' title='bbox 2035 1250 2121 1320; x_wconf 93' lang='lat' dir='ltr'><strong>qui</strong></span> <span class='ocrx_word' id='word_1_175' title='bbox 2144 1249 2207 1303; x_wconf 89' lang='lat' dir='ltr'><strong>iis</strong></span> <span class='ocrx_word' id='word_1_176' title='bbox 2251 1248 2579 1313; x_wconf 87' lang='lat' dir='ltr'><strong>fruerentur,</strong></span> <span class='ocrx_word' id='word_1_177' title='bbox 2628 1250 2935 1319; x_wconf 86' lang='lat' dir='ltr'><strong>quicunque</strong></span> <span class='ocrx_word' id='word_1_178' title='bbox 2965 1250 3277 1306; x_wconf 88' lang='lat' dir='ltr'><strong>litterariam</strong></span> <span class='ocrx_word' id='word_1_179' title='bbox 3318 1261 3461 1309; x_wconf 81' lang='lat' dir='ltr'><strong>reln-</strong></span> 
     </span>
    </p>
   </div>
   <div class='ocr_carea' id='block_1_27' title="bbox 1874 1340 3462 1414">
    <p class='ocr_par' dir='ltr' id='par_1_27' title="bbox 1874 1340 3462 1414">
     <span class='ocr_line' id='line_1_27' title="bbox 1874 1340 3462 1414; baseline 0.003 -19"><span class='ocrx_word' id='word_1_180' title='bbox 1874 1340 2146 1410; x_wconf 90' lang='lat' dir='ltr'><strong>publicam</strong></span> <span class='ocrx_word' id='word_1_181' title='bbox 2194 1341 2263 1394; x_wconf 87' lang='lat' dir='ltr'><strong>ita</strong></span> <span class='ocrx_word' id='word_1_182' title='bbox 2310 1342 2597 1409; x_wconf 87' lang='lat' dir='ltr'><strong>juvarunt;</strong></span> <span class='ocrx_word' id='word_1_183' title='bbox 2639 1342 3015 1411; x_wconf 72' lang='lat' dir='ltr'><strong>etpraesertim</strong></span> <span class='ocrx_word' id='word_1_184' title='bbox 3051 1343 3266 1412; x_wconf 88' lang='lat' dir='ltr'><strong>quidem</strong></span> <span class='ocrx_word' id='word_1_185' title='bbox 3304 1344 3341 1398; x_wconf 92' lang='lat' dir='ltr'><strong>ii</strong></span> <span class='ocrx_word' id='word_1_186' title='bbox 3368 1345 3462 1414; x_wconf 89' lang='lat' dir='ltr'><strong>qui</strong></span> 
     </span>
    </p>
   </div>
   <div class='ocr_carea' id='block_1_28' title="bbox 1878 1432 3467 1504">
    <p class='ocr_par' dir='ltr' id='par_1_28' title="bbox 1878 1432 3467 1504">
     <span class='ocr_line' id='line_1_28' title="bbox 1878 1432 3467 1504; baseline 0.003 -17"><span class='ocrx_word' id='word_1_187' title='bbox 1878 1433 2189 1488; x_wconf 64' lang='lat' dir='ltr'><strong>monasticae</strong></span> <span class='ocrx_word' id='word_1_188' title='bbox 2215 1432 2489 1497; x_wconf 60' lang='lat' dir='ltr'><strong>modestia;</strong></span> <span class='ocrx_word' id='word_1_189' title='bbox 2519 1448 2783 1489; x_wconf 85' lang='lat' dir='ltr'><strong>memores</strong></span> <span class='ocrx_word' id='word_1_190' title='bbox 2813 1434 3039 1504; x_wconf 90' lang='lat' dir='ltr'><strong>probum</strong></span> <span class='ocrx_word' id='word_1_191' title='bbox 3062 1436 3329 1489; x_wconf 90' lang='lat' dir='ltr'><strong>neminem</strong></span> <span class='ocrx_word' id='word_1_192' title='bbox 3350 1451 3467 1492; x_wconf 59' lang='lat' dir='ltr'><strong>inoo</strong></span> 
     </span>
    </p>
   </div>
   <div class='ocr_carea' id='block_1_29' title="bbox 1876 1525 3467 1593">
    <p class='ocr_par' dir='ltr' id='par_1_29' title="bbox 1876 1525 3467 1593">
     <span class='ocr_line' id='line_1_29' title="bbox 1876 1525 3467 1593; baseline 0.001 -11"><span class='ocrx_word' id='word_1_193' title='bbox 1876 1527 2217 1593; x_wconf 89' lang='lat' dir='ltr'><strong>mordernnt,</strong></span> <span class='ocrx_word' id='word_1_194' title='bbox 2248 1526 2373 1581; x_wconf 92' lang='lat' dir='ltr'><strong>dum</strong></span> <span class='ocrx_word' id='word_1_195' title='bbox 2405 1527 2473 1581; x_wconf 92' lang='lat' dir='ltr'><strong>de</strong></span> <span class='ocrx_word' id='word_1_196' title='bbox 2499 1526 2747 1581; x_wconf 89' lang='lat' dir='ltr'><strong>omnibus</strong></span> <span class='ocrx_word' id='word_1_197' title='bbox 2773 1526 2913 1584; x_wconf 90' lang='lat' dir='ltr'><strong>bene</strong></span> <span class='ocrx_word' id='word_1_198' title='bbox 2942 1528 3140 1582; x_wconf 89' lang='lat' dir='ltr'><strong>mereri</strong></span> <span class='ocrx_word' id='word_1_199' title='bbox 3165 1525 3337 1583; x_wconf 85' lang='lat' dir='ltr'><strong>videri</strong></span> <span class='ocrx_word' id='word_1_200' title='bbox 3365 1543 3467 1583; x_wconf 89' lang='lat' dir='ltr'><strong>vo-</strong></span> 
     </span>
    </p>
   </div>
   <div class='ocr_carea' id='block_1_30' title="bbox 1878 1617 3467 1691">
    <p class='ocr_par' dir='ltr' id='par_1_30' title="bbox 1878 1617 3467 1691">
     <span class='ocr_line' id='line_1_30' title="bbox 1878 1617 3467 1691; baseline 0.003 -18"><span class='ocrx_word' id='word_1_201' title='bbox 1878 1620 2015 1673; x_wconf 90' lang='lat' dir='ltr'><strong>lunt.</strong></span> <span class='ocrx_word' id='word_1_202' title='bbox 2057 1618 2163 1674; x_wconf 92' lang='lat' dir='ltr'><strong>Sed</strong></span> <span class='ocrx_word' id='word_1_203' title='bbox 2195 1619 2321 1688; x_wconf 87' lang='lat' dir='ltr'><strong>quid</strong></span> <span class='ocrx_word' id='word_1_204' title='bbox 2352 1618 2444 1686; x_wconf 81' lang='lat' dir='ltr'><strong>fiat</strong></span> <span class='ocrx_word' id='word_1_205' title='bbox 2475 1626 2553 1672; x_wconf 93' lang='lat' dir='ltr'><strong>tot</strong></span> <span class='ocrx_word' id='word_1_206' title='bbox 2579 1617 2716 1673; x_wconf 89' lang='lat' dir='ltr'><strong>fucis</strong></span> <span class='ocrx_word' id='word_1_207' title='bbox 2758 1628 2815 1675; x_wconf 91' lang='lat' dir='ltr'><strong>et</strong></span> <span class='ocrx_word' id='word_1_208' title='bbox 2857 1618 3142 1685; x_wconf 88' lang='lat' dir='ltr'><strong>mendicis,</strong></span> <span class='ocrx_word' id='word_1_209' title='bbox 3171 1620 3238 1673; x_wconf 91' lang='lat' dir='ltr'><strong>de</strong></span> <span class='ocrx_word' id='word_1_210' title='bbox 3269 1620 3467 1691; x_wconf 89' lang='lat' dir='ltr'><strong>quibus</strong></span> 
     </span>
    </p>
   </div>
   <div class='ocr_carea' id='block_1_31' title="bbox 1830 1698 3469 1777">
    <p class='ocr_par' dir='ltr' id='par_1_31' title="bbox 1830 1698 3469 1777">
     <span class='ocr_line' id='line_1_31' title="bbox 1830 1698 3469 1777; baseline 0.001 -10"><span class='ocrx_word' id='word_1_211' title='bbox 1830 1698 1833 1701; x_wconf 8' lang='lat' dir='ltr'><strong>l</strong></span> <span class='ocrx_word' id='word_1_212' title='bbox 1879 1712 2135 1767; x_wconf 86' lang='lat' dir='ltr'><strong>Erasmus</strong></span> <span class='ocrx_word' id='word_1_213' title='bbox 2168 1713 2218 1765; x_wconf 93' lang='lat' dir='ltr'><strong>in</strong></span> <span class='ocrx_word' id='word_1_214' title='bbox 2267 1713 2605 1767; x_wconf 88' lang='lat' dir='ltr'><strong>dedicatione</strong></span> <span class='ocrx_word' id='word_1_215' title='bbox 2642 1713 2709 1767; x_wconf 88' lang='lat' dir='ltr'><strong>ad</strong></span> <span class='ocrx_word' id='word_1_216' title='bbox 2740 1714 3083 1777; x_wconf 71' lang='lat' dir='ltr'><strong>feardinalem</strong></span> <span class='ocrx_word' id='word_1_217' title='bbox 3135 1714 3469 1771; x_wconf 76' lang='lat' dir='ltr'><strong>FonseCam?</strong></span> 
     </span>
    </p>
   </div>
   <div class='ocr_carea' id='block_1_32' title="bbox 1880 1801 3469 1878">
    <p class='ocr_par' dir='ltr' id='par_1_32' title="bbox 1880 1801 3469 1878">
     <span class='ocr_line' id='line_1_32' title="bbox 1880 1801 3469 1878; baseline 0.004 -19"><span class='ocrx_word' id='word_1_218' title='bbox 1880 1801 1921 1859; x_wconf 86' lang='lat' dir='ltr'><strong>1i</strong></span> <span class='ocrx_word' id='word_1_219' title='bbox 1952 1819 2085 1859; x_wconf 87' lang='lat' dir='ltr'><strong>sane</strong></span> <span class='ocrx_word' id='word_1_220' title='bbox 2125 1806 2303 1873; x_wconf 89' lang='lat' dir='ltr'><strong>legant</strong></span> <span class='ocrx_word' id='word_1_221' title='bbox 2332 1804 2383 1859; x_wconf 78' lang='lat' dir='ltr'><strong>et</strong></span> <span class='ocrx_word' id='word_1_222' title='bbox 2418 1804 2662 1875; x_wconf 78' lang='lat' dir='ltr'><strong>relegant</strong></span> <span class='ocrx_word' id='word_1_223' title='bbox 2690 1806 2791 1861; x_wconf 89' lang='lat' dir='ltr'><strong>ltoc</strong></span> <span class='ocrx_word' id='word_1_224' title='bbox 2818 1822 2951 1876; x_wconf 90' lang='lat' dir='ltr'><strong>opus</strong></span> <span class='ocrx_word' id='word_1_225' title='bbox 2980 1808 3284 1878; x_wconf 85' lang='lat' dir='ltr'><strong>Augustini,</strong></span> <span class='ocrx_word' id='word_1_226' title='bbox 3316 1817 3374 1863; x_wconf 90' lang='lat' dir='ltr'><strong>ut</strong></span> <span class='ocrx_word' id='word_1_227' title='bbox 3418 1810 3469 1865; x_wconf 88' lang='lat' dir='ltr'><strong>si</strong></span> 
     </span>
    </p>
   </div>
   <div class='ocr_carea' id='block_1_33' title="bbox 219 1894 3470 1970">
    <p class='ocr_par' dir='ltr' id='par_1_33' title="bbox 219 1894 3470 1970">
     <span class='ocr_line' id='line_1_33' title="bbox 219 1894 3470 1970; baseline 0 -15"><span class='ocrx_word' id='word_1_228' title='bbox 219 1902 368 1970; x_wconf 82' lang='lat' dir='ltr'><strong>alicui,</strong></span> <span class='ocrx_word' id='word_1_229' title='bbox 397 1909 453 1955; x_wconf 89' lang='lat' dir='ltr'><strong>ut</strong></span> <span class='ocrx_word' id='word_1_230' title='bbox 480 1915 752 1967; x_wconf 89' lang='lat' dir='ltr'><strong>nunquam</strong></span> <span class='ocrx_word' id='word_1_231' title='bbox 802 1913 998 1953; x_wconf 89' lang='lat' dir='ltr'><strong>nocere</strong></span> <span class='ocrx_word' id='word_1_232' title='bbox 1040 1899 1147 1952; x_wconf 90' lang='lat' dir='ltr'><strong>ulla</strong></span> <span class='ocrx_word' id='word_1_233' title='bbox 1178 1897 1230 1950; x_wconf 92' lang='lat' dir='ltr'><strong>in</strong></span> <span class='ocrx_word' id='word_1_234' title='bbox 1265 1912 1321 1951; x_wconf 91' lang='lat' dir='ltr'><strong>re</strong></span> <span class='ocrx_word' id='word_1_235' title='bbox 1355 1898 1542 1964; x_wconf 87' lang='lat' dir='ltr'><strong>possit,</strong></span> <span class='ocrx_word' id='word_1_236' title='bbox 1570 1904 1624 1949; x_wconf 92' lang='lat' dir='ltr'><strong>et</strong></span> <span class='ocrx_word' id='word_1_237' title='bbox 1651 1895 1770 1965; x_wconf 86' lang='lat' dir='ltr'><strong>qui-</strong></span> <span class='ocrx_word' id='word_1_238' title='bbox 1802 1897 1852 1958; x_wconf 82' lang='grc' dir='ltr'><strong>Β</strong></span> <span class='ocrx_word' id='word_1_239' title='bbox 1877 1894 2087 1951; x_wconf 90' lang='lat' dir='ltr'><strong>erudito</strong></span> <span class='ocrx_word' id='word_1_240' title='bbox 2140 1895 2322 1949; x_wconf 90' lang='lat' dir='ltr'><strong>labore</strong></span> <span class='ocrx_word' id='word_1_241' title='bbox 2377 1895 2478 1949; x_wconf 90' lang='lat' dir='ltr'><strong>sibi</strong></span> <span class='ocrx_word' id='word_1_242' title='bbox 2525 1897 2592 1951; x_wconf 93' lang='lat' dir='ltr'><strong>de</strong></span> <span class='ocrx_word' id='word_1_243' title='bbox 2636 1898 2954 1952; x_wconf 87' lang='lat' dir='ltr'><strong>necessariis</strong></span> <span class='ocrx_word' id='word_1_244' title='bbox 3012 1900 3326 1969; x_wconf 87' lang='lat' dir='ltr'><strong>prospicere</strong></span> <span class='ocrx_word' id='word_1_245' title='bbox 3374 1915 3470 1957; x_wconf 48' lang='lat' dir='ltr'><strong>ne.</strong></span> 
     </span>
    </p>
   </div>
   <div class='ocr_carea' id='block_1_34' title="bbox 221 1986 1775 2055">
    <p class='ocr_par' dir='ltr' id='par_1_34' title="bbox 221 1986 1775 2055">
     <span class='ocr_line' id='line_1_34' title="bbox 221 1986 1775 2055; baseline -0.006 -6"><span class='ocrx_word' id='word_1_246' title='bbox 221 1994 318 2049; x_wconf 89' lang='lat' dir='ltr'><strong>dem</strong></span> <span class='ocrx_word' id='word_1_247' title='bbox 347 1994 412 2046; x_wconf 91' lang='lat' dir='ltr'><strong>ita</strong></span> <span class='ocrx_word' id='word_1_248' title='bbox 440 1999 499 2045; x_wconf 93' lang='lat' dir='ltr'><strong>ut</strong></span> <span class='ocrx_word' id='word_1_249' title='bbox 522 1991 842 2046; x_wconf 88' lang='lat' dir='ltr'><strong>necessitate</strong></span> <span class='ocrx_word' id='word_1_250' title='bbox 865 2004 932 2043; x_wconf 90' lang='lat' dir='ltr'><strong>eo</strong></span> <span class='ocrx_word' id='word_1_251' title='bbox 955 1988 1301 2043; x_wconf 88' lang='lat' dir='ltr'><strong>addueamur.</strong></span> <span class='ocrx_word' id='word_1_252' title='bbox 1320 1988 1399 2041; x_wconf 83' lang='lat' dir='ltr'><strong>Ae</strong></span> <span class='ocrx_word' id='word_1_253' title='bbox 1424 2001 1554 2041; x_wconf 91' lang='lat' dir='ltr'><strong>sane</strong></span> <span class='ocrx_word' id='word_1_254' title='bbox 1571 1986 1663 2055; x_wconf 91' lang='lat' dir='ltr'><strong>pii,</strong></span> <span class='ocrx_word' id='word_1_255' title='bbox 1686 1986 1775 2055; x_wconf 90' lang='lat' dir='ltr'><strong>qui</strong></span> 
     </span>
    </p>
   </div>
   <div class='ocr_carea' id='block_1_35' title="bbox 223 2079 1774 2150">
    <p class='ocr_par' dir='ltr' id='par_1_35' title="bbox 223 2079 1774 2150">
     <span class='ocr_line' id='line_1_35' title="bbox 223 2079 1774 2150; baseline -0.007 -9"><span class='ocrx_word' id='word_1_256' title='bbox 223 2085 471 2141; x_wconf 87' lang='lat' dir='ltr'><strong>mendacio</strong></span> <span class='ocrx_word' id='word_1_257' title='bbox 499 2082 617 2137; x_wconf 86' lang='lat' dir='ltr'><strong>utili</strong></span> <span class='ocrx_word' id='word_1_258' title='bbox 648 2092 702 2136; x_wconf 91' lang='lat' dir='ltr'><strong>et</strong></span> <span class='ocrx_word' id='word_1_259' title='bbox 733 2080 1040 2137; x_wconf 89' lang='lat' dir='ltr'><strong>necessario</strong></span> <span class='ocrx_word' id='word_1_260' title='bbox 1062 2080 1351 2150; x_wconf 89' lang='lat' dir='ltr'><strong>aliquando</strong></span> <span class='ocrx_word' id='word_1_261' title='bbox 1385 2079 1464 2133; x_wconf 91' lang='lat' dir='ltr'><strong>usi</strong></span> <span class='ocrx_word' id='word_1_262' title='bbox 1496 2087 1641 2143; x_wconf 91' lang='lat' dir='ltr'><strong>sunt,</strong></span> <span class='ocrx_word' id='word_1_263' title='bbox 1672 2092 1774 2131; x_wconf 89' lang='lat' dir='ltr'><strong>no-</strong></span> 
     </span>
    </p>
   </div>
   <div class='ocr_carea' id='block_1_36' title="bbox 223 2170 1779 2243">
    <p class='ocr_par' dir='ltr' id='par_1_36' title="bbox 223 2170 1779 2243">
     <span class='ocr_line' id='line_1_36' title="bbox 223 2170 1779 2243; baseline -0.006 -11"><span class='ocrx_word' id='word_1_264' title='bbox 223 2178 417 2232; x_wconf 88' lang='lat' dir='ltr'><strong>luissent</strong></span> <span class='ocrx_word' id='word_1_265' title='bbox 457 2183 637 2229; x_wconf 89' lang='lat' dir='ltr'><strong>tamen</strong></span> <span class='ocrx_word' id='word_1_266' title='bbox 697 2173 959 2243; x_wconf 75' lang='lat' dir='ltr'><strong>peierare,</strong></span> <span class='ocrx_word' id='word_1_267' title='bbox 1015 2172 1404 2239; x_wconf 77' lang='lat' dir='ltr'><strong>lblasphemare</strong></span> <span class='ocrx_word' id='word_1_268' title='bbox 1450 2178 1545 2224; x_wconf 91' lang='lat' dir='ltr'><strong>aut</strong></span> <span class='ocrx_word' id='word_1_269' title='bbox 1622 2170 1779 2239; x_wconf 86' lang='lat' dir='ltr'><strong>quid-</strong></span> 
     </span>
    </p>
   </div>
   <div class='ocr_carea' id='block_1_37' title="bbox 227 2262 1773 2337">
    <p class='ocr_par' dir='ltr' id='par_1_37' title="bbox 227 2262 1773 2337">
     <span class='ocr_line' id='line_1_37' title="bbox 227 2262 1773 2337; baseline -0.003 -15"><span class='ocrx_word' id='word_1_270' title='bbox 227 2283 357 2337; x_wconf 86' lang='lat' dir='ltr'><strong>quam</strong></span> <span class='ocrx_word' id='word_1_271' title='bbox 379 2266 518 2320; x_wconf 91' lang='lat' dir='ltr'><strong>aliud</strong></span> <span class='ocrx_word' id='word_1_272' title='bbox 542 2267 717 2320; x_wconf 85' lang='lat' dir='ltr'><strong>facere</strong></span> <span class='ocrx_word' id='word_1_273' title='bbox 739 2266 883 2335; x_wconf 90' lang='lat' dir='ltr'><strong>quod</strong></span> <span class='ocrx_word' id='word_1_274' title='bbox 929 2263 1110 2317; x_wconf 88' lang='lat' dir='ltr'><strong>divina</strong></span> <span class='ocrx_word' id='word_1_275' title='bbox 1156 2264 1276 2331; x_wconf 90' lang='lat' dir='ltr'><strong>lege</strong></span> <span class='ocrx_word' id='word_1_276' title='bbox 1302 2262 1630 2333; x_wconf 89' lang='lat' dir='ltr'><strong>prohibitum</strong></span> <span class='ocrx_word' id='word_1_277' title='bbox 1672 2264 1773 2329; x_wconf 89' lang='lat' dir='ltr'><strong>sit;</strong></span> 
     </span>
    </p>
   </div>
   <div class='ocr_carea' id='block_1_38' title="bbox 230 2354 1775 2427">
    <p class='ocr_par' dir='ltr' id='par_1_38' title="bbox 230 2354 1775 2427">
     <span class='ocr_line' id='line_1_38' title="bbox 230 2354 1775 2427; baseline -0.002 -13"><span class='ocrx_word' id='word_1_278' title='bbox 230 2361 493 2427; x_wconf 87' lang='lat' dir='ltr'><strong>multosque</strong></span> <span class='ocrx_word' id='word_1_279' title='bbox 545 2356 839 2412; x_wconf 89' lang='lat' dir='ltr'><strong>etiamnum</strong></span> <span class='ocrx_word' id='word_1_280' title='bbox 877 2355 1037 2410; x_wconf 90' lang='lat' dir='ltr'><strong>hodie</strong></span> <span class='ocrx_word' id='word_1_281' title='bbox 1067 2356 1146 2411; x_wconf 90' lang='lat' dir='ltr'><strong>sic</strong></span> <span class='ocrx_word' id='word_1_282' title='bbox 1192 2354 1413 2410; x_wconf 73' lang='lat' dir='ltr'><strong>affectos</strong></span> <span class='ocrx_word' id='word_1_283' title='bbox 1464 2370 1586 2411; x_wconf 85' lang='lat' dir='ltr'><strong>esse</strong></span> <span class='ocrx_word' id='word_1_284' title='bbox 1624 2362 1775 2423; x_wconf 89' lang='lat' dir='ltr'><strong>puto.</strong></span> 
     </span>
    </p>
   </div>
   <div class='ocr_carea' id='block_1_39' title="bbox 235 2448 1779 2521">
    <p class='ocr_par' dir='ltr' id='par_1_39' title="bbox 235 2448 1779 2521">
     <span class='ocr_line' id='line_1_39' title="bbox 235 2448 1779 2521; baseline -0.002 -14"><span class='ocrx_word' id='word_1_285' title='bbox 235 2454 322 2507; x_wconf 85' lang='lat' dir='ltr'><strong>Hoc</strong></span> <span class='ocrx_word' id='word_1_286' title='bbox 374 2451 563 2521; x_wconf 91' lang='lat' dir='ltr'><strong>posito,</strong></span> <span class='ocrx_word' id='word_1_287' title='bbox 611 2460 872 2506; x_wconf 81' lang='lat' dir='ltr'><strong>corruunt</strong></span> <span class='ocrx_word' id='word_1_288' title='bbox 922 2465 1043 2519; x_wconf 85' lang='lat' dir='ltr'><strong>quae</strong></span> <span class='ocrx_word' id='word_1_289' title='bbox 1086 2448 1566 2519; x_wconf 75' lang='lat' dir='ltr'><strong>paratragmdiatur</strong></span> <span class='ocrx_word' id='word_1_290' title='bbox 1594 2459 1779 2504; x_wconf 89' lang='lat' dir='ltr'><strong>orator</strong></span> 
     </span>
    </p>
   </div>
   <div class='ocr_carea' id='block_1_40' title="bbox 235 2541 1777 2612">
    <p class='ocr_par' dir='ltr' id='par_1_40' title="bbox 235 2541 1777 2612">
     <span class='ocr_line' id='line_1_40' title="bbox 235 2541 1777 2612; baseline -0.003 -12"><span class='ocrx_word' id='word_1_291' title='bbox 235 2544 441 2607; x_wconf 76' lang='lat' dir='ltr'><strong>Numida,</strong></span> <span class='ocrx_word' id='word_1_292' title='bbox 474 2543 519 2598; x_wconf 91' lang='lat' dir='ltr'><strong>si</strong></span> <span class='ocrx_word' id='word_1_293' title='bbox 547 2543 713 2598; x_wconf 89' lang='lat' dir='ltr'><strong>semel</strong></span> <span class='ocrx_word' id='word_1_294' title='bbox 746 2542 1074 2597; x_wconf 90' lang='lat' dir='ltr'><strong>concedatur</strong></span> <span class='ocrx_word' id='word_1_295' title='bbox 1095 2541 1383 2612; x_wconf 86' lang='lat' dir='ltr'><strong>aliquando</strong></span> <span class='ocrx_word' id='word_1_296' title='bbox 1425 2542 1588 2597; x_wconf 88' lang='lat' dir='ltr'><strong>licere</strong></span> <span class='ocrx_word' id='word_1_297' title='bbox 1621 2557 1777 2597; x_wconf 87' lang='lat' dir='ltr'><strong>men-</strong></span> 
     </span>
    </p>
   </div>
   <div class='ocr_carea' id='block_1_41' title="bbox 236 2634 1781 2704">
    <p class='ocr_par' dir='ltr' id='par_1_41' title="bbox 236 2634 1781 2704">
     <span class='ocr_line' id='line_1_41' title="bbox 236 2634 1781 2704; baseline -0.001 -14"><span class='ocrx_word' id='word_1_298' title='bbox 236 2637 361 2691; x_wconf 89' lang='lat' dir='ltr'><strong>dacio</strong></span> <span class='ocrx_word' id='word_1_299' title='bbox 386 2636 476 2699; x_wconf 92' lang='lat' dir='ltr'><strong>uti,</strong></span> <span class='ocrx_word' id='word_1_300' title='bbox 504 2637 617 2690; x_wconf 87' lang='lat' dir='ltr'><strong>fore</strong></span> <span class='ocrx_word' id='word_1_301' title='bbox 650 2644 705 2687; x_wconf 90' lang='lat' dir='ltr'><strong>ut</strong></span> <span class='ocrx_word' id='word_1_302' title='bbox 727 2634 795 2688; x_wconf 90' lang='lat' dir='ltr'><strong>ad</strong></span> <span class='ocrx_word' id='word_1_303' title='bbox 824 2634 1054 2703; x_wconf 89' lang='lat' dir='ltr'><strong>pcrjuria</strong></span> <span class='ocrx_word' id='word_1_304' title='bbox 1086 2647 1140 2689; x_wconf 87' lang='lat' dir='ltr'><strong>et</strong></span> <span class='ocrx_word' id='word_1_305' title='bbox 1171 2634 1550 2704; x_wconf 84' lang='lat' dir='ltr'><strong>blaSphemias,</strong></span> <span class='ocrx_word' id='word_1_306' title='bbox 1586 2635 1694 2689; x_wconf 92' lang='lat' dir='ltr'><strong>imo</strong></span> <span class='ocrx_word' id='word_1_307' title='bbox 1723 2643 1781 2691; x_wconf 91' lang='lat' dir='ltr'><strong>et</strong></span> 
     </span>
    </p>
   </div>
   <div class='ocr_carea' id='block_1_42' title="bbox 240 2726 1779 2796">
    <p class='ocr_par' dir='ltr' id='par_1_42' title="bbox 240 2726 1779 2796">
     <span class='ocr_line' id='line_1_42' title="bbox 240 2726 1779 2796; baseline 0.001 -15"><span class='ocrx_word' id='word_1_308' title='bbox 240 2729 288 2781; x_wconf 77' lang='lat' dir='ltr'><strong>ad</strong></span> <span class='ocrx_word' id='word_1_309' title='bbox 331 2739 493 2796; x_wconf 88' lang='lat' dir='ltr'><strong>stupra</strong></span> <span class='ocrx_word' id='word_1_310' title='bbox 544 2727 863 2781; x_wconf 85' lang='lat' dir='ltr'><strong>deveniatur</strong></span> <span class='ocrx_word' id='word_1_311' title='bbox 903 2742 918 2780; x_wconf 92' lang='lat'><strong>:</strong></span> <span class='ocrx_word' id='word_1_312' title='bbox 964 2741 1083 2779; x_wconf 90' lang='lat' dir='ltr'><strong>cum</strong></span> <span class='ocrx_word' id='word_1_313' title='bbox 1135 2726 1247 2780; x_wconf 77' lang='lat' dir='ltr'><strong>haec</strong></span> <span class='ocrx_word' id='word_1_314' title='bbox 1280 2726 1576 2796; x_wconf 90' lang='lat' dir='ltr'><strong>proderunt</strong></span> <span class='ocrx_word' id='word_1_315' title='bbox 1606 2728 1671 2781; x_wconf 91' lang='lat' dir='ltr'><strong>iis</strong></span> <span class='ocrx_word' id='word_1_316' title='bbox 1723 2730 1779 2783; x_wconf 89' lang='lat' dir='ltr'><strong>in</strong></span> 
     </span>
    </p>
   </div>
   <div class='ocr_carea' id='block_1_43' title="bbox 242 2817 1781 2889">
    <p class='ocr_par' dir='ltr' id='par_1_43' title="bbox 242 2817 1781 2889">
     <span class='ocr_line' id='line_1_43' title="bbox 242 2817 1781 2889; baseline 0 -17"><span class='ocrx_word' id='word_1_317' title='bbox 242 2834 426 2886; x_wconf 84' lang='lat' dir='ltr'><strong>quorum</strong></span> <span class='ocrx_word' id='word_1_318' title='bbox 450 2820 673 2889; x_wconf 80' lang='lat' dir='ltr'><strong>gratiam</strong></span> <span class='ocrx_word' id='word_1_319' title='bbox 697 2818 1063 2873; x_wconf 87' lang='lat' dir='ltr'><strong>admittentur.</strong></span> <span class='ocrx_word' id='word_1_320' title='bbox 1083 2817 1234 2871; x_wconf 87' lang='lat' dir='ltr'><strong>Talia</strong></span> <span class='ocrx_word' id='word_1_321' title='bbox 1248 2819 1623 2872; x_wconf 91' lang='lat' dir='ltr'><strong>contendimus</strong></span> <span class='ocrx_word' id='word_1_322' title='bbox 1643 2832 1781 2872; x_wconf 91' lang='lat' dir='ltr'><strong>sem-</strong></span> 
     </span>
    </p>
   </div>
   <div class='ocr_carea' id='block_1_44' title="bbox 248 2913 1778 2983">
    <p class='ocr_par' dir='ltr' id='par_1_44' title="bbox 248 2913 1778 2983">
     <span class='ocr_line' id='line_1_44' title="bbox 248 2913 1778 2983; baseline -0.001 -16"><span class='ocrx_word' id='word_1_323' title='bbox 248 2930 320 2982; x_wconf 86' lang='lat' dir='ltr'><strong>per</strong></span> <span class='ocrx_word' id='word_1_324' title='bbox 344 2928 447 2968; x_wconf 90' lang='lat' dir='ltr'><strong>esse</strong></span> <span class='ocrx_word' id='word_1_325' title='bbox 476 2913 640 2979; x_wconf 86' lang='lat' dir='ltr'><strong>mala,</strong></span> <span class='ocrx_word' id='word_1_326' title='bbox 668 2928 770 2968; x_wconf 89' lang='lat' dir='ltr'><strong>nec</strong></span> <span class='ocrx_word' id='word_1_327' title='bbox 795 2927 1028 2983; x_wconf 90' lang='lat' dir='ltr'><strong>unquam</strong></span> <span class='ocrx_word' id='word_1_328' title='bbox 1059 2926 1218 2982; x_wconf 89' lang='lat' dir='ltr'><strong>posse</strong></span> <span class='ocrx_word' id='word_1_329' title='bbox 1248 2913 1522 2983; x_wconf 86' lang='lat' dir='ltr'><strong>prodesse,</strong></span> <span class='ocrx_word' id='word_1_330' title='bbox 1552 2914 1778 2983; x_wconf 88' lang='lat' dir='ltr'><strong>quicun-</strong></span> 
     </span>
    </p>
   </div>
   <div class='ocr_carea' id='block_1_45' title="bbox 251 3006 1776 3078">
    <p class='ocr_par' dir='ltr' id='par_1_45' title="bbox 251 3006 1776 3078">
     <span class='ocr_line' id='line_1_45' title="bbox 251 3006 1776 3078; baseline -0.001 -18"><span class='ocrx_word' id='word_1_331' title='bbox 251 3022 326 3075; x_wconf 85' lang='lat' dir='ltr'><strong>que</strong></span> <span class='ocrx_word' id='word_1_332' title='bbox 348 3008 558 3078; x_wconf 83' lang='lat' dir='ltr'><strong>futgatur</strong></span> <span class='ocrx_word' id='word_1_333' title='bbox 586 3022 776 3073; x_wconf 89' lang='lat' dir='ltr'><strong>casus;</strong></span> <span class='ocrx_word' id='word_1_334' title='bbox 810 3022 911 3063; x_wconf 91' lang='lat' dir='ltr'><strong>nec</strong></span> <span class='ocrx_word' id='word_1_335' title='bbox 935 3015 1019 3061; x_wconf 91' lang='lat' dir='ltr'><strong>est</strong></span> <span class='ocrx_word' id='word_1_336' title='bbox 1044 3006 1286 3075; x_wconf 89' lang='lat' dir='ltr'><strong>ejusdem</strong></span> <span class='ocrx_word' id='word_1_337' title='bbox 1310 3017 1518 3062; x_wconf 68' lang='lat' dir='ltr'><strong>natura:</strong></span> <span class='ocrx_word' id='word_1_338' title='bbox 1549 3006 1776 3061; x_wconf 91' lang='lat' dir='ltr'><strong>menda-</strong></span> 
     </span>
    </p>
   </div>
   <div class='ocr_carea' id='block_1_46' title="bbox 256 3100 1780 3169">
    <p class='ocr_par' dir='ltr' id='par_1_46' title="bbox 256 3100 1780 3169">
     <span class='ocr_line' id='line_1_46' title="bbox 256 3100 1780 3169; baseline 0.001 -17"><span class='ocrx_word' id='word_1_339' title='bbox 256 3101 357 3154; x_wconf 80' lang='lat' dir='ltr'><strong>cium</strong></span> <span class='ocrx_word' id='word_1_340' title='bbox 380 3100 425 3155; x_wconf 90' lang='lat' dir='ltr'><strong>in</strong></span> <span class='ocrx_word' id='word_1_341' title='bbox 467 3100 891 3156; x_wconf 79' lang='lat' dir='ltr'><strong>indifferentibus</strong></span> <span class='ocrx_word' id='word_1_342' title='bbox 931 3101 1096 3155; x_wconf 91' lang='lat' dir='ltr'><strong>situm</strong></span> <span class='ocrx_word' id='word_1_343' title='bbox 1139 3100 1321 3165; x_wconf 86' lang='lat' dir='ltr'><strong>rebus,</strong></span> <span class='ocrx_word' id='word_1_344' title='bbox 1372 3116 1489 3169; x_wconf 74' lang='lat' dir='ltr'><strong>qua:</strong></span> <span class='ocrx_word' id='word_1_345' title='bbox 1519 3100 1583 3154; x_wconf 90' lang='lat' dir='ltr'><strong>ad</strong></span> <span class='ocrx_word' id='word_1_346' title='bbox 1608 3100 1780 3154; x_wconf 86' lang='lat' dir='ltr'><strong>virtu-</strong></span> 
     </span>
    </p>
   </div>
   <div class='ocr_carea' id='block_1_47' title="bbox 266 3194 1775 3263">
    <p class='ocr_par' dir='ltr' id='par_1_47' title="bbox 266 3194 1775 3263">
     <span class='ocr_line' id='line_1_47' title="bbox 266 3194 1775 3263; baseline 0.002 -17"><span class='ocrx_word' id='word_1_347' title='bbox 266 3203 340 3247; x_wconf 87' lang='lat' dir='ltr'><strong>tem</strong></span> <span class='ocrx_word' id='word_1_348' title='bbox 360 3204 432 3248; x_wconf 82' lang='lat' dir='ltr'><strong>aut</strong></span> <span class='ocrx_word' id='word_1_349' title='bbox 458 3195 737 3251; x_wconf 84' lang='lat' dir='ltr'><strong>veritatem</strong></span> <span class='ocrx_word' id='word_1_350' title='bbox 768 3196 819 3249; x_wconf 91' lang='lat' dir='ltr'><strong>in</strong></span> <span class='ocrx_word' id='word_1_351' title='bbox 851 3209 1047 3263; x_wconf 85' lang='lat' dir='ltr'><strong>genere</strong></span> <span class='ocrx_word' id='word_1_352' title='bbox 1068 3204 1365 3263; x_wconf 88' lang='lat' dir='ltr'><strong>spectatam</strong></span> <span class='ocrx_word' id='word_1_353' title='bbox 1395 3194 1528 3249; x_wconf 91' lang='lat' dir='ltr'><strong>nihil</strong></span> <span class='ocrx_word' id='word_1_354' title='bbox 1554 3194 1775 3249; x_wconf 89' lang='lat' dir='ltr'><strong>faciunt.</strong></span> 
     </span>
    </p>
   </div>
   <div class='ocr_carea' id='block_1_48' title="bbox 1884 1986 3468 2061">
    <p class='ocr_par' dir='ltr' id='par_1_48' title="bbox 1884 1986 3468 2061">
     <span class='ocr_line' id='line_1_48' title="bbox 1884 1986 3468 2061; baseline 0.004 -21"><span class='ocrx_word' id='word_1_355' title='bbox 1884 1994 2103 2056; x_wconf 83' lang='lat' dir='ltr'><strong>queant,</strong></span> <span class='ocrx_word' id='word_1_356' title='bbox 2136 1996 2228 2041; x_wconf 90' lang='lat' dir='ltr'><strong>aut</strong></span> <span class='ocrx_word' id='word_1_357' title='bbox 2263 1986 2408 2057; x_wconf 88' lang='lat' dir='ltr'><strong>digni</strong></span> <span class='ocrx_word' id='word_1_358' title='bbox 2442 2001 2565 2043; x_wconf 91' lang='lat' dir='ltr'><strong>esse</strong></span> <span class='ocrx_word' id='word_1_359' title='bbox 2595 1990 2786 2057; x_wconf 88' lang='lat' dir='ltr'><strong>quibus</strong></span> <span class='ocrx_word' id='word_1_360' title='bbox 2826 1990 2894 2045; x_wconf 88' lang='lat' dir='ltr'><strong>ab</strong></span> <span class='ocrx_word' id='word_1_361' title='bbox 2926 1989 3045 2043; x_wconf 87' lang='lat' dir='ltr'><strong>aliis</strong></span> <span class='ocrx_word' id='word_1_362' title='bbox 3089 1993 3468 2061; x_wconf 84' lang='lat' dir='ltr'><strong>prospiciatur,</strong></span> 
     </span>
    </p>
   </div>
   <div class='ocr_carea' id='block_1_49' title="bbox 1882 2080 3236 2151">
    <p class='ocr_par' dir='ltr' id='par_1_49' title="bbox 1882 2080 3236 2151">
     <span class='ocr_line' id='line_1_49' title="bbox 1882 2080 3236 2151; baseline 0 -16"><span class='ocrx_word' id='word_1_363' title='bbox 1882 2095 2137 2135; x_wconf 89' lang='lat' dir='ltr'><strong>manuum</strong></span> <span class='ocrx_word' id='word_1_364' title='bbox 2161 2095 2381 2135; x_wconf 88' lang='lat' dir='ltr'><strong>suarum</strong></span> <span class='ocrx_word' id='word_1_365' title='bbox 2407 2095 2569 2151; x_wconf 85' lang='lat' dir='ltr'><strong>opera</strong></span> <span class='ocrx_word' id='word_1_366' title='bbox 2606 2080 2743 2136; x_wconf 89' lang='lat' dir='ltr'><strong>hanc</strong></span> <span class='ocrx_word' id='word_1_367' title='bbox 2774 2082 2826 2135; x_wconf 94' lang='lat' dir='ltr'><strong>in</strong></span> <span class='ocrx_word' id='word_1_368' title='bbox 2858 2096 2971 2136; x_wconf 91' lang='lat' dir='ltr'><strong>rem</strong></span> <span class='ocrx_word' id='word_1_369' title='bbox 3002 2090 3236 2138; x_wconf 89' lang='lat' dir='ltr'><strong>utuntur.</strong></span> 
     </span>
    </p>
   </div>
   <div class='ocr_carea' id='block_1_50' title="bbox 2352 2174 3002 2231">
    <p class='ocr_par' dir='ltr' id='par_1_50' title="bbox 2352 2174 3002 2231">
     <span class='ocr_line' id='line_1_50' title="bbox 2352 2174 3002 2231; baseline 0.003 -2"><span class='ocrx_word' id='word_1_370' title='bbox 2352 2174 2912 2231; x_wconf 80' lang='lat' dir='ltr'><strong>ANIMADVERSION</strong></span> <span class='ocrx_word' id='word_1_371' title='bbox 2920 2176 3002 2231; x_wconf 84' lang='lat' dir='ltr'><strong>ES</strong></span> 
     </span>
    </p>
   </div>
   <div class='ocr_carea' id='block_1_51' title="bbox 2148 2282 3189 2325">
    <p class='ocr_par' dir='ltr' id='par_1_51' title="bbox 2148 2282 3189 2325">
     <span class='ocr_line' id='line_1_51' title="bbox 2148 2282 3189 2325; baseline 0.002 -3"><span class='ocrx_word' id='word_1_372' title='bbox 2148 2284 2199 2322; x_wconf 71' lang='lat' dir='ltr'><strong>IN</strong></span> <span class='ocrx_word' id='word_1_373' title='bbox 2249 2283 2442 2323; x_wconf 71' lang='lat' dir='ltr'><strong>LIBRUM</strong></span> <span class='ocrx_word' id='word_1_374' title='bbox 2494 2284 2560 2321; x_wconf 77' lang='lat' dir='ltr'><strong>DE</strong></span> <span class='ocrx_word' id='word_1_375' title='bbox 2604 2282 2743 2322; x_wconf 74' lang='lat' dir='ltr'><strong>CUBA</strong></span> <span class='ocrx_word' id='word_1_376' title='bbox 2785 2283 2888 2323; x_wconf 77' lang='lat' dir='ltr'><strong>PRO</strong></span> <span class='ocrx_word' id='word_1_377' title='bbox 2938 2285 3189 2325; x_wconf 73' lang='lat' dir='ltr'><strong>MORTUIS.</strong></span> 
     </span>
    </p>
   </div>
   <div class='ocr_carea' id='block_1_52' title="bbox 1953 2355 3470 2431">
    <p class='ocr_par' dir='ltr' id='par_1_52' title="bbox 1953 2355 3470 2431">
     <span class='ocr_line' id='line_1_52' title="bbox 1953 2355 3470 2431; baseline 0.003 -18"><span class='ocrx_word' id='word_1_378' title='bbox 1953 2355 2083 2428; x_wconf 91' lang='lat' dir='ltr'><strong>Cap.</strong></span> <span class='ocrx_word' id='word_1_379' title='bbox 2110 2357 2163 2424; x_wconf 79' lang='lat' dir='ltr'><strong>l,</strong></span> <span class='ocrx_word' id='word_1_380' title='bbox 2184 2357 2211 2429; x_wconf 85' lang='lat'><strong>§</strong></span> <span class='ocrx_word' id='word_1_381' title='bbox 2236 2358 2291 2411; x_wconf 75' lang='lat'><strong>2.</strong></span> <span class='ocrx_word' id='word_1_382' title='bbox 2324 2358 2538 2413; x_wconf 91' lang='lat' dir='ltr'><strong>Prolato</strong></span> <span class='ocrx_word' id='word_1_383' title='bbox 2563 2359 2679 2414; x_wconf 89' lang='lat' dir='ltr'><strong>loco</strong></span> <span class='ocrx_word' id='word_1_384' title='bbox 2710 2359 2753 2413; x_wconf 90' lang='lat' dir='ltr'><strong>ll</strong></span> <span class='ocrx_word' id='word_1_385' title='bbox 2774 2358 2901 2415; x_wconf 92' lang='lat' dir='ltr'><strong>Cor.</strong></span> <span class='ocrx_word' id='word_1_386' title='bbox 2926 2376 2978 2427; x_wconf 73' lang='grc' dir='ltr'><strong>ν,</strong></span> <span class='ocrx_word' id='word_1_387' title='bbox 3008 2361 3094 2428; x_wconf 81' lang='lat' dir='ltr'><strong>l0,</strong></span> <span class='ocrx_word' id='word_1_388' title='bbox 3120 2362 3207 2416; x_wconf 91' lang='lat' dir='ltr'><strong>ubi</strong></span> <span class='ocrx_word' id='word_1_389' title='bbox 3237 2362 3307 2416; x_wconf 87' lang='lat' dir='ltr'><strong>ita</strong></span> <span class='ocrx_word' id='word_1_390' title='bbox 3331 2363 3470 2431; x_wconf 84' lang='lat' dir='ltr'><strong>Apo-</strong></span> 
     </span>
    </p>
   </div>
   <div class='ocr_carea' id='block_1_53' title="bbox 1881 2448 3470 2522">
    <p class='ocr_par' dir='ltr' id='par_1_53' title="bbox 1881 2448 3470 2522">
     <span class='ocr_line' id='line_1_53' title="bbox 1881 2448 3470 2522; baseline 0.003 -19"><span class='ocrx_word' id='word_1_391' title='bbox 1881 2450 2089 2504; x_wconf 85' lang='lat' dir='ltr'><strong>stolus:</strong></span> <span class='ocrx_word' id='word_1_392' title='bbox 2126 2448 2313 2503; x_wconf 84' lang='lat' dir='ltr'><strong>Omnes</strong></span> <span class='ocrx_word' id='word_1_393' title='bbox 2343 2451 2477 2503; x_wconf 87' lang='lat' dir='ltr'><strong>enim</strong></span> <span class='ocrx_word' id='word_1_394' title='bbox 2515 2452 2798 2505; x_wconf 88' lang='lat' dir='ltr'><strong>astabimus</strong></span> <span class='ocrx_word' id='word_1_395' title='bbox 2840 2462 2958 2506; x_wconf 84' lang='lat' dir='ltr'><strong>ante</strong></span> <span class='ocrx_word' id='word_1_396' title='bbox 2989 2453 3212 2507; x_wconf 84' lang='lat' dir='ltr'><strong>tribunal</strong></span> <span class='ocrx_word' id='word_1_397' title='bbox 3258 2454 3470 2522; x_wconf 81' lang='lat' dir='ltr'><strong>Christi,</strong></span> 
     </span>
    </p>
   </div>
   <div class='ocr_carea' id='block_1_54' title="bbox 1885 2544 3471 2618">
    <p class='ocr_par' dir='ltr' id='par_1_54' title="bbox 1885 2544 3471 2618">
     <span class='ocr_line' id='line_1_54' title="bbox 1885 2544 3471 2618; baseline 0.005 -24"><span class='ocrx_word' id='word_1_398' title='bbox 1885 2551 1937 2594; x_wconf 88' lang='lat' dir='ltr'><strong>ut</strong></span> <span class='ocrx_word' id='word_1_399' title='bbox 1961 2544 2092 2611; x_wconf 78' lang='lat' dir='ltr'><strong>{erat</strong></span> <span class='ocrx_word' id='word_1_400' title='bbox 2118 2544 2463 2613; x_wconf 85' lang='lat' dir='ltr'><strong>unusquisque</strong></span> <span class='ocrx_word' id='word_1_401' title='bbox 2490 2545 2773 2597; x_wconf 87' lang='lat' dir='ltr'><strong>secundum</strong></span> <span class='ocrx_word' id='word_1_402' title='bbox 2800 2561 2860 2598; x_wconf 89' lang='lat' dir='ltr'><strong>ea</strong></span> <span class='ocrx_word' id='word_1_403' title='bbox 2890 2562 3003 2613; x_wconf 73' lang='lat' dir='ltr'><strong>qua:</strong></span> <span class='ocrx_word' id='word_1_404' title='bbox 3026 2562 3113 2615; x_wconf 87' lang='lat' dir='ltr'><strong>per</strong></span> <span class='ocrx_word' id='word_1_405' title='bbox 3143 2562 3329 2615; x_wconf 87' lang='lat' dir='ltr'><strong>corpus</strong></span> <span class='ocrx_word' id='word_1_406' title='bbox 3350 2565 3471 2618; x_wconf 81' lang='lat' dir='ltr'><strong>ges-</strong></span> 
     </span>
    </p>
   </div>
   <div class='ocr_carea' id='block_1_55' title="bbox 1882 2634 3472 2707">
    <p class='ocr_par' dir='ltr' id='par_1_55' title="bbox 1882 2634 3472 2707">
     <span class='ocr_line' id='line_1_55' title="bbox 1882 2634 3472 2707; baseline 0.004 -20"><span class='ocrx_word' id='word_1_407' title='bbox 1882 2635 1969 2700; x_wconf 85' lang='lat' dir='ltr'><strong>sit,</strong></span> <span class='ocrx_word' id='word_1_408' title='bbox 1994 2635 2096 2688; x_wconf 88' lang='lat' dir='ltr'><strong>sive</strong></span> <span class='ocrx_word' id='word_1_409' title='bbox 2119 2634 2329 2699; x_wconf 88' lang='lat' dir='ltr'><strong>bonum,</strong></span> <span class='ocrx_word' id='word_1_410' title='bbox 2352 2634 2455 2687; x_wconf 86' lang='lat' dir='ltr'><strong>sive</strong></span> <span class='ocrx_word' id='word_1_411' title='bbox 2484 2636 2704 2701; x_wconf 86' lang='lat' dir='ltr'><strong>malum;</strong></span> <span class='ocrx_word' id='word_1_412' title='bbox 2733 2650 2798 2690; x_wconf 84' lang='lat' dir='ltr'><strong>ex</strong></span> <span class='ocrx_word' id='word_1_413' title='bbox 2830 2651 2940 2704; x_wconf 90' lang='lat' dir='ltr'><strong>quo</strong></span> <span class='ocrx_word' id='word_1_414' title='bbox 2968 2637 3303 2707; x_wconf 87' lang='lat' dir='ltr'><strong>singulorum</strong></span> <span class='ocrx_word' id='word_1_415' title='bbox 3348 2648 3472 2707; x_wconf 87' lang='lat' dir='ltr'><strong>post</strong></span> 
     </span>
    </p>
   </div>
   <div class='ocr_carea' id='block_1_56' title="bbox 1885 2731 3473 2799">
    <p class='ocr_par' dir='ltr' id='par_1_56' title="bbox 1885 2731 3473 2799">
     <span class='ocr_line' id='line_1_56' title="bbox 1885 2731 3473 2799; baseline 0.004 -17"><span class='ocrx_word' id='word_1_416' title='bbox 1885 2737 2116 2785; x_wconf 88' lang='lat' dir='ltr'><strong>mortem</strong></span> <span class='ocrx_word' id='word_1_417' title='bbox 2155 2737 2355 2783; x_wconf 90' lang='lat' dir='ltr'><strong>sortem</strong></span> <span class='ocrx_word' id='word_1_418' title='bbox 2389 2743 2610 2797; x_wconf 90' lang='lat' dir='ltr'><strong>prorsus</strong></span> <span class='ocrx_word' id='word_1_419' title='bbox 2653 2731 2887 2799; x_wconf 91' lang='lat' dir='ltr'><strong>pendere</strong></span> <span class='ocrx_word' id='word_1_420' title='bbox 2930 2746 2996 2785; x_wconf 80' lang='lat' dir='ltr'><strong>ex</strong></span> <span class='ocrx_word' id='word_1_421' title='bbox 3038 2740 3297 2788; x_wconf 69' lang='lat' dir='ltr'><strong>anteactae</strong></span> <span class='ocrx_word' id='word_1_422' title='bbox 3344 2735 3473 2789; x_wconf 77' lang='lat' dir='ltr'><strong>vitae</strong></span> 
     </span>
    </p>
   </div>
   <div class='ocr_carea' id='block_1_57' title="bbox 1884 2821 3474 2894">
    <p class='ocr_par' dir='ltr' id='par_1_57' title="bbox 1884 2821 3474 2894">
     <span class='ocr_line' id='line_1_57' title="bbox 1884 2821 3474 2894; baseline 0.004 -18"><span class='ocrx_word' id='word_1_423' title='bbox 1884 2822 2093 2876; x_wconf 89' lang='lat' dir='ltr'><strong>ratione</strong></span> <span class='ocrx_word' id='word_1_424' title='bbox 2119 2821 2304 2891; x_wconf 90' lang='lat' dir='ltr'><strong>liquet,</strong></span> <span class='ocrx_word' id='word_1_425' title='bbox 2350 2823 2493 2877; x_wconf 92' lang='lat' dir='ltr'><strong>unde</strong></span> <span class='ocrx_word' id='word_1_426' title='bbox 2525 2824 2850 2891; x_wconf 89' lang='lat' dir='ltr'><strong>sequebatur</strong></span> <span class='ocrx_word' id='word_1_427' title='bbox 2880 2839 3066 2894; x_wconf 90' lang='lat' dir='ltr'><strong>preces</strong></span> <span class='ocrx_word' id='word_1_428' title='bbox 3110 2841 3207 2894; x_wconf 92' lang='lat' dir='ltr'><strong>pro</strong></span> <span class='ocrx_word' id='word_1_429' title='bbox 3246 2829 3474 2883; x_wconf 83' lang='lat' dir='ltr'><strong>mortuis</strong></span> 
     </span>
    </p>
   </div>
   <div class='ocr_carea' id='block_1_58' title="bbox 1886 2915 3475 2985">
    <p class='ocr_par' dir='ltr' id='par_1_58' title="bbox 1886 2915 3475 2985">
     <span class='ocr_line' id='line_1_58' title="bbox 1886 2915 3475 2985; baseline 0.003 -16"><span class='ocrx_word' id='word_1_430' title='bbox 1886 2916 2074 2969; x_wconf 89' lang='lat' dir='ltr'><strong>inanes</strong></span> <span class='ocrx_word' id='word_1_431' title='bbox 2103 2929 2244 2979; x_wconf 90' lang='lat' dir='ltr'><strong>esse,</strong></span> <span class='ocrx_word' id='word_1_432' title='bbox 2277 2915 2353 2969; x_wconf 92' lang='lat' dir='ltr'><strong>sic</strong></span> <span class='ocrx_word' id='word_1_433' title='bbox 2376 2915 2668 2983; x_wconf 89' lang='lat' dir='ltr'><strong>respondet</strong></span> <span class='ocrx_word' id='word_1_434' title='bbox 2693 2916 3021 2985; x_wconf 85' lang='lat' dir='ltr'><strong>Augustinus</strong></span> <span class='ocrx_word' id='word_1_435' title='bbox 3060 2935 3071 2968; x_wconf 90' lang='lat'><strong>:</strong></span> <span class='ocrx_word' id='word_1_436' title='bbox 3103 2916 3232 2973; x_wconf 81' lang='lat' dir='ltr'><strong>Hcec</strong></span> <span class='ocrx_word' id='word_1_437' title='bbox 3259 2919 3331 2971; x_wconf 90' lang='lat' dir='ltr'><strong>ita</strong></span> <span class='ocrx_word' id='word_1_438' title='bbox 3370 2920 3475 2974; x_wconf 87' lang='lat' dir='ltr'><strong>sol-</strong></span> 
     </span>
    </p>
   </div>
   <div class='ocr_carea' id='block_1_59' title="bbox 1883 3008 3472 3080">
    <p class='ocr_par' dir='ltr' id='par_1_59' title="bbox 1883 3008 3472 3080">
     <span class='ocr_line' id='line_1_59' title="bbox 1883 3008 3472 3080; baseline 0.004 -20"><span class='ocrx_word' id='word_1_439' title='bbox 1883 3008 2017 3060; x_wconf 87' lang='lat' dir='ltr'><strong>vitur</strong></span> <span class='ocrx_word' id='word_1_440' title='bbox 2045 3008 2274 3076; x_wconf 68' lang='lat' dir='ltr'><strong>qua’stio,</strong></span> <span class='ocrx_word' id='word_1_441' title='bbox 2299 3008 2538 3077; x_wconf 86' lang='lat' dir='ltr'><strong>quoniam</strong></span> <span class='ocrx_word' id='word_1_442' title='bbox 2567 3008 2787 3078; x_wconf 86' lang='lat' dir='ltr'><strong>quodam</strong></span> <span class='ocrx_word' id='word_1_443' title='bbox 2827 3009 2943 3063; x_wconf 78' lang='lat' dir='ltr'><strong>viae</strong></span> <span class='ocrx_word' id='word_1_444' title='bbox 2966 3026 3145 3079; x_wconf 84' lang='lat' dir='ltr'><strong>genere</strong></span> <span class='ocrx_word' id='word_1_445' title='bbox 3165 3012 3472 3080; x_wconf 84' lang='lat' dir='ltr'><strong>acquiritur,</strong></span> 
     </span>
    </p>
   </div>
   <div class='ocr_carea' id='block_1_60' title="bbox 1884 3102 3472 3174">
    <p class='ocr_par' dir='ltr' id='par_1_60' title="bbox 1884 3102 3472 3174">
     <span class='ocr_line' id='line_1_60' title="bbox 1884 3102 3472 3174; baseline 0.004 -20"><span class='ocrx_word' id='word_1_446' title='bbox 1884 3102 2008 3154; x_wconf 88' lang='lat' dir='ltr'><strong>dum</strong></span> <span class='ocrx_word' id='word_1_447' title='bbox 2036 3102 2087 3154; x_wconf 85' lang='lat' dir='ltr'><strong>in</strong></span> <span class='ocrx_word' id='word_1_448' title='bbox 2110 3102 2205 3155; x_wconf 79' lang='lat' dir='ltr'><strong>hoc</strong></span> <span class='ocrx_word' id='word_1_449' title='bbox 2230 3118 2442 3171; x_wconf 89' lang='lat' dir='ltr'><strong>corpore</strong></span> <span class='ocrx_word' id='word_1_450' title='bbox 2470 3102 2674 3165; x_wconf 82' lang='lat' dir='ltr'><strong>vivitur,</strong></span> <span class='ocrx_word' id='word_1_451' title='bbox 2698 3110 2753 3155; x_wconf 89' lang='lat' dir='ltr'><strong>ut</strong></span> <span class='ocrx_word' id='word_1_452' title='bbox 2777 3102 2971 3173; x_wconf 89' lang='lat' dir='ltr'><strong>aliquid</strong></span> <span class='ocrx_word' id='word_1_453' title='bbox 2995 3105 3236 3174; x_wconf 88' lang='lat' dir='ltr'><strong>adjuvent</strong></span> <span class='ocrx_word' id='word_1_454' title='bbox 3259 3105 3357 3159; x_wconf 87' lang='lat' dir='ltr'><strong>ista</strong></span> <span class='ocrx_word' id='word_1_455' title='bbox 3382 3107 3472 3160; x_wconf 88' lang='lat' dir='ltr'><strong>de-</strong></span> 
     </span>
    </p>
   </div>
   <div class='ocr_carea' id='block_1_61' title="bbox 1888 3191 3473 3271">
    <p class='ocr_par' dir='ltr' id='par_1_61' title="bbox 1888 3191 3473 3271">
     <span class='ocr_line' id='line_1_61' title="bbox 1888 3191 3473 3271; baseline 0.006 -26"><span class='ocrx_word' id='word_1_456' title='bbox 1888 3194 2126 3262; x_wconf 82' lang='lat' dir='ltr'><strong>functos;</strong></span> <span class='ocrx_word' id='word_1_457' title='bbox 2154 3209 2214 3247; x_wconf 86' lang='lat' dir='ltr'><strong>ac</strong></span> <span class='ocrx_word' id='word_1_458' title='bbox 2241 3210 2330 3264; x_wconf 89' lang='lat' dir='ltr'><strong>per</strong></span> <span class='ocrx_word' id='word_1_459' title='bbox 2357 3191 2471 3258; x_wconf 83' lang='lat' dir='ltr'><strong>hoc,</strong></span> <span class='ocrx_word' id='word_1_460' title='bbox 2505 3196 2783 3247; x_wconf 87' lang='lat' dir='ltr'><strong>secundum</strong></span> <span class='ocrx_word' id='word_1_461' title='bbox 2813 3212 2871 3248; x_wconf 89' lang='lat' dir='ltr'><strong>ea</strong></span> <span class='ocrx_word' id='word_1_462' title='bbox 2898 3210 3009 3265; x_wconf 73' lang='lat' dir='ltr'><strong>qua:</strong></span> <span class='ocrx_word' id='word_1_463' title='bbox 3037 3214 3125 3268; x_wconf 90' lang='lat' dir='ltr'><strong>per</strong></span> <span class='ocrx_word' id='word_1_464' title='bbox 3159 3214 3345 3264; x_wconf 84' lang='lat' dir='ltr'><strong>corpus</strong></span> <span class='ocrx_word' id='word_1_465' title='bbox 3360 3216 3473 3271; x_wconf 85' lang='lat' dir='ltr'><strong>ges-</strong></span> 
     </span>
    </p>
   </div>
   <div class='ocr_carea' id='block_1_62' title="bbox 265 3278 3477 3360">
    <p class='ocr_par' dir='ltr' id='par_1_62' title="bbox 265 3278 3477 3360">
     <span class='ocr_line' id='line_1_62' title="bbox 265 3278 3477 3360; baseline 0.002 -21"><span class='ocrx_word' id='word_1_466' title='bbox 265 3286 312 3339; x_wconf 83' lang='lat' dir='ltr'><strong>At</strong></span> <span class='ocrx_word' id='word_1_467' title='bbox 330 3287 537 3351; x_wconf 83' lang='lat' dir='ltr'><strong>damnat,</strong></span> <span class='ocrx_word' id='word_1_468' title='bbox 586 3287 818 3356; x_wconf 89' lang='lat' dir='ltr'><strong>inquies,</strong></span> <span class='ocrx_word' id='word_1_469' title='bbox 861 3286 1137 3355; x_wconf 87' lang='lat' dir='ltr'><strong>Scriptura</strong></span> <span class='ocrx_word' id='word_1_470' title='bbox 1189 3286 1263 3340; x_wconf 90' lang='lat' dir='ltr'><strong>uti</strong></span> <span class='ocrx_word' id='word_1_471' title='bbox 1312 3296 1578 3355; x_wconf 89' lang='lat' dir='ltr'><strong>stuprum,</strong></span> <span class='ocrx_word' id='word_1_472' title='bbox 1615 3287 1687 3341; x_wconf 89' lang='lat' dir='ltr'><strong>ita</strong></span> <span class='ocrx_word' id='word_1_473' title='bbox 1725 3295 1780 3341; x_wconf 90' lang='lat' dir='ltr'><strong>et</strong></span> <span class='ocrx_word' id='word_1_474' title='bbox 1805 3278 1851 3342; x_wconf 88' lang='lat' dir='ltr'><strong>C</strong></span> <span class='ocrx_word' id='word_1_475' title='bbox 1883 3292 2077 3348; x_wconf 89' lang='lat' dir='ltr'><strong>serunt,</strong></span> <span class='ocrx_word' id='word_1_476' title='bbox 2105 3284 2178 3339; x_wconf 87' lang='lat' dir='ltr'><strong>eis</strong></span> <span class='ocrx_word' id='word_1_477' title='bbox 2206 3300 2318 3353; x_wconf 73' lang='lat' dir='ltr'><strong>qua:</strong></span> <span class='ocrx_word' id='word_1_478' title='bbox 2342 3295 2454 3355; x_wconf 81' lang='lat' dir='ltr'><strong>post</strong></span> <span class='ocrx_word' id='word_1_479' title='bbox 2477 3301 2661 3357; x_wconf 85' lang='lat' dir='ltr'><strong>corpus</strong></span> <span class='ocrx_word' id='word_1_480' title='bbox 2684 3287 2920 3357; x_wconf 85' lang='lat' dir='ltr'><strong>religiose</strong></span> <span class='ocrx_word' id='word_1_481' title='bbox 2946 3294 3040 3354; x_wconf 79' lang='lat' dir='ltr'><strong>pro</strong></span> <span class='ocrx_word' id='word_1_482' title='bbox 3068 3288 3170 3344; x_wconf 87' lang='lat' dir='ltr'><strong>illis</strong></span> <span class='ocrx_word' id='word_1_483' title='bbox 3196 3291 3333 3360; x_wconf 80' lang='lat' dir='ltr'><strong>facta</strong></span> <span class='ocrx_word' id='word_1_484' title='bbox 3360 3292 3477 3360; x_wconf 72' lang='lat' dir='ltr'><strong>fue-</strong></span> 
     </span>
    </p>
   </div>
   <div class='ocr_carea' id='block_1_63' title="bbox 258 3377 1780 3447">
    <p class='ocr_par' dir='ltr' id='par_1_63' title="bbox 258 3377 1780 3447">
     <span class='ocr_line' id='line_1_63' title="bbox 258 3377 1780 3447; baseline 0.003 -19"><span class='ocrx_word' id='word_1_485' title='bbox 258 3377 559 3431; x_wconf 79' lang='lat' dir='ltr'><strong>mendaeium.</strong></span> <span class='ocrx_word' id='word_1_486' title='bbox 624 3377 910 3443; x_wconf 88' lang='lat' dir='ltr'><strong>Nimirum,</strong></span> <span class='ocrx_word' id='word_1_487' title='bbox 977 3379 1215 3443; x_wconf 80' lang='lat' dir='ltr'><strong>noxium,</strong></span> <span class='ocrx_word' id='word_1_488' title='bbox 1274 3386 1329 3432; x_wconf 89' lang='lat' dir='ltr'><strong>et</strong></span> <span class='ocrx_word' id='word_1_489' title='bbox 1376 3378 1517 3447; x_wconf 92' lang='lat' dir='ltr'><strong>quod</strong></span> <span class='ocrx_word' id='word_1_490' title='bbox 1578 3378 1780 3433; x_wconf 83' lang='lat' dir='ltr'><strong>titani-</strong></span> 
     </span>
    </p>
   </div>
   <div class='ocr_carea' id='block_1_64' title="bbox 254 3469 1782 3539">
    <p class='ocr_par' dir='ltr' id='par_1_64' title="bbox 254 3469 1782 3539">
     <span class='ocr_line' id='line_1_64' title="bbox 254 3469 1782 3539; baseline 0.003 -19"><span class='ocrx_word' id='word_1_491' title='bbox 254 3483 321 3521; x_wconf 88' lang='lat' dir='ltr'><strong>mo</strong></span> <span class='ocrx_word' id='word_1_492' title='bbox 360 3469 601 3536; x_wconf 89' lang='lat' dir='ltr'><strong>nocendi;</strong></span> <span class='ocrx_word' id='word_1_493' title='bbox 654 3485 776 3524; x_wconf 92' lang='lat' dir='ltr'><strong>nam</strong></span> <span class='ocrx_word' id='word_1_494' title='bbox 824 3469 925 3525; x_wconf 89' lang='lat' dir='ltr'><strong>hoc</strong></span> <span class='ocrx_word' id='word_1_495' title='bbox 964 3483 1177 3539; x_wconf 89' lang='lat' dir='ltr'><strong>semper</strong></span> <span class='ocrx_word' id='word_1_496' title='bbox 1206 3479 1287 3524; x_wconf 91' lang='lat' dir='ltr'><strong>est</strong></span> <span class='ocrx_word' id='word_1_497' title='bbox 1313 3471 1641 3525; x_wconf 89' lang='lat' dir='ltr'><strong>contrarium</strong></span> <span class='ocrx_word' id='word_1_498' title='bbox 1682 3472 1782 3525; x_wconf 86' lang='lat' dir='ltr'><strong>ltu-</strong></span> 
     </span>
    </p>
   </div>
   <div class='ocr_carea' id='block_1_65' title="bbox 250 3561 1778 3632">
    <p class='ocr_par' dir='ltr' id='par_1_65' title="bbox 250 3561 1778 3632">
     <span class='ocr_line' id='line_1_65' title="bbox 250 3561 1778 3632; baseline 0.005 -19"><span class='ocrx_word' id='word_1_499' title='bbox 250 3576 387 3617; x_wconf 63' lang='lat' dir='ltr'><strong>manae</strong></span> <span class='ocrx_word' id='word_1_500' title='bbox 404 3563 664 3618; x_wconf 87' lang='lat' dir='ltr'><strong>societatis</strong></span> <span class='ocrx_word' id='word_1_501' title='bbox 700 3563 925 3632; x_wconf 85' lang='lat' dir='ltr'><strong>legibus,</strong></span> <span class='ocrx_word' id='word_1_502' title='bbox 957 3561 1405 3632; x_wconf 89' lang='lat' dir='ltr'><strong>quemadmodum</strong></span> <span class='ocrx_word' id='word_1_503' title='bbox 1434 3572 1487 3617; x_wconf 90' lang='lat' dir='ltr'><strong>et</strong></span> <span class='ocrx_word' id='word_1_504' title='bbox 1510 3572 1778 3632; x_wconf 90' lang='lat' dir='ltr'><strong>stuprum.</strong></span> 
     </span>
    </p>
   </div>
   <div class='ocr_carea' id='block_1_66' title="bbox 248 3651 1783 3723">
    <p class='ocr_par' dir='ltr' id='par_1_66' title="bbox 248 3651 1783 3723">
     <span class='ocr_line' id='line_1_66' title="bbox 248 3651 1783 3723; baseline 0.001 -18"><span class='ocrx_word' id='word_1_505' title='bbox 248 3651 448 3723; x_wconf 76' lang='lat' dir='ltr'><strong>Exempli</strong></span> <span class='ocrx_word' id='word_1_506' title='bbox 494 3669 673 3721; x_wconf 89' lang='lat' dir='ltr'><strong>causa,</strong></span> <span class='ocrx_word' id='word_1_507' title='bbox 720 3654 880 3709; x_wconf 73' lang='lat' dir='ltr'><strong>verba</strong></span> <span class='ocrx_word' id='word_1_508' title='bbox 930 3654 1117 3723; x_wconf 77' lang='lat' dir='ltr'><strong>psaltze</strong></span> <span class='ocrx_word' id='word_1_509' title='bbox 1155 3655 1288 3721; x_wconf 92' lang='lat' dir='ltr'><strong>psal.</strong></span> <span class='ocrx_word' id='word_1_510' title='bbox 1330 3670 1382 3718; x_wconf 92' lang='lat' dir='ltr'><strong>v,</strong></span> <span class='ocrx_word' id='word_1_511' title='bbox 1429 3655 1484 3721; x_wconf 86' lang='lat'><strong>6,</strong></span> <span class='ocrx_word' id='word_1_512' title='bbox 1518 3655 1569 3707; x_wconf 90' lang='lat'><strong>7.</strong></span> <span class='ocrx_word' id='word_1_513' title='bbox 1614 3655 1783 3709; x_wconf 85' lang='lat' dir='ltr'><strong>Odisti</strong></span> 
     </span>
    </p>
   </div>
   <div class='ocr_carea' id='block_1_67' title="bbox 246 3746 1780 3819">
    <p class='ocr_par' dir='ltr' id='par_1_67' title="bbox 246 3746 1780 3819">
     <span class='ocr_line' id='line_1_67' title="bbox 246 3746 1780 3819; baseline 0.001 -22"><span class='ocrx_word' id='word_1_514' title='bbox 246 3761 387 3799; x_wconf 86' lang='lat' dir='ltr'><strong>omnes</strong></span> <span class='ocrx_word' id='word_1_515' title='bbox 423 3748 506 3817; x_wconf 89' lang='lat' dir='ltr'><strong>qui</strong></span> <span class='ocrx_word' id='word_1_516' title='bbox 553 3756 829 3819; x_wconf 85' lang='lat' dir='ltr'><strong>aperantur</strong></span> <span class='ocrx_word' id='word_1_517' title='bbox 874 3747 1228 3816; x_wconf 83' lang='lat' dir='ltr'><strong>iniquitatem;</strong></span> <span class='ocrx_word' id='word_1_518' title='bbox 1274 3746 1451 3813; x_wconf 82' lang='lat' dir='ltr'><strong>perdes</strong></span> <span class='ocrx_word' id='word_1_519' title='bbox 1492 3763 1664 3801; x_wconf 90' lang='lat' dir='ltr'><strong>omnes</strong></span> <span class='ocrx_word' id='word_1_520' title='bbox 1693 3746 1780 3816; x_wconf 91' lang='lat' dir='ltr'><strong>qui</strong></span> 
     </span>
    </p>
   </div>
   <div class='ocr_carea' id='block_1_68' title="bbox 242 3838 1779 3909">
    <p class='ocr_par' dir='ltr' id='par_1_68' title="bbox 242 3838 1779 3909">
     <span class='ocr_line' id='line_1_68' title="bbox 242 3838 1779 3909; baseline 0.001 -18"><span class='ocrx_word' id='word_1_521' title='bbox 242 3838 480 3908; x_wconf 85' lang='lat' dir='ltr'><strong>loquuntur</strong></span> <span class='ocrx_word' id='word_1_522' title='bbox 524 3841 881 3905; x_wconf 88' lang='lat' dir='ltr'><strong>mendacium;</strong></span> <span class='ocrx_word' id='word_1_523' title='bbox 922 3844 1085 3895; x_wconf 89' lang='lat' dir='ltr'><strong>virum</strong></span> <span class='ocrx_word' id='word_1_524' title='bbox 1113 3842 1419 3909; x_wconf 86' lang='lat' dir='ltr'><strong>sanguinum</strong></span> <span class='ocrx_word' id='word_1_525' title='bbox 1448 3848 1493 3893; x_wconf 88' lang='lat' dir='ltr'><strong>et</strong></span> <span class='ocrx_word' id='word_1_526' title='bbox 1540 3838 1779 3893; x_wconf 86' lang='lat' dir='ltr'><strong>dolosam</strong></span> 
     </span>
    </p>
   </div>
   <div class='ocr_carea' id='block_1_69' title="bbox 239 3932 1776 4003">
    <p class='ocr_par' dir='ltr' id='par_1_69' title="bbox 239 3932 1776 4003">
     <span class='ocr_line' id='line_1_69' title="bbox 239 3932 1776 4003; baseline 0.002 -19"><span class='ocrx_word' id='word_1_527' title='bbox 239 3933 576 3987; x_wconf 83' lang='lat' dir='ltr'><strong>abominabitur</strong></span> <span class='ocrx_word' id='word_1_528' title='bbox 604 3932 891 3999; x_wconf 85' lang='lat' dir='ltr'><strong>Dominus;</strong></span> <span class='ocrx_word' id='word_1_529' title='bbox 920 3934 1039 4003; x_wconf 91' lang='lat' dir='ltr'><strong>quis</strong></span> <span class='ocrx_word' id='word_1_530' title='bbox 1068 3934 1536 4001; x_wconf 82' lang='lat' dir='ltr'><strong>dubitetspectare</strong></span> <span class='ocrx_word' id='word_1_531' title='bbox 1555 3933 1776 3987; x_wconf 83' lang='lat' dir='ltr'><strong>fraudu-</strong></span> 
     </span>
    </p>
   </div>
   <div class='ocr_carea' id='block_1_70' title="bbox 237 4025 1787 4096">
    <p class='ocr_par' dir='ltr' id='par_1_70' title="bbox 237 4025 1787 4096">
     <span class='ocr_line' id='line_1_70' title="bbox 237 4025 1787 4096; baseline 0.001 -17"><span class='ocrx_word' id='word_1_532' title='bbox 237 4025 413 4082; x_wconf 90' lang='lat' dir='ltr'><strong>lentum</strong></span> <span class='ocrx_word' id='word_1_533' title='bbox 458 4027 817 4095; x_wconf 88' lang='lat' dir='ltr'><strong>mendacium,</strong></span> <span class='ocrx_word' id='word_1_534' title='bbox 858 4029 911 4081; x_wconf 94' lang='lat' dir='ltr'><strong>in</strong></span> <span class='ocrx_word' id='word_1_535' title='bbox 958 4026 1336 4082; x_wconf 84' lang='lat' dir='ltr'><strong>detrimentum</strong></span> <span class='ocrx_word' id='word_1_536' title='bbox 1390 4027 1787 4096; x_wconf 87' lang='lat' dir='ltr'><strong>perniciemque</strong></span> 
     </span>
    </p>
   </div>
   <div class='ocr_carea' id='block_1_71' title="bbox 236 4116 1710 4190">
    <p class='ocr_par' dir='ltr' id='par_1_71' title="bbox 236 4116 1710 4190">
     <span class='ocr_line' id='line_1_71' title="bbox 236 4116 1710 4190; baseline 0.001 -21"><span class='ocrx_word' id='word_1_537' title='bbox 236 4117 430 4174; x_wconf 91' lang='lat' dir='ltr'><strong>aliorum</strong></span> <span class='ocrx_word' id='word_1_538' title='bbox 459 4120 854 4190; x_wconf 81' lang='lat' dir='ltr'><strong>excogitatum?</strong></span> <span class='ocrx_word' id='word_1_539' title='bbox 881 4116 1081 4173; x_wconf 82' lang='lat' dir='ltr'><strong>Verum</strong></span> <span class='ocrx_word' id='word_1_540' title='bbox 1115 4118 1230 4172; x_wconf 83' lang='lat' dir='ltr'><strong>haec</strong></span> <span class='ocrx_word' id='word_1_541' title='bbox 1260 4118 1390 4171; x_wconf 87' lang='lat' dir='ltr'><strong>satis</strong></span> <span class='ocrx_word' id='word_1_542' title='bbox 1420 4132 1710 4187; x_wconf 88' lang='lat' dir='ltr'><strong>superoue.</strong></span> 
     </span>
    </p>
   </div>
   <div class='ocr_carea' id='block_1_72' title="bbox 682 4252 1325 4310">
    <p class='ocr_par' dir='ltr' id='par_1_72' title="bbox 682 4252 1325 4310">
     <span class='ocr_line' id='line_1_72' title="bbox 682 4252 1325 4310; baseline -0.003 0"><span class='ocrx_word' id='word_1_543' title='bbox 682 4252 1237 4310; x_wconf 78' lang='lat' dir='ltr'><strong>ANIMADVERSION</strong></span> <span class='ocrx_word' id='word_1_544' title='bbox 1246 4253 1325 4308; x_wconf 88' lang='lat' dir='ltr'><strong>ES</strong></span> 
     </span>
    </p>
   </div>
   <div class='ocr_carea' id='block_1_73' title="bbox 477 4382 1515 4427">
    <p class='ocr_par' dir='ltr' id='par_1_73' title="bbox 477 4382 1515 4427">
     <span class='ocr_line' id='line_1_73' title="bbox 477 4382 1515 4427; baseline -0.006 0"><span class='ocrx_word' id='word_1_545' title='bbox 477 4388 526 4427; x_wconf 78' lang='lat' dir='ltr'><strong>IN</strong></span> <span class='ocrx_word' id='word_1_546' title='bbox 575 4387 767 4427; x_wconf 76' lang='lat' dir='ltr'><strong>LIBRUM</strong></span> <span class='ocrx_word' id='word_1_547' title='bbox 815 4387 880 4425; x_wconf 82' lang='lat' dir='ltr'><strong>DE</strong></span> <span class='ocrx_word' id='word_1_548' title='bbox 931 4385 1099 4426; x_wconf 73' lang='lat' dir='ltr'><strong>OPl-ZRE</strong></span> <span class='ocrx_word' id='word_1_549' title='bbox 1138 4382 1515 4424; x_wconf 75' lang='lat' dir='ltr'><strong>MONACHORUM.</strong></span> 
     </span>
    </p>
   </div>
   <div class='ocr_carea' id='block_1_74' title="bbox 294 4482 1785 4557">
    <p class='ocr_par' dir='ltr' id='par_1_74' title="bbox 294 4482 1785 4557">
     <span class='ocr_line' id='line_1_74' title="bbox 294 4482 1785 4557; baseline -0.003 -16"><span class='ocrx_word' id='word_1_550' title='bbox 294 4486 469 4543; x_wconf 89' lang='lat' dir='ltr'><strong>Notum</strong></span> <span class='ocrx_word' id='word_1_551' title='bbox 495 4498 577 4543; x_wconf 92' lang='lat' dir='ltr'><strong>est</strong></span> <span class='ocrx_word' id='word_1_552' title='bbox 609 4503 704 4557; x_wconf 86' lang='lat' dir='ltr'><strong>per</strong></span> <span class='ocrx_word' id='word_1_553' title='bbox 733 4486 1005 4542; x_wconf 90' lang='lat' dir='ltr'><strong>Orientem</strong></span> <span class='ocrx_word' id='word_1_554' title='bbox 1031 4501 1233 4557; x_wconf 91' lang='lat' dir='ltr'><strong>perque</strong></span> <span class='ocrx_word' id='word_1_555' title='bbox 1272 4484 1532 4550; x_wconf 85' lang='lat' dir='ltr'><strong>Africam,</strong></span> <span class='ocrx_word' id='word_1_556' title='bbox 1564 4483 1649 4537; x_wconf 88' lang='lat' dir='ltr'><strong>ubi</strong></span> <span class='ocrx_word' id='word_1_557' title='bbox 1673 4482 1785 4553; x_wconf 89' lang='lat' dir='ltr'><strong>pri-</strong></span> 
     </span>
    </p>
   </div>
   <div class='ocr_carea' id='block_1_75' title="bbox 232 4580 1781 4652">
    <p class='ocr_par' dir='ltr' id='par_1_75' title="bbox 232 4580 1781 4652">
     <span class='ocr_line' id='line_1_75' title="bbox 232 4580 1781 4652; baseline -0.002 -19"><span class='ocrx_word' id='word_1_558' title='bbox 232 4596 360 4635; x_wconf 88' lang='lat' dir='ltr'><strong>mttm</strong></span> <span class='ocrx_word' id='word_1_559' title='bbox 391 4582 619 4652; x_wconf 88' lang='lat' dir='ltr'><strong>ingentia</strong></span> <span class='ocrx_word' id='word_1_560' title='bbox 643 4581 1029 4635; x_wconf 89' lang='lat' dir='ltr'><strong>monachorum</strong></span> <span class='ocrx_word' id='word_1_561' title='bbox 1055 4580 1301 4635; x_wconf 80' lang='lat' dir='ltr'><strong>examina</strong></span> <span class='ocrx_word' id='word_1_562' title='bbox 1333 4594 1453 4634; x_wconf 86' lang='lat' dir='ltr'><strong>esse</strong></span> <span class='ocrx_word' id='word_1_563' title='bbox 1480 4585 1781 4648; x_wconf 77' lang='lat' dir='ltr'><strong>cmperunt,</strong></span> 
     </span>
    </p>
   </div>
   <div class='ocr_carea' id='block_1_76' title="bbox 1886 3375 3474 3449">
    <p class='ocr_par' dir='ltr' id='par_1_76' title="bbox 1886 3375 3474 3449">
     <span class='ocr_line' id='line_1_76' title="bbox 1886 3375 3474 3449; baseline 0.004 -19"><span class='ocrx_word' id='word_1_564' title='bbox 1886 3378 1988 3430; x_wconf 88' lang='lat' dir='ltr'><strong>rint</strong></span> <span class='ocrx_word' id='word_1_565' title='bbox 2014 3375 2347 3446; x_wconf 85' lang='lat' dir='ltr'><strong>adjuvantur.</strong></span> <span class='ocrx_word' id='word_1_566' title='bbox 2397 3375 2502 3431; x_wconf 92' lang='lat' dir='ltr'><strong>Sed</strong></span> <span class='ocrx_word' id='word_1_567' title='bbox 2536 3378 2709 3432; x_wconf 91' lang='lat' dir='ltr'><strong>locum</strong></span> <span class='ocrx_word' id='word_1_568' title='bbox 2750 3378 2987 3448; x_wconf 87' lang='lat' dir='ltr'><strong>aliquem</strong></span> <span class='ocrx_word' id='word_1_569' title='bbox 3022 3380 3333 3449; x_wconf 73' lang='lat' dir='ltr'><strong>Scripturm,</strong></span> <span class='ocrx_word' id='word_1_570' title='bbox 3382 3392 3474 3437; x_wconf 90' lang='lat' dir='ltr'><strong>aut</strong></span> 
     </span>
    </p>
   </div>
   <div class='ocr_carea' id='block_1_77' title="bbox 1886 3470 3474 3545">
    <p class='ocr_par' dir='ltr' id='par_1_77' title="bbox 1886 3470 3474 3545">
     <span class='ocr_line' id='line_1_77' title="bbox 1886 3470 3474 3545; baseline 0.004 -21"><span class='ocrx_word' id='word_1_571' title='bbox 1886 3470 2268 3525; x_wconf 88' lang='lat' dir='ltr'><strong>revelationem</strong></span> <span class='ocrx_word' id='word_1_572' title='bbox 2299 3479 2501 3526; x_wconf 89' lang='lat' dir='ltr'><strong>certam</strong></span> <span class='ocrx_word' id='word_1_573' title='bbox 2531 3471 2667 3525; x_wconf 91' lang='lat' dir='ltr'><strong>hanc</strong></span> <span class='ocrx_word' id='word_1_574' title='bbox 2702 3478 2751 3525; x_wconf 84' lang='lat' dir='ltr'><strong>iit</strong></span> <span class='ocrx_word' id='word_1_575' title='bbox 2783 3487 2897 3527; x_wconf 91' lang='lat' dir='ltr'><strong>rem</strong></span> <span class='ocrx_word' id='word_1_576' title='bbox 2942 3472 3171 3543; x_wconf 82' lang='lat' dir='ltr'><strong>proferri</strong></span> <span class='ocrx_word' id='word_1_577' title='bbox 3200 3476 3474 3545; x_wconf 84' lang='lat' dir='ltr'><strong>oportuit;</strong></span> 
     </span>
    </p>
   </div>
   <div class='ocr_carea' id='block_1_78' title="bbox 1890 3564 3473 3639">
    <p class='ocr_par' dir='ltr' id='par_1_78' title="bbox 1890 3564 3473 3639">
     <span class='ocr_line' id='line_1_78' title="bbox 1890 3564 3473 3639; baseline 0.006 -24"><span class='ocrx_word' id='word_1_578' title='bbox 1890 3565 1979 3633; x_wconf 91' lang='lat' dir='ltr'><strong>qui</strong></span> <span class='ocrx_word' id='word_1_579' title='bbox 2012 3565 2155 3619; x_wconf 90' lang='lat' dir='ltr'><strong>enim</strong></span> <span class='ocrx_word' id='word_1_580' title='bbox 2199 3575 2353 3619; x_wconf 88' lang='lat' dir='ltr'><strong>norat</strong></span> <span class='ocrx_word' id='word_1_581' title='bbox 2393 3564 2726 3632; x_wconf 84' lang='lat' dir='ltr'><strong>Augustinus</strong></span> <span class='ocrx_word' id='word_1_582' title='bbox 2751 3566 2853 3621; x_wconf 92' lang='lat' dir='ltr'><strong>hoc</strong></span> <span class='ocrx_word' id='word_1_583' title='bbox 2875 3567 3013 3622; x_wconf 90' lang='lat' dir='ltr'><strong>velle</strong></span> <span class='ocrx_word' id='word_1_584' title='bbox 3038 3567 3230 3633; x_wconf 84' lang='lat' dir='ltr'><strong>Deum,</strong></span> <span class='ocrx_word' id='word_1_585' title='bbox 3261 3578 3318 3623; x_wconf 95' lang='lat' dir='ltr'><strong>ut</strong></span> <span class='ocrx_word' id='word_1_586' title='bbox 3348 3585 3473 3639; x_wconf 77' lang='lat' dir='ltr'><strong>pre-</strong></span> 
     </span>
    </p>
   </div>
   <div class='ocr_carea' id='block_1_79' title="bbox 1889 3655 3471 3727">
    <p class='ocr_par' dir='ltr' id='par_1_79' title="bbox 1889 3655 3471 3727">
     <span class='ocr_line' id='line_1_79' title="bbox 1889 3655 3471 3727; baseline 0.005 -18"><span class='ocrx_word' id='word_1_587' title='bbox 1889 3669 1980 3709; x_wconf 89' lang='lat' dir='ltr'><strong>ces</strong></span> <span class='ocrx_word' id='word_1_588' title='bbox 2018 3655 2276 3711; x_wconf 75' lang='lat' dir='ltr'><strong>Ecclesia:</strong></span> <span class='ocrx_word' id='word_1_589' title='bbox 2305 3659 2510 3726; x_wconf 87' lang='lat' dir='ltr'><strong>prosint</strong></span> <span class='ocrx_word' id='word_1_590' title='bbox 2549 3666 2672 3727; x_wconf 91' lang='lat' dir='ltr'><strong>post</strong></span> <span class='ocrx_word' id='word_1_591' title='bbox 2718 3668 2944 3713; x_wconf 90' lang='lat' dir='ltr'><strong>mortem</strong></span> <span class='ocrx_word' id='word_1_592' title='bbox 2991 3660 3295 3727; x_wconf 90' lang='lat' dir='ltr'><strong>nonnullis;</strong></span> <span class='ocrx_word' id='word_1_593' title='bbox 3346 3676 3471 3717; x_wconf 91' lang='lat' dir='ltr'><strong>cum</strong></span> 
     </span>
    </p>
   </div>
   <div class='ocr_carea' id='block_1_80' title="bbox 1888 3748 3473 3821">
    <p class='ocr_par' dir='ltr' id='par_1_80' title="bbox 1888 3748 3473 3821">
     <span class='ocr_line' id='line_1_80' title="bbox 1888 3748 3473 3821; baseline 0.006 -20"><span class='ocrx_word' id='word_1_594' title='bbox 1888 3748 2053 3802; x_wconf 80' lang='lat' dir='ltr'><strong>altum</strong></span> <span class='ocrx_word' id='word_1_595' title='bbox 2078 3749 2148 3802; x_wconf 88' lang='lat' dir='ltr'><strong>sit</strong></span> <span class='ocrx_word' id='word_1_596' title='bbox 2173 3762 2233 3803; x_wconf 90' lang='lat' dir='ltr'><strong>ea</strong></span> <span class='ocrx_word' id='word_1_597' title='bbox 2282 3751 2348 3802; x_wconf 89' lang='lat' dir='ltr'><strong>de</strong></span> <span class='ocrx_word' id='word_1_598' title='bbox 2394 3764 2452 3804; x_wconf 89' lang='lat' dir='ltr'><strong>re</strong></span> <span class='ocrx_word' id='word_1_599' title='bbox 2482 3750 2780 3814; x_wconf 90' lang='lat' dir='ltr'><strong>silentium,</strong></span> <span class='ocrx_word' id='word_1_600' title='bbox 2836 3758 2890 3805; x_wconf 84' lang='lat' dir='ltr'><strong>et</strong></span> <span class='ocrx_word' id='word_1_601' title='bbox 2937 3751 3135 3821; x_wconf 90' lang='lat' dir='ltr'><strong>ubique</strong></span> <span class='ocrx_word' id='word_1_602' title='bbox 3181 3751 3247 3806; x_wconf 90' lang='lat' dir='ltr'><strong>ad</strong></span> <span class='ocrx_word' id='word_1_603' title='bbox 3291 3769 3473 3810; x_wconf 83' lang='lat' dir='ltr'><strong>mores</strong></span> 
     </span>
    </p>
   </div>
   <div class='ocr_carea' id='block_1_81' title="bbox 1887 3837 3472 3910">
    <p class='ocr_par' dir='ltr' id='par_1_81' title="bbox 1887 3837 3472 3910">
     <span class='ocr_line' id='line_1_81' title="bbox 1887 3837 3472 3910; baseline 0.004 -18"><span class='ocrx_word' id='word_1_604' title='bbox 1887 3840 2188 3909; x_wconf 75' lang='lat' dir='ltr'><strong>prmteritos</strong></span> <span class='ocrx_word' id='word_1_605' title='bbox 2211 3838 2445 3893; x_wconf 90' lang='lat' dir='ltr'><strong>defuncti</strong></span> <span class='ocrx_word' id='word_1_606' title='bbox 2475 3854 2592 3894; x_wconf 85' lang='lat' dir='ltr'><strong>sors</strong></span> <span class='ocrx_word' id='word_1_607' title='bbox 2619 3837 2735 3908; x_wconf 74' lang='lat' dir='ltr'><strong>ejus</strong></span> <span class='ocrx_word' id='word_1_608' title='bbox 2769 3849 2889 3910; x_wconf 80' lang='lat' dir='ltr'><strong>poSt</strong></span> <span class='ocrx_word' id='word_1_609' title='bbox 2917 3852 3142 3896; x_wconf 88' lang='lat' dir='ltr'><strong>mortem</strong></span> <span class='ocrx_word' id='word_1_610' title='bbox 3173 3844 3472 3898; x_wconf 75' lang='lat' dir='ltr'><strong>referatur?</strong></span> 
     </span>
    </p>
   </div>
   <div class='ocr_carea' id='block_1_82' title="bbox 1887 3929 3474 4005">
    <p class='ocr_par' dir='ltr' id='par_1_82' title="bbox 1887 3929 3474 4005">
     <span class='ocr_line' id='line_1_82' title="bbox 1887 3929 3474 4005; baseline 0.005 -21"><span class='ocrx_word' id='word_1_611' title='bbox 1887 3929 2004 3984; x_wconf 91' lang='lat' dir='ltr'><strong>Non</strong></span> <span class='ocrx_word' id='word_1_612' title='bbox 2028 3931 2169 3985; x_wconf 92' lang='lat' dir='ltr'><strong>enim</strong></span> <span class='ocrx_word' id='word_1_613' title='bbox 2199 3933 2333 3985; x_wconf 88' lang='lat' dir='ltr'><strong>satis</strong></span> <span class='ocrx_word' id='word_1_614' title='bbox 2380 3943 2459 3985; x_wconf 92' lang='lat' dir='ltr'><strong>est</strong></span> <span class='ocrx_word' id='word_1_615' title='bbox 2492 3942 2545 3986; x_wconf 92' lang='lat' dir='ltr'><strong>ut</strong></span> <span class='ocrx_word' id='word_1_616' title='bbox 2578 3934 2744 4001; x_wconf 88' lang='lat' dir='ltr'><strong>possit</strong></span> <span class='ocrx_word' id='word_1_617' title='bbox 2780 3933 2879 3988; x_wconf 88' lang='lat' dir='ltr'><strong>hoc</strong></span> <span class='ocrx_word' id='word_1_618' title='bbox 2926 3933 3075 4000; x_wconf 83' lang='lat' dir='ltr'><strong>ﬁeri;</strong></span> <span class='ocrx_word' id='word_1_619' title='bbox 3107 3951 3264 4005; x_wconf 91' lang='lat' dir='ltr'><strong>quam</strong></span> <span class='ocrx_word' id='word_1_620' title='bbox 3308 3938 3474 3993; x_wconf 87' lang='lat' dir='ltr'><strong>multa</strong></span> 
     </span>
    </p>
   </div>
   <div class='ocr_carea' id='block_1_83' title="bbox 1889 4023 3471 4095">
    <p class='ocr_par' dir='ltr' id='par_1_83' title="bbox 1889 4023 3471 4095">
     <span class='ocr_line' id='line_1_83' title="bbox 1889 4023 3471 4095; baseline 0.003 -18"><span class='ocrx_word' id='word_1_621' title='bbox 1889 4023 2031 4077; x_wconf 89' lang='lat' dir='ltr'><strong>enim</strong></span> <span class='ocrx_word' id='word_1_622' title='bbox 2065 4023 2207 4077; x_wconf 84' lang='lat' dir='ltr'><strong>Deus</strong></span> <span class='ocrx_word' id='word_1_623' title='bbox 2236 4038 2340 4077; x_wconf 91' lang='lat' dir='ltr'><strong>non</strong></span> <span class='ocrx_word' id='word_1_624' title='bbox 2364 4024 2495 4089; x_wconf 86' lang='lat' dir='ltr'><strong>vult,</strong></span> <span class='ocrx_word' id='word_1_625' title='bbox 2526 4040 2645 4094; x_wconf 69' lang='lat' dir='ltr'><strong>qua:</strong></span> <span class='ocrx_word' id='word_1_626' title='bbox 2665 4027 2927 4093; x_wconf 73' lang='lat' dir='ltr'><strong>potuisSet</strong></span> <span class='ocrx_word' id='word_1_627' title='bbox 2953 4027 3132 4081; x_wconf 87' lang='lat' dir='ltr'><strong>velle?</strong></span> <span class='ocrx_word' id='word_1_628' title='bbox 3164 4028 3471 4095; x_wconf 87' lang='lat' dir='ltr'><strong>Suntenim,</strong></span> 
     </span>
    </p>
   </div>
   <div class='ocr_carea' id='block_1_84' title="bbox 1890 4116 3472 4193">
    <p class='ocr_par' dir='ltr' id='par_1_84' title="bbox 1890 4116 3472 4193">
     <span class='ocr_line' id='line_1_84' title="bbox 1890 4116 3472 4193; baseline 0.005 -23"><span class='ocrx_word' id='word_1_629' title='bbox 1890 4116 2082 4184; x_wconf 90' lang='lat' dir='ltr'><strong>inquit,</strong></span> <span class='ocrx_word' id='word_1_630' title='bbox 2111 4133 2235 4187; x_wconf 86' lang='lat' dir='ltr'><strong>quos</strong></span> <span class='ocrx_word' id='word_1_631' title='bbox 2267 4118 2395 4170; x_wconf 85' lang='lat' dir='ltr'><strong>nihil</strong></span> <span class='ocrx_word' id='word_1_632' title='bbox 2423 4118 2629 4171; x_wconf 87' lang='lat' dir='ltr'><strong>omnino</strong></span> <span class='ocrx_word' id='word_1_633' title='bbox 2660 4119 2910 4189; x_wconf 89' lang='lat' dir='ltr'><strong>adjuvant</strong></span> <span class='ocrx_word' id='word_1_634' title='bbox 2938 4121 3035 4173; x_wconf 90' lang='lat' dir='ltr'><strong>ista</strong></span> <span class='ocrx_word' id='word_1_635' title='bbox 3066 4121 3347 4193; x_wconf 64' lang='lat' dir='ltr'><strong>(Ecclesia:</strong></span> <span class='ocrx_word' id='word_1_636' title='bbox 3374 4139 3472 4192; x_wconf 89' lang='lat' dir='ltr'><strong>pro</strong></span> 
     </span>
    </p>
   </div>
   <div class='ocr_carea' id='block_1_85' title="bbox 1888 4207 3471 4283">
    <p class='ocr_par' dir='ltr' id='par_1_85' title="bbox 1888 4207 3471 4283">
     <span class='ocr_line' id='line_1_85' title="bbox 1888 4207 3471 4283; baseline 0.004 -22"><span class='ocrx_word' id='word_1_637' title='bbox 1888 4207 1954 4261; x_wconf 91' lang='lat' dir='ltr'><strong>iis</strong></span> <span class='ocrx_word' id='word_1_638' title='bbox 1979 4207 2243 4263; x_wconf 89' lang='lat' dir='ltr'><strong>defunctis</strong></span> <span class='ocrx_word' id='word_1_639' title='bbox 2271 4208 2727 4279; x_wconf 88' lang='lat' dir='ltr'><strong>deprecationes).</strong></span> <span class='ocrx_word' id='word_1_640' title='bbox 2752 4212 2855 4264; x_wconf 88' lang='lat' dir='ltr'><strong>sive</strong></span> <span class='ocrx_word' id='word_1_641' title='bbox 2889 4228 2982 4280; x_wconf 84' lang='lat' dir='ltr'><strong>pro</strong></span> <span class='ocrx_word' id='word_1_642' title='bbox 3015 4212 3077 4264; x_wconf 85' lang='lat' dir='ltr'><strong>iis</strong></span> <span class='ocrx_word' id='word_1_643' title='bbox 3101 4213 3227 4279; x_wconf 82' lang='lat' dir='ltr'><strong>ﬁant</strong></span> <span class='ocrx_word' id='word_1_644' title='bbox 3253 4230 3471 4283; x_wconf 84' lang='lat' dir='ltr'><strong>quorum</strong></span> 
     </span>
    </p>
   </div>
   <div class='ocr_carea' id='block_1_86' title="bbox 1888 4301 3474 4373">
    <p class='ocr_par' dir='ltr' id='par_1_86' title="bbox 1888 4301 3474 4373">
     <span class='ocr_line' id='line_1_86' title="bbox 1888 4301 3474 4373; baseline 0.004 -20"><span class='ocrx_word' id='word_1_645' title='bbox 1888 4308 1992 4353; x_wconf 89' lang='lat' dir='ltr'><strong>tam</strong></span> <span class='ocrx_word' id='word_1_646' title='bbox 2020 4301 2154 4354; x_wconf 89' lang='lat' dir='ltr'><strong>mala</strong></span> <span class='ocrx_word' id='word_1_647' title='bbox 2180 4310 2296 4354; x_wconf 87' lang='lat' dir='ltr'><strong>sunt</strong></span> <span class='ocrx_word' id='word_1_648' title='bbox 2333 4303 2533 4367; x_wconf 89' lang='lat' dir='ltr'><strong>merita,</strong></span> <span class='ocrx_word' id='word_1_649' title='bbox 2574 4310 2627 4354; x_wconf 90' lang='lat' dir='ltr'><strong>ut</strong></span> <span class='ocrx_word' id='word_1_650' title='bbox 2660 4318 2815 4371; x_wconf 87' lang='lat' dir='ltr'><strong>neque</strong></span> <span class='ocrx_word' id='word_1_651' title='bbox 2854 4302 3037 4357; x_wconf 85' lang='lat' dir='ltr'><strong>talibus</strong></span> <span class='ocrx_word' id='word_1_652' title='bbox 3064 4304 3207 4373; x_wconf 88' lang='lat' dir='ltr'><strong>digni</strong></span> <span class='ocrx_word' id='word_1_653' title='bbox 3228 4305 3329 4358; x_wconf 88' lang='lat' dir='ltr'><strong>sint</strong></span> <span class='ocrx_word' id='word_1_654' title='bbox 3378 4308 3474 4359; x_wconf 75' lang='grc' dir='ltr'><strong>αα-</strong></span> 
     </span>
    </p>
   </div>
   <div class='ocr_carea' id='block_1_87' title="bbox 1878 4392 3475 4463">
    <p class='ocr_par' dir='ltr' id='par_1_87' title="bbox 1878 4392 3475 4463">
     <span class='ocr_line' id='line_1_87' title="bbox 1878 4392 3475 4463; baseline 0.005 -20"><span class='ocrx_word' id='word_1_655' title='bbox 1878 4392 2097 4463; x_wconf 86' lang='lat' dir='ltr'><strong>juvari;</strong></span> <span class='ocrx_word' id='word_1_656' title='bbox 2138 4392 2240 4446; x_wconf 83' lang='lat' dir='ltr'><strong>sive</strong></span> <span class='ocrx_word' id='word_1_657' title='bbox 2271 4408 2364 4462; x_wconf 88' lang='lat' dir='ltr'><strong>pro</strong></span> <span class='ocrx_word' id='word_1_658' title='bbox 2405 4394 2476 4446; x_wconf 89' lang='lat' dir='ltr'><strong>eis</strong></span> <span class='ocrx_word' id='word_1_659' title='bbox 2502 4409 2717 4461; x_wconf 85' lang='lat' dir='ltr'><strong>quorum</strong></span> <span class='ocrx_word' id='word_1_660' title='bbox 2747 4401 2849 4446; x_wconf 90' lang='lat' dir='ltr'><strong>tam</strong></span> <span class='ocrx_word' id='word_1_661' title='bbox 2877 4393 3029 4459; x_wconf 91' lang='lat' dir='ltr'><strong>bona,</strong></span> <span class='ocrx_word' id='word_1_662' title='bbox 3062 4403 3114 4446; x_wconf 91' lang='lat' dir='ltr'><strong>ut</strong></span> <span class='ocrx_word' id='word_1_663' title='bbox 3142 4394 3330 4450; x_wconf 87' lang='lat' dir='ltr'><strong>talibus</strong></span> <span class='ocrx_word' id='word_1_664' title='bbox 3366 4412 3475 4451; x_wconf 75' lang='lat' dir='ltr'><strong>non</strong></span> 
     </span>
    </p>
   </div>
   <div class='ocr_carea' id='block_1_88' title="bbox 1888 4485 3473 4558">
    <p class='ocr_par' dir='ltr' id='par_1_88' title="bbox 1888 4485 3473 4558">
     <span class='ocr_line' id='line_1_88' title="bbox 1888 4485 3473 4558; baseline 0.006 -21"><span class='ocrx_word' id='word_1_665' title='bbox 1888 4485 2151 4553; x_wconf 84' lang='lat' dir='ltr'><strong>indigeant</strong></span> <span class='ocrx_word' id='word_1_666' title='bbox 2182 4486 2515 4556; x_wconf 85' lang='lat' dir='ltr'><strong>adjumentis.</strong></span> <span class='ocrx_word' id='word_1_667' title='bbox 2562 4485 2705 4541; x_wconf 80' lang='lat' dir='ltr'><strong>Nihil</strong></span> <span class='ocrx_word' id='word_1_668' title='bbox 2740 4486 2940 4555; x_wconf 88' lang='lat' dir='ltr'><strong>verius,</strong></span> <span class='ocrx_word' id='word_1_669' title='bbox 2973 4501 3095 4542; x_wconf 89' lang='lat' dir='ltr'><strong>nam</strong></span> <span class='ocrx_word' id='word_1_670' title='bbox 3124 4504 3258 4556; x_wconf 92' lang='lat' dir='ltr'><strong>quos</strong></span> <span class='ocrx_word' id='word_1_671' title='bbox 3288 4500 3473 4558; x_wconf 86' lang='lat' dir='ltr'><strong>aperte</strong></span> 
     </span>
    </p>
   </div>
   <div class='ocr_carea' id='block_1_89' title="bbox 1888 4574 3472 4650">
    <p class='ocr_par' dir='ltr' id='par_1_89' title="bbox 1888 4574 3472 4650">
     <span class='ocr_line' id='line_1_89' title="bbox 1888 4574 3472 4650; baseline 0.004 -22"><span class='ocrx_word' id='word_1_672' title='bbox 1888 4574 2145 4629; x_wconf 88' lang='lat' dir='ltr'><strong>damnant</strong></span> <span class='ocrx_word' id='word_1_673' title='bbox 2174 4575 2317 4644; x_wconf 81' lang='lat' dir='ltr'><strong>leges</strong></span> <span class='ocrx_word' id='word_1_674' title='bbox 2358 4576 2713 4646; x_wconf 74' lang='lat' dir='ltr'><strong>Evangelicm.</strong></span> <span class='ocrx_word' id='word_1_675' title='bbox 2746 4578 2780 4631; x_wconf 92' lang='lat' dir='ltr'><strong>ii</strong></span> <span class='ocrx_word' id='word_1_676' title='bbox 2811 4587 3031 4646; x_wconf 90' lang='lat' dir='ltr'><strong>pr0pter</strong></span> <span class='ocrx_word' id='word_1_677' title='bbox 3065 4593 3253 4648; x_wconf 82' lang='lat' dir='ltr'><strong>preces</strong></span> <span class='ocrx_word' id='word_1_678' title='bbox 3283 4596 3472 4650; x_wconf 82' lang='lat' dir='ltr'><strong>super—</strong></span> 
     </span>
    </p>
   </div>
   <div class='ocr_carea' id='block_1_90' title="bbox 228 4652 3473 4739">
    <p class='ocr_par' dir='ltr' id='par_1_90' title="bbox 228 4652 3473 4739">
     <span class='ocr_line' id='line_1_90' title="bbox 228 4652 3473 4739; baseline 0.001 -15"><span class='ocrx_word' id='word_1_679' title='bbox 228 4672 364 4728; x_wconf 87' lang='lat' dir='ltr'><strong>ihitio</strong></span> <span class='ocrx_word' id='word_1_680' title='bbox 391 4690 480 4729; x_wconf 91' lang='lat' dir='ltr'><strong>eos</strong></span> <span class='ocrx_word' id='word_1_681' title='bbox 506 4681 561 4729; x_wconf 91' lang='lat' dir='ltr'><strong>in</strong></span> <span class='ocrx_word' id='word_1_682' title='bbox 589 4673 964 4728; x_wconf 79' lang='lat' dir='ltr'><strong>solitudinibus</strong></span> <span class='ocrx_word' id='word_1_683' title='bbox 996 4673 1106 4726; x_wconf 90' lang='lat' dir='ltr'><strong>suis</strong></span> <span class='ocrx_word' id='word_1_684' title='bbox 1131 4672 1381 4726; x_wconf 90' lang='lat' dir='ltr'><strong>manibus</strong></span> <span class='ocrx_word' id='word_1_685' title='bbox 1404 4672 1697 4735; x_wconf 88' lang='lat' dir='ltr'><strong>laborasse,</strong></span> <span class='ocrx_word' id='word_1_686' title='bbox 1726 4677 1784 4723; x_wconf 91' lang='lat' dir='ltr'><strong>ut</strong></span> <span class='ocrx_word' id='word_1_687' title='bbox 1807 4652 1862 4713; x_wconf 78' lang='grc' dir='ltr'>Ῑ)</span> <span class='ocrx_word' id='word_1_688' title='bbox 1887 4670 2073 4722; x_wconf 88' lang='lat' dir='ltr'><strong>stitum</strong></span> <span class='ocrx_word' id='word_1_689' title='bbox 2105 4668 2303 4723; x_wconf 87' lang='lat' dir='ltr'><strong>servari</strong></span> <span class='ocrx_word' id='word_1_690' title='bbox 2337 4678 2635 4739; x_wconf 88' lang='lat' dir='ltr'><strong>nequeunt;</strong></span> <span class='ocrx_word' id='word_1_691' title='bbox 2660 4677 2713 4723; x_wconf 86' lang='lat' dir='ltr'><strong>et</strong></span> <span class='ocrx_word' id='word_1_692' title='bbox 2742 4685 2876 4739; x_wconf 89' lang='lat' dir='ltr'><strong>quos</strong></span> <span class='ocrx_word' id='word_1_693' title='bbox 2904 4681 3087 4738; x_wconf 89' lang='lat' dir='ltr'><strong>aperte</strong></span> <span class='ocrx_word' id='word_1_694' title='bbox 3107 4680 3348 4726; x_wconf 89' lang='lat' dir='ltr'><strong>servatos</strong></span> <span class='ocrx_word' id='word_1_695' title='bbox 3378 4688 3473 4727; x_wconf 90' lang='lat' dir='ltr'><strong>vo-</strong></span> 
     </span>
    </p>
   </div>
   <div class='ocr_carea' id='block_1_91' title="bbox 226 4762 1784 4834">
    <p class='ocr_par' dir='ltr' id='par_1_91' title="bbox 226 4762 1784 4834">
     <span class='ocr_line' id='line_1_91' title="bbox 226 4762 1784 4834; baseline -0.003 -14"><span class='ocrx_word' id='word_1_696' title='bbox 226 4776 423 4823; x_wconf 89' lang='lat' dir='ltr'><strong>tenuem</strong></span> <span class='ocrx_word' id='word_1_697' title='bbox 447 4769 638 4823; x_wconf 86' lang='lat' dir='ltr'><strong>saltem</strong></span> <span class='ocrx_word' id='word_1_698' title='bbox 662 4768 858 4822; x_wconf 91' lang='lat' dir='ltr'><strong>victum</strong></span> <span class='ocrx_word' id='word_1_699' title='bbox 882 4766 985 4819; x_wconf 90' lang='lat' dir='ltr'><strong>sibi</strong></span> <span class='ocrx_word' id='word_1_700' title='bbox 1013 4771 1409 4834; x_wconf 88' lang='lat' dir='ltr'><strong>compararent.</strong></span> <span class='ocrx_word' id='word_1_701' title='bbox 1442 4764 1549 4820; x_wconf 90' lang='lat' dir='ltr'><strong>Sed</strong></span> <span class='ocrx_word' id='word_1_702' title='bbox 1579 4779 1703 4817; x_wconf 89' lang='lat' dir='ltr'><strong>eum</strong></span> <span class='ocrx_word' id='word_1_703' title='bbox 1730 4762 1784 4815; x_wconf 89' lang='lat' dir='ltr'><strong>in</strong></span> 
     </span>
    </p>
   </div>
   <div class='ocr_carea' id='block_1_92' title="bbox 225 4853 1789 4929">
    <p class='ocr_par' dir='ltr' id='par_1_92' title="bbox 225 4853 1789 4929">
     <span class='ocr_line' id='line_1_92' title="bbox 225 4853 1789 4929; baseline -0.003 -18"><span class='ocrx_word' id='word_1_704' title='bbox 225 4859 373 4913; x_wconf 88' lang='lat' dir='ltr'><strong>nrbes</strong></span> <span class='ocrx_word' id='word_1_705' title='bbox 394 4860 687 4929; x_wconf 90' lang='lat' dir='ltr'><strong>irrumpere</strong></span> <span class='ocrx_word' id='word_1_706' title='bbox 701 4857 1335 4927; x_wconf 74' lang='lat' dir='ltr'><strong>cmperttnt,maluerunt,</strong></span> <span class='ocrx_word' id='word_1_707' title='bbox 1355 4856 1539 4909; x_wconf 84' lang='lat' dir='ltr'><strong>labore</strong></span> <span class='ocrx_word' id='word_1_708' title='bbox 1565 4856 1657 4909; x_wconf 93' lang='lat' dir='ltr'><strong>illo</strong></span> <span class='ocrx_word' id='word_1_709' title='bbox 1679 4853 1789 4908; x_wconf 90' lang='lat' dir='ltr'><strong>sel-</strong></span> 
     </span>
    </p>
   </div>
   <div class='ocr_carea' id='block_1_93' title="bbox 225 4945 1787 5015">
    <p class='ocr_par' dir='ltr' id='par_1_93' title="bbox 225 4945 1787 5015">
     <span class='ocr_line' id='line_1_93' title="bbox 225 4945 1787 5015; baseline -0.003 -13"><span class='ocrx_word' id='word_1_710' title='bbox 225 4948 405 5005; x_wconf 84' lang='lat' dir='ltr'><strong>lulario</strong></span> <span class='ocrx_word' id='word_1_711' title='bbox 430 4953 649 5013; x_wconf 91' lang='lat' dir='ltr'><strong>omisso,</strong></span> <span class='ocrx_word' id='word_1_712' title='bbox 682 4966 752 5005; x_wconf 82' lang='lat' dir='ltr'><strong>ex</strong></span> <span class='ocrx_word' id='word_1_713' title='bbox 801 4948 1167 5003; x_wconf 90' lang='lat' dir='ltr'><strong>oblationibus</strong></span> <span class='ocrx_word' id='word_1_714' title='bbox 1198 4946 1571 5015; x_wconf 85' lang='lat' dir='ltr'><strong>religiosorum</strong></span> <span class='ocrx_word' id='word_1_715' title='bbox 1614 4945 1787 4999; x_wconf 91' lang='lat' dir='ltr'><strong>homi-</strong></span> 
     </span>
    </p>
   </div>
   <div class='ocr_carea' id='block_1_94' title="bbox 225 5038 1784 5110">
    <p class='ocr_par' dir='ltr' id='par_1_94' title="bbox 225 5038 1784 5110">
     <span class='ocr_line' id='line_1_94' title="bbox 225 5038 1784 5110; baseline -0.003 -15"><span class='ocrx_word' id='word_1_716' title='bbox 225 5057 342 5096; x_wconf 90' lang='lat' dir='ltr'><strong>num</strong></span> <span class='ocrx_word' id='word_1_717' title='bbox 374 5044 583 5107; x_wconf 84' lang='lat' dir='ltr'><strong>vivere;</strong></span> <span class='ocrx_word' id='word_1_718' title='bbox 614 5058 677 5097; x_wconf 82' lang='lat' dir='ltr'><strong>ex</strong></span> <span class='ocrx_word' id='word_1_719' title='bbox 708 5043 899 5110; x_wconf 92' lang='lat' dir='ltr'><strong>quibus</strong></span> <span class='ocrx_word' id='word_1_720' title='bbox 932 5042 1168 5104; x_wconf 90' lang='lat' dir='ltr'><strong>tandem,</strong></span> <span class='ocrx_word' id='word_1_721' title='bbox 1212 5047 1270 5093; x_wconf 92' lang='lat' dir='ltr'><strong>ut</strong></span> <span class='ocrx_word' id='word_1_722' title='bbox 1296 5039 1561 5102; x_wconf 91' lang='lat' dir='ltr'><strong>videmus,</strong></span> <span class='ocrx_word' id='word_1_723' title='bbox 1611 5038 1784 5091; x_wconf 84' lang='lat' dir='ltr'><strong>maxi-</strong></span> 
     </span>
    </p>
   </div>
   <div class='ocr_carea' id='block_1_95' title="bbox 225 5134 1787 5206">
    <p class='ocr_par' dir='ltr' id='par_1_95' title="bbox 225 5134 1787 5206">
     <span class='ocr_line' id='line_1_95' title="bbox 225 5134 1787 5206; baseline -0.002 -18"><span class='ocrx_word' id='word_1_724' title='bbox 225 5150 329 5189; x_wconf 89' lang='lat' dir='ltr'><strong>mas</strong></span> <span class='ocrx_word' id='word_1_725' title='bbox 354 5152 480 5206; x_wconf 92' lang='lat' dir='ltr'><strong>opes</strong></span> <span class='ocrx_word' id='word_1_726' title='bbox 508 5136 611 5191; x_wconf 90' lang='lat' dir='ltr'><strong>sibi</strong></span> <span class='ocrx_word' id='word_1_727' title='bbox 635 5136 951 5199; x_wconf 83' lang='lat' dir='ltr'><strong>conﬂarunt,</strong></span> <span class='ocrx_word' id='word_1_728' title='bbox 984 5135 1281 5204; x_wconf 64' lang='lat' dir='ltr'><strong>praesertim</strong></span> <span class='ocrx_word' id='word_1_729' title='bbox 1324 5134 1654 5201; x_wconf 86' lang='lat' dir='ltr'><strong>antiquiores</strong></span> <span class='ocrx_word' id='word_1_730' title='bbox 1691 5147 1787 5185; x_wconf 73' lang='lat' dir='ltr'><strong>or-</strong></span> 
     </span>
    </p>
   </div>
   <div class='ocr_carea' id='block_1_96' title="bbox 224 5226 1787 5295">
    <p class='ocr_par' dir='ltr' id='par_1_96' title="bbox 224 5226 1787 5295">
     <span class='ocr_line' id='line_1_96' title="bbox 224 5226 1787 5295; baseline -0.001 -15"><span class='ocrx_word' id='word_1_731' title='bbox 224 5227 384 5283; x_wconf 87' lang='lat' dir='ltr'><strong>dines.</strong></span> <span class='ocrx_word' id='word_1_732' title='bbox 406 5228 605 5283; x_wconf 87' lang='lat' dir='ltr'><strong>Contra</strong></span> <span class='ocrx_word' id='word_1_733' title='bbox 636 5228 799 5282; x_wconf 90' lang='lat' dir='ltr'><strong>hosce</strong></span> <span class='ocrx_word' id='word_1_734' title='bbox 826 5228 1071 5282; x_wconf 91' lang='lat' dir='ltr'><strong>homines</strong></span> <span class='ocrx_word' id='word_1_735' title='bbox 1098 5228 1201 5281; x_wconf 86' lang='lat' dir='ltr'><strong>ltoc</strong></span> <span class='ocrx_word' id='word_1_736' title='bbox 1226 5226 1562 5293; x_wconf 89' lang='lat' dir='ltr'><strong>opusculum,</strong></span> <span class='ocrx_word' id='word_1_737' title='bbox 1597 5235 1787 5295; x_wconf 84' lang='lat' dir='ltr'><strong>rogatu</strong></span> 
     </span>
    </p>
   </div>
   <div class='ocr_carea' id='block_1_97' title="bbox 224 5319 1788 5391">
    <p class='ocr_par' dir='ltr' id='par_1_97' title="bbox 224 5319 1788 5391">
     <span class='ocr_line' id='line_1_97' title="bbox 224 5319 1788 5391; baseline 0 -20"><span class='ocrx_word' id='word_1_738' title='bbox 224 5319 412 5375; x_wconf 84' lang='lat' dir='ltr'><strong>Aurelii</strong></span> <span class='ocrx_word' id='word_1_739' title='bbox 462 5320 918 5390; x_wconf 85' lang='lat' dir='ltr'><strong>Carthaginiensis</strong></span> <span class='ocrx_word' id='word_1_740' title='bbox 964 5321 1222 5391; x_wconf 77' lang='lat' dir='ltr'><strong>episcopi,</strong></span> <span class='ocrx_word' id='word_1_741' title='bbox 1273 5319 1487 5387; x_wconf 88' lang='lat' dir='ltr'><strong>scripsit</strong></span> <span class='ocrx_word' id='word_1_742' title='bbox 1537 5319 1788 5388; x_wconf 84' lang='lat' dir='ltr'><strong>Augusti-</strong></span> 
     </span>
    </p>
   </div>
   <div class='ocr_carea' id='block_1_98' title="bbox 224 5412 1781 5481">
    <p class='ocr_par' dir='ltr' id='par_1_98' title="bbox 224 5412 1781 5481">
     <span class='ocr_line' id='line_1_98' title="bbox 224 5412 1781 5481; baseline 0.001 -19"><span class='ocrx_word' id='word_1_743' title='bbox 224 5424 340 5473; x_wconf 87' lang='lat' dir='ltr'><strong>nus;</strong></span> <span class='ocrx_word' id='word_1_744' title='bbox 372 5412 522 5480; x_wconf 86' lang='lat' dir='ltr'><strong>cujus</strong></span> <span class='ocrx_word' id='word_1_745' title='bbox 547 5422 919 5481; x_wconf 87' lang='lat' dir='ltr'><strong>argumentum</strong></span> <span class='ocrx_word' id='word_1_746' title='bbox 946 5413 1145 5481; x_wconf 84' lang='lat' dir='ltr'><strong>optime</strong></span> <span class='ocrx_word' id='word_1_747' title='bbox 1170 5420 1557 5480; x_wconf 84' lang='lat' dir='ltr'><strong>expresserunt</strong></span> <span class='ocrx_word' id='word_1_748' title='bbox 1588 5425 1781 5464; x_wconf 86' lang='lat' dir='ltr'><strong>mona-</strong></span> 
     </span>
    </p>
   </div>
   <div class='ocr_carea' id='block_1_99' title="bbox 224 5501 1788 5574">
    <p class='ocr_par' dir='ltr' id='par_1_99' title="bbox 224 5501 1788 5574">
     <span class='ocr_line' id='line_1_99' title="bbox 224 5501 1788 5574; baseline 0.001 -20"><span class='ocrx_word' id='word_1_749' title='bbox 224 5503 301 5556; x_wconf 90' lang='lat' dir='ltr'><strong>chi</strong></span> <span class='ocrx_word' id='word_1_750' title='bbox 329 5503 676 5559; x_wconf 87' lang='lat' dir='ltr'><strong>Benedictini.</strong></span> <span class='ocrx_word' id='word_1_751' title='bbox 713 5501 964 5569; x_wconf 87' lang='lat' dir='ltr'><strong>Primum,</strong></span> <span class='ocrx_word' id='word_1_752' title='bbox 1010 5505 1273 5574; x_wconf 85' lang='lat' dir='ltr'><strong>inquiunt,</strong></span> <span class='ocrx_word' id='word_1_753' title='bbox 1300 5503 1615 5557; x_wconf 80' lang='lat' dir='ltr'><strong>demonstrat</strong></span> <span class='ocrx_word' id='word_1_754' title='bbox 1653 5504 1788 5572; x_wconf 78' lang='lat' dir='ltr'><strong>Apo-</strong></span> 
     </span>
    </p>
   </div>
   <div class='ocr_carea' id='block_1_100' title="bbox 223 5596 1783 5667">
    <p class='ocr_par' dir='ltr' id='par_1_100' title="bbox 223 5596 1783 5667">
     <span class='ocr_line' id='line_1_100' title="bbox 223 5596 1783 5667; baseline 0 -21"><span class='ocrx_word' id='word_1_755' title='bbox 223 5596 392 5649; x_wconf 86' lang='lat' dir='ltr'><strong>stolam</strong></span> <span class='ocrx_word' id='word_1_756' title='bbox 416 5598 615 5652; x_wconf 86' lang='lat' dir='ltr'><strong>dedisse</strong></span> <span class='ocrx_word' id='word_1_757' title='bbox 642 5597 796 5651; x_wconf 80' lang='lat' dir='ltr'><strong>servis</strong></span> <span class='ocrx_word' id='word_1_758' title='bbox 838 5596 933 5651; x_wconf 89' lang='lat' dir='ltr'><strong>Dei</strong></span> <span class='ocrx_word' id='word_1_759' title='bbox 959 5607 1265 5667; x_wconf 75' lang='lat' dir='ltr'><strong>prteceptum</strong></span> <span class='ocrx_word' id='word_1_760' title='bbox 1306 5604 1353 5648; x_wconf 91' lang='lat' dir='ltr'><strong>et</strong></span> <span class='ocrx_word' id='word_1_761' title='bbox 1383 5596 1667 5665; x_wconf 80' lang='lat' dir='ltr'><strong>exemplum</strong></span> <span class='ocrx_word' id='word_1_762' title='bbox 1697 5596 1783 5665; x_wconf 78' lang='lat' dir='ltr'><strong>fa-</strong></span> 
     </span>
    </p>
   </div>
   <div class='ocr_carea' id='block_1_101' title="bbox 225 5689 1785 5762">
    <p class='ocr_par' dir='ltr' id='par_1_101' title="bbox 225 5689 1785 5762">
     <span class='ocr_line' id='line_1_101' title="bbox 225 5689 1785 5762; baseline 0.002 -23"><span class='ocrx_word' id='word_1_763' title='bbox 225 5690 375 5743; x_wconf 84' lang='lat' dir='ltr'><strong>ciendi</strong></span> <span class='ocrx_word' id='word_1_764' title='bbox 394 5692 561 5761; x_wconf 88' lang='lat' dir='ltr'><strong>operis</strong></span> <span class='ocrx_word' id='word_1_765' title='bbox 585 5689 887 5762; x_wconf 87' lang='lat' dir='ltr'><strong>corporalis,</strong></span> <span class='ocrx_word' id='word_1_766' title='bbox 903 5706 1001 5758; x_wconf 86' lang='lat' dir='ltr'><strong>quo</strong></span> <span class='ocrx_word' id='word_1_767' title='bbox 1026 5691 1209 5743; x_wconf 85' lang='lat' dir='ltr'><strong>victum</strong></span> <span class='ocrx_word' id='word_1_768' title='bbox 1227 5700 1273 5743; x_wconf 89' lang='lat' dir='ltr'><strong>et</strong></span> <span class='ocrx_word' id='word_1_769' title='bbox 1296 5691 1525 5744; x_wconf 85' lang='lat' dir='ltr'><strong>vestitum</strong></span> <span class='ocrx_word' id='word_1_770' title='bbox 1546 5689 1640 5741; x_wconf 87' lang='lat' dir='ltr'><strong>sibi</strong></span> <span class='ocrx_word' id='word_1_771' title='bbox 1667 5705 1785 5756; x_wconf 84' lang='lat' dir='ltr'><strong>pro-</strong></span> 
     </span>
    </p>
   </div>
   <div class='ocr_carea' id='block_1_102' title="bbox 228 5781 1781 5854">
    <p class='ocr_par' dir='ltr' id='par_1_102' title="bbox 228 5781 1781 5854">
     <span class='ocr_line' id='line_1_102' title="bbox 228 5781 1781 5854; baseline 0.003 -23"><span class='ocrx_word' id='word_1_772' title='bbox 228 5793 460 5836; x_wconf 85' lang='lat' dir='ltr'><strong>curarent.</strong></span> <span class='ocrx_word' id='word_1_773' title='bbox 510 5782 709 5836; x_wconf 88' lang='lat' dir='ltr'><strong>Deinde</strong></span> <span class='ocrx_word' id='word_1_774' title='bbox 754 5783 972 5837; x_wconf 83' lang='lat' dir='ltr'><strong>ostendit</strong></span> <span class='ocrx_word' id='word_1_775' title='bbox 1024 5781 1307 5854; x_wconf 85' lang='lat' dir='ltr'><strong>evangelica</strong></span> <span class='ocrx_word' id='word_1_776' title='bbox 1362 5784 1453 5836; x_wconf 86' lang='lat' dir='ltr'><strong>illa</strong></span> <span class='ocrx_word' id='word_1_777' title='bbox 1503 5793 1781 5853; x_wconf 77' lang='lat' dir='ltr'><strong>prcecepta,</strong></span> 
     </span>
    </p>
   </div>
   <div class='ocr_carea' id='block_1_103' title="bbox 230 5872 1783 5941">
    <p class='ocr_par' dir='ltr' id='par_1_103' title="bbox 230 5872 1783 5941">
     <span class='ocr_line' id='line_1_103' title="bbox 230 5872 1783 5941; baseline -0.001 -12"><span class='ocrx_word' id='word_1_778' title='bbox 230 5873 349 5932; x_wconf 82' lang='lat' dir='ltr'><strong>unde</strong></span> <span class='ocrx_word' id='word_1_779' title='bbox 363 5892 504 5932; x_wconf 83' lang='lat' dir='ltr'><strong>suam</strong></span> <span class='ocrx_word' id='word_1_780' title='bbox 534 5875 768 5931; x_wconf 81' lang='lat' dir='ltr'><strong>monachi</strong></span> <span class='ocrx_word' id='word_1_781' title='bbox 795 5873 873 5929; x_wconf 89' lang='lat' dir='ltr'><strong>illi</strong></span> <span class='ocrx_word' id='word_1_782' title='bbox 896 5891 1000 5929; x_wconf 85' lang='lat' dir='ltr'><strong>non</strong></span> <span class='ocrx_word' id='word_1_783' title='bbox 1026 5876 1189 5930; x_wconf 89' lang='lat' dir='ltr'><strong>solum</strong></span> <span class='ocrx_word' id='word_1_784' title='bbox 1211 5875 1482 5941; x_wconf 89' lang='lat' dir='ltr'><strong>desidiam,</strong></span> <span class='ocrx_word' id='word_1_785' title='bbox 1515 5872 1602 5927; x_wconf 80' lang='lat' dir='ltr'><strong>sed</strong></span> <span class='ocrx_word' id='word_1_786' title='bbox 1631 5873 1783 5927; x_wconf 88' lang='lat' dir='ltr'><strong>etiam</strong></span> 
     </span>
    </p>
   </div>
   <div class='ocr_carea' id='block_1_104' title="bbox 1894 4761 3472 4832">
    <p class='ocr_par' dir='ltr' id='par_1_104' title="bbox 1894 4761 3472 4832">
     <span class='ocr_line' id='line_1_104' title="bbox 1894 4761 3472 4832; baseline 0.003 -16"><span class='ocrx_word' id='word_1_787' title='bbox 1894 4762 2029 4825; x_wconf 87' lang='lat' dir='ltr'><strong>lunt,</strong></span> <span class='ocrx_word' id='word_1_788' title='bbox 2055 4763 2091 4816; x_wconf 91' lang='lat' dir='ltr'><strong>ii</strong></span> <span class='ocrx_word' id='word_1_789' title='bbox 2118 4777 2222 4817; x_wconf 91' lang='lat' dir='ltr'><strong>non</strong></span> <span class='ocrx_word' id='word_1_790' title='bbox 2250 4761 2426 4817; x_wconf 89' lang='lat' dir='ltr'><strong>minus</strong></span> <span class='ocrx_word' id='word_1_791' title='bbox 2448 4765 2825 4828; x_wconf 84' lang='lat' dir='ltr'><strong>servabuntur,</strong></span> <span class='ocrx_word' id='word_1_792' title='bbox 2848 4764 2891 4818; x_wconf 88' lang='lat' dir='ltr'><strong>si</strong></span> <span class='ocrx_word' id='word_1_793' title='bbox 2920 4773 3127 4818; x_wconf 90' lang='lat' dir='ltr'><strong>taceant</strong></span> <span class='ocrx_word' id='word_1_794' title='bbox 3151 4766 3472 4832; x_wconf 89' lang='lat' dir='ltr'><strong>superstites</strong></span> 
     </span>
    </p>
   </div>
   <div class='ocr_carea' id='block_1_105' title="bbox 1893 4853 3469 4925">
    <p class='ocr_par' dir='ltr' id='par_1_105' title="bbox 1893 4853 3469 4925">
     <span class='ocr_line' id='line_1_105' title="bbox 1893 4853 3469 4925; baseline 0.003 -17"><span class='ocrx_word' id='word_1_795' title='bbox 1893 4870 2053 4925; x_wconf 92' lang='lat' dir='ltr'><strong>quam</strong></span> <span class='ocrx_word' id='word_1_796' title='bbox 2093 4855 2138 4908; x_wconf 93' lang='lat' dir='ltr'><strong>si</strong></span> <span class='ocrx_word' id='word_1_797' title='bbox 2179 4865 2353 4909; x_wconf 71' lang='lat' dir='ltr'><strong>orent.</strong></span> <span class='ocrx_word' id='word_1_798' title='bbox 2387 4854 2492 4909; x_wconf 89' lang='lat' dir='ltr'><strong>Sed</strong></span> <span class='ocrx_word' id='word_1_799' title='bbox 2534 4853 2715 4923; x_wconf 88' lang='lat' dir='ltr'><strong>judice</strong></span> <span class='ocrx_word' id='word_1_800' title='bbox 2762 4855 3080 4925; x_wconf 86' lang='lat' dir='ltr'><strong>Augustino,</strong></span> <span class='ocrx_word' id='word_1_801' title='bbox 3131 4865 3253 4910; x_wconf 92' lang='lat' dir='ltr'><strong>sunt</strong></span> <span class='ocrx_word' id='word_1_802' title='bbox 3300 4857 3469 4913; x_wconf 89' lang='lat' dir='ltr'><strong>medii</strong></span> 
     </span>
    </p>
   </div>
   <div class='ocr_carea' id='block_1_106' title="bbox 1893 4944 3473 5015">
    <p class='ocr_par' dir='ltr' id='par_1_106' title="bbox 1893 4944 3473 5015">
     <span class='ocr_line' id='line_1_106' title="bbox 1893 4944 3473 5015; baseline 0.002 -15"><span class='ocrx_word' id='word_1_803' title='bbox 1893 4945 2106 5015; x_wconf 86' lang='lat' dir='ltr'><strong>quidam</strong></span> <span class='ocrx_word' id='word_1_804' title='bbox 2139 4946 2351 5015; x_wconf 87' lang='lat' dir='ltr'><strong>generis</strong></span> <span class='ocrx_word' id='word_1_805' title='bbox 2381 4947 2572 5015; x_wconf 83' lang='lat' dir='ltr'><strong>quibus</strong></span> <span class='ocrx_word' id='word_1_806' title='bbox 2604 4954 2825 5013; x_wconf 90' lang='lat' dir='ltr'><strong>prosunt</strong></span> <span class='ocrx_word' id='word_1_807' title='bbox 2867 4961 3050 5014; x_wconf 84' lang='lat' dir='ltr'><strong>preces</strong></span> <span class='ocrx_word' id='word_1_808' title='bbox 3103 4944 3393 5013; x_wconf 74' lang='lat' dir='ltr'><strong>Ecclesim;</strong></span> <span class='ocrx_word' id='word_1_809' title='bbox 3417 4957 3473 5003; x_wconf 87' lang='lat' dir='ltr'><strong>at</strong></span> 
     </span>
    </p>
   </div>
   <div class='ocr_carea' id='block_1_107' title="bbox 1895 5035 3471 5107">
    <p class='ocr_par' dir='ltr' id='par_1_107' title="bbox 1895 5035 3471 5107">
     <span class='ocr_line' id='line_1_107' title="bbox 1895 5035 3471 5107; baseline -0.001 -15"><span class='ocrx_word' id='word_1_810' title='bbox 1895 5038 1996 5092; x_wconf 86' lang='lat' dir='ltr'><strong>hoc</strong></span> <span class='ocrx_word' id='word_1_811' title='bbox 2024 5036 2351 5104; x_wconf 88' lang='lat' dir='ltr'><strong>probandum</strong></span> <span class='ocrx_word' id='word_1_812' title='bbox 2391 5037 2439 5089; x_wconf 87' lang='lat' dir='ltr'><strong>ei</strong></span> <span class='ocrx_word' id='word_1_813' title='bbox 2473 5037 2590 5102; x_wconf 89' lang='lat' dir='ltr'><strong>fuit,</strong></span> <span class='ocrx_word' id='word_1_814' title='bbox 2622 5052 2741 5089; x_wconf 90' lang='lat' dir='ltr'><strong>nam</strong></span> <span class='ocrx_word' id='word_1_815' title='bbox 2774 5035 2938 5089; x_wconf 89' lang='lat' dir='ltr'><strong>Deum</strong></span> <span class='ocrx_word' id='word_1_816' title='bbox 2962 5050 3116 5090; x_wconf 86' lang='lat' dir='ltr'><strong>orare</strong></span> <span class='ocrx_word' id='word_1_817' title='bbox 3146 5046 3201 5089; x_wconf 93' lang='lat' dir='ltr'><strong>ut</strong></span> <span class='ocrx_word' id='word_1_818' title='bbox 3226 5038 3294 5090; x_wconf 89' lang='lat' dir='ltr'><strong>iis</strong></span> <span class='ocrx_word' id='word_1_819' title='bbox 3321 5038 3471 5107; x_wconf 87' lang='lat' dir='ltr'><strong>igno-</strong></span> 
     </span>
    </p>
   </div>
   <div class='ocr_carea' id='block_1_108' title="bbox 1892 5128 3473 5200">
    <p class='ocr_par' dir='ltr' id='par_1_108' title="bbox 1892 5128 3473 5200">
     <span class='ocr_line' id='line_1_108' title="bbox 1892 5128 3473 5200; baseline 0.002 -16"><span class='ocrx_word' id='word_1_820' title='bbox 1892 5139 2007 5185; x_wconf 87' lang='lat' dir='ltr'><strong>scat</strong></span> <span class='ocrx_word' id='word_1_821' title='bbox 2033 5130 2098 5184; x_wconf 88' lang='lat' dir='ltr'><strong>de</strong></span> <span class='ocrx_word' id='word_1_822' title='bbox 2135 5130 2330 5200; x_wconf 90' lang='lat' dir='ltr'><strong>quibus</strong></span> <span class='ocrx_word' id='word_1_823' title='bbox 2363 5130 2494 5183; x_wconf 87' lang='lat' dir='ltr'><strong>nihil</strong></span> <span class='ocrx_word' id='word_1_824' title='bbox 2524 5128 2792 5199; x_wconf 90' lang='lat' dir='ltr'><strong>promisit,</strong></span> <span class='ocrx_word' id='word_1_825' title='bbox 2830 5138 2912 5182; x_wconf 89' lang='lat' dir='ltr'><strong>est</strong></span> <span class='ocrx_word' id='word_1_826' title='bbox 2956 5129 3116 5183; x_wconf 87' lang='lat' dir='ltr'><strong>verba</strong></span> <span class='ocrx_word' id='word_1_827' title='bbox 3147 5130 3391 5198; x_wconf 86' lang='lat' dir='ltr'><strong>perdere,</strong></span> <span class='ocrx_word' id='word_1_828' title='bbox 3417 5140 3473 5187; x_wconf 87' lang='lat' dir='ltr'><strong>et</strong></span> 
     </span>
    </p>
   </div>
   <div class='ocr_carea' id='block_1_109' title="bbox 1891 5218 3472 5292">
    <p class='ocr_par' dir='ltr' id='par_1_109' title="bbox 1891 5218 3472 5292">
     <span class='ocr_line' id='line_1_109' title="bbox 1891 5218 3472 5292; baseline 0.001 -19"><span class='ocrx_word' id='word_1_829' title='bbox 1891 5222 2118 5292; x_wconf 60' lang='lat' dir='ltr'><strong>fortaSse</strong></span> <span class='ocrx_word' id='word_1_830' title='bbox 2159 5222 2320 5275; x_wconf 89' lang='lat' dir='ltr'><strong>etiam</strong></span> <span class='ocrx_word' id='word_1_831' title='bbox 2371 5236 2492 5275; x_wconf 91' lang='lat' dir='ltr'><strong>eum</strong></span> <span class='ocrx_word' id='word_1_832' title='bbox 2538 5219 2830 5282; x_wconf 73' lang='lat' dir='ltr'><strong>offendere,</strong></span> <span class='ocrx_word' id='word_1_833' title='bbox 2872 5218 2963 5288; x_wconf 90' lang='lat' dir='ltr'><strong>qui</strong></span> <span class='ocrx_word' id='word_1_834' title='bbox 2990 5218 3096 5272; x_wconf 85' lang='lat' dir='ltr'><strong>coli</strong></span> <span class='ocrx_word' id='word_1_835' title='bbox 3138 5219 3249 5273; x_wconf 91' lang='lat' dir='ltr'><strong>vult</strong></span> <span class='ocrx_word' id='word_1_836' title='bbox 3276 5236 3380 5275; x_wconf 93' lang='lat' dir='ltr'><strong>non</strong></span> <span class='ocrx_word' id='word_1_837' title='bbox 3415 5231 3472 5275; x_wconf 91' lang='lat' dir='ltr'><strong>ut</strong></span> 
     </span>
    </p>
   </div>
   <div class='ocr_carea' id='block_1_110' title="bbox 1893 5310 3469 5381">
    <p class='ocr_par' dir='ltr' id='par_1_110' title="bbox 1893 5310 3469 5381">
     <span class='ocr_line' id='line_1_110' title="bbox 1893 5310 3469 5381; baseline -0.001 -12"><span class='ocrx_word' id='word_1_838' title='bbox 1893 5315 2199 5370; x_wconf 89' lang='lat' dir='ltr'><strong>hominibus</strong></span> <span class='ocrx_word' id='word_1_839' title='bbox 2248 5314 2479 5377; x_wconf 85' lang='lat' dir='ltr'><strong>videtur,</strong></span> <span class='ocrx_word' id='word_1_840' title='bbox 2506 5311 2599 5366; x_wconf 91' lang='lat' dir='ltr'><strong>sed</strong></span> <span class='ocrx_word' id='word_1_841' title='bbox 2632 5321 2688 5365; x_wconf 92' lang='lat' dir='ltr'><strong>ut</strong></span> <span class='ocrx_word' id='word_1_842' title='bbox 2728 5312 2839 5381; x_wconf 89' lang='lat' dir='ltr'><strong>ipse</strong></span> <span class='ocrx_word' id='word_1_843' title='bbox 2864 5311 3047 5379; x_wconf 88' lang='lat' dir='ltr'><strong>jussit.</strong></span> <span class='ocrx_word' id='word_1_844' title='bbox 3078 5310 3246 5365; x_wconf 85' lang='lat' dir='ltr'><strong>AtTert</strong></span> <span class='ocrx_word' id='word_1_845' title='bbox 3292 5322 3469 5368; x_wconf 90' lang='lat' dir='ltr'><strong>tamen</strong></span> 
     </span>
    </p>
   </div>
   <div class='ocr_carea' id='block_1_111' title="bbox 1890 5404 3465 5479">
    <p class='ocr_par' dir='ltr' id='par_1_111' title="bbox 1890 5404 3465 5479">
     <span class='ocr_line' id='line_1_111' title="bbox 1890 5404 3465 5479; baseline -0.001 -18"><span class='ocrx_word' id='word_1_846' title='bbox 1890 5416 2074 5475; x_wconf 89' lang='lat' dir='ltr'><strong>postea</strong></span> <span class='ocrx_word' id='word_1_847' title='bbox 2108 5407 2466 5475; x_wconf 78' lang='lat' dir='ltr'><strong>Hipponensis</strong></span> <span class='ocrx_word' id='word_1_848' title='bbox 2496 5404 2781 5473; x_wconf 89' lang='lat' dir='ltr'><strong>episcopus</strong></span> <span class='ocrx_word' id='word_1_849' title='bbox 2825 5405 2999 5459; x_wconf 89' lang='lat' dir='ltr'><strong>locum</strong></span> <span class='ocrx_word' id='word_1_850' title='bbox 3043 5405 3214 5459; x_wconf 84' lang='lat' dir='ltr'><strong>Maeli.</strong></span> <span class='ocrx_word' id='word_1_851' title='bbox 3249 5422 3346 5471; x_wconf 81' lang='lat' dir='ltr'><strong>xu,</strong></span> <span class='ocrx_word' id='word_1_852' title='bbox 3376 5406 3465 5479; x_wconf 74' lang='grc'><strong>45,</strong></span> 
     </span>
    </p>
   </div>
   <div class='ocr_carea' id='block_1_112' title="bbox 1891 5498 3472 5571">
    <p class='ocr_par' dir='ltr' id='par_1_112' title="bbox 1891 5498 3472 5571">
     <span class='ocr_line' id='line_1_112' title="bbox 1891 5498 3472 5571; baseline -0.001 -15"><span class='ocrx_word' id='word_1_853' title='bbox 1891 5502 2023 5556; x_wconf 88' lang='lat' dir='ltr'><strong>etin</strong></span> <span class='ocrx_word' id='word_1_854' title='bbox 2062 5500 2501 5564; x_wconf 79' lang='lat' dir='ltr'><strong>Machabworum,</strong></span> <span class='ocrx_word' id='word_1_855' title='bbox 2552 5498 2742 5567; x_wconf 88' lang='lat' dir='ltr'><strong>inquit,</strong></span> <span class='ocrx_word' id='word_1_856' title='bbox 2803 5498 2942 5552; x_wconf 86' lang='lat' dir='ltr'><strong>libris</strong></span> <span class='ocrx_word' id='word_1_857' title='bbox 2990 5498 3204 5571; x_wconf 85' lang='lat' dir='ltr'><strong>legimus</strong></span> <span class='ocrx_word' id='word_1_858' title='bbox 3244 5501 3472 5554; x_wconf 87' lang='lat' dir='ltr'><strong>oblatum</strong></span> 
     </span>
    </p>
   </div>
   <div class='ocr_carea' id='block_1_113' title="bbox 1892 5591 3472 5665">
    <p class='ocr_par' dir='ltr' id='par_1_113' title="bbox 1892 5591 3472 5665">
     <span class='ocr_line' id='line_1_113' title="bbox 1892 5591 3472 5665; baseline 0.001 -19"><span class='ocrx_word' id='word_1_859' title='bbox 1892 5611 1984 5665; x_wconf 84' lang='lat' dir='ltr'><strong>pro</strong></span> <span class='ocrx_word' id='word_1_860' title='bbox 2034 5594 2248 5646; x_wconf 83' lang='lat' dir='ltr'><strong>mortuis</strong></span> <span class='ocrx_word' id='word_1_861' title='bbox 2300 5592 2630 5659; x_wconf 78' lang='lat' dir='ltr'><strong>sacri/icium.</strong></span> <span class='ocrx_word' id='word_1_862' title='bbox 2684 5591 2789 5646; x_wconf 88' lang='lat' dir='ltr'><strong>Sed</strong></span> <span class='ocrx_word' id='word_1_863' title='bbox 2822 5592 2909 5646; x_wconf 87' lang='lat' dir='ltr'><strong>ubi</strong></span> <span class='ocrx_word' id='word_1_864' title='bbox 2946 5592 3028 5647; x_wconf 82' lang='lat' dir='ltr'><strong>lex</strong></span> <span class='ocrx_word' id='word_1_865' title='bbox 3056 5593 3177 5647; x_wconf 85' lang='lat' dir='ltr'><strong>talia</strong></span> <span class='ocrx_word' id='word_1_866' title='bbox 3205 5594 3472 5649; x_wconf 80' lang='lat' dir='ltr'><strong>sacrificia</strong></span> 
     </span>
    </p>
   </div>
   <div class='ocr_carea' id='block_1_114' title="bbox 1885 5682 3469 5756">
    <p class='ocr_par' dir='ltr' id='par_1_114' title="bbox 1885 5682 3469 5756">
     <span class='ocr_line' id='line_1_114' title="bbox 1885 5682 3469 5756; baseline -0.004 -15"><span class='ocrx_word' id='word_1_867' title='bbox 1885 5688 2068 5756; x_wconf 89' lang='lat' dir='ltr'><strong>jussit,</strong></span> <span class='ocrx_word' id='word_1_868' title='bbox 2101 5696 2190 5738; x_wconf 87' lang='lat' dir='ltr'><strong>aut</strong></span> <span class='ocrx_word' id='word_1_869' title='bbox 2219 5684 2306 5738; x_wconf 87' lang='lat' dir='ltr'><strong>ubi</strong></span> <span class='ocrx_word' id='word_1_870' title='bbox 2342 5684 2480 5738; x_wconf 87' lang='lat' dir='ltr'><strong>Deus</strong></span> <span class='ocrx_word' id='word_1_871' title='bbox 2526 5697 2585 5737; x_wconf 92' lang='lat' dir='ltr'><strong>se</strong></span> <span class='ocrx_word' id='word_1_872' title='bbox 2611 5682 2911 5737; x_wconf 84' lang='lat' dir='ltr'><strong>adinventis</strong></span> <span class='ocrx_word' id='word_1_873' title='bbox 2937 5684 3004 5737; x_wconf 89' lang='lat' dir='ltr'><strong>ab</strong></span> <span class='ocrx_word' id='word_1_874' title='bbox 3034 5682 3342 5738; x_wconf 86' lang='lat' dir='ltr'><strong>hominibus</strong></span> <span class='ocrx_word' id='word_1_875' title='bbox 3376 5700 3469 5738; x_wconf 87' lang='lat' dir='ltr'><strong>sa-</strong></span> 
     </span>
    </p>
   </div>
   <div class='ocr_carea' id='block_1_115' title="bbox 1889 5772 3464 5847">
    <p class='ocr_par' dir='ltr' id='par_1_115' title="bbox 1889 5772 3464 5847">
     <span class='ocr_line' id='line_1_115' title="bbox 1889 5772 3464 5847; baseline -0.006 -14"><span class='ocrx_word' id='word_1_876' title='bbox 1889 5778 1996 5833; x_wconf 91' lang='lat' dir='ltr'><strong>cris</strong></span> <span class='ocrx_word' id='word_1_877' title='bbox 2024 5774 2309 5847; x_wconf 91' lang='lat' dir='ltr'><strong>propitium</strong></span> <span class='ocrx_word' id='word_1_878' title='bbox 2340 5773 2455 5828; x_wconf 89' lang='lat' dir='ltr'><strong>fore</strong></span> <span class='ocrx_word' id='word_1_879' title='bbox 2485 5773 2763 5843; x_wconf 90' lang='lat' dir='ltr'><strong>promisit?</strong></span> <span class='ocrx_word' id='word_1_880' title='bbox 2790 5772 3081 5843; x_wconf 82' lang='lat' dir='ltr'><strong>Nusquam.</strong></span> <span class='ocrx_word' id='word_1_881' title='bbox 3113 5772 3239 5840; x_wconf 89' lang='lat' dir='ltr'><strong>Sed,</strong></span> <span class='ocrx_word' id='word_1_882' title='bbox 3272 5773 3464 5841; x_wconf 89' lang='lat' dir='ltr'><strong>inquit,</strong></span> 
     </span>
    </p>
   </div>
   <div class='ocr_carea' id='block_1_116' title="bbox 1890 5861 3465 5937">
    <p class='ocr_par' dir='ltr' id='par_1_116' title="bbox 1890 5861 3465 5937">
     <span class='ocr_line' id='line_1_116' title="bbox 1890 5861 3465 5937; baseline -0.006 -12"><span class='ocrx_word' id='word_1_883' title='bbox 1890 5883 1934 5925; x_wconf 86' lang='lat' dir='ltr'><strong>et</strong></span> <span class='ocrx_word' id='word_1_884' title='bbox 1964 5871 2007 5926; x_wconf 85' lang='lat' dir='ltr'><strong>si</strong></span> <span class='ocrx_word' id='word_1_885' title='bbox 2051 5884 2302 5937; x_wconf 84' lang='lat' dir='ltr'><strong>nusquam</strong></span> <span class='ocrx_word' id='word_1_886' title='bbox 2352 5867 2406 5921; x_wconf 84' lang='lat' dir='ltr'><strong>in</strong></span> <span class='ocrx_word' id='word_1_887' title='bbox 2439 5865 2717 5936; x_wconf 84' lang='lat' dir='ltr'><strong>Scripturis</strong></span> <span class='ocrx_word' id='word_1_888' title='bbox 2741 5863 2985 5925; x_wconf 66' lang='lat' dir='ltr'><strong>veterirus</strong></span> <span class='ocrx_word' id='word_1_889' title='bbox 3016 5864 3174 5933; x_wconf 87' lang='lat' dir='ltr'><strong>(adde</strong></span> <span class='ocrx_word' id='word_1_890' title='bbox 3200 5872 3254 5920; x_wconf 83' lang='lat' dir='ltr'><strong>et</strong></span> <span class='ocrx_word' id='word_1_891' title='bbox 3285 5861 3465 5935; x_wconf 81' lang='lat' dir='ltr'><strong>novis)</strong></span> 
     </span>
    </p>
   </div>
  </div>
