3974 6356
597 277 704 333 455

1482 286 2034 361 SUPPLEMENTUM
2077 294 2167 352 AD
2205 297 2435 357 OPERA
2477 303 2536 360 S.
2579 304 2965 365 AUGUSTINI.

3671 348 3745 409 436

3258 393 3267 400 .
3672 389 3745 409 τυυ

596 390 802 445 omnino
844 389 1116 468 legeretur,
1151 412 1252 450 non
1305 414 1464 467 parva
1500 409 1572 454 est
1603 404 1851 458 universis
1898 405 2165 476 Ecclesiae,
2193 413 2248 473 Α
2277 412 2408 467 Sunt
2437 418 2569 470 enim
2596 420 2684 488 qui
2704 436 2813 473 eam
2835 424 3058 478 tribuant
3080 427 3263 483 viribus
3287 435 3533 498 valuntutis
3552 450 3731 518 humana,

596 496 706 534 qua?
730 482 783 533 in
807 481 901 534 hac
925 488 1287 534 consuetudine
1314 490 1488 534 claret,
1524 494 1801 534 ηηηιηι-ῑιης
1858 496 1941 534 “In;
1970 498 2022 534 tn
2053 515 2168 534 ηη-
2272 524 2372 534 κη..
2410 525 2529 534 -..η
2559 510 2700 534 ι.-ι.-.
2820 516 2875 534 μ
2965 533 2970 534 ,
3060 520 3094 534 ..
3141 530 3148 534 ,
3222 523 3232 532 .
3385 530 3393 534 ,
3734 509 3745 534 ι

594 496 706 542 qua?
730 482 783 533 in
807 481 901 535 hac
925 488 1287 541 consuetudine
1314 490 1489 554 claret,
1524 494 1821 557 auctoritas,
1858 496 1941 548 ubi
1970 498 2023 550 in
2052 515 2168 567 pre-

593 568 732 622 cibus
752 574 1028 627 sacerdotis
1048 592 1160 644 qua:
1179 576 1397 634 Domino
1421 581 1526 636 Deo
1545 584 1612 636 ad
1631 589 1743 654 ejus
1760 588 1920 641 altare
1940 591 2167 657 fundun-

592 666 697 724 tur,
730 661 895 714 locum
915 679 1063 717 suum
1087 667 1232 721 habet
1259 671 1409 723 etiam
1432 677 1799 730 commendatio
1826 689 2161 734 mortuorum.

591 748 662 802 At
689 751 808 820 quis
834 753 1463 829 docueratAugustinum
1507 780 1536 818 a
1568 768 1899 836 temporibus
1939 774 2167 842 Aposto~

592 839 766 895 lorum
797 845 969 900 nullas
997 863 1183 915 pravas
1206 853 1487 921 opiniones
1512 872 1573 911 ac
1599 862 2015 917 consuetudines
2042 879 2166 919 sen-

589 931 690 985 sim
721 935 963 1005 irrepere
1008 942 1282 1009 potuisse?
1336 945 1552 1003 Nullum
1584 950 1678 1004 Dei
1705 952 1898 1021 legitur
1928 954 2066 1010 hanc
2108 957 2163 1011 in

589 1036 702 1077 rem
734 1029 1085 1097 promissum;
1141 1034 1435 1106 eademque
1481 1047 1563 1093 est
1599 1042 1737 1094 ratio
1790 1043 2064 1100 hominum
2110 1046 2162 1101 in

588 1119 969 1187 rempublicam
989 1124 1501 1195 ecclesiasticam,ac
1525 1132 1577 1184 in
1600 1134 1810 1189 civilem
1829 1141 2161 1208 coeuntium,

589 1223 689 1263 nec
728 1211 781 1265 in
806 1213 961 1279 hanc,
992 1217 1160 1286 magis
1187 1234 1347 1289 quam
1385 1223 1440 1276 in
1468 1225 1713 1289 alteram,
1749 1228 1901 1283 malae
1932 1245 2162 1287 consue-

586 1300 800 1357 tudines
830 1305 1029 1360 sensim
1080 1294 1318 1381 irrepere
1366 1325 1610 1381 possunt.
1650 1317 1802 1384 Quod
1843 1334 1908 1373 eo
1955 1322 2162 1379 facilius

585 1395 837 1465 contigit,
861 1398 1003 1467 quod
1032 1416 1154 1457 cum
1185 1404 1501 1473 quibusdam
1531 1412 2006 1470 consuetudinibus
2048 1432 2162 1470 ma-

584 1497 747 1552 gnum
775 1494 829 1540 et
855 1498 1060 1544 certum
1090 1492 1294 1548 lucrum
1326 1496 1810 1556 ecclesiasticarum
1841 1514 1985 1559 esset
2023 1521 2157 1561 con-

582 1576 857 1646 iunctum;
907 1584 1080 1651 qualis
1128 1596 1209 1641 est
1238 1587 1544 1657 deprecatio
1598 1608 1695 1661 pro
1748 1599 1993 1662 mortuis,
2039 1615 2160 1668 qute

583 1684 725 1725 nunc
757 1687 950 1743 magno
979 1691 1109 1743 aere,
1131 1693 1227 1747 per
1256 1690 1420 1735 totum
1450 1682 1816 1754 Occidentem,
1858 1690 2155 1746 redimitur.

583 1759 660 1815 De
687 1762 893 1832 origine
924 1780 1141 1833 precum
1186 1785 1281 1838 pro
1312 1774 1539 1829 mortuis
1590 1776 1714 1831 vide
1752 1778 1908 1835 Joan.
1956 1780 2159 1839 Fellum
2189 1777 2238 1857 Β

579 1852 644 1907 ad
673 1856 831 1925 epist.
865 1858 889 1911 1
915 1859 1189 1931 Cypriani.

870 1992 1215 2054 DESIDERII
1258 1999 1517 2057 EBASM!
1554 2000 1869 2061 CENSURA

986 2103 1039 2141 IN
1083 2105 1279 2145 ιιιιιιωί
1326 2107 1393 2146 DE
1445 2108 1742 2167 PATIEN'I'IA.

646 2196 929 2268 Augustini
960 2218 1066 2259 non
1093 2220 1212 2261 esse
1236 2206 1446 2275 phrasis
1474 2210 1671 2279 arguit,
1699 2227 2002 2283 congruens
2030 2229 2150 2271 cum

573 2302 633 2343 ea
679 2306 836 2359 quam
869 2292 1069 2349 habent
1109 2296 1278 2351 libelli
1308 2301 1635 2369 superiores.
1670 2301 1776 2357 Sed
1802 2305 1915 2358 uide
1944 2306 2007 2359 de
2052 2308 2149 2362 hac

574 2381 799 2438 Censura
823 2387 1237 2444 Admonitionem
1275 2391 1394 2445 huic
1422 2394 1551 2447 libro
1576 2395 1641 2448 ab
1685 2397 1962 2453 editoribus
1994 2398 2150 2454 Pari-

570 2476 812 2534 siensibus
830 2482 1120 2551 praeﬁxum.
1153 2482 1445 2555 (Paeana)

958 2593 1753 2657 ANIMADVERSIONES

1078 2703 1129 2741 IN
1170 2704 1388 2743 EUIIDEII
1427 2706 1638 2746 LIBRUI.

633 2789 765 2862 Cap.
798 2794 883 2861 15,
923 2794 950 2867 §
981 2798 1067 2851 12.
1095 2797 1202 2854 Sed
1244 2817 1361 2855 vera
1412 2802 1684 2871 patientia,
1722 2820 1838 2874 qua:
1867 2805 2020 2879 hujus
2070 2816 2146 2861 est

565 2887 764 2942 nomine
792 2888 949 2959 digna
977 2891 1196 2959 virtutis,
1239 2895 1568 2962 quaerendum
1608 2907 1682 2953 est
1707 2899 1844 2953 unde
1886 2910 2139 2957 sumatur.

644 3024 720 3097 (a)
751 3027 1013 3106 Quoniam
1045 3030 1375 3106 Benedictini
1407 3049 1617 3099 omnes,
1646 3036 1810 3093 hosce
1836 3053 2137 3106 sermones,

565 3112 790 3169 quorum
844 3101 1112 3171 plerisque
1154 3105 1181 3157 9
1234 3105 1537 3171 praeﬁxerat
1582 3107 1855 3173 Erasmus,
1897 3101 2137 3179 exceptis

2272 524 2373 561 non
2405 525 2529 577 quas
2552 510 2700 564 habet
2722 529 2785 567 ea:
2810 516 2979 570 divino
3002 520 3285 586 adiutorio,
3311 530 3393 581 sed
3417 548 3529 599 quas
3566 558 3615 594 es

2271 601 2529 672 arbitrio.)
2560 604 2634 657 Ex
2662 621 2767 675 quo
2797 606 3122 677 Augustinus
3147 628 3376 681 cmperat
3403 636 3512 679 cum
3532 601 3750 701 Donatistis

2268 702 2325 746 et
2355 692 2656 763 Pelagianis
2694 697 2992 767 digladiari.
3030 716 3124 757 eos
3151 706 3408 781 εὐκαίρως,
3439 718 3645 794 ἀκᾳίρως,

2268 799 2373 853 que
2408 786 2714 855 aggreditur
2743 798 2799 843 et
2823 790 3136 860 insectatur,
3169 797 3329 851 etiam
3368 803 3450 857 ubi
3477 786 3641 868 simile
3663 822 3753 879 nihil

2268 888 2650 948 exspectares:
2703 884 3148 954 quemadmodum
3185 888 3368 947 Cicero
3407 896 3682 962 Catilinaria:
3706 916 3755 967 ta-

2267 972 2461 1026 ctionis
2495 975 2767 1044 reliquias.
2804 978 2880 1031 Ac
2930 992 3059 1033 sane
3098 981 3251 1037 facile
3284 995 3421 1052 erat;
3452 1007 3559 1048 nam
3601 1013 3756 1073 semper

2267 1066 2454 1121 eadem
2488 1070 2889 1137 repetebantur,
2921 1075 3216 1144 eademque
3240 1078 3434 1134 invidia
3456 1086 3646 1145 miseris
3669 1066 3757 1149 con-

2266 1157 2509 1214 flabatur.
2542 1161 2631 1217 Sic
2680 1163 2763 1218 hic
2786 1165 2855 1218 ita
2898 1165 3179 1233 distinguit
3222 1172 3524 1240 adjutorium
3546 1180 3647 1248 Dei,
3676 1202 3698 1239 ε
3722 1192 3761 1241 u.

2265 1251 2621 1315 beroarbitrio.
2648 1257 2798 1324 quasi
2829 1257 2930 1312 hoc
2955 1274 3167 1330 quoque
3199 1277 3305 1317 non
3335 1277 3470 1321 esset
3489 1268 3658 1328 donum
3680 1277 3762 1343 Dei,

2266 1344 2486 1399 minime
2518 1347 2765 1414 patientis
2796 1348 3066 1405 hominem
3091 1351 3144 1406 in
3173 1354 3572 1416 immedicabilia
3600 1379 3764 1432 prorsus

2265 1434 2391 1488 vitia
2424 1436 2682 1503 incidere,
2716 1440 2839 1507 quia
2869 1440 3133 1497 beneficio
3157 1444 3460 1503 facultatum
3480 1466 3506 1502 a
3535 1452 3631 1508 Deo
3652 1473 3762 1515 acre.

2264 1536 2475 1594 ptarum
2517 1543 2733 1597 semper
2775 1542 2952 1601 potest
3000 1533 3161 1589 homo
3209 1552 3293 1600 ea,
3325 1540 3367 1592 si
3412 1556 3510 1595 non
3547 1545 3763 1613 subito,at

2262 1618 2462 1672 sensim
2488 1619 2723 1676 vincere.
2762 1622 2833 1677 Ita
2866 1624 3091 1680 infamat
3122 1628 3455 1697 Pelagianos,
3482 1636 3616 1702 quasi
3651 1655 3762 1708 nega-

2267 1718 2389 1763 rent
2415 1710 2805 1782 implorandum
2834 1717 3097 1771 auxilium
3129 1718 3392 1786 divinum,
3419 1738 3530 1778 cum
3555 1741 3607 1781 se
3632 1728 3673 1781 id
3692 1731 3760 1782 im-

2268 1801 2481 1869 plorare
2511 1803 2910 1871 profiterentur,
2943 1817 3099 1877 atque
3136 1826 3201 1865 ex
3228 1811 3465 1867 doctrina
3496 1831 3581 1869 sua
3604 1822 3765 1875 omnino

2265 1890 2545 1947 deberent.
2577 1894 2682 1950 Sed
2728 1895 2844 1951 hare
2869 1898 2995 1953 alibi
3035 1900 3145 1970 jam
3189 1903 3482 1972 attigimus,
3508 1914 3559 1960 et
3600 1908 3767 1965 fortasse

2266 1985 2534 2053 copiosius
2556 1989 2921 2046 commodiore
2943 1992 3061 2047 loco
3085 2009 3485 2065 persequemur.
3515 1998 3650 2055 Nunc
3669 2005 3763 2057 satis

2262 2077 2335 2132 sit
2359 2094 2561 2135 morem
2611 2072 2891 2151 Augustini
2939 2086 3223 2155 indicasse,
3271 2104 3338 2142 ne
3379 2090 3495 2157 quis
3524 2090 3767 2147 dubitetan

2260 2175 2375 2245 ejus
2406 2176 2476 2233 sit
2500 2178 2586 2232 hic
2612 2178 2843 2235 libellus.
3060 2166 3061 2169 ‘

2566 2310 2909 2367 DESIDERII
2951 2311 3205 2369 ERASMI
3245 2314 3551 2370 CENSURA

2504 2417 2557 2454 IN
2596 2416 2866 2458 SERIIONES
2907 2420 2972 2458 an
3011 2420 3249 2460 FRATRES
3290 2422 3342 2459 IN
3384 2414 3564 2460 attento

2334 2534 2516 2589 Oratio
2538 2548 2907 2592 consarcmata
2928 2554 2995 2593 ex
3021 2540 3305 2610 Augustini
3328 2542 3527 2609 regula,
3545 2540 3658 2593 nihil
3677 2542 3768 2593 ado-

2264 2627 2352 2697 qui
2396 2627 2597 2683 habens
2630 2628 2931 2700 Augustini.
2985 2629 3186 2687 Artifex
3224 2636 3316 2704 qui
3364 2633 3530 2695 ﬁnxit,
3565 2633 3652 2686 hoc
3693 2633 3769 2700 agit

2256 2728 2315 2772 ut
2359 2720 2608 2774 ordinem
2638 2722 2727 2788 qui
2776 2722 3251 2792 Augustinensium
3300 2726 3495 2779 dicitur
3536 2725 3639 2779 orbi
3664 2740 3769 2777 com-

2260 2813 2563 2868 mendaret.
2601 2815 2781 2884 Itaque
2824 2826 3083 2885 quotouot
3131 2827 3256 2872 sunt
3305 2818 3464 2888 hujus
3514 2817 3713 2887 generis,
3752 2820 3768 2869 Θ

2251 2904 2474 2973 ιιι-τεῦχο
2505 2907 2810 2961 notavimus
2838 2907 2934 2977 (al.

2254 3041 2482 3111 'iuohus,
2512 3044 2671 3099 obeio
2696 3046 2882 3100 critico
2923 3047 3257 3116 jugularunt,
3284 3048 3423 3102 nihil
3453 3063 3579 3114 onus
3597 3046 3767 3102 indicari

2245 3127 2339 3167 eos
2371 3130 2504 3183 quos
2534 3117 2610 3170 vir
2639 3133 2878 3172 summus
2897 3118 3198 3175 damnarat.
3227 3120 3513 3174 Passaron

1599 3346 1712 3417 IN
1773 3345 1997 3417 TOM
2009 3348 2167 3418 UM
2217 3349 2786 3425 SEPTIMUM

874 3602 1174 3658 .IOANNES
1204 3601 1586 3659 LODOVICUS
1611 3603 1807 3659 VIVES

553 3711 772 3758 INCLYTO
792 3711 1015 3751 PRINCIPI
1044 3709 1268 3749 HENIIICO
1293 3710 1385 3748 VIII
1443 3711 1645 3750 ANGLIB
1702 3710 1841 3759 REGI,
1867 3710 2131 3751 HIBERNLE

1180 3781 1396 3830 nomino,
1428 3776 1531 3819 etc.

620 3881 694 3935 Ita
709 3886 1070 3947 comparatum
1092 3885 1174 3931 est
1204 3886 1390 3929 natura
1406 3875 1756 3929 humanorum
1773 3877 2127 3943 ingeniorum,

549 3976 844 4033 clarissime
874 3986 990 4036 rex,
1022 3980 1079 4024 ut
1109 3970 1230 4023 illos
1256 3969 1470 4024 demum
1496 3983 1622 4022 vere
1654 3977 1706 4020 et
1732 3983 1795 4021 ex
1823 3970 2002 4021 animo
2035 3968 2131 4022 ad-

545 4073 803 4127 miremur
827 4084 959 4141 quos
990 4074 1043 4126 in
1062 4087 1125 4125 ea
1156 4079 1412 4139 praestare
1441 4068 1686 4122 videmus
1716 4074 1830 4120 arte
1860 4082 1978 4135 quae
2016 4081 2131 4120 ma-

542 4166 688 4219 xime
705 4164 857 4219 nobis
886 4166 1022 4219 inter
1040 4178 1229 4217 omnes
1256 4163 1431 4233 placet
1458 4175 1518 4214 ac
1560 4158 1834 4228 probatur.
1877 4156 1977 4211 Alii
2010 4158 2129 4211 aliis

543 4255 709 4310 dediti
724 4255 1046 4309 suntstudiis
1056 4269 1118 4309 ac
1135 4250 1588 4309 exercitamentis.
1603 4248 1695 4302 Sic
1732 4246 1835 4301 fert
1851 4258 2036 4300 natura
2052 4262 2129 4301 re-

540 4362 683 4414 rum,
714 4357 769 4401 ut
800 4347 1170 4402 hacvarietate
1199 4345 1548 4415 Speciosusac
1573 4340 1833 4396 mirabilis
1869 4342 2126 4397 consistat

538 4440 771 4495 mundus
790 4457 802 4492 :
818 4436 1324 4504 ettamen,utinquit
1338 4432 1623 4499 ille,Suum
1638 4434 1817 4500 cuique
1832 4431 2121 4499 pulchrum.

538 4533 657 4588 Jam
679 4534 802 4587 olim
826 4534 1018 4601 opibus
1042 4540 1095 4585 et
1111 4528 1333 4596 imperio
1348 4537 1453 4580 tam
1476 4527 1580 4580 late
1603 4524 1819 4593 patenti,
1842 4539 1946 4578 non
1960 4524 2125 4580 armis

536 4633 591 4679 et
603 4638 658 4678 sa
668 4618 1213 4692 nguinequaesito,sed
1227 4633 1255 4671 a
1274 4617 1581 4685 parentibus
1596 4630 1688 4681 per
1701 4629 1889 4669 manus
1904 4616 2119 4681 tradito,

535 4717 795 4771 etrobore
808 4714 969 4768 animi
984 4708 1615 4779 corporisque,etvirtute
1629 4707 1952 4771 bellica,tnm
1966 4720 2122 4760 carus

534 4821 654 4861 eras
668 4807 934 4871 omnibus,
951 4812 1058 4855 tum
1075 4800 1234 4854 etiam
1263 4798 1651 4866 suSpiciendus.
1665 4797 1816 4851 Nunc
1837 4813 1963 4863 vero
1977 4806 2121 4866 post-

496 4888 499 4891 ’
533 4916 689 4970 quam
704 4900 883 4963 etiam,
908 4904 1159 4963 quantum
1175 4892 1372 4961 ingenii
1388 4892 1587 4945 viribus
1600 4891 1894 4960 studiisque
1907 4892 2119 4959 sapien-

2159 3607 2206 3670 C
2237 3622 2386 3664 esses
2408 3609 2624 3679 quidem
2650 3611 2839 3676 bonus,
2896 3612 2945 3666 id
3001 3615 3051 3665 in
3108 3623 3161 3669 te
3203 3617 3698 3686 complectebantur,
3738 3622 3775 3666 et

2236 3715 2422 3755 amore
2450 3705 2905 3770 prosequebantur
2937 3704 3167 3773 ingenti;
3201 3709 3343 3776 quod
3368 3724 3459 3765 rex
3498 3723 3653 3771 esses,
3698 3721 3773 3759 non

2236 3794 2307 3848 ita
2338 3795 2711 3850 admirandum
2739 3796 3021 3862 ducebant,
3078 3815 3199 3853 cum
3228 3810 3282 3854 et
3318 3802 3531 3856 scelesti
3579 3800 3775 3855 homines

2232 3899 2378 3954 saepe
2404 3900 2557 3953 reges
2589 3888 2806 3956 iuerint,
2834 3891 3074 3958 corporis
3104 3892 3262 3945 etiam
3295 3893 3515 3947 dotibus
3566 3892 3773 3959 insignes.

2233 3976 2333 4031 Ubi
2376 3993 2501 4031 vero
2542 3988 2631 4032 tua
2680 3991 3135 4035 sacramentorum
3192 3985 3424 4037 assertio
3476 3982 3675 4052 prodiit,
3701 3994 3774 4048 qua

2234 4068 2365 4121 nihil
2406 4070 2489 4122 vel
2511 4070 2807 4138 elegantius
2833 4072 2945 4124 fieri
2973 4082 3166 4140 potest,
3200 4073 3282 4126 vel
3337 4075 3539 4142 purius,
3574 4072 3647 4125 vel
3681 4085 3774 4122 san-
3872 4068 3873 4127 ἔ

2230 4162 2388 4224 ctius,
2416 4170 2470 4213 et
2500 4175 2602 4215 uno
2652 4162 2725 4215 uti
2771 4163 2936 4216 verbo
2980 4164 3173 4227 dicam,
3208 4163 3586 4229 Christianius,
3632 4162 3775 4232 opinio

2230 4252 2512 4319 probitatis
2562 4253 2721 4306 animi
2781 4254 2854 4306 tui
2906 4254 3272 4311 conﬁrmatior
3332 4258 3539 4312 reddita
3589 4263 3695 4317 est,
3744 4251 3776 4302 si
3872 4298 3873 4329 ἶ

2231 4340 2390 4395 modo
2429 4342 2481 4395 id
2533 4343 2651 4396 fieri
2695 4354 2938 4411 poterat:
2970 4360 3088 4399 nam
3141 4347 3443 4403 certissima
3496 4345 3775 4401 ﬁrmissima-
3872 4352 3873 4375 ³

2230 4448 2332 4501 que
2363 4433 2413 4485 in
2451 4436 2689 4487 omnium
2741 4435 2933 4489 animis
2976 4446 3090 4490 erat
3127 4439 3308 4491 multis
3364 4439 3620 4506 exemplis
3666 4435 3777 4487 velut

2226 4523 2391 4577 clavis
2439 4525 2618 4591 inﬁxa,
2664 4534 2719 4580 et
2754 4525 3034 4580 admiratio
3064 4528 3173 4595 jam
3201 4530 3341 4597 apud
3366 4544 3553 4583 omnes
3573 4528 3774 4583 subortu.

2230 4615 2432 4683 Nempe
2462 4626 2515 4670 et
2544 4616 2682 4683 apud
2713 4616 2833 4670 illos
2854 4619 2945 4686 qui
2993 4619 3223 4687 amplius
3252 4621 3631 4691 angustiusque
3676 4614 3776 4671 nihil

2223 4715 2411 4775 putant
2465 4714 2727 4774 potestate
2808 4709 2975 4776 regia,
3024 4722 3077 4763 et
3131 4724 3228 4763 eos
3290 4714 3381 4779 qui
3453 4711 3661 4765 divitias
3707 4723 3775 4760 su-

2224 4812 2317 4864 pra
2345 4810 2431 4850 res
2459 4796 2733 4850 universas
2763 4799 3121 4863 constituunt;
3149 4809 3204 4854 et
3222 4801 3310 4869 qui
3356 4802 3595 4870 corporis
3622 4812 3774 4853 mune-

2220 4892 2389 4954 ribus,
2419 4890 2623 4956 formae,
2657 4891 2888 4951 lacertis,
2915 4891 3134 4960 agilitati
3185 4896 3476 4961 plurimum
3533 4895 3770 4949 tribuunt;

532 4994 623 5047 tiae
638 4988 1170 5044 valeresdocumenta
1187 4983 1849 5052 dedisti,majorlitteratis
1874 4983 2118 5038 omnibus
2142 4980 2197 5042 D
2222 4990 2277 5037 et
2305 4983 2391 5050 qui
2422 4981 2546 5035 belli
2576 4980 2766 5035 artium
2798 4991 2919 5035 sunt
2949 4983 3196 5050 studiosi,
3230 4985 3379 5039 velut
3428 4980 3775 5053 omnipotentis

530 5082 744 5153 cepisti
774 5093 895 5134 esse
922 5092 984 5131 ac
1029 5075 1395 5130 admirabilior
1422 5092 1436 5126 :
1461 5090 1564 5129 non
1596 5075 1720 5143 quin
1749 5087 1800 5129 te
1820 5082 1977 5127 antea
1998 5088 2116 5142 per-

531 5175 711 5245 magni
736 5174 1088 5235 aestimarent;
1118 5168 1412 5238 praesertim
1443 5181 1561 5220 cum
1582 5180 1763 5234 regno.
1796 5164 1950 5232 cujus
1972 5174 2115 5232 pote-

530 5280 642 5325 stas
663 5265 1017 5334 majestasque
1032 5272 1113 5317 est
1126 5263 1178 5315 in
1196 5260 1352 5314 terris
1369 5258 1656 5313 secundum
1676 5259 1840 5312 Deum
1858 5257 2109 5323 maxima,

530 5357 694 5413 animi
759 5353 1099 5409 clementiam
1148 5351 1572 5420 probitatemque
1625 5347 1951 5417 adjunxeris,
2008 5363 2111 5417 quo

528 5450 708 5504 verior
727 5446 884 5501 ﬂeres
922 5445 1328 5515 expressiorque
1376 5452 1582 5497 natura:
1607 5440 1865 5508 Principis
1886 5440 2060 5507 imago
2092 5457 2104 5491 :

529 5542 617 5610 qui
642 5546 701 5593 ut
728 5540 1012 5601 maximus,
1044 5538 1111 5592 ita
1144 5546 1224 5589 est
1254 5545 1307 5590 et
1329 5535 1598 5601 optimus;
1630 5548 1692 5587 ac
1722 5532 1868 5600 prius
1895 5530 2109 5601 quidem

531 5636 764 5702 optimus
791 5645 947 5701 quam
978 5631 1258 5686 maximus.
1294 5628 1399 5684 Sed
1448 5630 1539 5699 qui
1575 5626 1765 5683 Studiis
1790 5626 1954 5681 dediti
2004 5639 2110 5679 non

530 5723 756 5790 perinde
787 5723 872 5779 vel
898 5722 1109 5779 divitias
1131 5722 1458 5789 suspiciunt,
1491 5719 1575 5776 vel
1598 5718 1937 5789 potentiam,
1965 5716 2109 5787 quod

2224 5086 2286 5125 ac
2317 5078 2492 5125 rerum
2530 5070 2728 5124 domini
2763 5089 2775 5123 τ
2808 5086 2912 5139 quo
2935 5071 2995 5125 ﬁt
3020 5083 3077 5126 ut
3110 5076 3353 5129 certatim
3397 5076 3657 5143 principes
3682 5086 3774 5123 οω-

2221 5177 2319 5216 nes
2346 5162 2630 5216 amicitiam
2658 5171 2850 5225 tecum,
2898 5162 3300 5233 quibuscunque
3348 5167 3557 5234 possint
3586 5159 3775 5219 rationi-

2220 5254 2321 5307 bus
2348 5254 2574 5321 viisque,
2600 5252 2837 5307 ambiant
2863 5270 2875 5306 :
2902 5268 3089 5308 omnes
3129 5255 3223 5309 tibi
3272 5257 3387 5312 sive
3420 5257 3638 5316 findere,
3661 5253 3768 5309 sive.

2219 5346 2359 5415 quod
2390 5345 2623 5413 optatius
2652 5348 2769 5411 'est,
2824 5346 3083 5415 sanguine
3128 5347 3637 5417 jungiaffectantes.
3684 5341 3771 5397 Nec

2219 5438 2542 5505 privatorum
2568 5435 2662 5490 tibi
2691 5436 2865 5490 studia
2886 5437 3098 5504 desunt,
3138 5454 3257 5508 quae
3284 5441 3400 5508 ipse
3450 5440 3651 5508 fulgore
3679 5446 3769 5488 tua-

2214 5545 2333 5584 rum
2363 5528 2614 5583 virtutum
2634 5527 2800 5583 facis:
2832 5529 2965 5584 alios
2986 5530 3305 5587 liberalitate
3323 5546 3421 5587 seu
3457 5528 3767 5601 magniﬁcen-

2215 5621 2287 5676 tia
2320 5622 2497 5691 potius
2519 5620 2779 5689 alliciens,
2808 5620 2943 5677 alios
2974 5622 3298 5678 humanitate
3312 5637 3377 5678 ac
3390 5625 3645 5680 suavitate
3668 5631 3766 5674 mo-

2214 5728 2357 5781 rum,
2382 5723 2603 5770 cunctos
2626 5713 2907 5782 prudentia
2953 5726 3115 5786 atquo
3152 5717 3379 5786 iustitia,
3422 5715 3624 5772 duabus
3661 5716 3769 5769 vero
