3974 6356
166 380 267 439 857

854 367 1209 427 VARIORUM
1251 357 1857 422 EXERCITATIONES
1894 354 1960 411 IN
1999 352 2059 410 S.
2101 346 2472 408 AUGUSTINI
2509 344 2753 403 OPERA.

3352 328 3461 393 458

163 496 327 566 regiis
344 492 649 548 virtutibus.
675 490 920 557 Quicum
944 488 1067 543 talis
1095 488 1189 552 sis,
1209 486 1450 555 profecto
1472 481 1753 552 impuden-
1782 482 1829 542 Α
1858 477 2017 544 quale
2043 474 2315 545 specimen
2344 471 2702 537 columenque
2733 459 3047 531 reipublicae
3101 451 3415 509 Christianae
3439 446 3455 503 !

167 593 294 646 tiam
322 603 497 644 meam
529 587 717 649 fateor,
750 598 895 653 saepe
923 596 1145 636 numero
1174 579 1269 633 tibi
1319 578 1657 633 innotescere
1685 574 1763 627 af-

170 680 396 737 fectavi:
431 680 705 749 quoniam,
739 676 854 729 haec
888 684 970 728 est
997 688 1115 727 mea
1152 669 1442 733 sententia,
1493 668 1608 722 laus
1657 680 1765 720 non

173 770 461 827 mediocris
476 768 571 822 tibi
596 767 681 821 vel
710 775 893 820 notum
932 778 1072 819 esse.
1108 763 1169 816 Et
1220 776 1339 816 cum
1366 760 1502 814 alias
1553 770 1771 825 semper

176 862 405 917 defuerit
431 858 668 925 occasio,
701 871 846 911 nunc
873 855 1048 924 seipsa
1075 864 1266 922 sponte
1311 851 1523 915 obtulit,
1570 849 1770 919 paratis

178 970 203 1007 a
229 968 319 1008 me
342 952 399 1007 in
416 949 696 1020 Augustini
728 949 892 1003 libros
919 947 988 1002 de
1024 946 1253 1001 Civitate
1306 944 1398 998 Dei
1442 949 1773 998 commenta-

179 1044 284 1109 riis,
321 1058 463 1113 quos
488 1058 610 1098 cum
644 1041 965 1110 dispicercm
992 1038 1077 1094 cui
1098 1038 1279 1092 dicare
1318 1037 1395 1090 sic
1448 1049 1682 1105 possem,
1714 1040 1775 1089 ut

183 1143 281 1190 tum
309 1135 552 1206 aliquam
583 1135 697 1203 ipse
720 1132 923 1188 laboris
948 1131 1052 1186 mei
1076 1129 1302 1200 gratiam
1326 1127 1518 1182 inirem
1534 1140 1638 1180 non
1658 1140 1775 1179 om-

168 1228 297 1281 uino
323 1225 779 1282 contemnendam
813 1239 828 1277 :
868 1235 976 1277 tum
1025 1224 1112 1276 cui
1166 1220 1494 1283 dicarentur,
1526 1233 1631 1272 non
1659 1232 1777 1288 per-

160 1320 294 1376 inde
343 1321 557 1377 litteras
596 1320 713 1375 dari
744 1319 1100 1383 existimaret,
1132 1330 1195 1370 ac
1217 1314 1465 1386 stipulas,
1498 1322 1555 1368 et
1581 1312 1773 1379 libros,

170 1428 235 1468 ac
255 1413 514 1468 sarcinas
548 1426 830 1482 capsarum
861 1409 1145 1473 molestas;
1199 1417 1311 1460 tum
1353 1405 1513 1460 etiam
1553 1417 1654 1458 ceu
1710 1404 1778 1457 ad

178 1518 460 1561 censorem
484 1506 857 1573 gravissimum
882 1502 1183 1565 mitterem;
1215 1500 1307 1569 qui
1335 1513 1473 1553 unus
1497 1499 1541 1551 si
1580 1512 1777 1566 appro.

179 1598 384 1663 basset,
406 1598 677 1667 suffragiis
702 1595 944 1650 omnium
967 1593 1177 1663 probati
1198 1590 1667 1658 commendatique
1698 1589 1781 1642 vi—

176 1689 461 1755 derentur,
518 1689 636 1758 ipse
661 1688 845 1742 multis
881 1684 1187 1740 nominibus
1240 1680 1648 1750 rationibusque
1693 1695 1784 1739 oc-

180 1784 419 1839 curristi.
449 1781 709 1846 Primum,
736 1778 876 1850 quod
902 1794 964 1833 ea
1016 1792 1075 1832 es
1106 1777 1304 1830 virtute
1340 1788 1405 1828 ac
1435 1773 1703 1843 doctrina,
1730 1781 1788 1827 ut

1868 583 1976 639 quo
1998 581 2105 620 uno
2135 564 2319 619 multis
2342 562 2552 623 ritibus,
2576 557 2758 613 multis
2786 552 3022 618 statutis,
3075 545 3335 608 moribus,
3356 555 3465 597 cai-

1868 661 2113 718 rimoniis
2133 658 2234 729 piis
2259 672 2323 713 ac
2341 654 2661 711 venerandis
2685 659 2767 707 est
2791 649 2876 704 illa
2928 646 3110 702 innixa
3141 660 3155 698 :
3177 654 3277 696 nec
3320 637 3466 707 inju-

1869 758 1975 813 ria.
2000 755 2124 810 Fuit
2148 753 2291 808 enim
2342 750 2398 805 in
2429 749 2548 803 viro
2574 746 2667 802 illo
2706 742 2941 800 studium
2975 737 3329 798 uberrimum,
3375 745 3468 786 co-

1870 850 2039 921 gnitio
2069 859 2340 903 sacrarum
2369 842 2768 911 Scripturarum
2808 831 3173 895 exactissima,
3209 821 3471 896 judicium

1874 920 1999 998 acre
2028 951 2082 996 et
2107 946 2404 1000 'extersum,
2434 932 2704 1002 ingenium
2746 926 2813 982 ad
2855 920 3173 980 miraculum
3228 924 3469 973 acutum.

1876 1032 2137 1102 Fuitipse
2162 1024 2471 1085 sincerioris
2516 1020 2729 1093 pietatis
2785 1012 3226 1086 diligentissimus
3276 1020 3475 1076 propu-

1877 1136 2087 1199 gnator,
2116 1123 2355 1178 moribus
2370 1113 2837 1179 mansuetissimis,
2856 1119 2909 1166 et
2926 1108 2995 1163 ad
3011 1105 3289 1161 caritatem
3313 1113 3477 1154 evan-

1878 1192 2105 1292 gelicam
2133 1216 2326 1274 effictis
2351 1224 2512 1283 atque
2562 1206 2853 1277 expressis,
2899 1204 3133 1269 vitaeque
3176 1192 3481 1264 integritate

1881 1289 2272 1382 sanctitateque
2295 1306 2517 1377 insignis
2540 1313 2593 1359 et
2620 1298 2926 1357 adorandus
2950 1314 2963 1348 :
2987 1308 3107 1365 qua:
3136 1289 3314 1346 omnia
3359 1301 3481 1355 per-

1884 1411 2037 1479 sequi
2068 1423 2134 1462 ne
2155 1380 2426 1460 volumine
2455 1400 2669 1471 quidem
2701 1397 2843 1464 justo
2892 1388 3089 1460 possis,
3144 1383 3341 1440 nedum
3368 1380 3486 1448 epi-

1885 1477 2045 1558 stola.
2076 1500 2223 1554 Bene
2245 1496 2386 1567 quod
2415 1494 2483 1548 de
2511 1490 2775 1559 scriptore
2809 1482 3017 1555 agimus
3043 1477 3291 1534 omnibus
3332 1482 3481 1535 noto,

1888 1598 1983 1653 tibi
2005 1598 2164 1652 etiam
2197 1590 2468 1647 familiari.
2495 1586 2612 1641 Jam
2636 1596 2773 1653 opus
2799 1594 2906 1634 non
2936 1586 3019 1632 est
3046 1575 3114 1629 de
3142 1570 3265 1627 filiis
3294 1568 3485 1632 Niobe,

1889 1691 2029 1760 quod
2060 1689 2229 1750 aiunt,
2264 1692 2355 1739 aut
2389 1684 2457 1737 de
2479 1680 2649 1751 portis
2670 1676 3005 1735 Thebarum;
3029 1683 3137 1722 non
3161 1666 3229 1721 de
3250 1662 3488 1719 sarcien-

1891 1755 1975 1837 dis
2006 1780 2264 1846 vestibus,
2298 1784 2391 1830 aut
2418 1770 2670 1843 parandis
2703 1762 3083 1835 voluptatibus,
3127 1773 3234 1812 non
3266 1755 3334 1810 de
3359 1765 3491 1821 agro

188 1886 281 1941 tibi
310 1886 471 1941 etiam
502 1883 766 1938 dicasscm
799 1881 843 1933 si
903 1877 1145 1946 privatus
1166 1888 1339 1929 esses.
1392 1871 1593 1925 Deinde
1643 1867 1784 1939 quod
1813 1866 1864 1929 Β
1890 1877 2120 1934 emendo
2155 1894 2168 1930 ε
2201 1888 2320 1944 quae
2341 1870 2538 1940 alioqui
2569 1871 2883 1937 argumenta
2934 1858 3103 1927 magis
3131 1863 3255 1909 sunt
3282 1863 3495 1920 quoque

192 1981 327 2033 viam
356 1978 492 2032 hanc
514 1973 976 2045 expeditissimam
1010 1967 1319 2031 cernebam,
1364 1979 1468 2034 qua
1493 1962 1602 2018 voti
1629 1960 1786 2016 facile

191 2084 413 2139 compos
440 2068 623 2123 fierem
644 2066 755 2136 jam
777 2064 986 2135 pridem
1010 2058 1253 2127 concepti
1274 2066 1328 2110 et
1350 2054 1660 2123 nuncupati.
1687 2053 1789 2107 Ac-

192 2164 333 2219 cedit
358 2165 481 2229 huc,
508 2159 674 2231 quod,
705 2154 1157 2227 quemadmodum
1184 2150 1392 2219 experti
1418 2154 1661 2214 narrant,
1696 2145 1790 2198 oh-

191 2259 310 2313 vius
338 2272 398 2311 es
422 2271 482 2310 ac
514 2253 796 2324 expositus
823 2247 1129 2319 hujusmodi
1184 2245 1498 2300 muneribus
1542 2260 1554 2293 :
1598 2240 1791 2309 quibus

190 2350 432 2420 gratiora
459 2346 547 2400 vix
575 2345 670 2400 tibi
694 2344 799 2399 ulla
821 2348 1046 2411 possunt
1070 2336 1403 2405 contingere.
1429 2333 1559 2387 Nam
1578 2342 1790 2393 aurum,

190 2448 493 2510 argentum,
518 2452 776 2508 gemmas,
810 2444 1007 2498 vestes,
1036 2443 1225 2500 equos,
1255 2442 1401 2482 arma
1430 2425 1526 2479 tibi
1550 2424 1639 2493 qui
1665 2420 1796 2475 ull‘e-

190 2544 278 2590 rat
311 2532 466 2601 plane
494 2529 649 2594 mari,
681 2528 822 2596 quod
866 2526 1036 2587 aiunt,
1068 2536 1283 2590 aquam,
1342 2525 1433 2572 aut
1473 2514 1703 2569 saltibus
1735 2512 1794 2565 li-

190 2642 323 2698 gna.
370 2625 435 2678 Et
462 2623 706 2694 profecto
730 2632 786 2675 ut
812 2620 933 2675 aliis
955 2619 1009 2673 in
1032 2618 1193 2673 rebus
1215 2613 1490 2675 omnibus,
1522 2612 1594 2665 ita
1619 2610 1669 2663 in
1694 2608 1798 2661 hoc

193 2714 844 2788 qnoqueprudentissime
864 2712 998 2781 agis,
1025 2710 1116 2778 qui
1144 2707 1357 2775 dignam
1382 2705 1583 2758 virtute
1602 2717 1665 2757 ac
1686 2715 1799 2756 me—

195 2810 322 2864 ritis
344 2808 447 2863 tuis
468 2806 607 2876 apud
637 2814 883 2876 posteros
906 2802 1131 2871 gloriam
1168 2799 1320 2854 libris
1370 2796 1652 2851 doctorum
1704 2794 1801 2845 bo-

202 2905 413 2958 minum
434 2903 604 2971 parari
627 2902 828 2969 cogites
858 2917 871 2953 :
897 2899 940 2951 si
970 2912 1076 2952 nou
1107 2894 1239 2949 meis
1263 2902 1357 2947 aut
1386 2890 1491 2946 mei
1521 2887 1798 2953 similium,

205 3006 356 3051 certe
383 2995 587 3050 facilem
610 3002 661 3047 te
682 3001 736 3048 et
779 2991 1166 3061 perhumanum
1208 2984 1454 3039 litteratis
1475 2978 1802 3042 exhibendo,

220 3088 279 3142 in
307 3088 532 3157 aliquem
580 3085 784 3141 incides
812 3084 965 3151 cujus
990 3080 1131 3151 stylo
1157 3093 1255 3132 ceu
1292 3075 1539 3145 penicillo
1568 3070 1805 3143 quodam

230 3182 599 3245 eruditissimo,
632 3179 840 3247 effigies
872 3175 1027 3230 istius
1050 3168 1479 3242 prmstantissimi
1524 3176 1688 3236 atque
1714 3180 1810 3232 op-

1891 1972 2106 2041 regibus
2152 1968 2426 2029 dedicata;
2459 1962 2554 2017 sed
2586 1962 2653 2016 de
2700 1966 2925 2026 utraque
2968 1952 3185 2007 civitate
3212 1944 3397 2001 mundi
3438 1949 3497 1997 et

1896 2064 2012 2127 Dei,
2045 2062 2235 2133 quibus
2266 2057 2461 2127 angeli,
2508 2055 2804 2111 diemones.
2856 2045 3207 2113 homineSque
3257 2034 3499 2093 universi

1895 2129 2236 2211 continemur
2268 2169 2281 2204 :
2312 2160 2368 2205 ut
2388 2156 2547 2211 natae,
2573 2154 2632 2201 ut
2668 2144 2909 2199 educata:
2956 2138 3094 2201 sint;
3145 2142 3203 2188 ut
3248 2129 3499 2184 adoleve-

1895 2251 2026 2313 rint,
2055 2261 2160 2309 quo
2185 2243 2424 2306 tendant,
2456 2249 2509 2295 et
2536 2238 2685 2307 quid,
2728 2235 2818 2290 ubi
2876 2232 2943 2287 ad
2998 2239 3197 2284 metam
3218 2237 3501 2296 percurre-

1898 2346 2040 2405 rint,
2070 2342 2310 2394 faeturae.
2350 2337 2481 2404 Qua:
2512 2344 2569 2389 ut
2598 2332 2863 2403 explicet,
2886 2327 3018 2383 nihil
3045 2336 3221 2393 neque
3261 2320 3504 2391 profanae

1901 2432 2242 2505 praetermisit
2271 2427 2605 2491 eruditionis,
2658 2437 2830 2493 neque
2893 2433 3082 2485 sacrae,
3114 2413 3256 2487 quod
3282 2428 3390 2467 non
3420 2422 3506 2465 at-

1901 2528 2071 2595 tingat
2092 2535 2144 2577 et
2165 2530 2419 2592 exponat.
2445 2519 2810 2575 Romanorum
2828 2529 2918 2570 res
2944 2508 3506 2582 gestas,deos,sacra,

1904 2632 1959 2674 et
1988 2618 2345 2683 carrimonias,
2379 2612 2828 2685 philosophorum
2857 2609 3071 2678 placita,
3102 2605 3362 2660 cmlorum
3399 2608 3509 2653 ter-

1904 2728 2108 2783 raique,
2146 2718 2256 2763 tum
2303 2708 2639 2777 angelorum,
2664 2704 2991 2768 daemonum,
3019 2698 3295 2753 hominum
3347 2692 3511 2761 origi-

1908 2821 2054 2860 nem.
2081 2803 2214 2857 Hinc
2234 2800 2427 2870 quibus
2451 2796 2619 2852 initiis
2649 2794 2879 2866 populus
2909 2791 3007 2847 Dei
3027 2787 3280 2852 creverit,
3301 2792 3356 2840 et
3377 2795 3513 2854 quo-

1909 2897 2070 2954 modo
2122 2909 2289 2964 usque
2330 2891 2395 2946 ad
2430 2891 2703 2946 Christum
2738 2886 3031 2943 Dominum
3087 2884 3347 2938 deductus
3397 2887 3511 2943 est;

1914 3002 2023 3044 tum
2047 2988 2166 3041 duae
2191 2985 2439 3041 civitates
2462 2989 2862 3053 comparantur,
2889 2978 2981 3033 Dei
3002 2985 3059 3032 et
3088 2972 3295 3039 mundi,
3318 2985 3516 3041 regna-

1912 3097 2015 3152 que
2044 3078 2382 3135 adducuntur
2412 3074 2715 3146 Assyrium,
2746 3071 3058 3141 Sicyonum,
3089 3065 3370 3136 Argivum,
3414 3061 3517 3116 At-

1915 3174 2102 3239 ticum,
2135 3169 2406 3231 Latinum,
2430 3163 2726 3220 Persicum.
2759 3160 2889 3216 Post
2908 3159 3026 3214 hac
3045 3155 3173 3228 quid
3203 3154 3270 3209 de
3302 3152 3521 3208 Christo

238 3273 510 3330 timianimi
542 3273 756 3341 depicta
779 3269 1077 3324 etformata
1100 3260 1492 3320 immortalitati
1532 3272 1810 3315 commen-
1832 3250 1882 3314 C
1913 3277 2068 3319 vates
2083 3270 2137 3316 et
2161 3258 2385 3325 ethnici,
2411 3263 2467 3312 et
2485 3254 2657 3310 Judaei
2684 3251 3060 3322 przedixerint.
3100 3247 3219 3303 lam
3275 3244 3522 3300 dicturus

226 3366 411 3421 detur:
444 3382 543 3422 nec
565 3366 674 3419 ullo
715 3351 1002 3418 oblivionis
1033 3358 1305 3429 operiatur
1344 3355 1469 3417 situ,
1518 3360 1612 3406 aut
1659 3358 1811 3404 vetu-

226 3459 377 3513 statis
423 3458 616 3526 injuria
641 3464 1040 3521 corrumpatur,
1084 3460 1137 3504 et
1182 3456 1482 3502 memoratu
1512 3444 1670 3513 digna
1703 3458 1812 3495 non

229 3561 397 3608 taceat
435 3551 714 3622 posteritas
757 3547 1011 3602 virtutum
1055 3542 1205 3598 testis
1261 3541 1591 3607 incorrupta,
1653 3534 1813 3588 simul

230 3647 282 3702 in
323 3648 536 3718 gloriam
570 3645 775 3713 tuijam
794 3642 920 3697 olim
950 3640 1089 3696 caelo
1137 3636 1354 3699 redditi,
1406 3631 1649 3703 quamvis
1698 3632 1815 3684 leve

237 3741 335 3795 hoc
360 3749 412 3795 et
438 3737 836 3809 negligendum,
867 3734 1025 3788 simul
1066 3728 1209 3800 quod
1262 3740 1509 3793 maguum
1554 3721 1816 3791 imprimis

239 3840 334 3898 est,
362 3838 415 3887 et
433 3830 719 3899 optandum
747 3828 799 3880 in
829 3823 1137 3893 exemplum
1154 3835 1339 3875 eorum
1355 3818 1443 3887 qui
1469 3827 1593 3870 ttmc
1615 3815 1813 3868 vivent.

1917 3359 1985 3414 de
2016 3372 2142 3412 vera
2172 3355 2441 3420 felicitate,
2477 3349 2759 3421 opiniones
2794 3356 3035 3402 veterum
3073 3338 3523 3414 philosophorum

1919 3455 1985 3508 de
2018 3452 2106 3506 illa
2133 3450 2376 3505 confutat
2423 3454 2479 3501 et
2506 3443 2721 3499 refellit.
2764 3441 3031 3508 Deinceps
3055 3446 3116 3491 ut
3170 3445 3426 3490 venturus
3452 3432 3525 3487 sit

1921 3545 2167 3601 Christus
2196 3542 2263 3597 de
2285 3539 2445 3594 bonis
2473 3534 2739 3603 malisque
2769 3531 3212 3603 pronuntiaturus
3251 3524 3415 3596 judex
3446 3524 3523 3576 vi-

1920 3652 2108 3692 vorum
2135 3643 2190 3690 et
2215 3641 2572 3689 mortuorum.
2606 3628 2687 3682 Ad
2720 3626 2838 3681 haec
2877 3624 2946 3679 de
2972 3622 3360 3677 sceleratorum
3391 3628 3526 3684 sup-

1922 3730 2118 3801 pliciis.
2147 3728 2428 3782 Postremo
2456 3723 2523 3776 de
2565 3718 2776 3791 gaudiis
2816 3716 3029 3786 piorum
3070 3720 3125 3768 et
3158 3718 3360 3766 aeterna
3401 3707 3527 3762 feli-J

1924 3799 2104 3876 citate.
2158 3822 2336 3887 Atque
2388 3814 2505 3868 haec
2558 3811 2741 3866 omnia
2794 3810 2932 3863 miro
2988 3804 3235 3875 ingenio,
3289 3799 3527 3856 maximo

241 3922 432 3978 Praeter
457 3923 571 3975 hinc
597 3918 775 3973 omnia
803 3915 1052 3985 congruit
1091 3913 1204 3966 sive
1232 3909 1443 3979 ingenio
1490 3907 1603 3961 sive
1630 3903 1822 3957 studiis

247 4016 342 4069 tuis
377 4015 472 4069 hoc
492 4028 647 4083 opus,
685 4012 737 4065 in
792 4008 932 4079 quod
974 4004 1304 4074 Augustinus
1343 3999 1595 4069 optimam
1635 4010 1823 4050 eorum

247 4115 457 4175 partem,
487 4120 607 4175 quae
627 4101 767 4171 apud
796 4109 1004 4155 veteres
1033 4097 1237 4166 legerat
1259 4100 1525 4157 auctores,
1572 4097 1825 4158 tanquam

252 4200 300 4255 in
321 4200 593 4255 thesauros
618 4194 851 4264 conjecit
874 4211 885 4246 :
912 4205 1127 4259 nempe,
1170 4202 1291 4242 cum
1326 4183 1574 4240 omnibus
1621 4179 1823 4233 acutis-

260 4292 410 4360 simis,
443 4304 651 4346 summa
672 4285 909 4357 praeditis
937 4293 992 4339 et
1020 4279 1327 4352 eloquentia
1354 4287 1411 4333 et
1449 4275 1692 4329 doctrina
1713 4272 1825 4326 dis-

262 4394 534 4453 putaturus.
561 4381 679 4447 Quo
724 4378 919 4433 factum
962 4384 1045 4432 est
1074 4383 1131 4429 ut
1170 4373 1310 4428 aliud
1344 4385 1506 4440 agens
1534 4366 1703 4432 magis
1735 4378 1831 4431 op-

1927 3906 2514 3975 acumine,eruditione
2535 3900 2925 3969 excultissima,
2958 3896 3098 3968 stylo
3119 3894 3319 3950 mundo
3350 3902 3406 3949 et
3430 3908 3529 3948 ex-

1928 4015 2094 4069 terso,
2126 4002 2298 4071 qualis
2324 4007 2598 4053 auctorem
2638 4010 2734 4065 per
2759 4007 2919 4048 omne
2940 3989 3345 4059 disciplinarum
3387 3988 3526 4042 scri-

1930 4108 2251 4169 ptorumque
2280 4108 2449 4165 genus
2472 4099 2744 4147 versatum
2775 4084 3202 4155 exercitumque,
3235 4092 3289 4137 et
3304 4096 3392 4137 res
3411 4081 3531 4136 illas

1933 4204 2157 4258 magnas
2187 4196 2242 4242 et
2266 4182 2758 4257 priestantissimas,
2792 4188 2847 4235 et.
2874 4193 2970 4234 eos
2997 4175 3315 4247 quibuscum
3345 4175 3532 4243 dispu-

1933 4282 2183 4345 tabatur,
2210 4277 2454 4333 decebat.
2500 4275 2669 4344 Leges
2691 4274 2891 4342 itaque,
2924 4268 3223 4324 clarissime
3251 4277 3304 4322 et
3326 4267 3533 4337 optime

1933 4392 2052 4441 rex,
2078 4376 2141 4431 iis
2187 4374 2355 4440 horis,
2375 4384 2507 4442 quas
2532 4380 2589 4423 tu
2616 4368 2895 4423 immensis
2920 4365 3071 4433 regni
3100 4362 3332 4433 negotiis
3370 4370 3534 4432 atque

266 4476 487 4529 timaram
515 4486 699 4529 rerum
736 4468 967 4525 servarit
1006 4466 1292 4536 reliquias,
1324 4459 1612 4515 domiciliis
1642 4471 1805 4511 earun

1937 4464 2378 4536 occupationibus
2408 4459 2708 4526 suﬂ'uraris,
2738 4467 2796 4513 ut
2819 4458 3013 4512 litteris
3053 4466 3107 4511 et
3135 4454 3337 4525 ingenii
3364 4453 3535 4509 cultui

268 4568 470 4638 “quasi
510 4566 729 4622 sedibus
778 4563 919 4617 unde
965 4561 1110 4629 ιπίυε
1150 4556 1259 4628 Peti
1304 4554 1548 4610 5019mm
1604 4548 1831 4607 θνθΐείεο
1938 4558 2242 4630 impendas,
2275 4555 2436 4612 simul
2463 4564 2676 4609 nostros
2704 4549 3139 4607 Commentarios
3173 4545 3481 4617 degustabis
3513 4562 3533 4599 :

271 4637 421 4731 Indue
439 4676 537 4731 pro
566 4660 830 4721 Varrone.
856 4670 952 4725 pro
975 4653 1250 4718 SaIIUStiO.
1280 4663 1379 4718 pro
1405 4646 1573 4706 Livio.
1602 4658 1696 4711 pro
1746 4640 1835 4731 Ci-
1861 4641 1917 4703 D
1940 4654 2009 4709 de
2039 4654 2232 4724 quibus
2258 4652 2384 4706 licet
2409 4649 2538 4704 mihi
2556 4649 2756 4711 dicere,
2785 4643 2927 4714 quod
2945 4641 3167 4698 Ovidius
3196 4640 3263 4695 de
3291 4639 3403 4693 suis
3430 4637 3535 4692 Fa-

276 4730 683 4808 ceroneiinlibris
705 4745 995 4817 derepubl.
1017 4742 1197 4813 magni
1218 4737 1529 4811 posterioris
1546 4730 1832 4789 aetatisviri
1936 4756 2140 4803 ειοηηη
2164 4746 2313 4801 libris
2339 4744 2473 4799 dixit
2507 4756 2628 4797 cum
2681 4754 2775 4795 eos
2812 4736 3134 4795 Germanico
3170 4732 3373 4790 amari
3408 4730 3537 4787 mit.

276 4844 395 4903 hisce
411 4842 691 4916 Augustini
722 4840 937 4909 scriptis
976 4844 1099 4891 sunt
1133 4833 1300 4903 adjuti
1344 4848 1357 4884 τ
1389 4839 1449 4884 ut
1487 4825 1826 4891 Hermolaus,
1940 4849 2079 4896 ιετει
2111 4856 2124 4892 ε

279 4937 560 5004 Politianus,
588 4933 843 4993 Blondus.
896 4924 1207 4991 Beroaldus,
1239 4938 1360 4994 qua:
1413 4932 1468 4976 tu
1495 4922 1676 4973 omnia
1726 4932 1834 4970 non

282 5032 335 5087 ita
353 5032 504 5101 leges,
536 5038 596 5083 ut
615 5040 753 5081 nova
775 5023 868 5079 tibi
899 5032 953 5076 et
976 5018 1230 5081 inaudita,
1276 5014 1370 5070 sed
1428 5021 1486 5067 ut
1542 5020 1723 5064 vetera
1751 5022 1838 5061 re-

286 5097 560 5193 cognosces.
586 5118 739 5173 Adde
771 5113 914 5185 quod
959 5109 1239 5181 Augustini
1268 5117 1524 5172 tuumque
1568 5097 1841 5155 scribendi

288 5192 547 5271 institutum
570 5210 762 5269 eodem
789 5202 1177 5275 propemodum
1208 5198 1459 5253 videntur
1493 5192 1839 5262 pertinuisse.

289 5308 387 5362 Nam
414 5316 469 5361 ut
491 5314 547 5361 tu
571 5310 760 5358 contra
779 5296 1123 5367 Babyloniam
1145 5290 1497 5363 pro‘meliore
1519 5286 1609 5340 illa
1625 5284 1843 5351 scripsi-

291 5402 337 5456 sti
358 5401 531 5463 Roma,
563 5398 634 5450 ita
666 5401 719 5448 et
739 5387 1070 5460 Augustinus
1097 5393 1282 5440 contra
1326 5376 1669 5450 Babyloniam
1698 5375 1843 5429 illam

290 5504 489 5549 veterem
518 5488 743 5543 Romam
763 5478 1121 5537 Christianam
1149 5484 1203 5529 et
1230 5473 1554 5528 sanctiorem
1580 5464 1843 5523 defendit.

292 5582 509 5654 Gougruit
536 5589 593 5635 et
620 5570 972 5645 magnitudini
1018 5578 1124 5623 tuae
1171 5580 1279 5620 non
1306 5576 1441 5632 opus
1493 5575 1694 5622 meum,
1747 5554 1844 5611 sed

295 5675 553 5747 Augustini,
585 5671 685 5727 sub
710 5682 818 5739 quo
846 5666 960 5734 ipse
973 5662 1249 5725 delitesco,
1282 5657 1395 5712 sive
1418 5661 1603 5710 auctor
1636 5658 1846 5720 specte-

295 5742 373 5839 tur,
400 5772 509 5826 sive
538 5742 760 5823 materia
787 5757 986 5830 operis.
1017 5758 1217 5810 Auctor
1244 5760 1327 5807 est
1353 5748 1700 5819 Augustinus,
1744 5742 1847 5809 vir,

295 5837 426 5922 Deum
484 5854 866 5919 immortalem.
915 5863 1075 5925 quam
1118 5854 1334 5902 sanctus
1366 5882 1381 5908 ,
1434 5854 1594 5911 quam
1637 5837 1850 5904 doctus,

2070 4996 2256 5057 Pagina
2275 4990 2673 5057 judicium‘docti
2690 4988 2913 5057 subitura
2935 4988 3164 5057 movetur

2134 5044 2406 5119 Frinc'ipis,
2435 5058 2489 5103 ut
2505 5050 2669 5103 Clario
2691 5052 2838 5101 missa
2858 5046 3073 5110 legenda
3092 5044 3189 5095 deo

1944 5272 2095 5341 Quos
2121 5268 2167 5324 si
2210 5267 2303 5322 tibi
2324 5280 2431 5321 non
2461 5260 2801 5333 displicuisse
2821 5272 3063 5323 sensero,
3120 5255 3255 5312 nihil
3307 5257 3540 5313 verebor

1883 5366 1889 5373 '
1947 5378 2015 5419 ne
2036 5376 2225 5433 parum
2247 5358 2369 5414 aliis
2414 5354 2727 5427 probentur.
2757 5351 2889 5418 Quis
2912 5349 3052 5405 enim
3080 5348 3216 5404 adeo
3256 5349 3539 5419 impudens

1946 5459 2038 5522 sit,
2060 5464 2168 5510 uta
2191 5464 2297 5508 tam
2314 5458 2511 5507 exacto
2531 5447 2733 5517 judicio
2754 5444 3041 5501 dissentire
3069 5458 3177 5497 non
3225 5440 3539 5496 erubescat!

1952 5548 2106 5617 Quod
2125 5547 2171 5601 si
2196 5545 2313 5615 quis
2343 5541 2554 5605 audeat,
2588 5548 2676 5593 tua
2704 5545 2882 5591 tamen
2904 5535 2990 5590 vel
3021 5535 3180 5588 tacita
3204 5531 3333 5586 mihi
3364 5540 3540 5598 patro-

1951 5640 2218 5699 cinabitur
2242 5636 2551 5692 auctoritas.
2585 5630 2737 5697 Vale,
2769 5631 2967 5699 optime
3004 5643 3121 5693 rex,
3151 5636 3206 5682 et
3234 5625 3422 5679 Vivent
3447 5622 3540 5681 tibi

1954 5732 2377 5791 addictissimum
2400 5726 2589 5797 quovis
2610 5723 2730 5779 loco
2750 5737 2993 5788 numera,
3023 5719 3188 5776 modo
3234 5718 3372 5773 inter
3393 5723 3539 5787 tuos,

1956 5823 2206 5893 Lovanii,
2234 5818 2390 5879 nonis
2415 5812 2771 5885 Julii|,15ﬂ.
