3974 6356
513 327 624 389 459

804 437 899 493 JO.
930 430 1171 491 LODOV.
1204 430 1380 486 VlVlS
1408 428 1801 494 VALENTINI,

586 551 635 589 IN
659 547 784 589 SUOS
811 542 1219 587 COMNENTANOS
1245 542 1312 580 AD
1342 539 1523 579 ιιηιιοε
1550 539 1616 577 DE
1648 536 1897 577 CIVITATE
1929 534 2037 573 DEI.

592 626 815 693 Quando
846 624 911 678 de
938 622 1232 691 Augustino
1256 619 1431 688 deque
1460 617 1577 685 ejus
1604 631 1789 684 opere,
1841 622 2099 684 quantum

519 718 735 788 quidem
765 715 1066 777 videbatur,
1106 726 1292 771 sumus
1340 708 1535 774 locuti,
1586 722 1728 763 nunc
1751 723 1874 761 cum
1903 706 2105 760 lectore

518 814 638 882 ipso
659 812 930 879 aliquanto
960 806 1277 861 familiarius
1324 804 1390 858 de
1433 803 1581 857 hisce
1610 803 1742 857 meis
1766 800 2108 856 Commenta-

516 905 613 959 riis
626 903 754 957 libet
772 902 1041 971 paulisper
1055 897 1401 955 commentari
1412 894 2011 951 .ErasmusRoterodam
2020 908 2102 957 us,

517 997 601 1049 vir
631 995 767 1050 adeo
797 993 1042 1049 laudatus
1068 1009 1100 1047 a
1130 992 1373 1062 plurimis
1392 1032 1407 1058 ,
1459 1001 1516 1045 ut
1541 991 1606 1044 ad
1637 1005 1756 1045 eum
1801 989 1992 1059 gloria}
2015 1003 2107 1042 cu-

515 1088 723 1143 mulum
750 1086 881 1141 nihil
908 1086 976 1139 sit
999 1099 1117 1140 mea
1147 1084 1214 1139 de
1239 1084 1334 1138 illo
1356 1082 1684 1152 praedicatio,
1707 1092 1799 1135 aut
1820 1095 2107 1151 perparum

516 1176 786 1245 additura,
840 1190 959 1230 cum
995 1183 1117 1245 post
1144 1174 1525 1245 Hieronymum
1573 1180 1629 1227 et
1652 1170 1977 1241 Cyprianum
2024 1186 2110 1226 re-

516 1267 787 1336 cognitos,
834 1265 1192 1335 Augustinum
1238 1278 1450 1334 quoque
1491 1262 1738 1318 eumdem
1790 1263 1841 1315 in
1888 1260 2109 1315 modum

514 1371 851 1430 perpurgare
879 1355 1225 1419 decrevisset,
1276 1369 1375 1409 nec
1401 1353 1491 1407 uni
1536 1353 1636 1422 ipsi
1661 1359 1875 1407 vacaret
1905 1358 2110 1404 tantum

516 1464 745 1520 operum
776 1448 1038 1503 librorum
1069 1447 1245 1511 obire,
1270 1445 1389 1499 aliis
1424 1459 1637 1514 quoque
1662 1443 1870 1513 magnis
1896 1450 1952 1496 et
1972 1456 2110 1512 prae-

515 1542 786 1599 stantibus
812 1542 976 1597 rebus
1005 1551 1285 1608 occupato,
1303 1538 1437 1592 alios
1464 1537 1565 1593 sibi
1590 1537 1831 1607 adjunxit
1856 1536 1970 1591 sive
1991 1549 2112 1603 ope-

518 1636 600 1690 ris
625 1634 820 1700 socios,
851 1633 964 1687 sive
989 1631 1263 1687 ministros
1294 1648 1307 1684 :
1339 1631 1481 1685 inter
1501 1644 1637 1699 quos
1665 1645 1751 1684 me
1781 1629 1942 1683 etiam
1974 1626 2113 1682 asci-

517 1728 627 1791 vit;
682 1739 914 1794 cumque
964 1722 1104 1788 aliis,
1160 1720 1305 1792 quod
1358 1736 1545 1776 eorum
1598 1727 1742 1775 esset
1784 1728 1839 1773 et
1884 1719 2114 1788 amplior

521 1817 773 1883 eruditio,
797 1824 854 1872 et
879 1815 1151 1886 ingenium
1180 1814 1411 1882 felicius,
1442 1823 1499 1869 et
1519 1813 1791 1883 diligentia
1812 1812 2110 1879 dexterior,
2142 1810 2191 1872 B

518 1908 770 1979 graviora
813 1906 1123 1962 mandasset
1151 1915 1314 1975 atque
1340 1904 1564 1975 majora,
1590 1905 1723 1960 mihi
1765 1905 1932 1959 libros
1959 1906 2112 1959 attri-

520 1999 637 2055 buit
663 2000 729 2053 de
744 1998 972 2053 Civitate
997 1997 1093 2053 Dei
1123 1997 1257 2052 duos
1287 2006 1342 2053 et
1365 1997 1573 2068 viginti.
1621 1997 1772 2064 Quod
1810 2012 1945 2065 opus
1974 1999 2115 2053 bona

520 2108 592 2149 ex
622 2101 774 2161 parte
815 2100 927 2146 tum
957 2106 1139 2147 rerum
1184 2100 1454 2161 gestarum
1487 2089 1901 2161 fabularumque
1932 2106 2118 2146 narra-

521 2185 783 2249 tionibus,
811 2195 921 2239 tum
946 2184 1401 2254 disputationibus
1424 2184 1810 2255 philosophicis
1830 2199 2115 2241 consume-

522 2284 708 2341 retur;
742 2275 936 2344 quibus
957 2276 1120 2331 rebus
1147 2275 1345 2330 bonam
1367 2276 1542 2331 aatatis
1570 2285 1776 2345 partem
1798 2275 2118 2331 videbamur

522 2368 882 2437 impendisse,
916 2382 1111 2438 magno
1140 2368 1358 2437 quidem
1388 2376 1585 2423 conatu
1615 2383 1678 2423 ac
1710 2378 1857 2434 voto,
1910 2370 2115 2424 utinam

526 2460 645 2531 pari
675 2474 951 2514 successu.
984 2458 1311 2529 Theologica
1339 2459 1557 2515 tametsi
1585 2459 1752 2514 multa
1779 2460 2013 2527 inerant,
2038 2467 2119 2513 ta-

526 2566 651 2607 men
676 2565 781 2605 non
814 2551 888 2605 ita
917 2550 1120 2617 forsan,
1155 2536 1366 2605 ut'aliis
1398 2550 1552 2605 libris
1572 2550 1783 2617 crebra,
1813 2566 2117 2621 quanquam

526 2644 597 2698 ab
628 2644 729 2699 hac
756 2643 917 2698 etiam
949 2651 1294 2698 sacrosancta
1322 2642 1609 2713 disciplina
1640 2659 1911 2713 nunquam
1959 2643 2121 2701 alieni

526 2736 750 2800 fuimus,
791 2742 1049 2804 quantum
1092 2749 1187 2802 per
1225 2742 1440 2789 aetatem
1480 2744 1753 2802 nostram,
1794 2744 1848 2791 et
1894 2737 2119 2791 aliarum

528 2829 723 2883 artium
754 2843 875 2899 quae
902 2842 1002 2883 nos
1031 2829 1259 2885 mirifice
1296 2838 1557 2899 ceperunt
1584 2830 1779 2895 studia,
1825 2831 1995 2887 licuit.
2018 2831 2124 2887 Ne-

529 2935 634 2990 que
665 2934 794 2975 vero
825 2918 903 2975 sic
932 2934 1051 2974 sum
1082 2918 1149 2973 ad
1181 2919 1283 2973 hoc
1326 2920 1443 2988 ipse
1480 2935 1677 2975 munus
1725 2922 1960 2986 electus,
2008 2932 2125 2977 tan-

528 3026 688 3080 quam
711 3010 913 3078 optime
937 3025 1050 3065 rem
1076 3016 1458 3075 exsecuturus;
1486 3011 1582 3066 sed
1604 3027 1674 3067 ne
1705 3026 1925 3081 prorsus
1947 3013 2124 3068 nullus

529 3110 675 3156 esset
697 3100 789 3169 qui
819 3099 921 3155 hoc
947 3109 1154 3171 ageret,
1188 3099 1411 3171 reliquis
1439 3100 1648 3156 Erasmi
1692 3103 1879 3158 amicis
1919 3102 2041 3157 aliis
2070 3103 2122 3157 in

530 3195 663 3248 alias
683 3207 769 3248 res
796 3193 1036 3248 intentis.
1067 3195 1166 3257 Ac,
1188 3202 1247 3247 ut
1273 3208 1458 3248 verum
1481 3193 1652 3250 fatear
1675 3195 1875 3265 arripui
1899 3211 2034 3265 opus
2056 3197 2124 3251 ab
2148 3176 2197 3240 ο

530 3286 761 3340 Erasmo
790 3284 1028 3341 oblatum
1058 3285 1387 3353 avidissime,
1407 3286 1676 3356 pollicitus
1693 3302 1780 3341 me
1797 3296 2125 3357 postremam

532 3377 949 3434 Commentariis
992 3378 1370 3449 impositurum
1412 3395 1631 3435 manum
1674 3389 1800 3435 ante
1830 3381 2125 3437 secundum

534 3483 779 3524 mensem
807 3478 897 3522 aut
932 3468 1164 3523 tertium.
1196 3468 1329 3523 Nam
1364 3470 1713 3527 memineram
1748 3488 1835 3527 me
1868 3472 1997 3527 olim
2028 3472 2127 3525 ali-

532 3571 663 3627 quot
691 3560 809 3627 ejus
840 3560 1019 3630 operis
1050 3560 1320 3616 volumina
1352 3562 1567 3631 legisse,
1602 3579 1721 3633 qua:
1746 3562 1878 3617 mihi
1909 3578 2008 3618 nec
2029 3563 2125 3617 ad-

533 3653 754 3707 modum
782 3662 936 3707 erant
962 3652 1077 3707 visa
1105 3652 1384 3720 mendosa,
1418 3665 1471 3708 et
1497 3655 1629 3708 satis
1652 3654 1858 3720 facilia;
1891 3668 1954 3707 ac
1980 3654 2126 3723 ejus-

532 3744 710 3810 modi,
760 3744 813 3797 in
853 3759 974 3814 qua:
1004 3758 1112 3799 non
1143 3759 1331 3814 parum
1373 3744 1491 3814 ejus
1520 3746 1725 3800 notitia:
1766 3747 2121 3816 antiquitatis,

533 3850 691 3903 quam
717 3834 830 3905 jugi
860 3850 1172 3905 paraveram
1208 3836 1459 3903 lectione,
1492 3852 1706 3907 possem
1737 3838 2035 3903 effundere,
2068 3848 2127 3894 ut

532 3928 723 3982 eodem
764 3927 949 3982 labore
978 3928 1140 3983 simul
1183 3943 1493 3984 exercerem
1535 3930 1733 4000 stylum
1773 3939 1935 4000 atque
1976 3936 2127 4000 inge-

531 4021 684 4075 nium
708 4034 908 4086 meum,
941 4021 1099 4074 simul
1122 4020 1242 4077 aliis
1272 4036 1391 4076 mea
1413 4022 1588 4076 studia
1613 4023 2126 4079 nonnihilatl‘errent

533 4112 760 4177 fructus,
792 4096 952 4167 simul
981 4111 1213 4181 aliquam
1247 4114 1445 4185 ingenii
1471 4124 1633 4183 atque
1660 4114 1975 4169 eruditionis
2002 4132 2125 4186 gra-

534 4205 667 4259 tiam
697 4219 963 4274 pararem.
988 4206 1056 4260 Et
1084 4195 1183 4260 fuit
1206 4188 1296 4261 illa
1322 4208 1563 4276 profecto
1589 4206 1844 4275 juvenilis
1874 4207 2123 4277 quaedam

536 4296 820 4367 cogitatio,
880 4313 1000 4367 quae
1048 4298 1205 4367 longe
1250 4298 1409 4353 aliter
1458 4298 1789 4367 experiendo
1836 4300 2120 4367 processit,

536 4406 697 4460 quam
747 4391 863 4461 ipse
908 4405 1117 4447 mecum
1163 4406 1310 4446 eram
1362 4390 1720 4447 raciocinatus
1758 4409 1771 4445 :
1810 4408 1931 4446 nam
1962 4407 2120 4462 opus,

537 4493 898 4554 prmterquam
925 4483 1066 4554 quod
1092 4490 1176 4539 est
1216 4483 1608 4553 longissimum,
1654 4483 1814 4539 habet
1849 4485 1903 4539 in
1932 4501 1992 4541 se
2021 4487 2120 4541 mi-

535 4590 654 4631 ram
684 4591 865 4631 rerum
903 4576 1142 4631 omnium
1180 4574 1525 4643 varietatem,
1569 4577 1847 4645 historias,
1892 4578 2122 4647 fabulas,
2150 4551 2208 4613 ιθ

538 4668 825 4735 naturalia,
854 4666 1141 4726 rhetorica.
1179 4665 1576 4735 mathematica,
1608 4669 1983 4739 geographica,
2008 4687 2124 4727 mo-

542 4762 697 4827 ralia,
727 4762 1064 4831 theologica;
1094 4767 1147 4814 et
1169 4760 1359 4814 horum
1391 4760 1527 4816 nihil
1559 4776 1745 4831 prope,
1778 4764 1861 4819 vel
1894 4767 2126 4820 tenuiter

540 4853 628 4908 vel
658 4852 1017 4907 mediocriter.
1040 4849 1156 4904 Jam
1189 4849 1307 4906 libri
1340 4861 1671 4923 erantsupra
1689 4870 1846 4925 quam
1877 4856 1981 4911 dici
2003 4872 2124 4928 pos-

543 4946 614 5000 sit
640 4945 906 5011 mendosi,
949 4943 1041 5013 qui
1082 4951 1249 4997 totam
1290 4944 1572 5014 Augustini
1611 4950 1936 5003 sententiam
1965 4965 2128 5019 prava

544 5036 807 5105 scriptura
854 5034 961 5087 alio
998 5035 1329 5090 avertebant.
1381 5036 1478 5091 Hic
1508 5037 1617 5106 jam
1660 5054 1768 5093 non
1810 5042 2033 5110 exiguus
2072 5043 2126 5098 in

544 5126 854 5198 castigando
873 5141 938 5181 ex
966 5128 1240 5183 veteribus
1264 5128 1436 5195 libris,
1471 5137 1584 5184 tum
1611 5133 1772 5186 etiam
1800 5133 1855 5187 in
1878 5134 2128 5189 divinan-

545 5221 616 5275 do
655 5220 807 5274 labor
850 5235 863 5269 :
897 5232 1020 5273 nam
1067 5231 1123 5273 et
1158 5218 1505 5275 divinandum
1549 5237 1920 5292 sazpenumero
1951 5224 2050 5292 fuit
2074 5233 2131 5281 et

546 5311 869 5383 conjecturis
893 5327 1016 5367 vera
1042 5313 1369 5369 restituenda
1394 5314 1576 5370 lectio.
1595 5316 1760 5371 Orsus
1781 5316 2131 5375 nihilominus

545 5421 663 5461 sum
698 5405 935 5461 scribere
956 5405 1174 5462 circiter
1198 5406 1449 5462 calendas
1476 5408 1781 5477 Januarias,
1814 5412 1940 5464 anni
1973 5424 2131 5480 supe-

546 5496 703 5552 rioris
731 5495 784 5551 id
815 5506 897 5551 est
923 5495 1079 5565 1521,
1109 5508 1162 5552 et
1187 5500 1432 5554 confecto
1454 5498 1522 5553 ad
1548 5500 1708 5553 linem
1731 5501 1933 5556 mensis
1957 5502 2131 5571 primo

548 5592 706 5658 libro,
749 5591 968 5646 affertur
1009 5593 1077 5648 de
1106 5591 1378 5647 Guilielmi
1414 5593 1560 5663 Croji
1588 5593 1875 5649 cardinalis
1923 5598 2132 5664 patroni

546 5685 652 5742 mei
680 5695 870 5754 morte,
888 5686 1296 5755 quiVormacite
1323 5696 1528 5741 naturm
1550 5696 1913 5743 concesserat.
1945 5687 2128 5746 Facile

549 5778 847 5851 intelligere
873 5782 1101 5851 quisque
1128 5787 1327 5851 potest,
1355 5789 1413 5835 ut
1430 5795 1493 5838 ea
1520 5794 1610 5836 res
1634 5779 1936 5839 studiorum
1979 5798 2133 5841 meo-

1414 316 1966 380 SUPPLEMENTUM
2007 314 2098 370 AD
2136 312 2365 370 OPERA
2399 315 2459 374 ἐ.
2500 313 2893 373 AUGUSTINI.’

3659 307 3746 385 £49

2129 427 2183 485 A
2206 442 2323 481 rnm
2353 428 2585 498 quietem
2612 435 2966 491 concusserit,
3013 428 3224 484 sublato
3254 442 3321 485 eo
3365 432 3455 500 qui
3484 431 3605 485 mihi
3632 452 3745 495 unus

2208 522 2315 576 otia
2346 521 2572 576 faciebat
2594 532 2789 591 quanta
2821 521 3121 591 cupiebam.
3145 523 3298 588 Hinc,
3320 532 3378 576 nt
3397 524 3535 578 nnlla
3552 541 3746 596 unquam

2209 615 2485 669 calamitas
2522 616 2673 669 venit
2700 615 2835 678 sola,
2885 615 2937 668 in
2969 616 3217 669 morbum
3247 616 3409 671 incidi
3448 632 3548 671 non
3574 621 3748 691 simpli-

2209 722 2327 762 cem
2353 725 2367 760 :
2406 708 2477 760 ita
2499 706 2565 761 ad
2595 721 2781 761 curam
2809 707 3131 762 valetudinis
3154 716 3372 763 coactus
3400 722 3515 763 sum
3545 727 3625 766 me
3649 713 3752 770 Bru-

2209 817 2302 872 gas
2327 802 2573 856 conferre
2602 799 2669 854 ad
2699 814 2850 855 meos
2868 799 3151 869 llispanos,
3172 800 3310 854 inter
3334 816 3467 867 quos
3486 816 3619 870 aeger
3634 820 3754 863 more

2211 910 2275 949 ac
2306 893 2465 948 modo
2493 908 2614 949 meo
2640 894 2972 949 commodius
3004 901 3285 949 tractarer.
3319 892 3574 949 Convalui
3604 913 3754 958 mense

2210 984 2390 1040 Junio.
2421 983 2489 1039 Et
2508 984 2761 1054 quoniam
2785 983 3105 1040 dicebantur
3132 984 3325 1038 eodem
3347 982 3570 1041 Carolus
3590 986 3758 1060 Ctesar,

2211 1085 2267 1131 et
2295 1075 2581 1131 Britannus
2610 1076 2898 1130 cardinalis
2927 1077 3159 1143 venturi,
3184 1092 3245 1130 ea
3269 1091 3358 1131 me
3388 1092 3475 1132 res
3498 1078 3567 1133 ibi
3597 1080 3762 1152 aliquot

2212 1169 2487 1224 mensibus
2513 1168 2708 1233 tenuit,
2727 1176 2787 1223 ut
2806 1168 3090 1223 Erasmum
3123 1178 3176 1221 cl
3194 1169 3405 1224 Illorum
3431 1174 3760 1240 convenirem,

2213 1260 2561 1331 videremque
2611 1260 2966 1326 Tonstallum,
3026 1269 3080 1316 et
3126 1261 3468 1332 Montjojum,
3521 1272 3572 1316 et
3614 1262 3767 1320 doctos

2214 1354 2369 1420 alios,
2418 1364 2529 1408 tum
2569 1353 2771 1408 amicos
2806 1354 3091 1423 plerosque
3122 1369 3293 1419 meos,
3326 1354 3421 1425 qui
3452 1354 3634 1409 eodem
3664 1372 3767 1411 ven-

2217 1447 2320 1501 turi
2346 1446 2683 1501 dicebantur.
2724 1445 2803 1499 Eo
2828 1445 2948 1499 loco
2976 1445 3214 1501 scribere
3256 1460 3366 1500 non
3396 1444 3618 1525 licebat,
3655 1448 3766 1514 quod

2215 1538 2596 1593 bibliothecam
2638 1536 2849 1607 qualem
2879 1536 3129 1606 optabam
3179 1551 3289 1591 non
3334 1536 3607 1603 haberem,
3655 1541 3765 1593 unde

2219 1646 2338 1700 qua!
2367 1630 2650 1686 scribenda
2682 1629 2858 1685 forent
2879 1630 3371 1699 suppeditarentur.
3392 1629 3616 1684 Tantum
3638 1630 3767 1685 libros

2217 1724 2420 1793 aliquot
2441 1723 2509 1777 ad
2541 1732 2750 1777 vetusta
2772 1723 3101 1791 exemplaria
3131 1723 3359 1788 contuli,
3383 1738 3609 1792 quorum
3637 1739 3765 1779 nnum

2217 1816 2442 1872 dederat
2464 1816 2593 1869 mihi
2622 1815 2830 1870 Marcus
2861 1815 3137 1881 Lautinus,
3163 1816 3402 1870 decanus
3432 1814 3610 1869 Sancti
3629 1813 3769 1869 Dona-

2216 1907 2345 1962 tiani
2377 1906 2697 1975 Brugensis;
2748 1906 2975 1960 alterum
3006 1906 3298 1960 carmelitte
3328 1907 3657 1973 Brugenses;
3685 1917 3768 1961 ter-

2218 2000 2349 2052 tium
2382 1998 2635 2052 Erasmus
2666 1999 2885 2052 missum
2917 1996 2983 2051 ad
3011 2012 3071 2051 se
3090 1995 3312 2052 Colonia
3336 1996 3645 2066 Agrippina,
3666 1998 3769 2051 scri-

2218 2100 2389 2160 ptum,
2437 2099 2493 2142 ut
2520 2090 2718 2154 ferunt,
2776 2103 2939 2143 manu
2969 2088 3077 2143 divi
3104 2088 3323 2157 Lutgeri
3367 2086 3623 2157 episcopi.
3666 2088 3769 2144 Mira

2219 2182 2365 2236 dictu
2395 2195 2483 2235 res
2512 2190 2709 2251 quanta
2751 2179 2805 2234 in
2836 2180 3113 2235 codicibus
3139 2181 3374 2235 varietas
3401 2198 3413 2232 :
3442 2187 3501 2233 ut
3528 2180 3772 2248 unusquis-

2220 2288 2325 2342 que
2354 2272 2771 2327 describentium
2802 2281 3013 2342 putaret
3038 2272 3137 2326 sibi
3163 2272 3331 2327 licere
3362 2270 3523 2325 verba
3552 2272 3770 2328 arbitratu

2221 2381 2320 2421 suo
2345 2382 2563 2436 ponere,
2615 2365 2775 2420 modo
2803 2374 3080 2421 constaret
3117 2379 3332 2430 sensus,
3365 2364 3518 2434 quasi
3547 2364 3772 2432 interpre-

2223 2460 2354 2514 tatio
2384 2468 2546 2524 esset,
2576 2473 2681 2513 non
2714 2460 3022 2526 exscriptio.
3054 2458 3131 2512 Ita
3159 2458 3212 2511 in
3241 2458 3345 2512 hoc
3377 2457 3519 2513 libro
3546 2457 3677 2526 legas
3702 2472 3771 2510 ar-

2223 2552 2415 2618 bitror,
2446 2554 2498 2607 in
2531 2552 2623 2607 illo
2644 2561 2804 2623 puto;
2838 2553 2887 2605 in
2920 2551 3022 2605 hoc
3047 2550 3432 2621 signiﬁcatum,
3477 2553 3529 2606 in
3559 2552 3642 2606 illo
3667 2553 3772 2621 figu-

2224 2656 2430 2713 ratum;
2467 2645 2551 2701 hic
2582 2660 2844 2713 praesens,
2877 2643 3002 2699 alibi
3034 2644 3167 2709 iste;
3213 2644 3300 2699 hic
3351 2643 3519 2698 habet
3546 2658 3679 2712 ergo,
3707 2644 3773 2698 ille

2225 2741 2413 2809 igitur;
2444 2739 2531 2793 hic
2552 2747 2808 2802 aeternus,
2838 2738 2927 2792 ille
2952 2738 3305 2801 immortalis;
3342 2738 3432 2791 hic
3461 2737 3689 2801 flexisse,
3708 2735 3773 2791 illo

2227 2831 2530 2895 deflexisse,
2572 2830 2708 2884 alius
2736 2829 3027 2884 inflexisse.
3059 2828 3167 2884 Sed
3197 2829 3317 2884 haec
3346 2828 3589 2884 fortassis
3615 2829 3774 2883 tolera!

2227 2924 2375 2980 bilia.
2409 2924 2545 2991 Quid
2576 2924 2666 2979 illa
2696 2924 2955 2989 detracta,
3003 2924 3129 2993 quid
3160 2923 3369 2990 addita,
3404 2925 3649 2979 inversa?
3684 2924 3773 2978 lam

2227 3019 2435 3088 quoties
2464 3026 2722 3083 erratum,
2755 3033 2877 3072 cum
2908 3018 3214 3073 versionem
3246 3018 3389 3073 LXX
3443 3019 3772 3088 interpretum,

2229 3125 2388 3179 quam
2421 3109 2617 3178 ubique
2647 3110 2973 3179 Augustinus
3000 3111 3238 3175 adducit,
3267 3112 3556 3166 voluerunt
3582 3112 3644 3165 ad
3672 3112 3775 3166 hanc

2231 3212 2467 3256 nostram
2498 3200 2840 3270 detorquere,
2890 3210 2947 3257 et
2976 3217 3043 3257 ex
3070 3202 3277 3258 duabus
3311 3203 3457 3258 male
3498 3203 3777 3258 culuerenti-

2228 3295 2331 3349 bus
2356 3310 2510 3347 unam
2536 3293 2713 3349 facere
2736 3310 2750 3347 :
2775 3309 2873 3349 nec
2894 3293 3037 3348 aliud
3060 3310 3212 3363 teque
3233 3293 3334 3350 fuit
3358 3296 3635 3350 molestum
3658 3293 3778 3359 mihi,

2236 3398 2295 3442 ut
2320 3388 2517 3441 variam
2550 3386 2832 3441 lectionem
2858 3386 3185 3456 expendere,
3212 3387 3547 3454 examinare,
3571 3395 3780 3441 excutere

2226 3480 2281 3535 in
2309 3494 2417 3534 uno
2453 3492 2665 3548 quoque
2706 3478 2883 3547 capite
2919 3492 3029 3532 non
3058 3479 3249 3533 semel.
3292 3477 3426 3544 Quae
3455 3486 3607 3533 erant
3629 3475 3779 3530 diffici<

2227 3571 2381 3636 liora,
2408 3570 2461 3623 in
2482 3569 2896 3624 Commentariis
2922 3569 3208 3635 adnotavi;
3241 3584 3368 3639 qua:
3399 3584 3529 3625 vero
3555 3568 3778 3639 apertiora

2226 3676 2282 3722 et
2308 3668 2657 3737 promptiora,
2686 3666 2739 3721 in
2771 3667 3030 3737 margine.
3063 3666 3121 3721 ld
3152 3666 3457 3722 accuratius
3481 3666 3581 3720 feci
3610 3666 3658 3719 in
3678 3663 3778 3718 locis

2226 3767 2529 3814 sanctarum
2561 3759 2882 3822 litterarum,
2916 3772 3133 3828 propter
3159 3773 3346 3813 earum
3392 3757 3710 3829 mysterium.
3736 3753 3778 3807 ln

2227 3852 2498 3922 plerisque
2526 3851 2791 3907 veriorem
2825 3850 3052 3906 indicari
3097 3851 3406 3915 lectionem,
3456 3860 3511 3904 et
3539 3848 3655 3919 quid
3682 3860 3777 3901 sen-

2228 3944 2382 3997 tirem
2412 3943 2619 4011 aperui.
2666 3942 2722 3996 ln
2754 3942 2965 3996 caneris
3002 3941 3265 4010 adjecisse
3295 3942 3426 4012 quid
3474 3940 3683 4010 legerint
3708 3937 3776 3990 alii

2227 4044 2533 4100 contentus,
2566 4033 2697 4088 nihil
2724 4033 2909 4088 lectori
2940 4033 3317 4103 prtejudicans,
3352 4034 3574 4089 liberam
3621 4031 3686 4087 illi
3709 4037 3775 4083 at-

2227 4145 2329 4199 que
2358 4130 2621 4199 integram
2650 4143 2932 4184 censuram
2962 4130 3178 4199 reliqui.
3212 4130 3443 4186 Fruetur
3472 4146 3566 4200 per
3594 4145 3670 4184 me
3703 4140 3777 4180 suo

2226 4224 2453 4293 quisque
2480 4223 2599 4276 sive
2635 4222 2870 4291 ingenio,
2918 4221 3029 4276 sive
3064 4221 3288 4291 judicio.
3341 4223 3470 4277 Post
3494 4220 3702 4277 Caesaris
3727 4224 3768 4272 et

2225 4314 2513 4370 cardinalis
2559 4313 2860 4383 digressum
2890 4314 3025 4369 redii
3062 4314 3356 4369 Lovaninm
3398 4314 3498 4369 sub
3527 4315 3676 4368 finem
3699 4310 3776 4364 Se-

2225 4408 2513 4479 ptembris;
2547 4406 2656 4473 hic,
2695 4407 3007 4477 compositis
3048 4407 3233 4474 rebus,
3278 4416 3332 4462 et
3381 4408 3581 4478 digesta
3608 4403 3775 4460 biblio-

2196 4542 2205 4569 μ
2229 4500 2408 4568 theca,
2432 4500 2571 4569 coepi
2602 4506 2745 4553 totus
2769 4498 2825 4553 in
2844 4498 3189 4567 scriptionem
3214 4500 3528 4555 incumbere
3553 4515 3565 4552 :
3586 4498 3650 4551 ita
3671 4493 3778 4551 mihi

2234 4604 2297 4645 ea
2337 4589 2530 4659 hyeme
2572 4603 2739 4658 usque
2788 4588 2854 4642 ad
2895 4589 3139 4659 quintum
3182 4589 3452 4645 decimum
3494 4590 3677 4644 librum
3714 4593 3779 4639 est

2233 4694 2597 4750 progressum.
2643 4680 2897 4735 Extremo
2945 4694 3112 4748 vere,
3160 4681 3301 4750 quod
3352 4681 3611 4737 salutandi
3655 4684 3780 4733 erant

2234 4776 2388 4829 amici
2414 4782 2661 4844 parantes
2690 4775 2745 4828 in
2778 4774 3085 4843 Hispaniam
3130 4775 3393 4843 proﬁcisci
3436 4790 3554 4830 cum
3579 4772 3775 4833 (lassare,

2236 4868 2500 4922 intermisi
2520 4882 2678 4937 opus.
2696 4866 2924 4921 Erasmo
2941 4867 3170 4922 subinde
3186 4868 3493 4924 stimulante
3508 4876 3561 4923 et
3580 4865 3777 4919 instante

2236 4970 2295 5015 ut
2315 4962 2722 5030 perﬁcerem,ut
2744 4960 3036 5025 mitterem,
3060 4960 3194 5014 redii
3212 4959 3522 5024 Lovaninm,
3543 4967 3593 5013 et
3612 4961 3775 5025 quanta

2236 5052 2471 5107 maxime
2497 5052 2646 5120 potui
2685 5050 2960 5121 diligentia
2990 5065 3176 5106 mense
3207 5066 3315 5106 uno
3338 5060 3564 5121 quatuor
3596 5055 3775 5118 postre-

2237 5157 2354 5196 mos
2382 5141 2546 5195 libros
2571 5142 2798 5208 absolvi,
2846 5156 2967 5197 cum
2999 5142 3137 5197 bona
3186 5151 3340 5213 parte
3375 5141 3564 5198 decimi
3605 5133 3773 5195 octavi;

2242 5233 2470 5302 venique
2499 5233 2563 5287 ad
2592 5234 2690 5289 has
2719 5236 3057 5305 praefationes
3100 5236 3413 5291 scribendas
3443 5235 3572 5289 adeo
3614 5232 3773 5289 fessus,

2240 5336 2296 5381 et
2323 5326 2509 5381 labore
2534 5335 2682 5382 tanto
2713 5337 2926 5395 tamque
2952 5328 3099 5382 vario
3125 5327 3345 5393 fractus,
3377 5337 3436 5383 ut
3473 5327 3665 5382 litteras
3683 5331 3775 5372 om—

2237 5435 2335 5475 nes
2366 5420 2636 5491 librosque
2661 5422 2841 5477 nescio
2869 5422 3320 5491 quemadmodum
3366 5422 3569 5478 animus
3594 5425 3773 5471 παῖδας

2237 5521 2408 5580 retur,
2455 5513 2600 5569 velut
2628 5513 2826 5569 crudus
2853 5515 3163 5570 stomachus
3211 5530 3276 5572 ac
3318 5514 3610 5572 redundans
3653 5507 3773 5563 cibos

2237 5619 2462 5671 omnes;
2488 5606 2712 5661 liberari
2743 5606 2955 5662 tandem
2985 5623 3047 5663 ea
3080 5608 3325 5664 molestia
3353 5610 3543 5664 misere
3565 5602 3766 5672 cupiens.

2239 5708 2293 5752 et
2320 5698 2583 5753 universis
2608 5708 2768 5769 atque
2813 5699 2981 5754 unicis
3010 5701 3153 5756 v0tis
3182 5712 3479 5774 exoptans:
3510 5700 3577 5754 ita
3601 5704 3650 5751 ut
3673 5702 3768 5746 cum

2241 5789 2309 5846 ad
2339 5791 2539 5847 calcem
2570 5791 2811 5860 perveni,
2840 5807 2941 5848 nec
2972 5794 3277 5865 pecuniam,
3325 5810 3424 5852 nec
3458 5789 3656 5864 gratiam
3679 5792 3766 5838 Slu-
