3974 6356
246 332 338 390 Ml

924 317 1275 376 VARIORUM
1312 314 1913 375 EXERCITATIONES
1955 315 2016 367 IN
2054 316 2110 371 S.
2156 317 2520 376 AUGUSTINI
2561 322 2812 382 OPEBA.

3392 326 3501 386 “'5‘.

246 450 507 502 diosorum
557 441 751 504 ullam,
800 452 899 492 nec
940 438 1081 491 aliud
1130 436 1416 505 quidquam
1465 434 1812 488 existimarint
1845 436 1896 496 Α
1925 432 2018 485 sed
2043 432 2218 486 forsan
2242 436 2399 488 etiam
2426 436 2728 492 falsissima.
2765 437 2969 493 Idcirco
2995 437 3265 509 plerisque
3288 437 3341 491 in
3372 440 3500 495 locis

244 554 388 608 reque
422 550 543 590 esse
571 534 797 603 pretium
830 546 1033 600 operte,
1066 545 1127 584 ac
1156 530 1391 583 solutum
1441 528 1653 580 tandem
1685 526 1817 581 lihe-

242 641 519 697 ratumque
545 640 663 680 esse
690 640 775 678 me
808 623 993 678 labore
1015 632 1117 675 tam
1146 622 1384 685 sinuoso,
1415 628 1469 673 et
1506 620 1816 689 plerumque

240 725 526 777 inamaano.
555 717 844 774 Narranda:
874 716 1088 770 fuerunt
1123 713 1313 767 fabulae
1343 722 1397 767 et
1427 713 1688 775 historite;
1722 713 1815 766 de-

237 813 535 868 scribendae
562 812 807 879 regiones
836 820 888 864 et
920 807 1113 870 urbes;
1160 817 1267 859 tum
1296 804 1609 859 consulendi
1642 803 1817 858 Plato-

238 910 337 961 nici
369 922 504 975 pene
522 919 727 969 omnes,
751 912 805 959 et
830 902 1049 972 reliquae
1072 899 1519 970 philosophorum
1544 897 1813 965 nationes,

233 1010 286 1054 et
313 999 610 1068 theologica
644 997 918 1051 tractanda
949 1011 964 1051 :
1008 994 1062 1049 in
1095 993 1285 1063 quibus
1331 993 1542 1060 parcior
1571 1006 1728 1061 quam
1760 991 1816 1043 in

234 1094 496 1163 profanis,
528 1092 729 1159 aliquot
760 1092 828 1147 de
852 1091 1050 1153 causis,
1087 1086 1181 1143 fui.
1222 1087 1485 1149 Primum,
1536 1084 1679 1153 quod
1710 1098 1817 1138 non

230 1190 459 1242 decebat
490 1188 770 1257 profanum
812 1184 1104 1249 hominem,
1155 1196 1254 1235 nec
1282 1191 1409 1234 natu
1452 1178 1705 1248 grandem
1741 1187 1818 1231 te-

232 1297 380 1335 mere
423 1282 490 1334 de
522 1278 880 1333 sanctissimis
912 1276 1071 1331 rebus
1101 1274 1185 1328 vel
1212 1272 1454 1337 deﬁnire,
1509 1270 1591 1324 vel
1635 1269 1819 1337 dispu-

238 1381 367 1426 tare.
405 1371 630 1435 Deinde,
661 1370 804 1439 quod
839 1367 1062 1422 historia
1088 1379 1361 1420 sacrarum
1388 1364 1687 1417 litterarum
1720 1375 1817 1414 no-

250 1465 338 1518 tior
384 1463 528 1516 solet
574 1475 692 1515 esse
742 1459 958 1514 lecturis
1008 1457 1361 1526 Augustinum
1410 1462 1463 1507 et
1512 1450 1815 1519 huiusmodi

238 1565 506 1617 auctores,
539 1567 694 1621 quam
738 1561 792 1603 ut
819 1564 953 1617 opus
983 1548 1055 1601 sit
1083 1563 1199 1600 eam
1236 1532 1331 1615 per
1360 1560 1443 1598 me
1470 1543 1666 1611 repeti,
1696 1557 1814 1611 qua:

232 1645 491 1698 iudicatis
517 1642 646 1695 locis
674 1657 741 1696 ex
769 1640 939 1694 sacris
982 1637 1134 1692 libris
1184 1636 1349 1689 fusius
1376 1645 1423 1687 et
1465 1634 1700 1701 apertius
1726 1648 1818 1686 co-

226 1736 422 1802 gnosci
452 1741 649 1803 potest,
682 1747 841 1799 quam
873 1739 930 1783 ut
959 1744 986 1782 a
1016 1744 1101 1782 me
1146 1728 1230 1781 hic
1282 1726 1521 1794 pluribus
1549 1723 1818 1778 videretur

1920 525 2185 582 delectare
2214 530 2382 598 magis
2406 530 2660 586 lectorem
2695 532 2890 600 placuit
2914 547 3071 602 quam
3103 531 3318 587 docere.
3356 532 3423 586 Et
3451 534 3497 589 si

1917 620 2043 688 quid
2071 620 2343 685 docerem,
2375 638 2480 677 non
2513 633 2617 677 tam
2651 641 2838 681 severe
2864 626 3175 695 imperando
3207 628 3350 681 volui
3376 643 3495 698 per-

1916 712 2164 777 suadere,
2211 729 2369 783 quam
2400 715 2593 769 blande
2627 716 2863 784 rogando
2892 717 3288 787 monendoque.
3321 720 3502 774 Addit-

1916 807 1990 860 cti
2018 821 2202 861 sumus
2234 824 2611 877 nonnunquam
2650 824 2713 864 ea
2738 825 2922 873 causa,
2973 811 3221 878 quoniam
3251 813 3502 881 Augusti-

1918 915 2019 954 nus
2049 901 2196 955 fusus
2227 913 2307 956 est
2338 903 2668 971 plerumque,
2699 918 2762 958 ac
2792 905 2903 974 ipse
2936 906 3202 975 interpres
3232 906 3314 959 sui
3341 922 3355 961 :
3382 908 3501 961 ideo

1918 993 2101 1047 labore
2123 994 2351 1049 docendi
2380 995 2631 1061 adempto
2663 997 2847 1051 ludere
2879 998 3056 1061 libuit.
3090 1008 3145 1053 et
3168 1000 3423 1055 lectorem
3450 1002 3501 1055 in

1917 1085 2192 1154 digressus
2238 1087 2446 1156 aliquos
2493 1088 2708 1142 interim
2754 1104 2858 1143 non
2910 1104 3131 1159 prorsus
3201 1091 3504 1147 inammnos

1919 1179 2157 1245 ducere;
2191 1181 2347 1234 simul
2381 1190 2439 1234 ut
2464 1182 2567 1235 mei
2606 1181 2803 1236 laboris
2830 1182 3149 1251 quandoque
3180 1193 3385 1252 partem
3429 1186 3505 1241 le-

1918 1284 2126 1333 varem,
2145 1271 2247 1326 etsi
2273 1288 2376 1325 non
2407 1287 2571 1327 onere
2595 1274 2864 1343 deposito,
2894 1283 3040 1328 certe
3066 1273 3258 1344 frigida
3282 1276 3502 1343 sulfurea,

1919 1372 1973 1416 et
2005 1378 2097 1430 per
2127 1363 2271 1416 viam
2299 1363 2576 1434 aliqttanto
2607 1365 2970 1429 munitiorem,
3002 1376 3055 1420 et
3085 1366 3223 1421 inter
3251 1377 3365 1422 sata
3397 1370 3504 1422 cul-

1921 1461 2083 1520 taque
2132 1464 2380 1522 spectatu
2426 1455 2658 1524 jucunda
2711 1457 3152 1511 commodiorem.
3202 1457 3337 1512 Nam
3391 1459 3505 1514 haec

1921 1545 2100 1596 omnia
2130 1559 2247 1613 qua:
2290 1543 2422 1608 dixi,
2456 1546 2556 1599 etsi
2588 1546 2783 1599 habent
2809 1561 2933 1599 suas
2962 1546 3125 1599 animi
3157 1562 3254 1601 ceu
3284 1564 3505 1619 repara-

1922 1636 2095 1689 tiones
2126 1635 2576 1705 refectionesque,
2614 1638 2808 1691 habent
2834 1638 3182 1693 nihilominus
3204 1656 3328 1694 suas
3359 1643 3500 1695 sale-

1925 1725 2067 1790 bras,
2105 1740 2232 1781 suos
2259 1727 2488 1782 acclives
2515 1728 2813 1793 colliculos,
2852 1744 2945 1798 per
2965 1745 3099 1799 quos
3126 1747 3231 1785 non
3262 1735 3379 1788 sine
3409 1750 3502 1789 su-

228 1825 575 1893 explicanda.
626 1824 744 1879 Jatn
790 1824 931 1877 dicta
960 1838 1024 1876 ex
1056 1820 1267 1874 arcanis
1307 1828 1505 1873 nostrae
1546 1817 1817 1886 religionis
1848 1806 1895 1865 Β
1924 1816 2053 1871 dore
2083 1834 2207 1887 agas
2234 1833 2369 1871 onus
2403 1837 2418 1873 :
2452 1834 2577 1873 suos
2604 1835 2819 1889 quoque
2857 1822 3176 1886 descensus,
3226 1839 3321 1892 per
3364 1841 3497 1890 quos

224 1919 455 1983 litteris,
508 1919 576 1972 ab
622 1917 920 1986 Augustino
950 1914 1195 1977 adducta,
1242 1912 1494 1967 nonnulla
1542 1912 1820 1966 enarravi-

222 2028 388 2074 mns;
423 2012 522 2063 alia
552 2007 1121 2078 prieterivimus,quod
1146 2007 1381 2062 viderem
1412 2020 1517 2060 non
1542 2005 1681 2058 hunc
1703 2018 1823 2059 esse

221 2104 453 2156 illorum
504 2100 942 2171 explicandorum
996 2099 1192 2151 locum.
1249 2101 1511 2151 Auctores
1569 2096 1821 2165 profanos

217 2196 459 2251 crebros
486 2196 551 2249 ad
575 2194 941 2249 conﬁrmanda
961 2191 1241 2261 Augustini
1268 2191 1432 2255 dicta,
1454 2191 1600 2245 velut
1630 2199 1817 2255 testes,

216 2286 549 2340 induximus
583 2303 594 2336 :
632 2284 774 2354 quod
816 2283 944 2337 ﬁdes
981 2281 1240 2337 dictorum
1286 2296 1449 2350 penes
1495 2281 1616 2335 illos
1654 2291 1817 2344 esset,

215 2378 538 2448 pmsertim
569 2376 620 2430 in
656 2375 891 2444 profanis
924 2375 1099 2438 rebus,
1124 2387 1255 2443 quas
1285 2374 1352 2426 ab
1379 2372 1485 2427 illis
1531 2380 1615 2427 est
1641 2372 1817 2441 Angu-

214 2472 413 2524 stinus
445 2477 734 2523 mutuatus.
759 2467 889 2522 Nam
914 2468 963 2521 in
994 2468 1154 2521 rebus
1178 2474 1375 2520 nostra:
1405 2466 1615 2534 pietatis
1645 2480 1822 2534 neque

212 2561 471 2615 ethnicis
488 2558 772 2629 quidquam
791 2568 873 2612 est
900 2557 1127 2626 negotii;
1160 2563 1216 2610 et
1244 2555 1593 2624 scriptoribus
1624 2557 1821 2610 nostris

213 2669 337 2708 non
375 2653 601 2721 perinde
630 2651 811 2705 multis
841 2666 956 2705 sum
1001 2664 1153 2712 usus,
1203 2664 1271 2703 ne
1314 2664 1501 2717 parum
1534 2648 1684 2702 ﬁrma
1715 2650 1821 2704 Au-

212 2748 437 2817 gustini
463 2746 752 2800 auctoritas
780 2744 1198 2808 existimaretur,
1243 2743 1342 2797 nisi
1383 2743 1490 2796 illis
1521 2744 1663 2797 velut
1695 2743 1821 2798 tibi-

213 2838 454 2892 ciuibus
480 2836 717 2892 suffulta.
763 2836 908 2892 Satis
949 2836 1093 2891 enim
1135 2834 1418 2890 videbatur
1457 2849 1579 2890 esse
1622 2835 1822 2891 dixisse

220 2929 615 2998 Augustinum.
635 2927 1013 2997 Hieronymum
1042 2926 1370 2996 frequentius
1389 2925 1663 2992 advocavi,
1682 2942 1823 2997 prte-

227 3021 391 3088 cipue
417 3019 507 3074 ubi
556 3018 624 3074 de
657 3018 952 3087 linguarum
1000 3015 1482 3086 signiﬁcationibus
1521 3026 1612 3071 aut
1657 3018 1823 3071 inter-

242 3111 634 3182 pretationibus
680 3111 935 3181 agebatur
978 3127 990 3163 :
1026 3111 1273 3179 quoniam
1330 3110 1395 3178 is,
1450 3108 1700 3164 utGrreci
1730 3118 1822 3163 aut

254 3203 452 3258 Ilebraei
480 3203 746 3257 sermonis
771 3203 983 3271 peritia,
1010 3203 1082 3255 ita
1111 3210 1165 3257 et
1188 3202 1495 3271 cognitione
1515 3210 1818 3255 sanctarum

255 3296 640 3363 Scripturarum
660 3308 846 3347 omnes
874 3302 1072 3347 nostra:
1091 3292 1369 3361 religionis
1390 3292 1679 3360 scriptores
1703 3290 1819 3344 lon-

260 3404 317 3457 ge
345 3388 629 3443 antecellit.
658 3387 767 3443 Nec
798 3388 974 3456 putavi
1020 3378 1132 3441 fore
1163 3386 1472 3455 interpretis
1509 3394 1818 3440 controver-

266 3480 359 3533 sias
376 3480 488 3534 illas
527 3494 745 3535 movere
774 3493 904 3548 quas
933 3479 1099 3533 nostri
1136 3477 1366 3547 theologi
1398 3476 1451 3530 in
1484 3475 1683 3531 scholis
1705 3491 1819 3529 ma-

268 3575 373 3643 gnis
397 3574 586 3629 animis
615 3573 852 3642 agitant;
881 3586 1182 3641 quanquam
1216 3571 1280 3625 iis
1310 3571 1479 3641 prima
1524 3579 1681 3625 mtate
1715 3570 1819 3624 fui-

270 3677 371 3717 mus
405 3663 608 3727 imbuti,
658 3678 775 3733 quae
816 3663 883 3717 ab
921 3662 1183 3728 instituto,
1234 3677 1262 3715 a
1294 3671 1472 3717 mente
1501 3663 1816 3731 rationeque

268 3755 525 3821 Augustini
542 3754 826 3824 plurimum
853 3754 1147 3820 dissident;
1176 3762 1597 3822 aspernatusque
1624 3754 1816 3808 fuisset
1857 3828 1864 3835 κ

267 3846 389 3912 illas,
413 3856 566 3916 atque
598 3846 904 3917 indignatus
928 3848 1072 3915 operi
1119 3860 1216 3900 suo
1238 3845 1515 3911 admistas,
1544 3845 1690 3900 velut
1720 3844 1816 3899 tri-

268 3940 361 3992 tico
381 3940 574 4005 lolium,
618 3954 933 4008 quacunque
964 3939 1084 3993 coeli
1130 3949 1280 4007 parte
1309 3953 1469 4005 purus
1496 3938 1585 3992 ille
1610 3952 1670 3992 ac
1694 3952 1816 3991 san-

264 4030 509 4085 ctissimus
537 4033 747 4085 animus
772 4046 859 4085 res
887 4030 1159 4085 hominum
1188 4030 1482 4098 despectat.
1516 4029 1694 4097 Itaque
1716 4044 1814 4084 nec

262 4122 615 4193 disputandum
644 4127 771 4180 mihi
804 4127 988 4179 censui
1018 4125 1101 4178 vel
1136 4140 1257 4178 cum
1286 4124 1385 4178 hoc
1416 4123 1688 4177 hominum
1718 4139 1812 4192 ge-

262 4230 396 4277 nere,
425 4220 507 4273 vel
535 4234 655 4273 cum
674 4202 1095 4288 antiquioribus,
1124 4219 1427 4287 quicunque
1456 4218 1614 4271 alieni
1642 4232 1672 4270 a
1699 4231 1815 4270 sen-

261 4311 408 4361 tentia
436 4310 713 4379 Augustini
736 4320 948 4375 essent;
999 4325 1121 4363 nam
1154 4310 1253 4364 hoc
1284 4311 1395 4378 jam
1436 4325 1541 4362 non
1568 4317 1711 4363 esset
1734 4308 1815 4361 in-

260 4404 513 4467 terpretis,
543 4404 635 4457 sed
668 4402 971 4458 defensoris
998 4418 1059 4455 ac
1088 4403 1321 4472 patroni,
1373 4417 1492 4456 cum
1523 4417 1625 4456 non
1654 4402 1813 4456 modo

257 4510 385 4562 mea,
433 4496 523 4549 sed
556 4510 655 4551 nec
692 4496 854 4550 ullius
898 4495 1206 4550 defensione
1249 4504 1339 4549 aut
1385 4495 1682 4564 patrocinio
1722 4494 1812 4549 ille

254 4558 497 4658 indigeat.
546 4588 666 4644 Feci
699 4588 859 4657 igitur
880 4588 1020 4657 quod
1051 4558 1406 4657 Hieronymus
1448 4587 1499 4641 in
1523 4586 1812 4642 Commen-
1839 4558 1894 4620 D

254 4680 394 4734 fariis
422 4681 670 4747 Epistolte
718 4680 782 4734 ad
832 4679 1048 4733 Galatas
1090 4681 1348 4747 praefatur
1395 4694 1456 4733 se
1500 4679 1709 4742 fecisse,
1754 4687 1815 4733 ut

253 4787 432 4840 magna
461 4789 524 4828 ex
553 4782 704 4843 parte
731 4773 958 4827 aliorum
991 4773 1286 4825 sententias
1314 4781 1517 4825 tantum
1552 4772 1809 4827 referret:

250 4866 326 4919 sic
349 4879 401 4919 et
425 4881 522 4921 nos
545 4866 671 4935 quid
702 4866 793 4919 alii
832 4865 1092 4918 dixissent
1136 4865 1536 4932 sensissemque
1575 4864 1813 4918 contenti

252 4956 459 5011 lecturis
482 4958 807 5025 explicuisse
832 4959 1149 5011 sententiam
1174 4966 1411 5012 nostram
1429 4957 1813 5025 continuimus,

254 5057 476 5103 veterem
500 5049 804 5104 Academia:
835 5063 1038 5102 morem
1069 5050 1286 5115 imitati;
1320 5058 1427 5103 tum
1456 5049 1595 5119 quod
1629 5049 1681 5103 id
1705 5064 1814 5102 ma-

254 5143 330 5208 gis
354 5140 419 5196 ad
464 5150 827 5196 enarratorem
858 5140 1019 5194 alieni
1047 5142 1226 5209 operis
1251 5142 1553 5194 existimavi
1581 5140 1809 5209 pertine-

258 5246 328 5293 re,
354 5240 460 5286 tum
482 5231 643 5288 etiam
665 5230 810 5301 quod
839 5231 1101 5298 cunctari,
1126 5240 1179 5286 et
1207 5230 1525 5286 sententiam
1542 5246 1688 5285 suam
1709 5246 1813 5284 non

259 5325 490 5395 prodere,
540 5335 597 5380 et
622 5327 922 5381 consectari
960 5327 1129 5395 magis
1157 5324 1330 5379 aliena
1380 5341 1536 5395 quam
1566 5340 1660 5379 sua
1695 5339 1816 5392 pro-

260 5412 389 5473 ferre
414 5428 572 5487 atque
596 5425 866 5472 ostentare
894 5427 1019 5473 ante
1046 5433 1210 5472 canos
1240 5417 1433 5472 decere
1467 5417 1644 5486 potius
1672 5415 1817 5469 arbi-

264 5509 442 5579 trabar,
473 5512 561 5580 qui
591 5511 833 5568 censuris
863 5524 925 5564 ac
965 5510 1182 5579 judiciis
1213 5524 1317 5563 non
1368 5523 1551 5577 parum
1584 5506 1817 5562 auctori-

264 5600 374 5654 tatis
398 5603 595 5657 addunt
637 5617 773 5658 :nec
815 5603 1104 5656 immerito.
1134 5600 1293 5655 Multa
1322 5615 1463 5653 nunc
1506 5598 1635 5652 mihi
1666 5613 1810 5662 vera,

262 5703 408 5760 certa,
440 5696 718 5766 explorata
743 5696 987 5751 videntur
1029 5712 1040 5747 :
1074 5710 1214 5764 quat,
1244 5693 1288 5748 si
1316 5693 1518 5746 diutius
1542 5692 1816 5761 contingat

262 5784 441 5853 vivere,
474 5804 579 5844 non
622 5790 777 5845 modo
807 5789 1053 5859 ambigua
1101 5802 1195 5854 per
1226 5794 1432 5842 :ctatem
1467 5786 1810 5851 videbuntur,

1924 1924 2028 1963 non
2061 1911 2177 1964 sine
2202 1911 2383 1980 lapsus
2416 1912 2655 1980 periculo
2681 1912 2841 1967 facias
2876 1914 2998 1977 iter,
3026 1929 3094 1968 ne
3123 1914 3263 1969 fasce
3287 1932 3502 1985 pressus

1924 2003 1976 2057 in
2012 2019 2232 2070 pronum
2266 2005 2457 2059 ferare.
2491 2005 2601 2061 Illic
2627 2021 2757 2060 vero
2785 2020 2891 2060 non
2915 2014 3135 2060 stratam
3168 2008 3333 2063 ullam
3359 2012 3502 2065 viam

1922 2094 2184 2159 invenias,
2215 2111 2312 2150 nec
2342 2097 2484 2165 quod
2517 2107 2723 2152 recreet
2751 2098 2958 2163 oculos,
3004 2113 3103 2153 nec
3133 2114 3238 2167 quo
3266 2101 3347 2154 vel
3380 2117 3498 2156 mo-

1924 2196 2162 2241 mentum
2192 2188 2449 2254 divertas,
2493 2205 2555 2244 ac
2586 2205 2653 2245 ue
2697 2190 2781 2244 ubi
2824 2190 3013 2245 sedeas
3051 2192 3263 2258 quidem
3306 2193 3501 2261 fessus,

1922 2293 2043 2332 cum
2072 2280 2394 2335 conferenda
2428 2292 2551 2336 sunt
2581 2291 2845 2351 tempora,
2892 2297 3013 2337 cum
3059 2284 3340 2341 diversitas
3372 2288 3505 2342 inter

1924 2380 2171 2425 auctores
2200 2382 2361 2441 atque
2400 2374 2534 2429 adeo
2564 2375 2860 2429 adversitas
2890 2376 3220 2431 ostendenda
3250 2393 3373 2433 cum
3403 2394 3508 2434 sa:-

1924 2477 2217 2531 penumero
2245 2466 2501 2530 tollenda,
2527 2482 2646 2521 cum
2676 2468 3024 2537 quiercndnm
3055 2477 3109 2523 et
3129 2472 3505 2540 evolveudum,

1924 2562 1980 2608 et
2007 2554 2354 2609 divinandum
2384 2557 2469 2609 ubi
2501 2557 2570 2610 sit
2604 2557 2751 2612 locus
2796 2574 2953 2627 quem
2997 2558 3325 2629 Augustinus
3354 2562 3506 2618 affert

1924 2660 1989 2701 ex
2017 2647 2282 2714 scriptore
2325 2648 2506 2717 aliquo
2532 2666 2544 2701 :
2573 2664 2733 2718 quem
2780 2649 2955 2703 locum
3002 2650 3243 2721 invenire
3281 2653 3505 2708 multum

1926 2752 1987 2790 ac
2011 2736 2100 2790 diu
2123 2740 2429 2807 quaesitum,
2457 2753 2613 2794 casus
2644 2750 2726 2794 est
2754 2741 2950 2808 saepius
2979 2756 3135 2807 quam
3168 2743 3505 2799 eruditionis.

1924 2827 2054 2881 Nam
2080 2830 2131 2882 in
2163 2844 2283 2884 eum
2307 2831 2503 2886 incidat
2534 2830 2844 2899 frequenter
2871 2831 3325 2903 impe'ritissimus,
3350 2850 3507 2904 quem

1925 2919 2111 2975 doctus
2142 2923 2467 2991 investigare
2498 2937 2601 2978 non
2627 2925 2797 2992 potuit
2826 2924 2916 2977 diu
2945 2924 3287 2993 vestigatum‘.
3317 2927 3384 2980 Et
3410 2928 3509 2983 ltoc

1926 3015 2053 3068 mihi
2090 3026 2235 3070 tanto
2281 3017 2377 3071 fuit
2404 3018 2675 3073 difficilius
2716 3033 2779 3072 ac
2807 3019 2928 3088 plus
2960 3019 3216 3088 temporis
3257 3022 3508 3088 extraxit,

1926 3109 2065 3177 quod
2091 3119 2144 3163 et
2172 3109 2466 3178 imparatus
2495 3110 2561 3164 ad
2594 3110 2693 3163 hoc
2725 3125 2860 3179 opus
2907 3111 3131 3173 accessi,
3182 3127 3300 3165 cum
3348 3123 3506 3168 antea

1847 3181 1893 3245 C
1924 3206 2152 3268 quatuor
2180 3208 2272 3254 aut
2304 3200 2536 3269 quinque
2564 3209 2768 3254 tantum
2819 3201 2870 3253 io
2916 3215 2981 3255 eo
3028 3201 3299 3255 volumina
3348 3202 3509 3272 legis-

1922 3305 2060 3356 sem,
2097 3305 2195 3345 nec
2224 3291 2430 3347 indices
2462 3292 2596 3347 ullos
2626 3292 2756 3346 mihi
2784 3308 2849 3345 ex
2881 3292 3107 3346 lectione
3154 3292 3383 3361 confeci,
3423 3295 3509 3350 vel

1920 3384 1975 3438 in
2009 3384 2171 3450 hunc,
2203 3384 2288 3438 vel
2320 3385 2372 3437 in
2402 3385 2630 3439 similem
2655 3385 2888 3453 aliquem
2914 3400 3069 3439 usum
3096 3403 3109 3439 :
3135 3400 3270 3456 quos
3302 3388 3390 3456 qui
3415 3387 3510 3443 ha-

1920 3475 2067 3539 bent,
2100 3491 2181 3528 nte
2212 3475 2264 3528 hi
2298 3474 2483 3530 felices
2514 3477 2565 3529 in
2600 3476 2790 3530 litteris
2822 3485 2963 3543 sunt,
3010 3478 3201 3546 quibus
3232 3478 3370 3532 haud
3396 3480 3508 3534 exi-

1918 3583 2020 3637 gua
2053 3566 2254 3622 laboris
2276 3567 2509 3621 demitur
2540 3582 2683 3636 pars.
2720 3568 2812 3622 llis
2842 3569 3100 3638 angustiis
3131 3578 3185 3623 et
3224 3569 3508 3625 difficulta-

1921 3660 2067 3715 tibus
2097 3660 2274 3730 in0pia
2305 3658 2612 3715 Grazcorum
2644 3661 2975 3715 voluminum
3009 3663 3253 3725 accessit,
3286 3679 3404 3733 qum
3424 3676 3507 3721 est

1918 3753 1973 3808 in
2008 3755 2104 3808 hac
2135 3754 2352 3824 regione
2405 3755 2558 3809 mira.
2610 3754 2740 3809 Nam
2792 3769 2915 3809 cum
2966 3758 3165 3823 passim
3213 3758 3387 3812 doctis
3412 3761 3507 3814 fias

1918 3848 2127 3915 obvius,
2160 3848 2204 3901 si
2236 3847 2581 3903 Aristotelem
2615 3848 2886 3914 Graecum,
2944 3861 3034 3903 aut
3067 3851 3502 3921 Demosthenem,

1917 3947 2009 3992 aut
2034 3940 2197 3992 Vetus
2225 3939 2660 4004 Testamentum;
2691 3948 2782 3993 aut
2806 3940 3144 4005 Pausaniam,
3184 3951 3276 3996 aut
3303 3944 3505 3999 lStN‘l‘a-

1918 4038 2047 4093 tem,
2079 4039 2167 4082 aut
2201 4029 2399 4085 Julium
2433 4030 2726 4094 Pollucem,
2758 4041 2850 4084 aut
2876 4030 3214 4085 Eustathium
3246 4035 3501 4091 utendum

1917 4130 2092 4189 petas,
2123 4130 2318 4190 negant
2348 4137 2407 4176 se
2440 4121 2668 4181 habere;
2702 4136 2801 4175 nec
2828 4121 2968 4191 apud
3000 4122 3321 4191 bibliopolas
3346 4141 3504 4179 vena.

1918 4212 1996 4268 les
2026 4214 2287 4268 invenias.
2321 4214 2451 4268 Cum
2480 4214 2568 4268 hic
2594 4213 2809 4268 adesset
2844 4214 3119 4279 Erasmus,
3155 4215 3272 4284 ejus
3312 4216 3504 4271 biblio-

1918 4308 2070 4362 theca
2097 4308 2425 4376 adjuvabar;
2459 4316 2515 4361 ct
2542 4307 2686 4361 illinc
2725 4307 2867 4361 aliud
2907 4322 3089 4377 agens,
3142 4308 3345 4376 aliquot
3371 4310 3502 4365 mihi

1916 4400 2289 4470 decerpseram
2322 4400 2459 4465 loca,
2490 4416 2608 4470 qua:
2633 4416 2730 4453 ceu
2762 4400 3117 4468 praesagiebat
3146 4402 3358 4455 animus
3385 4405 3503 4459 usui

1920 4494 2052 4548 mihi
2082 4494 2370 4564 aliquando
2401 4496 2594 4546 futura.
2625 4492 2756 4546 Nam
2789 4507 2850 4545 ea
2879 4492 2931 4546 in
2963 4492 3079 4546 hanc
3109 4493 3504 4549 Commentaria

1920 4586 2094 4641 intuli.
2126 4585 2373 4639 Graecum
2409 4584 2687 4638 Platonem
2721 4584 2879 4638 habui
2909 4584 2959 4637 in
3004 4595 3271 4650 octavum,
3304 4601 3501 4641 nonum

1921 4688 1975 4734 et
1996 4679 2262 4733 decimum
2294 4678 2486 4732 librum
2510 4677 2787 4741 scribens;
2814 4677 3133 4732 Strabonem
3165 4678 3499 4746 plerumque,

1921 4772 2235 4827 Pausaniam
2269 4785 2679 4838 nonnunquam;
2709 4769 2803 4824 sed
2837 4770 3104 4839 praecipue
3126 4786 3246 4824 cum
3278 4770 3328 4824 in
3359 4771 3505 4824 deci-

1922 4881 2065 4919 mum
2099 4875 2345 4920 octavum
2373 4873 2786 4929 commentarer,
2815 4872 2870 4918 et
2895 4864 3098 4931 aliquot
3127 4865 3280 4929 alios,
3312 4866 3503 4933 quibus

1919 4972 2026 5011 non
2058 4957 2281 5026 perinde
2307 4966 2465 5026 atque
2490 4957 2606 5011 istis
2633 4954 2956 5024 indigebam.
2982 4956 3095 5009 Non
3123 4956 3335 5023 quidem
3360 4957 3499 5024 quod

1922 5049 2254 5117 Augustinus
2294 5049 2358 5102 ad
2402 5063 2461 5103 se
2498 5048 2856 5102 enarrandum
2908 5063 3150 5116 magnam
3192 5049 3500 5104 Graecorum

1919 5152 2197 5195 auctorum
2226 5140 2435 5207 cepiam
2468 5138 2759 5200 desideret,
2804 5138 2894 5205 qui
2926 5137 3142 5192 Latinos
3180 5148 3381 5193 tantum
3422 5151 3504 5196 est

1917 5241 2154 5296 secutus,
2182 5244 2318 5299 quos
2347 5230 2492 5284 solos
2518 5244 2655 5298 pene
2693 5228 2916 5296 legerat,
2952 5239 3043 5282 aut
3080 5244 3263 5283 versos
3296 5247 3327 5285 e
3350 5231 3503 5285 Gras-

1916 5327 2024 5391 cis;
2051 5327 2144 5380 sed
2172 5335 2321 5380 certe
2350 5325 2395 5379 si
2426 5323 2637 5391 adjutus
2666 5322 2867 5390 majore
2889 5321 3196 5377 Grmcorum
3226 5324 3500 5393 suppelle-

1916 5421 2022 5474 ctili
2058 5419 2297 5483 fuissem,
2344 5418 2609 5487 potuisset
2647 5429 2779 5485 opus
2812 5415 2968 5484 paulo
2996 5415 3144 5469 exire
3173 5416 3414 5471 ornatius
3439 5432 3503 5470 ac

1917 5509 2257 5579 locupletius.
2293 5509 2473 5578 Itaque
2500 5507 2750 5561 nonnulla
2777 5515 2903 5562 sunt
2928 5523 2955 5559 a
2989 5506 3141 5561 nobis
3176 5508 3498 5575 praetermis«

1914 5616 1996 5666 sa,
2029 5617 2145 5670 quae
2177 5601 2369 5670 partim
2400 5616 2462 5655 ex
2498 5599 2646 5655 nullo
2677 5608 2963 5669 potuerunt
2992 5612 3209 5655 auctore
3240 5600 3368 5670 peti,
3406 5616 3499 5655 eo-

1901 5707 2035 5748 rum
2067 5692 2321 5746 duntaxat
2351 5693 2439 5763 qtti
2470 5700 2719 5747 exstant:
2751 5692 2944 5763 partim
2968 5709 3032 5748 ex
3058 5692 3345 5750 reconditis
3359 5692 3499 5747 Grae-

1916 5800 2102 5844 corum
2135 5784 2328 5844 litteris
2379 5783 2599 5842 fuerunt
2629 5784 2862 5841 eruenda
2885 5826 2900 5853 ,
2948 5784 3080 5841 alias
3118 5783 3495 5841 bibliothecam
