  <div class='ocr_page' id='page_1' title='image "/cluster/home/n/w/nwhite01/storage/ocr_20150623/47/hvd.32044015471527/227.png"; bbox 0 0 3974 6356; ppageno 0'>
   <div class='ocr_carea' id='block_1_1' title="bbox 569 372 2139 439">
    <p class='ocr_par' dir='ltr' id='par_1_1' title="bbox 569 372 2139 439">
     <span class='ocr_line' id='line_1_1' title="bbox 569 372 2139 439; baseline -0.006 -4"><span class='ocrx_word' id='word_1_1' title='bbox 569 376 673 436; x_wconf 70' lang='grc' dir='ltr'>ιιίδ</span> <span class='ocrx_word' id='word_1_2' title='bbox 1460 372 2009 439; x_wconf 83' lang='lat' dir='ltr'><strong>SUPPLEMENTUM</strong></span> <span class='ocrx_word' id='word_1_3' title='bbox 2048 372 2139 425; x_wconf 80' lang='lat' dir='ltr'><strong>AD</strong></span> 
     </span>
    </p>
   </div>
   <div class='ocr_carea' id='block_1_2' title="bbox 569 490 2143 564">
    <p class='ocr_par' dir='ltr' id='par_1_2' title="bbox 569 490 2143 564">
     <span class='ocr_line' id='line_1_2' title="bbox 569 490 2143 564; baseline -0.004 -17"><span class='ocrx_word' id='word_1_4' title='bbox 569 492 710 547; x_wconf 86' lang='lat' dir='ltr'><strong>nacti</strong></span> <span class='ocrx_word' id='word_1_5' title='bbox 730 490 1038 549; x_wconf 70' lang='lat' dir='ltr'><strong>Graecorum</strong></span> <span class='ocrx_word' id='word_1_6' title='bbox 1066 493 1309 549; x_wconf 90' lang='lat' dir='ltr'><strong>codicum</strong></span> <span class='ocrx_word' id='word_1_7' title='bbox 1333 495 1667 564; x_wconf 82' lang='lat' dir='ltr'><strong>ampliorem,</strong></span> <span class='ocrx_word' id='word_1_8' title='bbox 1692 508 1786 562; x_wconf 90' lang='lat' dir='ltr'><strong>per</strong></span> <span class='ocrx_word' id='word_1_9' title='bbox 1810 490 2143 545; x_wconf 83' lang='lat' dir='ltr'><strong>occasionem</strong></span> 
     </span>
    </p>
   </div>
   <div class='ocr_carea' id='block_1_3' title="bbox 573 579 2147 656">
    <p class='ocr_par' dir='ltr' id='par_1_3' title="bbox 573 579 2147 656">
     <span class='ocr_line' id='line_1_3' title="bbox 573 579 2147 656; baseline -0.004 -17"><span class='ocrx_word' id='word_1_10' title='bbox 573 600 636 639; x_wconf 90' lang='lat' dir='ltr'><strong>ea</strong></span> <span class='ocrx_word' id='word_1_11' title='bbox 666 586 851 641; x_wconf 79' lang='lat' dir='ltr'><strong>lectori</strong></span> <span class='ocrx_word' id='word_1_12' title='bbox 873 587 1517 656; x_wconf 89' lang='lat' dir='ltr'><strong>sarciemus.Quanquam</strong></span> <span class='ocrx_word' id='word_1_13' title='bbox 1536 587 1725 641; x_wconf 88' lang='lat' dir='ltr'><strong>scdulo</strong></span> <span class='ocrx_word' id='word_1_14' title='bbox 1748 585 1873 639; x_wconf 91' lang='lat' dir='ltr'><strong>illud</strong></span> <span class='ocrx_word' id='word_1_15' title='bbox 1900 592 2023 636; x_wconf 83' lang='lat' dir='ltr'><strong>ante</strong></span> <span class='ocrx_word' id='word_1_16' title='bbox 2046 579 2147 634; x_wconf 91' lang='lat' dir='ltr'><strong>alia</strong></span> 
     </span>
    </p>
   </div>
   <div class='ocr_carea' id='block_1_4' title="bbox 570 672 2150 748">
    <p class='ocr_par' dir='ltr' id='par_1_4' title="bbox 570 672 2150 748">
     <span class='ocr_line' id='line_1_4' title="bbox 570 672 2150 748; baseline -0.004 -18"><span class='ocrx_word' id='word_1_17' title='bbox 570 686 654 731; x_wconf 89' lang='lat' dir='ltr'><strong>est</strong></span> <span class='ocrx_word' id='word_1_18' title='bbox 679 691 706 730; x_wconf 87' lang='lat' dir='ltr'><strong>a</strong></span> <span class='ocrx_word' id='word_1_19' title='bbox 739 678 891 731; x_wconf 91' lang='lat' dir='ltr'><strong>nobis</strong></span> <span class='ocrx_word' id='word_1_20' title='bbox 921 678 1263 746; x_wconf 83' lang='lat' dir='ltr'><strong>advigilatum</strong></span> <span class='ocrx_word' id='word_1_21' title='bbox 1294 688 1658 748; x_wconf 90' lang='lat' dir='ltr'><strong>curatumque,</strong></span> <span class='ocrx_word' id='word_1_22' title='bbox 1720 693 1785 730; x_wconf 92' lang='lat' dir='ltr'><strong>ne</strong></span> <span class='ocrx_word' id='word_1_23' title='bbox 1835 674 1997 727; x_wconf 87' lang='lat' dir='ltr'><strong>multa</strong></span> <span class='ocrx_word' id='word_1_24' title='bbox 2044 672 2150 725; x_wconf 90' lang='lat' dir='ltr'><strong>sint</strong></span> 
     </span>
    </p>
   </div>
   <div class='ocr_carea' id='block_1_5' title="bbox 571 767 2151 838">
    <p class='ocr_par' dir='ltr' id='par_1_5' title="bbox 571 767 2151 838">
     <span class='ocr_line' id='line_1_5' title="bbox 571 767 2151 838; baseline -0.001 -18"><span class='ocrx_word' id='word_1_25' title='bbox 571 783 688 836; x_wconf 73' lang='lat' dir='ltr'><strong>qure</strong></span> <span class='ocrx_word' id='word_1_26' title='bbox 718 769 769 822; x_wconf 92' lang='lat' dir='ltr'><strong>in</strong></span> <span class='ocrx_word' id='word_1_27' title='bbox 802 768 901 823; x_wconf 91' lang='lat' dir='ltr'><strong>hoc</strong></span> <span class='ocrx_word' id='word_1_28' title='bbox 932 784 1094 838; x_wconf 89' lang='lat' dir='ltr'><strong>opere</strong></span> <span class='ocrx_word' id='word_1_29' title='bbox 1124 771 1352 825; x_wconf 77' lang='lat' dir='ltr'><strong>studiosi</strong></span> <span class='ocrx_word' id='word_1_30' title='bbox 1392 771 1637 825; x_wconf 81' lang='lat' dir='ltr'><strong>homines</strong></span> <span class='ocrx_word' id='word_1_31' title='bbox 1677 767 1989 836; x_wconf 88' lang='lat' dir='ltr'><strong>cordatique</strong></span> <span class='ocrx_word' id='word_1_32' title='bbox 2029 779 2151 834; x_wconf 90' lang='lat' dir='ltr'><strong>pos-</strong></span> 
     </span>
    </p>
   </div>
   <div class='ocr_carea' id='block_1_6' title="bbox 573 856 2147 931">
    <p class='ocr_par' dir='ltr' id='par_1_6' title="bbox 573 856 2147 931">
     <span class='ocr_line' id='line_1_6' title="bbox 573 856 2147 931; baseline -0.002 -19"><span class='ocrx_word' id='word_1_33' title='bbox 573 867 691 912; x_wconf 89' lang='lat' dir='ltr'><strong>sent</strong></span> <span class='ocrx_word' id='word_1_34' title='bbox 722 858 1049 915; x_wconf 86' lang='lat' dir='ltr'><strong>desiderare.</strong></span> <span class='ocrx_word' id='word_1_35' title='bbox 1092 862 1221 927; x_wconf 74' lang='lat' dir='ltr'><strong>Quae</strong></span> <span class='ocrx_word' id='word_1_36' title='bbox 1267 863 1442 916; x_wconf 82' lang='lat' dir='ltr'><strong>omnia</strong></span> <span class='ocrx_word' id='word_1_37' title='bbox 1476 871 1729 931; x_wconf 76' lang='lat' dir='ltr'><strong>praestare</strong></span> <span class='ocrx_word' id='word_1_38' title='bbox 1757 858 1876 913; x_wconf 90' lang='lat' dir='ltr'><strong>aliis</strong></span> <span class='ocrx_word' id='word_1_39' title='bbox 1922 856 2005 911; x_wconf 92' lang='lat' dir='ltr'><strong>vel</strong></span> <span class='ocrx_word' id='word_1_40' title='bbox 2051 871 2147 909; x_wconf 87' lang='lat' dir='ltr'><strong>co-</strong></span> 
     </span>
    </p>
   </div>
   <div class='ocr_carea' id='block_1_7' title="bbox 570 948 2149 1023">
    <p class='ocr_par' dir='ltr' id='par_1_7' title="bbox 570 948 2149 1023">
     <span class='ocr_line' id='line_1_7' title="bbox 570 948 2149 1023; baseline -0.001 -20"><span class='ocrx_word' id='word_1_41' title='bbox 570 952 806 1020; x_wconf 89' lang='lat' dir='ltr'><strong>gnitione</strong></span> <span class='ocrx_word' id='word_1_42' title='bbox 841 969 1018 1008; x_wconf 91' lang='lat' dir='ltr'><strong>rerum</strong></span> <span class='ocrx_word' id='word_1_43' title='bbox 1068 956 1350 1022; x_wconf 88' lang='lat' dir='ltr'><strong>ampliore,</strong></span> <span class='ocrx_word' id='word_1_44' title='bbox 1404 955 1484 1010; x_wconf 87' lang='lat' dir='ltr'><strong>vel</strong></span> <span class='ocrx_word' id='word_1_45' title='bbox 1530 954 1741 1023; x_wconf 89' lang='lat' dir='ltr'><strong>ingenio</strong></span> <span class='ocrx_word' id='word_1_46' title='bbox 1783 952 2017 1019; x_wconf 81' lang='lat' dir='ltr'><strong>majore,</strong></span> <span class='ocrx_word' id='word_1_47' title='bbox 2063 948 2149 1003; x_wconf 92' lang='lat' dir='ltr'><strong>vel</strong></span> 
     </span>
    </p>
   </div>
   <div class='ocr_carea' id='block_1_8' title="bbox 572 1044 2150 1103">
    <p class='ocr_par' dir='ltr' id='par_1_8' title="bbox 572 1044 2150 1103">
     <span class='ocr_line' id='line_1_8' title="bbox 572 1044 2150 1103; baseline 0.002 -7"><span class='ocrx_word' id='word_1_48' title='bbox 572 1044 797 1099; x_wconf 87' lang='lat' dir='ltr'><strong>feliciori</strong></span> <span class='ocrx_word' id='word_1_49' title='bbox 823 1049 1079 1102; x_wconf 89' lang='lat' dir='ltr'><strong>memoria</strong></span> <span class='ocrx_word' id='word_1_50' title='bbox 1111 1048 1227 1103; x_wconf 84' lang='lat' dir='ltr'><strong>leve</strong></span> <span class='ocrx_word' id='word_1_51' title='bbox 1259 1058 1313 1103; x_wconf 91' lang='lat' dir='ltr'><strong>et</strong></span> <span class='ocrx_word' id='word_1_52' title='bbox 1355 1049 1512 1103; x_wconf 86' lang='lat' dir='ltr'><strong>facile</strong></span> <span class='ocrx_word' id='word_1_53' title='bbox 1558 1047 1766 1102; x_wconf 78' lang='lat' dir='ltr'><strong>fuisset.</strong></span> <span class='ocrx_word' id='word_1_54' title='bbox 1812 1045 1975 1099; x_wconf 85' lang='lat' dir='ltr'><strong>Nobis</strong></span> <span class='ocrx_word' id='word_1_55' title='bbox 2005 1053 2150 1099; x_wconf 90' lang='lat' dir='ltr'><strong>certe</strong></span> 
     </span>
    </p>
   </div>
   <div class='ocr_carea' id='block_1_9' title="bbox 570 1136 2150 1210">
    <p class='ocr_par' dir='ltr' id='par_1_9' title="bbox 570 1136 2150 1210">
     <span class='ocr_line' id='line_1_9' title="bbox 570 1136 2150 1210; baseline 0.003 -23"><span class='ocrx_word' id='word_1_56' title='bbox 570 1136 710 1189; x_wconf 88' lang='lat' dir='ltr'><strong>haud</strong></span> <span class='ocrx_word' id='word_1_57' title='bbox 733 1153 861 1192; x_wconf 87' lang='lat' dir='ltr'><strong>sane</strong></span> <span class='ocrx_word' id='word_1_58' title='bbox 891 1139 1075 1193; x_wconf 82' lang='lat' dir='ltr'><strong>credat</strong></span> <span class='ocrx_word' id='word_1_59' title='bbox 1104 1142 1406 1210; x_wconf 87' lang='lat' dir='ltr'><strong>quisquam,</strong></span> <span class='ocrx_word' id='word_1_60' title='bbox 1426 1155 1582 1210; x_wconf 90' lang='lat' dir='ltr'><strong>quam</strong></span> <span class='ocrx_word' id='word_1_61' title='bbox 1608 1139 1885 1194; x_wconf 81' lang='lat' dir='ltr'><strong>taediosum</strong></span> <span class='ocrx_word' id='word_1_62' title='bbox 1912 1137 2067 1191; x_wconf 89' lang='lat' dir='ltr'><strong>fuerit</strong></span> <span class='ocrx_word' id='word_1_63' title='bbox 2088 1151 2150 1191; x_wconf 91' lang='lat' dir='ltr'><strong>ac</strong></span> 
     </span>
    </p>
   </div>
   <div class='ocr_carea' id='block_1_10' title="bbox 569 1227 2149 1303">
    <p class='ocr_par' dir='ltr' id='par_1_10' title="bbox 569 1227 2149 1303">
     <span class='ocr_line' id='line_1_10' title="bbox 569 1227 2149 1303; baseline 0.004 -24"><span class='ocrx_word' id='word_1_64' title='bbox 569 1227 904 1284; x_wconf 90' lang='lat' dir='ltr'><strong>fastidiorum</strong></span> <span class='ocrx_word' id='word_1_65' title='bbox 936 1232 1152 1300; x_wconf 90' lang='lat' dir='ltr'><strong>plenum</strong></span> <span class='ocrx_word' id='word_1_66' title='bbox 1183 1250 1195 1286; x_wconf 94' lang='lat'><strong>:</strong></span> <span class='ocrx_word' id='word_1_67' title='bbox 1225 1250 1329 1301; x_wconf 91' lang='lat' dir='ltr'><strong>quo</strong></span> <span class='ocrx_word' id='word_1_68' title='bbox 1360 1234 1417 1287; x_wconf 87' lang='lat' dir='ltr'><strong>fit</strong></span> <span class='ocrx_word' id='word_1_69' title='bbox 1439 1244 1492 1287; x_wconf 94' lang='lat' dir='ltr'><strong>ut</strong></span> <span class='ocrx_word' id='word_1_70' title='bbox 1514 1234 1684 1303; x_wconf 90' lang='lat' dir='ltr'><strong>prima</strong></span> <span class='ocrx_word' id='word_1_71' title='bbox 1718 1232 1801 1287; x_wconf 90' lang='lat' dir='ltr'><strong>illa</strong></span> <span class='ocrx_word' id='word_1_72' title='bbox 1830 1248 1947 1301; x_wconf 73' lang='lat' dir='ltr'><strong>qua:</strong></span> <span class='ocrx_word' id='word_1_73' title='bbox 1978 1247 2064 1286; x_wconf 90' lang='lat' dir='ltr'><strong>me</strong></span> <span class='ocrx_word' id='word_1_74' title='bbox 2095 1234 2149 1285; x_wconf 92' lang='lat' dir='ltr'><strong>in</strong></span> 
     </span>
    </p>
   </div>
   <div class='ocr_carea' id='block_1_11' title="bbox 567 1323 2145 1394">
    <p class='ocr_par' dir='ltr' id='par_1_11' title="bbox 567 1323 2145 1394">
     <span class='ocr_line' id='line_1_11' title="bbox 567 1323 2145 1394; baseline 0.005 -23"><span class='ocrx_word' id='word_1_75' title='bbox 567 1332 702 1386; x_wconf 83' lang='lat' dir='ltr'><strong>Opus</strong></span> <span class='ocrx_word' id='word_1_76' title='bbox 732 1323 1058 1390; x_wconf 89' lang='lat' dir='ltr'><strong>stimulabat,</strong></span> <span class='ocrx_word' id='word_1_77' title='bbox 1116 1326 1423 1392; x_wconf 87' lang='lat' dir='ltr'><strong>perficiendi</strong></span> <span class='ocrx_word' id='word_1_78' title='bbox 1456 1326 1680 1380; x_wconf 83' lang='lat' dir='ltr'><strong>facilitas</strong></span> <span class='ocrx_word' id='word_1_79' title='bbox 1712 1325 1869 1394; x_wconf 86' lang='lat' dir='ltr'><strong>plane</strong></span> <span class='ocrx_word' id='word_1_80' title='bbox 1907 1325 2145 1394; x_wconf 89' lang='lat' dir='ltr'><strong>perierit.</strong></span> 
     </span>
    </p>
   </div>
   <div class='ocr_carea' id='block_1_12' title="bbox 567 1407 2150 1483">
    <p class='ocr_par' dir='ltr' id='par_1_12' title="bbox 567 1407 2150 1483">
     <span class='ocr_line' id='line_1_12' title="bbox 567 1407 2150 1483; baseline 0.005 -22"><span class='ocrx_word' id='word_1_81' title='bbox 567 1407 636 1462; x_wconf 79' lang='lat' dir='ltr'><strong>At</strong></span> <span class='ocrx_word' id='word_1_82' title='bbox 668 1412 864 1467; x_wconf 87' lang='lat' dir='ltr'><strong>utilitas</strong></span> <span class='ocrx_word' id='word_1_83' title='bbox 898 1424 1095 1483; x_wconf 90' lang='lat' dir='ltr'><strong>quanta</strong></span> <span class='ocrx_word' id='word_1_84' title='bbox 1144 1415 1215 1468; x_wconf 90' lang='lat' dir='ltr'><strong>sit</strong></span> <span class='ocrx_word' id='word_1_85' title='bbox 1261 1414 1459 1481; x_wconf 89' lang='lat' dir='ltr'><strong>futura,</strong></span> <span class='ocrx_word' id='word_1_86' title='bbox 1512 1415 1859 1483; x_wconf 88' lang='lat' dir='ltr'><strong>pronuntiare</strong></span> <span class='ocrx_word' id='word_1_87' title='bbox 1909 1431 2010 1468; x_wconf 90' lang='lat' dir='ltr'><strong>non</strong></span> <span class='ocrx_word' id='word_1_88' title='bbox 2066 1427 2150 1471; x_wconf 90' lang='lat' dir='ltr'><strong>est</strong></span> 
     </span>
    </p>
   </div>
   <div class='ocr_carea' id='block_1_13' title="bbox 567 1504 2149 1575">
    <p class='ocr_par' dir='ltr' id='par_1_13' title="bbox 567 1504 2149 1575">
     <span class='ocr_line' id='line_1_13' title="bbox 567 1504 2149 1575; baseline 0.004 -23"><span class='ocrx_word' id='word_1_89' title='bbox 567 1515 769 1567; x_wconf 91' lang='lat' dir='ltr'><strong>meum,</strong></span> <span class='ocrx_word' id='word_1_90' title='bbox 796 1504 934 1572; x_wconf 89' lang='lat' dir='ltr'><strong>quod</strong></span> <span class='ocrx_word' id='word_1_91' title='bbox 970 1520 1068 1558; x_wconf 92' lang='lat' dir='ltr'><strong>nec</strong></span> <span class='ocrx_word' id='word_1_92' title='bbox 1102 1506 1151 1558; x_wconf 92' lang='lat' dir='ltr'><strong>in</strong></span> <span class='ocrx_word' id='word_1_93' title='bbox 1194 1520 1357 1573; x_wconf 89' lang='lat' dir='ltr'><strong>opere</strong></span> <span class='ocrx_word' id='word_1_94' title='bbox 1395 1522 1491 1558; x_wconf 91' lang='lat' dir='ltr'><strong>suo</strong></span> <span class='ocrx_word' id='word_1_95' title='bbox 1528 1507 1807 1575; x_wconf 90' lang='lat' dir='ltr'><strong>quisquam</strong></span> <span class='ocrx_word' id='word_1_96' title='bbox 1842 1506 1937 1560; x_wconf 89' lang='lat' dir='ltr'><strong>vel</strong></span> <span class='ocrx_word' id='word_1_97' title='bbox 1973 1507 2149 1560; x_wconf 90' lang='lat' dir='ltr'><strong>incor-</strong></span> 
     </span>
    </p>
   </div>
   <div class='ocr_carea' id='block_1_14' title="bbox 567 1594 2148 1665">
    <p class='ocr_par' dir='ltr' id='par_1_14' title="bbox 567 1594 2148 1665">
     <span class='ocr_line' id='line_1_14' title="bbox 567 1594 2148 1665; baseline 0.006 -21"><span class='ocrx_word' id='word_1_98' title='bbox 567 1601 754 1660; x_wconf 86' lang='lat' dir='ltr'><strong>ruptus</strong></span> <span class='ocrx_word' id='word_1_99' title='bbox 785 1604 867 1648; x_wconf 90' lang='lat' dir='ltr'><strong>est</strong></span> <span class='ocrx_word' id='word_1_100' title='bbox 892 1594 1076 1662; x_wconf 81' lang='lat' dir='ltr'><strong>judex,</strong></span> <span class='ocrx_word' id='word_1_101' title='bbox 1109 1597 1194 1650; x_wconf 86' lang='lat' dir='ltr'><strong>vel</strong></span> <span class='ocrx_word' id='word_1_102' title='bbox 1226 1613 1331 1649; x_wconf 87' lang='lat' dir='ltr'><strong>non</strong></span> <span class='ocrx_word' id='word_1_103' title='bbox 1363 1607 1675 1665; x_wconf 89' lang='lat' dir='ltr'><strong>suspectus;</strong></span> <span class='ocrx_word' id='word_1_104' title='bbox 1706 1607 1759 1651; x_wconf 91' lang='lat' dir='ltr'><strong>et</strong></span> <span class='ocrx_word' id='word_1_105' title='bbox 1788 1608 2035 1652; x_wconf 83' lang='lat' dir='ltr'><strong>eventum</strong></span> <span class='ocrx_word' id='word_1_106' title='bbox 2072 1599 2148 1653; x_wconf 90' lang='lat' dir='ltr'><strong>rei</strong></span> 
     </span>
    </p>
   </div>
   <div class='ocr_carea' id='block_1_15' title="bbox 566 1685 2148 1759">
    <p class='ocr_par' dir='ltr' id='par_1_15' title="bbox 566 1685 2148 1759">
     <span class='ocr_line' id='line_1_15' title="bbox 566 1685 2148 1759; baseline 0.004 -20"><span class='ocrx_word' id='word_1_107' title='bbox 566 1685 729 1739; x_wconf 87' lang='lat' dir='ltr'><strong>situm</strong></span> <span class='ocrx_word' id='word_1_108' title='bbox 758 1686 811 1739; x_wconf 90' lang='lat' dir='ltr'><strong>in</strong></span> <span class='ocrx_word' id='word_1_109' title='bbox 844 1687 1068 1743; x_wconf 73' lang='lat' dir='ltr'><strong>fortunte</strong></span> <span class='ocrx_word' id='word_1_110' title='bbox 1094 1705 1252 1743; x_wconf 91' lang='lat' dir='ltr'><strong>manu</strong></span> <span class='ocrx_word' id='word_1_111' title='bbox 1279 1699 1649 1759; x_wconf 75' lang='lat' dir='ltr'><strong>potesmteque</strong></span> <span class='ocrx_word' id='word_1_112' title='bbox 1672 1691 1965 1759; x_wconf 71' lang='lat' dir='ltr'><strong>pracdiCare</strong></span> <span class='ocrx_word' id='word_1_113' title='bbox 1991 1706 2148 1745; x_wconf 89' lang='lat' dir='ltr'><strong>nemo</strong></span> 
     </span>
    </p>
   </div>
   <div class='ocr_carea' id='block_1_16' title="bbox 566 1780 2148 1851">
    <p class='ocr_par' dir='ltr' id='par_1_16' title="bbox 566 1780 2148 1851">
     <span class='ocr_line' id='line_1_16' title="bbox 566 1780 2148 1851; baseline 0.006 -25"><span class='ocrx_word' id='word_1_114' title='bbox 566 1783 761 1842; x_wconf 87' lang='lat' dir='ltr'><strong>potest,</strong></span> <span class='ocrx_word' id='word_1_115' title='bbox 794 1790 892 1830; x_wconf 91' lang='lat' dir='ltr'><strong>nec</strong></span> <span class='ocrx_word' id='word_1_116' title='bbox 918 1792 1016 1846; x_wconf 92' lang='lat' dir='ltr'><strong>ego</strong></span> <span class='ocrx_word' id='word_1_117' title='bbox 1047 1780 1376 1846; x_wconf 83' lang='lat' dir='ltr'><strong>promittere.</strong></span> <span class='ocrx_word' id='word_1_118' title='bbox 1407 1780 1583 1846; x_wconf 84' lang='lat' dir='ltr'><strong>Vivet,</strong></span> <span class='ocrx_word' id='word_1_119' title='bbox 1612 1790 1664 1834; x_wconf 93' lang='lat' dir='ltr'><strong>et</strong></span> <span class='ocrx_word' id='word_1_120' title='bbox 1691 1781 1916 1850; x_wconf 80' lang='lat' dir='ltr'><strong>legetur,</strong></span> <span class='ocrx_word' id='word_1_121' title='bbox 1953 1789 2006 1835; x_wconf 87' lang='lat' dir='ltr'><strong>et</strong></span> <span class='ocrx_word' id='word_1_122' title='bbox 2042 1782 2148 1851; x_wconf 92' lang='lat' dir='ltr'><strong>pla-</strong></span> 
     </span>
    </p>
   </div>
   <div class='ocr_carea' id='block_1_17' title="bbox 564 1865 2145 1941">
    <p class='ocr_par' dir='ltr' id='par_1_17' title="bbox 564 1865 2145 1941">
     <span class='ocr_line' id='line_1_17' title="bbox 564 1865 2145 1941; baseline 0.004 -22"><span class='ocrx_word' id='word_1_123' title='bbox 564 1865 725 1932; x_wconf 90' lang='lat' dir='ltr'><strong>cebit,</strong></span> <span class='ocrx_word' id='word_1_124' title='bbox 749 1876 802 1921; x_wconf 92' lang='lat' dir='ltr'><strong>et</strong></span> <span class='ocrx_word' id='word_1_125' title='bbox 834 1869 1068 1935; x_wconf 90' lang='lat' dir='ltr'><strong>proderit</strong></span> <span class='ocrx_word' id='word_1_126' title='bbox 1097 1884 1251 1939; x_wconf 89' lang='lat' dir='ltr'><strong>opus,</strong></span> <span class='ocrx_word' id='word_1_127' title='bbox 1284 1870 1329 1924; x_wconf 89' lang='lat' dir='ltr'><strong>si</strong></span> <span class='ocrx_word' id='word_1_128' title='bbox 1353 1869 1541 1925; x_wconf 87' lang='lat' dir='ltr'><strong>faverit</strong></span> <span class='ocrx_word' id='word_1_129' title='bbox 1570 1872 1790 1941; x_wconf 85' lang='lat' dir='ltr'><strong>genius;</strong></span> <span class='ocrx_word' id='word_1_130' title='bbox 1830 1872 1910 1925; x_wconf 90' lang='lat' dir='ltr'><strong>sin</strong></span> <span class='ocrx_word' id='word_1_131' title='bbox 1957 1873 2145 1926; x_wconf 90' lang='lat' dir='ltr'><strong>adver-</strong></span> 
     </span>
    </p>
   </div>
   <div class='ocr_carea' id='block_1_18' title="bbox 562 1960 2141 2029">
    <p class='ocr_par' dir='ltr' id='par_1_18' title="bbox 562 1960 2141 2029">
     <span class='ocr_line' id='line_1_18' title="bbox 562 1960 2141 2029; baseline 0.003 -19"><span class='ocrx_word' id='word_1_132' title='bbox 562 1966 731 2024; x_wconf 91' lang='lat' dir='ltr'><strong>setur,</strong></span> <span class='ocrx_word' id='word_1_133' title='bbox 757 1960 1002 2014; x_wconf 89' lang='lat' dir='ltr'><strong>concidet</strong></span> <span class='ocrx_word' id='word_1_134' title='bbox 1032 1975 1094 2015; x_wconf 89' lang='lat' dir='ltr'><strong>ac</strong></span> <span class='ocrx_word' id='word_1_135' title='bbox 1122 1961 1377 2015; x_wconf 87' lang='lat' dir='ltr'><strong>interibit.</strong></span> <span class='ocrx_word' id='word_1_136' title='bbox 1410 1962 1571 2015; x_wconf 84' lang='lat' dir='ltr'><strong>Multa</strong></span> <span class='ocrx_word' id='word_1_137' title='bbox 1595 1972 1743 2029; x_wconf 83' lang='lat' dir='ltr'><strong>grata</strong></span> <span class='ocrx_word' id='word_1_138' title='bbox 1771 1972 1895 2016; x_wconf 88' lang='lat' dir='ltr'><strong>sunt</strong></span> <span class='ocrx_word' id='word_1_139' title='bbox 1918 1973 1971 2016; x_wconf 90' lang='lat' dir='ltr'><strong>et</strong></span> <span class='ocrx_word' id='word_1_140' title='bbox 1993 1963 2141 2016; x_wconf 82' lang='lat' dir='ltr'><strong>utilia</strong></span> 
     </span>
    </p>
   </div>
   <div class='ocr_carea' id='block_1_19' title="bbox 564 2054 2144 2123">
    <p class='ocr_par' dir='ltr' id='par_1_19' title="bbox 564 2054 2144 2123">
     <span class='ocr_line' id='line_1_19' title="bbox 564 2054 2144 2123; baseline 0.004 -21"><span class='ocrx_word' id='word_1_141' title='bbox 564 2058 771 2104; x_wconf 89' lang='lat' dir='ltr'><strong>tantum</strong></span> <span class='ocrx_word' id='word_1_142' title='bbox 797 2066 858 2105; x_wconf 91' lang='lat' dir='ltr'><strong>ea</strong></span> <span class='ocrx_word' id='word_1_143' title='bbox 880 2067 1059 2118; x_wconf 89' lang='lat' dir='ltr'><strong>causa,</strong></span> <span class='ocrx_word' id='word_1_144' title='bbox 1088 2054 1227 2123; x_wconf 92' lang='lat' dir='ltr'><strong>quod</strong></span> <span class='ocrx_word' id='word_1_145' title='bbox 1258 2055 1339 2108; x_wconf 90' lang='lat' dir='ltr'><strong>sic</strong></span> <span class='ocrx_word' id='word_1_146' title='bbox 1370 2054 1524 2108; x_wconf 89' lang='lat' dir='ltr'><strong>libuit</strong></span> <span class='ocrx_word' id='word_1_147' title='bbox 1546 2054 1792 2109; x_wconf 73' lang='lat' dir='ltr'><strong>fortunae.</strong></span> <span class='ocrx_word' id='word_1_148' title='bbox 1830 2055 1959 2109; x_wconf 87' lang='lat' dir='ltr'><strong>illud</strong></span> <span class='ocrx_word' id='word_1_149' title='bbox 1985 2057 2144 2109; x_wconf 92' lang='lat' dir='ltr'><strong>modo</strong></span> 
     </span>
    </p>
   </div>
   <div class='ocr_carea' id='block_1_20' title="bbox 562 2142 2144 2221">
    <p class='ocr_par' dir='ltr' id='par_1_20' title="bbox 562 2142 2144 2221">
     <span class='ocr_line' id='line_1_20' title="bbox 562 2142 2144 2221; baseline 0.005 -27"><span class='ocrx_word' id='word_1_150' title='bbox 562 2142 766 2208; x_wconf 90' lang='lat' dir='ltr'><strong>precari</strong></span> <span class='ocrx_word' id='word_1_151' title='bbox 799 2158 1035 2221; x_wconf 87' lang='lat' dir='ltr'><strong>possum,</strong></span> <span class='ocrx_word' id='word_1_152' title='bbox 1067 2147 1111 2198; x_wconf 91' lang='lat' dir='ltr'><strong>si</strong></span> <span class='ocrx_word' id='word_1_153' title='bbox 1143 2146 1268 2215; x_wconf 92' lang='lat' dir='ltr'><strong>quid</strong></span> <span class='ocrx_word' id='word_1_154' title='bbox 1299 2146 1533 2214; x_wconf 89' lang='lat' dir='ltr'><strong>optando</strong></span> <span class='ocrx_word' id='word_1_155' title='bbox 1564 2149 1859 2215; x_wconf 76' lang='lat' dir='ltr'><strong>proficitur,</strong></span> <span class='ocrx_word' id='word_1_156' title='bbox 1887 2158 1993 2201; x_wconf 90' lang='lat' dir='ltr'><strong>tam</strong></span> <span class='ocrx_word' id='word_1_157' title='bbox 2018 2149 2144 2202; x_wconf 87' lang='lat' dir='ltr'><strong>utile</strong></span> 
     </span>
    </p>
   </div>
   <div class='ocr_carea' id='block_1_21' title="bbox 564 2234 2145 2309">
    <p class='ocr_par' dir='ltr' id='par_1_21' title="bbox 564 2234 2145 2309">
     <span class='ocr_line' id='line_1_21' title="bbox 564 2234 2145 2309; baseline 0.006 -24"><span class='ocrx_word' id='word_1_158' title='bbox 564 2241 624 2285; x_wconf 88' lang='lat' dir='ltr'><strong>ut</strong></span> <span class='ocrx_word' id='word_1_159' title='bbox 650 2234 883 2288; x_wconf 85' lang='lat' dir='ltr'><strong>sentiant</strong></span> <span class='ocrx_word' id='word_1_160' title='bbox 911 2248 1045 2302; x_wconf 81' lang='lat' dir='ltr'><strong>Opus</strong></span> <span class='ocrx_word' id='word_1_161' title='bbox 1071 2237 1329 2306; x_wconf 79' lang='lat' dir='ltr'><strong>legentes,</strong></span> <span class='ocrx_word' id='word_1_162' title='bbox 1360 2254 1515 2306; x_wconf 90' lang='lat' dir='ltr'><strong>quam</strong></span> <span class='ocrx_word' id='word_1_163' title='bbox 1543 2239 1677 2292; x_wconf 87' lang='lat' dir='ltr'><strong>mihi</strong></span> <span class='ocrx_word' id='word_1_164' title='bbox 1709 2256 1868 2309; x_wconf 87' lang='lat' dir='ltr'><strong>grave</strong></span> <span class='ocrx_word' id='word_1_165' title='bbox 1896 2250 1949 2293; x_wconf 88' lang='lat' dir='ltr'><strong>et</strong></span> <span class='ocrx_word' id='word_1_166' title='bbox 1975 2241 2145 2295; x_wconf 88' lang='lat' dir='ltr'><strong>mole-</strong></span> 
     </span>
    </p>
   </div>
   <div class='ocr_carea' id='block_1_22' title="bbox 562 2323 2139 2401">
    <p class='ocr_par' dir='ltr' id='par_1_22' title="bbox 562 2323 2139 2401">
     <span class='ocr_line' id='line_1_22' title="bbox 562 2323 2139 2401; baseline 0.006 -26"><span class='ocrx_word' id='word_1_167' title='bbox 562 2332 701 2376; x_wconf 91' lang='lat' dir='ltr'><strong>stum</strong></span> <span class='ocrx_word' id='word_1_168' title='bbox 735 2323 833 2378; x_wconf 89' lang='lat' dir='ltr'><strong>fuit</strong></span> <span class='ocrx_word' id='word_1_169' title='bbox 859 2326 1135 2380; x_wconf 78' lang='lat' dir='ltr'><strong>scribenti.</strong></span> <span class='ocrx_word' id='word_1_170' title='bbox 1168 2326 1392 2397; x_wconf 83' lang='lat' dir='ltr'><strong>Jamque</strong></span> <span class='ocrx_word' id='word_1_171' title='bbox 1423 2328 1650 2397; x_wconf 91' lang='lat' dir='ltr'><strong>primum</strong></span> <span class='ocrx_word' id='word_1_172' title='bbox 1668 2329 1806 2383; x_wconf 72' lang='lat' dir='ltr'><strong>illud</strong></span> <span class='ocrx_word' id='word_1_173' title='bbox 1841 2332 2139 2401; x_wconf 88' lang='lat' dir='ltr'><strong>amisimus,</strong></span> 
     </span>
    </p>
   </div>
   <div class='ocr_carea' id='block_1_23' title="bbox 562 2415 2143 2489">
    <p class='ocr_par' dir='ltr' id='par_1_23' title="bbox 562 2415 2143 2489">
     <span class='ocr_line' id='line_1_23' title="bbox 562 2415 2143 2489; baseline 0.006 -23"><span class='ocrx_word' id='word_1_174' title='bbox 562 2415 855 2469; x_wconf 85' lang='lat' dir='ltr'><strong>secundum</strong></span> <span class='ocrx_word' id='word_1_175' title='bbox 884 2417 1144 2471; x_wconf 86' lang='lat' dir='ltr'><strong>incertum</strong></span> <span class='ocrx_word' id='word_1_176' title='bbox 1168 2429 1272 2483; x_wconf 91' lang='lat' dir='ltr'><strong>est,</strong></span> <span class='ocrx_word' id='word_1_177' title='bbox 1306 2419 1517 2473; x_wconf 90' lang='lat' dir='ltr'><strong>tertium</strong></span> <span class='ocrx_word' id='word_1_178' title='bbox 1543 2435 1646 2473; x_wconf 93' lang='lat' dir='ltr'><strong>non</strong></span> <span class='ocrx_word' id='word_1_179' title='bbox 1674 2419 1913 2489; x_wconf 88' lang='lat' dir='ltr'><strong>profecto</strong></span> <span class='ocrx_word' id='word_1_180' title='bbox 1943 2423 2143 2475; x_wconf 90' lang='lat' dir='ltr'><strong>certius</strong></span> 
     </span>
    </p>
   </div>
   <div class='ocr_carea' id='block_1_24' title="bbox 563 2505 2145 2582">
    <p class='ocr_par' dir='ltr' id='par_1_24' title="bbox 563 2505 2145 2582">
     <span class='ocr_line' id='line_1_24' title="bbox 563 2505 2145 2582; baseline 0.006 -24"><span class='ocrx_word' id='word_1_181' title='bbox 563 2505 631 2559; x_wconf 87' lang='lat' dir='ltr'><strong>de</strong></span> <span class='ocrx_word' id='word_1_182' title='bbox 659 2507 847 2576; x_wconf 85' lang='lat' dir='ltr'><strong>gratia,</strong></span> <span class='ocrx_word' id='word_1_183' title='bbox 897 2508 1038 2563; x_wconf 90' lang='lat' dir='ltr'><strong>unde</strong></span> <span class='ocrx_word' id='word_1_184' title='bbox 1068 2525 1262 2564; x_wconf 86' lang='lat' dir='ltr'><strong>nomen</strong></span> <span class='ocrx_word' id='word_1_185' title='bbox 1305 2510 1582 2581; x_wconf 80' lang='lat' dir='ltr'><strong>gloriaque</strong></span> <span class='ocrx_word' id='word_1_186' title='bbox 1610 2513 1674 2565; x_wconf 87' lang='lat' dir='ltr'><strong>ad</strong></span> <span class='ocrx_word' id='word_1_187' title='bbox 1712 2513 2028 2582; x_wconf 88' lang='lat' dir='ltr'><strong>scriptorem</strong></span> <span class='ocrx_word' id='word_1_188' title='bbox 2057 2529 2145 2567; x_wconf 84' lang='lat' dir='ltr'><strong>re-</strong></span> 
     </span>
    </p>
   </div>
   <div class='ocr_carea' id='block_1_25' title="bbox 563 2596 2144 2674">
    <p class='ocr_par' dir='ltr' id='par_1_25' title="bbox 563 2596 2144 2674">
     <span class='ocr_line' id='line_1_25' title="bbox 563 2596 2144 2674; baseline 0.008 -23"><span class='ocrx_word' id='word_1_189' title='bbox 563 2596 659 2651; x_wconf 92' lang='lat' dir='ltr'><strong>dit.</strong></span> <span class='ocrx_word' id='word_1_190' title='bbox 691 2599 928 2654; x_wconf 88' lang='lat' dir='ltr'><strong>Primum</strong></span> <span class='ocrx_word' id='word_1_191' title='bbox 961 2618 1067 2655; x_wconf 93' lang='lat' dir='ltr'><strong>non</strong></span> <span class='ocrx_word' id='word_1_192' title='bbox 1108 2604 1294 2672; x_wconf 87' lang='lat' dir='ltr'><strong>ignoro</strong></span> <span class='ocrx_word' id='word_1_193' title='bbox 1334 2615 1590 2674; x_wconf 91' lang='lat' dir='ltr'><strong>quantum</strong></span> <span class='ocrx_word' id='word_1_194' title='bbox 1641 2606 1793 2661; x_wconf 88' lang='lat' dir='ltr'><strong>famae</strong></span> <span class='ocrx_word' id='word_1_195' title='bbox 1837 2607 2144 2663; x_wconf 87' lang='lat' dir='ltr'><strong>admiratio-</strong></span> 
     </span>
    </p>
   </div>
   <div class='ocr_carea' id='block_1_26' title="bbox 562 2690 2141 2763">
    <p class='ocr_par' dir='ltr' id='par_1_26' title="bbox 562 2690 2141 2763">
     <span class='ocr_line' id='line_1_26' title="bbox 562 2690 2141 2763; baseline 0.008 -22"><span class='ocrx_word' id='word_1_196' title='bbox 562 2690 750 2759; x_wconf 91' lang='lat' dir='ltr'><strong>nisque</strong></span> <span class='ocrx_word' id='word_1_197' title='bbox 784 2693 929 2761; x_wconf 86' lang='lat' dir='ltr'><strong>operi</strong></span> <span class='ocrx_word' id='word_1_198' title='bbox 959 2693 1119 2748; x_wconf 87' lang='lat' dir='ltr'><strong>etiam</strong></span> <span class='ocrx_word' id='word_1_199' title='bbox 1163 2694 1366 2763; x_wconf 89' lang='lat' dir='ltr'><strong>optimo</strong></span> <span class='ocrx_word' id='word_1_200' title='bbox 1394 2697 1724 2763; x_wconf 84' lang='lat' dir='ltr'><strong>detrahatur,</strong></span> <span class='ocrx_word' id='word_1_201' title='bbox 1749 2712 1870 2752; x_wconf 90' lang='lat' dir='ltr'><strong>cum</strong></span> <span class='ocrx_word' id='word_1_202' title='bbox 1901 2700 1953 2752; x_wconf 89' lang='lat' dir='ltr'><strong>in</strong></span> <span class='ocrx_word' id='word_1_203' title='bbox 1978 2701 2141 2756; x_wconf 91' lang='lat' dir='ltr'><strong>alium</strong></span> 
     </span>
    </p>
   </div>
   <div class='ocr_carea' id='block_1_27' title="bbox 560 2784 2143 2860">
    <p class='ocr_par' dir='ltr' id='par_1_27' title="bbox 560 2784 2143 2860">
     <span class='ocr_line' id='line_1_27' title="bbox 560 2784 2143 2860; baseline 0.008 -24"><span class='ocrx_word' id='word_1_204' title='bbox 560 2784 846 2840; x_wconf 85' lang='lat' dir='ltr'><strong>scribitur:</strong></span> <span class='ocrx_word' id='word_1_205' title='bbox 874 2787 923 2839; x_wconf 89' lang='lat' dir='ltr'><strong>id</strong></span> <span class='ocrx_word' id='word_1_206' title='bbox 955 2797 1058 2853; x_wconf 84' lang='lat' dir='ltr'><strong>est,</strong></span> <span class='ocrx_word' id='word_1_207' title='bbox 1090 2787 1382 2843; x_wconf 77' lang='lat' dir='ltr'><strong>:edificatur</strong></span> <span class='ocrx_word' id='word_1_208' title='bbox 1430 2791 1484 2843; x_wconf 90' lang='lat' dir='ltr'><strong>in</strong></span> <span class='ocrx_word' id='word_1_209' title='bbox 1525 2791 1695 2844; x_wconf 89' lang='lat' dir='ltr'><strong>aliena</strong></span> <span class='ocrx_word' id='word_1_210' title='bbox 1732 2792 2037 2860; x_wconf 87' lang='lat' dir='ltr'><strong>superficie,</strong></span> <span class='ocrx_word' id='word_1_211' title='bbox 2087 2803 2143 2849; x_wconf 89' lang='lat' dir='ltr'><strong>et</strong></span> 
     </span>
    </p>
   </div>
   <div class='ocr_carea' id='block_1_28' title="bbox 558 2875 2142 2952">
    <p class='ocr_par' dir='ltr' id='par_1_28' title="bbox 558 2875 2142 2952">
     <span class='ocr_line' id='line_1_28' title="bbox 558 2875 2142 2952; baseline 0.007 -25"><span class='ocrx_word' id='word_1_212' title='bbox 558 2875 703 2930; x_wconf 91' lang='lat' dir='ltr'><strong>velut</strong></span> <span class='ocrx_word' id='word_1_213' title='bbox 740 2878 1008 2932; x_wconf 83' lang='lat' dir='ltr'><strong>scribendi</strong></span> <span class='ocrx_word' id='word_1_214' title='bbox 1052 2890 1423 2949; x_wconf 82' lang='lat' dir='ltr'><strong>argumentum</strong></span> <span class='ocrx_word' id='word_1_215' title='bbox 1467 2881 1536 2934; x_wconf 89' lang='lat' dir='ltr'><strong>ab</strong></span> <span class='ocrx_word' id='word_1_216' title='bbox 1572 2882 1677 2935; x_wconf 93' lang='lat' dir='ltr'><strong>alio</strong></span> <span class='ocrx_word' id='word_1_217' title='bbox 1718 2893 1798 2935; x_wconf 89' lang='lat' dir='ltr'><strong>est</strong></span> <span class='ocrx_word' id='word_1_218' title='bbox 1838 2884 2142 2952; x_wconf 81' lang='lat' dir='ltr'><strong>suppedita-</strong></span> 
     </span>
    </p>
   </div>
   <div class='ocr_carea' id='block_1_29' title="bbox 559 2958 2141 3043">
    <p class='ocr_par' dir='ltr' id='par_1_29' title="bbox 559 2958 2141 3043">
     <span class='ocr_line' id='line_1_29' title="bbox 559 2958 2141 3043; baseline 0.006 -24"><span class='ocrx_word' id='word_1_219' title='bbox 559 2958 705 3035; x_wconf 67' lang='lat' dir='ltr'><strong>tum;</strong></span> <span class='ocrx_word' id='word_1_220' title='bbox 736 2970 836 3023; x_wconf 78' lang='lat' dir='ltr'><strong>nisi</strong></span> <span class='ocrx_word' id='word_1_221' title='bbox 864 2969 1041 3024; x_wconf 90' lang='lat' dir='ltr'><strong>forsan</strong></span> <span class='ocrx_word' id='word_1_222' title='bbox 1087 2973 1137 3024; x_wconf 91' lang='lat' dir='ltr'><strong>in</strong></span> <span class='ocrx_word' id='word_1_223' title='bbox 1169 2986 1349 3026; x_wconf 92' lang='lat' dir='ltr'><strong>sacras</strong></span> <span class='ocrx_word' id='word_1_224' title='bbox 1376 2972 1581 3027; x_wconf 90' lang='lat' dir='ltr'><strong>litteras</strong></span> <span class='ocrx_word' id='word_1_225' title='bbox 1628 2974 1826 3043; x_wconf 84' lang='lat' dir='ltr'><strong>aliquid</strong></span> <span class='ocrx_word' id='word_1_226' title='bbox 1867 2991 2141 3031; x_wconf 91' lang='lat' dir='ltr'><strong>commen-</strong></span> 
     </span>
    </p>
   </div>
   <div class='ocr_carea' id='block_1_30' title="bbox 560 3066 2141 3137">
    <p class='ocr_par' dir='ltr' id='par_1_30' title="bbox 560 3066 2141 3137">
     <span class='ocr_line' id='line_1_30' title="bbox 560 3066 2141 3137; baseline 0.005 -20"><span class='ocrx_word' id='word_1_227' title='bbox 560 3066 687 3119; x_wconf 90' lang='lat' dir='ltr'><strong>teris</strong></span> <span class='ocrx_word' id='word_1_228' title='bbox 720 3075 933 3135; x_wconf 82' lang='lat' dir='ltr'><strong>propter</strong></span> <span class='ocrx_word' id='word_1_229' title='bbox 957 3077 1195 3121; x_wconf 86' lang='lat' dir='ltr'><strong>sanctam</strong></span> <span class='ocrx_word' id='word_1_230' title='bbox 1229 3068 1559 3137; x_wconf 89' lang='lat' dir='ltr'><strong>majestatem</strong></span> <span class='ocrx_word' id='word_1_231' title='bbox 1592 3084 1798 3134; x_wconf 90' lang='lat' dir='ltr'><strong>earum,</strong></span> <span class='ocrx_word' id='word_1_232' title='bbox 1828 3080 1917 3123; x_wconf 92' lang='lat' dir='ltr'><strong>aut</strong></span> <span class='ocrx_word' id='word_1_233' title='bbox 1948 3072 1996 3124; x_wconf 92' lang='lat' dir='ltr'><strong>in</strong></span> <span class='ocrx_word' id='word_1_234' title='bbox 2023 3072 2141 3125; x_wconf 91' lang='lat' dir='ltr'><strong>Ari-</strong></span> 
     </span>
    </p>
   </div>
   <div class='ocr_carea' id='block_1_31' title="bbox 557 3158 2134 3229">
    <p class='ocr_par' dir='ltr' id='par_1_31' title="bbox 557 3158 2134 3229">
     <span class='ocr_line' id='line_1_31' title="bbox 557 3158 2134 3229; baseline 0.003 -18"><span class='ocrx_word' id='word_1_235' title='bbox 557 3158 799 3213; x_wconf 78' lang='lat' dir='ltr'><strong>Statelem</strong></span> <span class='ocrx_word' id='word_1_236' title='bbox 831 3169 1050 3228; x_wconf 90' lang='lat' dir='ltr'><strong>pr0pter</strong></span> <span class='ocrx_word' id='word_1_237' title='bbox 1099 3170 1371 3229; x_wconf 88' lang='lat' dir='ltr'><strong>receptam</strong></span> <span class='ocrx_word' id='word_1_238' title='bbox 1404 3160 1603 3215; x_wconf 88' lang='lat' dir='ltr'><strong>scholis</strong></span> <span class='ocrx_word' id='word_1_239' title='bbox 1631 3162 1876 3217; x_wconf 81' lang='lat' dir='ltr'><strong>Omnibus</strong></span> <span class='ocrx_word' id='word_1_240' title='bbox 1898 3163 2134 3217; x_wconf 85' lang='lat' dir='ltr'><strong>auctori-</strong></span> 
     </span>
    </p>
   </div>
   <div class='ocr_carea' id='block_1_32' title="bbox 560 3251 2137 3325">
    <p class='ocr_par' dir='ltr' id='par_1_32' title="bbox 560 3251 2137 3325">
     <span class='ocr_line' id='line_1_32' title="bbox 560 3251 2137 3325; baseline 0.006 -23"><span class='ocrx_word' id='word_1_241' title='bbox 560 3258 741 3304; x_wconf 91' lang='lat' dir='ltr'><strong>tatem.</strong></span> <span class='ocrx_word' id='word_1_242' title='bbox 775 3252 995 3306; x_wconf 86' lang='lat' dir='ltr'><strong>Accedit</strong></span> <span class='ocrx_word' id='word_1_243' title='bbox 1023 3251 1144 3318; x_wconf 91' lang='lat' dir='ltr'><strong>huc,</strong></span> <span class='ocrx_word' id='word_1_244' title='bbox 1201 3254 1341 3321; x_wconf 90' lang='lat' dir='ltr'><strong>quod</strong></span> <span class='ocrx_word' id='word_1_245' title='bbox 1374 3253 1524 3307; x_wconf 91' lang='lat' dir='ltr'><strong>multi</strong></span> <span class='ocrx_word' id='word_1_246' title='bbox 1565 3254 1757 3323; x_wconf 91' lang='lat' dir='ltr'><strong>quibus</strong></span> <span class='ocrx_word' id='word_1_247' title='bbox 1794 3254 1972 3309; x_wconf 89' lang='lat' dir='ltr'><strong>omnia</strong></span> <span class='ocrx_word' id='word_1_248' title='bbox 2018 3272 2137 3325; x_wconf 71' lang='lat' dir='ltr'><strong>qua:</strong></span> 
     </span>
    </p>
   </div>
   <div class='ocr_carea' id='block_1_33' title="bbox 556 3341 2137 3413">
    <p class='ocr_par' dir='ltr' id='par_1_33' title="bbox 556 3341 2137 3413">
     <span class='ocr_line' id='line_1_33' title="bbox 556 3341 2137 3413; baseline 0.004 -18"><span class='ocrx_word' id='word_1_249' title='bbox 556 3341 849 3411; x_wconf 84' lang='lat' dir='ltr'><strong>negligunt,</strong></span> <span class='ocrx_word' id='word_1_250' title='bbox 878 3354 970 3396; x_wconf 89' lang='lat' dir='ltr'><strong>aut</strong></span> <span class='ocrx_word' id='word_1_251' title='bbox 997 3358 1101 3397; x_wconf 92' lang='lat' dir='ltr'><strong>non</strong></span> <span class='ocrx_word' id='word_1_252' title='bbox 1132 3344 1364 3412; x_wconf 90' lang='lat' dir='ltr'><strong>capiunt,</strong></span> <span class='ocrx_word' id='word_1_253' title='bbox 1400 3344 1452 3397; x_wconf 92' lang='lat' dir='ltr'><strong>in</strong></span> <span class='ocrx_word' id='word_1_254' title='bbox 1480 3346 1882 3413; x_wconf 81' lang='lat' dir='ltr'><strong>grammaticam</strong></span> <span class='ocrx_word' id='word_1_255' title='bbox 1919 3357 2137 3401; x_wconf 88' lang='lat' dir='ltr'><strong>vertun-</strong></span> 
     </span>
    </p>
   </div>
   <div class='ocr_carea' id='block_1_34' title="bbox 557 3434 2136 3506">
    <p class='ocr_par' dir='ltr' id='par_1_34' title="bbox 557 3434 2136 3506">
     <span class='ocr_line' id='line_1_34' title="bbox 557 3434 2136 3506; baseline 0.004 -20"><span class='ocrx_word' id='word_1_256' title='bbox 557 3439 665 3499; x_wconf 90' lang='lat' dir='ltr'><strong>tur,</strong></span> <span class='ocrx_word' id='word_1_257' title='bbox 700 3434 994 3503; x_wconf 87' lang='lat' dir='ltr'><strong>quamlibet</strong></span> <span class='ocrx_word' id='word_1_258' title='bbox 1033 3436 1085 3489; x_wconf 91' lang='lat' dir='ltr'><strong>in</strong></span> <span class='ocrx_word' id='word_1_259' title='bbox 1114 3436 1215 3489; x_wconf 93' lang='lat' dir='ltr'><strong>hoc</strong></span> <span class='ocrx_word' id='word_1_260' title='bbox 1255 3435 1390 3488; x_wconf 90' lang='lat' dir='ltr'><strong>libro</strong></span> <span class='ocrx_word' id='word_1_261' title='bbox 1419 3450 1571 3489; x_wconf 92' lang='lat' dir='ltr'><strong>sacra</strong></span> <span class='ocrx_word' id='word_1_262' title='bbox 1600 3446 1652 3490; x_wconf 91' lang='lat' dir='ltr'><strong>et</strong></span> <span class='ocrx_word' id='word_1_263' title='bbox 1682 3436 2049 3506; x_wconf 84' lang='lat' dir='ltr'><strong>philosophica</strong></span> <span class='ocrx_word' id='word_1_264' title='bbox 2082 3448 2136 3492; x_wconf 88' lang='lat' dir='ltr'><strong>et</strong></span> 
     </span>
    </p>
   </div>
   <div class='ocr_carea' id='block_1_35' title="bbox 557 3526 2134 3597">
    <p class='ocr_par' dir='ltr' id='par_1_35' title="bbox 557 3526 2134 3597">
     <span class='ocr_line' id='line_1_35' title="bbox 557 3526 2134 3597; baseline 0.003 -17"><span class='ocrx_word' id='word_1_265' title='bbox 557 3526 833 3580; x_wconf 88' lang='lat' dir='ltr'><strong>recondita</strong></span> <span class='ocrx_word' id='word_1_266' title='bbox 869 3528 1294 3593; x_wconf 88' lang='lat' dir='ltr'><strong>tractaverimus,</strong></span> <span class='ocrx_word' id='word_1_267' title='bbox 1337 3530 1736 3597; x_wconf 86' lang='lat' dir='ltr'><strong>grammaticam</strong></span> <span class='ocrx_word' id='word_1_268' title='bbox 1765 3529 1966 3593; x_wconf 88' lang='lat' dir='ltr'><strong>dicent,</strong></span> <span class='ocrx_word' id='word_1_269' title='bbox 2013 3530 2134 3584; x_wconf 92' lang='lat' dir='ltr'><strong>ideo</strong></span> 
     </span>
    </p>
   </div>
   <div class='ocr_carea' id='block_1_36' title="bbox 556 3619 2129 3689">
    <p class='ocr_par' dir='ltr' id='par_1_36' title="bbox 556 3619 2129 3689">
     <span class='ocr_line' id='line_1_36' title="bbox 556 3619 2129 3689; baseline 0.003 -17"><span class='ocrx_word' id='word_1_270' title='bbox 556 3620 847 3688; x_wconf 68' lang='lat' dir='ltr'><strong>praecipue,</strong></span> <span class='ocrx_word' id='word_1_271' title='bbox 897 3620 1040 3689; x_wconf 91' lang='lat' dir='ltr'><strong>quod</strong></span> <span class='ocrx_word' id='word_1_272' title='bbox 1089 3619 1340 3675; x_wconf 84' lang='lat' dir='ltr'><strong>historias</strong></span> <span class='ocrx_word' id='word_1_273' title='bbox 1388 3624 1755 3689; x_wconf 81' lang='lat' dir='ltr'><strong>narravimus,</strong></span> <span class='ocrx_word' id='word_1_274' title='bbox 1795 3634 1849 3678; x_wconf 91' lang='lat' dir='ltr'><strong>et</strong></span> <span class='ocrx_word' id='word_1_275' title='bbox 1896 3623 2129 3687; x_wconf 90' lang='lat' dir='ltr'><strong>fabulas;</strong></span> 
     </span>
    </p>
   </div>
   <div class='ocr_carea' id='block_1_37' title="bbox 556 3710 2134 3785">
    <p class='ocr_par' dir='ltr' id='par_1_37' title="bbox 556 3710 2134 3785">
     <span class='ocr_line' id='line_1_37' title="bbox 556 3710 2134 3785; baseline 0.003 -20"><span class='ocrx_word' id='word_1_276' title='bbox 556 3710 695 3765; x_wconf 90' lang='lat' dir='ltr'><strong>idem</strong></span> <span class='ocrx_word' id='word_1_277' title='bbox 741 3712 809 3766; x_wconf 93' lang='lat' dir='ltr'><strong>de</strong></span> <span class='ocrx_word' id='word_1_278' title='bbox 856 3714 969 3782; x_wconf 91' lang='lat' dir='ltr'><strong>ipso</strong></span> <span class='ocrx_word' id='word_1_279' title='bbox 1013 3714 1291 3785; x_wconf 85' lang='lat' dir='ltr'><strong>Augustini</strong></span> <span class='ocrx_word' id='word_1_280' title='bbox 1342 3729 1505 3783; x_wconf 90' lang='lat' dir='ltr'><strong>opere</strong></span> <span class='ocrx_word' id='word_1_281' title='bbox 1549 3714 1766 3781; x_wconf 88' lang='lat' dir='ltr'><strong>dicturi,</strong></span> <span class='ocrx_word' id='word_1_282' title='bbox 1822 3716 1920 3769; x_wconf 91' lang='lat' dir='ltr'><strong>nisi</strong></span> <span class='ocrx_word' id='word_1_283' title='bbox 1963 3716 2134 3783; x_wconf 90' lang='lat' dir='ltr'><strong>pudor</strong></span> 
     </span>
    </p>
   </div>
   <div class='ocr_carea' id='block_1_38' title="bbox 552 3801 2135 3871">
    <p class='ocr_par' dir='ltr' id='par_1_38' title="bbox 552 3801 2135 3871">
     <span class='ocr_line' id='line_1_38' title="bbox 552 3801 2135 3871; baseline 0.003 -15"><span class='ocrx_word' id='word_1_284' title='bbox 552 3801 858 3871; x_wconf 87' lang='lat' dir='ltr'><strong>impediret,</strong></span> <span class='ocrx_word' id='word_1_285' title='bbox 888 3812 941 3857; x_wconf 92' lang='lat' dir='ltr'><strong>et</strong></span> <span class='ocrx_word' id='word_1_286' title='bbox 971 3806 1268 3859; x_wconf 85' lang='lat' dir='ltr'><strong>reverentia</strong></span> <span class='ocrx_word' id='word_1_287' title='bbox 1304 3807 1533 3861; x_wconf 88' lang='lat' dir='ltr'><strong>nominis</strong></span> <span class='ocrx_word' id='word_1_288' title='bbox 1567 3818 1671 3860; x_wconf 91' lang='lat' dir='ltr'><strong>tam</strong></span> <span class='ocrx_word' id='word_1_289' title='bbox 1703 3806 1951 3861; x_wconf 90' lang='lat' dir='ltr'><strong>omnibus</strong></span> <span class='ocrx_word' id='word_1_290' title='bbox 1994 3808 2135 3862; x_wconf 87' lang='lat' dir='ltr'><strong>sacri</strong></span> 
     </span>
    </p>
   </div>
   <div class='ocr_carea' id='block_1_39' title="bbox 553 3894 2135 3966">
    <p class='ocr_par' dir='ltr' id='par_1_39' title="bbox 553 3894 2135 3966">
     <span class='ocr_line' id='line_1_39' title="bbox 553 3894 2135 3966; baseline 0.001 -19"><span class='ocrx_word' id='word_1_291' title='bbox 553 3902 607 3948; x_wconf 91' lang='lat' dir='ltr'><strong>et</strong></span> <span class='ocrx_word' id='word_1_292' title='bbox 649 3894 968 3948; x_wconf 85' lang='lat' dir='ltr'><strong>admirandi.</strong></span> <span class='ocrx_word' id='word_1_293' title='bbox 1017 3894 1120 3949; x_wconf 88' lang='lat' dir='ltr'><strong>Alii</strong></span> <span class='ocrx_word' id='word_1_294' title='bbox 1166 3895 1269 3950; x_wconf 94' lang='lat' dir='ltr'><strong>hoc</strong></span> <span class='ocrx_word' id='word_1_295' title='bbox 1314 3906 1480 3950; x_wconf 89' lang='lat' dir='ltr'><strong>totum</strong></span> <span class='ocrx_word' id='word_1_296' title='bbox 1524 3912 1623 3951; x_wconf 93' lang='lat' dir='ltr'><strong>nec</strong></span> <span class='ocrx_word' id='word_1_297' title='bbox 1665 3898 1864 3961; x_wconf 87' lang='lat' dir='ltr'><strong>visum,</strong></span> <span class='ocrx_word' id='word_1_298' title='bbox 1916 3912 2014 3951; x_wconf 90' lang='lat' dir='ltr'><strong>nec</strong></span> <span class='ocrx_word' id='word_1_299' title='bbox 2048 3896 2135 3966; x_wconf 90' lang='lat' dir='ltr'><strong>ju—</strong></span> 
     </span>
    </p>
   </div>
   <div class='ocr_carea' id='block_1_40' title="bbox 553 3984 2131 4056">
    <p class='ocr_par' dir='ltr' id='par_1_40' title="bbox 553 3984 2131 4056">
     <span class='ocr_line' id='line_1_40' title="bbox 553 3984 2131 4056; baseline 0.003 -19"><span class='ocrx_word' id='word_1_300' title='bbox 553 3984 827 4050; x_wconf 92' lang='lat' dir='ltr'><strong>dicatum,</strong></span> <span class='ocrx_word' id='word_1_301' title='bbox 874 3985 1229 4056; x_wconf 87' lang='lat' dir='ltr'><strong>qualicunque</strong></span> <span class='ocrx_word' id='word_1_302' title='bbox 1274 3996 1558 4042; x_wconf 87' lang='lat' dir='ltr'><strong>censeatur</strong></span> <span class='ocrx_word' id='word_1_303' title='bbox 1597 3987 1832 4052; x_wconf 89' lang='lat' dir='ltr'><strong>nomine,</strong></span> <span class='ocrx_word' id='word_1_304' title='bbox 1883 3988 2131 4056; x_wconf 84' lang='lat' dir='ltr'><strong>rejicient</strong></span> 
     </span>
    </p>
   </div>
   <div class='ocr_carea' id='block_1_41' title="bbox 553 4076 2134 4148">
    <p class='ocr_par' dir='ltr' id='par_1_41' title="bbox 553 4076 2134 4148">
     <span class='ocr_line' id='line_1_41' title="bbox 553 4076 2134 4148; baseline 0 -18"><span class='ocrx_word' id='word_1_305' title='bbox 553 4085 608 4130; x_wconf 89' lang='lat' dir='ltr'><strong>et</strong></span> <span class='ocrx_word' id='word_1_306' title='bbox 649 4076 1014 4131; x_wconf 88' lang='lat' dir='ltr'><strong>damnabunt:</strong></span> <span class='ocrx_word' id='word_1_307' title='bbox 1042 4087 1098 4131; x_wconf 93' lang='lat' dir='ltr'><strong>ut</strong></span> <span class='ocrx_word' id='word_1_308' title='bbox 1145 4078 1386 4146; x_wconf 76' lang='lat' dir='ltr'><strong>proxime</strong></span> <span class='ocrx_word' id='word_1_309' title='bbox 1412 4078 1623 4148; x_wconf 90' lang='lat' dir='ltr'><strong>quidam</strong></span> <span class='ocrx_word' id='word_1_310' title='bbox 1657 4078 1939 4147; x_wconf 73' lang='lat' dir='ltr'><strong>theologia:</strong></span> <span class='ocrx_word' id='word_1_311' title='bbox 1968 4078 2134 4132; x_wconf 92' lang='lat' dir='ltr'><strong>licen-</strong></span> 
     </span>
    </p>
   </div>
   <div class='ocr_carea' id='block_1_42' title="bbox 554 4166 2130 4231">
    <p class='ocr_par' dir='ltr' id='par_1_42' title="bbox 554 4166 2130 4231">
     <span class='ocr_line' id='line_1_42' title="bbox 554 4166 2130 4231; baseline 0.002 -11"><span class='ocrx_word' id='word_1_312' title='bbox 554 4166 734 4231; x_wconf 90' lang='lat' dir='ltr'><strong>tiatus,</strong></span> <span class='ocrx_word' id='word_1_313' title='bbox 792 4183 913 4222; x_wconf 93' lang='lat' dir='ltr'><strong>cum</strong></span> <span class='ocrx_word' id='word_1_314' title='bbox 960 4171 1195 4225; x_wconf 90' lang='lat' dir='ltr'><strong>audisset</strong></span> <span class='ocrx_word' id='word_1_315' title='bbox 1241 4186 1326 4225; x_wconf 92' lang='lat' dir='ltr'><strong>me</strong></span> <span class='ocrx_word' id='word_1_316' title='bbox 1372 4172 1423 4225; x_wconf 91' lang='lat' dir='ltr'><strong>in</strong></span> <span class='ocrx_word' id='word_1_317' title='bbox 1469 4171 1634 4224; x_wconf 89' lang='lat' dir='ltr'><strong>libros</strong></span> <span class='ocrx_word' id='word_1_318' title='bbox 1676 4170 1743 4224; x_wconf 92' lang='lat' dir='ltr'><strong>de</strong></span> <span class='ocrx_word' id='word_1_319' title='bbox 1772 4168 1999 4224; x_wconf 86' lang='lat' dir='ltr'><strong>Civitate</strong></span> <span class='ocrx_word' id='word_1_320' title='bbox 2038 4170 2130 4224; x_wconf 91' lang='lat' dir='ltr'><strong>Dei</strong></span> 
     </span>
    </p>
   </div>
   <div class='ocr_carea' id='block_1_43' title="bbox 553 4260 2133 4333">
    <p class='ocr_par' dir='ltr' id='par_1_43' title="bbox 553 4260 2133 4333">
     <span class='ocr_line' id='line_1_43' title="bbox 553 4260 2133 4333; baseline 0.001 -19"><span class='ocrx_word' id='word_1_321' title='bbox 553 4260 813 4327; x_wconf 87' lang='lat' dir='ltr'><strong>scribere,</strong></span> <span class='ocrx_word' id='word_1_322' title='bbox 842 4277 1032 4332; x_wconf 87' lang='lat' dir='ltr'><strong>magno</strong></span> <span class='ocrx_word' id='word_1_323' title='bbox 1058 4264 1267 4317; x_wconf 88' lang='lat' dir='ltr'><strong>fastidio</strong></span> <span class='ocrx_word' id='word_1_324' title='bbox 1288 4278 1505 4333; x_wconf 90' lang='lat' dir='ltr'><strong>operam</strong></span> <span class='ocrx_word' id='word_1_325' title='bbox 1534 4277 1707 4316; x_wconf 87' lang='lat' dir='ltr'><strong>meam</strong></span> <span class='ocrx_word' id='word_1_326' title='bbox 1739 4273 1987 4332; x_wconf 89' lang='lat' dir='ltr'><strong>tanquam</strong></span> <span class='ocrx_word' id='word_1_327' title='bbox 2015 4262 2133 4315; x_wconf 91' lang='lat' dir='ltr'><strong>inu-</strong></span> 
     </span>
    </p>
   </div>
   <div class='ocr_carea' id='block_1_44' title="bbox 558 4353 2135 4423">
    <p class='ocr_par' dir='ltr' id='par_1_44' title="bbox 558 4353 2135 4423">
     <span class='ocr_line' id='line_1_44' title="bbox 558 4353 2135 4423; baseline -0.001 -16"><span class='ocrx_word' id='word_1_328' title='bbox 558 4354 706 4407; x_wconf 92' lang='lat' dir='ltr'><strong>tilem</strong></span> <span class='ocrx_word' id='word_1_329' title='bbox 735 4369 951 4423; x_wconf 89' lang='lat' dir='ltr'><strong>prorsus</strong></span> <span class='ocrx_word' id='word_1_330' title='bbox 984 4371 1281 4422; x_wconf 84' lang='lat' dir='ltr'><strong>vanamque</strong></span> <span class='ocrx_word' id='word_1_331' title='bbox 1314 4363 1629 4422; x_wconf 88' lang='lat' dir='ltr'><strong>aspernatus</strong></span> <span class='ocrx_word' id='word_1_332' title='bbox 1655 4363 1752 4408; x_wconf 90' lang='lat' dir='ltr'><strong>est.</strong></span> <span class='ocrx_word' id='word_1_333' title='bbox 1788 4354 1854 4407; x_wconf 89' lang='lat' dir='ltr'><strong>Et</strong></span> <span class='ocrx_word' id='word_1_334' title='bbox 1879 4353 2027 4421; x_wconf 87' lang='lat' dir='ltr'><strong>quid,</strong></span> <span class='ocrx_word' id='word_1_335' title='bbox 2054 4354 2135 4405; x_wconf 86' lang='lat' dir='ltr'><strong>in-</strong></span> 
     </span>
    </p>
   </div>
   <div class='ocr_carea' id='block_1_45' title="bbox 553 4445 2135 4517">
    <p class='ocr_par' dir='ltr' id='par_1_45' title="bbox 553 4445 2135 4517">
     <span class='ocr_line' id='line_1_45' title="bbox 553 4445 2135 4517; baseline -0.001 -16"><span class='ocrx_word' id='word_1_336' title='bbox 553 4448 686 4517; x_wconf 88' lang='lat' dir='ltr'><strong>quit,</strong></span> <span class='ocrx_word' id='word_1_337' title='bbox 718 4463 853 4517; x_wconf 88' lang='lat' dir='ltr'><strong>opus</strong></span> <span class='ocrx_word' id='word_1_338' title='bbox 883 4456 966 4502; x_wconf 91' lang='lat' dir='ltr'><strong>est</strong></span> <span class='ocrx_word' id='word_1_339' title='bbox 1004 4448 1151 4501; x_wconf 89' lang='lat' dir='ltr'><strong>libris</strong></span> <span class='ocrx_word' id='word_1_340' title='bbox 1183 4447 1289 4501; x_wconf 93' lang='lat' dir='ltr'><strong>illis</strong></span> <span class='ocrx_word' id='word_1_341' title='bbox 1322 4446 1647 4500; x_wconf 91' lang='lat' dir='ltr'><strong>illustratore</strong></span> <span class='ocrx_word' id='word_1_342' title='bbox 1680 4446 1797 4513; x_wconf 87' lang='lat' dir='ltr'><strong>plus</strong></span> <span class='ocrx_word' id='word_1_343' title='bbox 1825 4445 1953 4499; x_wconf 81' lang='lat' dir='ltr'><strong>satis</strong></span> <span class='ocrx_word' id='word_1_344' title='bbox 1981 4460 2047 4498; x_wconf 77' lang='lat' dir='ltr'><strong>ex</strong></span> <span class='ocrx_word' id='word_1_345' title='bbox 2078 4459 2135 4500; x_wconf 86' lang='lat' dir='ltr'><strong>se</strong></span> 
     </span>
    </p>
   </div>
   <div class='ocr_carea' id='block_1_46' title="bbox 553 4535 2133 4609">
    <p class='ocr_par' dir='ltr' id='par_1_46' title="bbox 553 4535 2133 4609">
     <span class='ocr_line' id='line_1_46' title="bbox 553 4535 2133 4609; baseline -0.003 -16"><span class='ocrx_word' id='word_1_346' title='bbox 553 4539 852 4609; x_wconf 87' lang='lat' dir='ltr'><strong>perspicuis</strong></span> <span class='ocrx_word' id='word_1_347' title='bbox 891 4547 945 4594; x_wconf 92' lang='lat' dir='ltr'><strong>et</strong></span> <span class='ocrx_word' id='word_1_348' title='bbox 983 4538 1185 4593; x_wconf 86' lang='lat' dir='ltr'><strong>claris?</strong></span> <span class='ocrx_word' id='word_1_349' title='bbox 1227 4537 1271 4591; x_wconf 92' lang='grc'>0</span> <span class='ocrx_word' id='word_1_350' title='bbox 1314 4544 1365 4590; x_wconf 89' lang='lat' dir='ltr'><strong>te</strong></span> <span class='ocrx_word' id='word_1_351' title='bbox 1414 4535 1620 4590; x_wconf 87' lang='lat' dir='ltr'><strong>felicem</strong></span> <span class='ocrx_word' id='word_1_352' title='bbox 1665 4535 1902 4604; x_wconf 88' lang='lat' dir='ltr'><strong>quisquis</strong></span> <span class='ocrx_word' id='word_1_353' title='bbox 1938 4550 2015 4600; x_wconf 92' lang='lat' dir='ltr'><strong>es,</strong></span> <span class='ocrx_word' id='word_1_354' title='bbox 2049 4535 2133 4588; x_wconf 76' lang='lat' dir='ltr'><strong>cui</strong></span> 
     </span>
    </p>
   </div>
   <div class='ocr_carea' id='block_1_47' title="bbox 552 4624 2135 4701">
    <p class='ocr_par' dir='ltr' id='par_1_47' title="bbox 552 4624 2135 4701">
     <span class='ocr_line' id='line_1_47' title="bbox 552 4624 2135 4701; baseline -0.004 -14"><span class='ocrx_word' id='word_1_355' title='bbox 552 4640 659 4687; x_wconf 84' lang='lat' dir='ltr'><strong>tam</strong></span> <span class='ocrx_word' id='word_1_356' title='bbox 687 4630 855 4701; x_wconf 85' lang='lat' dir='ltr'><strong>aperti</strong></span> <span class='ocrx_word' id='word_1_357' title='bbox 906 4629 1193 4700; x_wconf 84' lang='lat' dir='ltr'><strong>facilesque</strong></span> <span class='ocrx_word' id='word_1_358' title='bbox 1229 4638 1354 4683; x_wconf 90' lang='lat' dir='ltr'><strong>sunt</strong></span> <span class='ocrx_word' id='word_1_359' title='bbox 1390 4626 1441 4679; x_wconf 91' lang='lat' dir='ltr'><strong>hi</strong></span> <span class='ocrx_word' id='word_1_360' title='bbox 1484 4626 1549 4679; x_wconf 80' lang='lat' dir='ltr'><strong>de</strong></span> <span class='ocrx_word' id='word_1_361' title='bbox 1580 4624 1809 4679; x_wconf 88' lang='lat' dir='ltr'><strong>Civitate</strong></span> <span class='ocrx_word' id='word_1_362' title='bbox 1847 4625 1938 4680; x_wconf 89' lang='lat' dir='ltr'><strong>Dei</strong></span> <span class='ocrx_word' id='word_1_363' title='bbox 1981 4625 2135 4681; x_wconf 87' lang='lat' dir='ltr'><strong>lihri!</strong></span> 
     </span>
    </p>
   </div>
   <div class='ocr_carea' id='block_1_48' title="bbox 550 4716 2128 4792">
    <p class='ocr_par' dir='ltr' id='par_1_48' title="bbox 550 4716 2128 4792">
     <span class='ocr_line' id='line_1_48' title="bbox 550 4716 2128 4792; baseline -0.006 -11"><span class='ocrx_word' id='word_1_364' title='bbox 550 4727 814 4781; x_wconf 60' lang='lat' dir='ltr'><strong>Caeterum</strong></span> <span class='ocrx_word' id='word_1_365' title='bbox 838 4724 1018 4779; x_wconf 91' lang='lat' dir='ltr'><strong>mirari</strong></span> <span class='ocrx_word' id='word_1_366' title='bbox 1045 4724 1132 4792; x_wconf 92' lang='lat' dir='ltr'><strong>qui</strong></span> <span class='ocrx_word' id='word_1_367' title='bbox 1160 4717 1445 4774; x_wconf 88' lang='lat' dir='ltr'><strong>audiebant</strong></span> <span class='ocrx_word' id='word_1_368' title='bbox 1471 4717 1558 4773; x_wconf 85' lang='lat' dir='ltr'><strong>vel</strong></span> <span class='ocrx_word' id='word_1_369' title='bbox 1583 4716 1852 4788; x_wconf 83' lang='lat' dir='ltr'><strong>ingenium</strong></span> <span class='ocrx_word' id='word_1_370' title='bbox 1880 4718 2128 4784; x_wconf 87' lang='lat' dir='ltr'><strong>hominis,</strong></span> 
     </span>
    </p>
   </div>
   <div class='ocr_carea' id='block_1_49' title="bbox 550 4808 2133 4877">
    <p class='ocr_par' dir='ltr' id='par_1_49' title="bbox 550 4808 2133 4877">
     <span class='ocr_line' id='line_1_49' title="bbox 550 4808 2133 4877; baseline -0.007 -5"><span class='ocrx_word' id='word_1_371' title='bbox 550 4818 637 4872; x_wconf 92' lang='lat' dir='ltr'><strong>vel</strong></span> <span class='ocrx_word' id='word_1_372' title='bbox 667 4815 1044 4874; x_wconf 87' lang='lat' dir='ltr'><strong>eruditionem,</strong></span> <span class='ocrx_word' id='word_1_373' title='bbox 1081 4812 1163 4865; x_wconf 91' lang='lat' dir='ltr'><strong>vel</strong></span> <span class='ocrx_word' id='word_1_374' title='bbox 1188 4822 1338 4865; x_wconf 88' lang='lat' dir='ltr'><strong>certe</strong></span> <span class='ocrx_word' id='word_1_375' title='bbox 1368 4808 1773 4877; x_wconf 88' lang='lat' dir='ltr'><strong>impudentiam.</strong></span> <span class='ocrx_word' id='word_1_376' title='bbox 1807 4808 1935 4861; x_wconf 86' lang='lat' dir='ltr'><strong>Nam</strong></span> <span class='ocrx_word' id='word_1_377' title='bbox 1966 4808 2133 4877; x_wconf 87' lang='lat' dir='ltr'><strong>impe-</strong></span> 
     </span>
    </p>
   </div>
   <div class='ocr_carea' id='block_1_50' title="bbox 550 4898 2134 4971">
    <p class='ocr_par' dir='ltr' id='par_1_50' title="bbox 550 4898 2134 4971">
     <span class='ocr_line' id='line_1_50' title="bbox 550 4898 2134 4971; baseline -0.006 -8"><span class='ocrx_word' id='word_1_378' title='bbox 550 4907 804 4963; x_wconf 88' lang='lat' dir='ltr'><strong>ritissime</strong></span> <span class='ocrx_word' id='word_1_379' title='bbox 850 4901 1207 4971; x_wconf 87' lang='lat' dir='ltr'><strong>loquebatur,</strong></span> <span class='ocrx_word' id='word_1_380' title='bbox 1261 4908 1313 4954; x_wconf 93' lang='lat' dir='ltr'><strong>et</strong></span> <span class='ocrx_word' id='word_1_381' title='bbox 1364 4914 1543 4953; x_wconf 90' lang='lat' dir='ltr'><strong>rerum</strong></span> <span class='ocrx_word' id='word_1_382' title='bbox 1600 4898 1841 4953; x_wconf 91' lang='lat' dir='ltr'><strong>omnium</strong></span> <span class='ocrx_word' id='word_1_383' title='bbox 1890 4910 2134 4954; x_wconf 89' lang='lat' dir='ltr'><strong>veterum</strong></span> 
     </span>
    </p>
   </div>
   <div class='ocr_carea' id='block_1_51' title="bbox 553 4992 2131 5063">
    <p class='ocr_par' dir='ltr' id='par_1_51' title="bbox 553 4992 2131 5063">
     <span class='ocr_line' id='line_1_51' title="bbox 553 4992 2131 5063; baseline -0.004 -9"><span class='ocrx_word' id='word_1_384' title='bbox 553 5008 668 5055; x_wconf 91' lang='lat' dir='ltr'><strong>erat</strong></span> <span class='ocrx_word' id='word_1_385' title='bbox 710 4997 929 5052; x_wconf 92' lang='lat' dir='ltr'><strong>omnino</strong></span> <span class='ocrx_word' id='word_1_386' title='bbox 959 5007 1150 5061; x_wconf 82' lang='lat' dir='ltr'><strong>expers</strong></span> <span class='ocrx_word' id='word_1_387' title='bbox 1181 5002 1236 5047; x_wconf 90' lang='lat' dir='ltr'><strong>et</strong></span> <span class='ocrx_word' id='word_1_388' title='bbox 1265 4992 1444 5056; x_wconf 90' lang='lat' dir='ltr'><strong>rudis;</strong></span> <span class='ocrx_word' id='word_1_389' title='bbox 1473 4992 1789 5062; x_wconf 87' lang='lat' dir='ltr'><strong>rogavitque</strong></span> <span class='ocrx_word' id='word_1_390' title='bbox 1833 5009 1897 5048; x_wconf 89' lang='lat' dir='ltr'><strong>ex</strong></span> <span class='ocrx_word' id='word_1_391' title='bbox 1930 4994 2013 5047; x_wconf 88' lang='lat' dir='ltr'><strong>his</strong></span> <span class='ocrx_word' id='word_1_392' title='bbox 2042 4994 2131 5063; x_wconf 87' lang='lat' dir='ltr'><strong>qui</strong></span> 
     </span>
    </p>
   </div>
   <div class='ocr_carea' id='block_1_52' title="bbox 549 5082 2133 5144">
    <p class='ocr_par' dir='ltr' id='par_1_52' title="bbox 549 5082 2133 5144">
     <span class='ocr_line' id='line_1_52' title="bbox 549 5082 2133 5144; baseline -0.003 0"><span class='ocrx_word' id='word_1_393' title='bbox 549 5088 829 5143; x_wconf 87' lang='lat' dir='ltr'><strong>audierant</strong></span> <span class='ocrx_word' id='word_1_394' title='bbox 874 5098 1012 5137; x_wconf 89' lang='lat' dir='ltr'><strong>unus</strong></span> <span class='ocrx_word' id='word_1_395' title='bbox 1058 5098 1155 5138; x_wconf 92' lang='lat' dir='ltr'><strong>cur</strong></span> <span class='ocrx_word' id='word_1_396' title='bbox 1201 5082 1279 5136; x_wconf 91' lang='lat' dir='ltr'><strong>sic</strong></span> <span class='ocrx_word' id='word_1_397' title='bbox 1320 5092 1604 5144; x_wconf 90' lang='lat' dir='ltr'><strong>censeret,</strong></span> <span class='ocrx_word' id='word_1_398' title='bbox 1656 5099 1774 5137; x_wconf 91' lang='lat' dir='ltr'><strong>cum</strong></span> <span class='ocrx_word' id='word_1_399' title='bbox 1824 5093 2007 5138; x_wconf 81' lang='lat' dir='ltr'><strong>essent</strong></span> <span class='ocrx_word' id='word_1_400' title='bbox 2053 5093 2133 5139; x_wconf 88' lang='lat' dir='ltr'><strong>tot</strong></span> 
     </span>
    </p>
   </div>
   <div class='ocr_carea' id='block_1_53' title="bbox 551 5172 2133 5243">
    <p class='ocr_par' dir='ltr' id='par_1_53' title="bbox 551 5172 2133 5243">
     <span class='ocr_line' id='line_1_53' title="bbox 551 5172 2133 5243; baseline -0.004 -10"><span class='ocrx_word' id='word_1_401' title='bbox 551 5177 823 5240; x_wconf 64' lang='lat' dir='ltr'><strong>historiae,</strong></span> <span class='ocrx_word' id='word_1_402' title='bbox 866 5183 945 5228; x_wconf 90' lang='lat' dir='ltr'><strong>tot</strong></span> <span class='ocrx_word' id='word_1_403' title='bbox 983 5173 1202 5239; x_wconf 78' lang='lat' dir='ltr'><strong>fabulae,</strong></span> <span class='ocrx_word' id='word_1_404' title='bbox 1236 5181 1315 5227; x_wconf 92' lang='lat' dir='ltr'><strong>tot</strong></span> <span class='ocrx_word' id='word_1_405' title='bbox 1358 5172 1757 5242; x_wconf 75' lang='lat' dir='ltr'><strong>philosophica,</strong></span> <span class='ocrx_word' id='word_1_406' title='bbox 1802 5182 1879 5227; x_wconf 92' lang='lat' dir='ltr'><strong>tot</strong></span> <span class='ocrx_word' id='word_1_407' title='bbox 1909 5188 2133 5243; x_wconf 88' lang='lat' dir='ltr'><strong>geogra-</strong></span> 
     </span>
    </p>
   </div>
   <div class='ocr_carea' id='block_1_54' title="bbox 552 5264 2135 5341">
    <p class='ocr_par' dir='ltr' id='par_1_54' title="bbox 552 5264 2135 5341">
     <span class='ocr_line' id='line_1_54' title="bbox 552 5264 2135 5341; baseline -0.003 -17"><span class='ocrx_word' id='word_1_408' title='bbox 552 5271 724 5341; x_wconf 89' lang='lat' dir='ltr'><strong>phica,</strong></span> <span class='ocrx_word' id='word_1_409' title='bbox 771 5275 850 5321; x_wconf 95' lang='lat' dir='ltr'><strong>tot</strong></span> <span class='ocrx_word' id='word_1_410' title='bbox 880 5264 1273 5319; x_wconf 83' lang='lat' dir='ltr'><strong>mathematica.</strong></span> <span class='ocrx_word' id='word_1_411' title='bbox 1318 5265 1453 5332; x_wconf 84' lang='lat' dir='ltr'><strong>Quid</strong></span> <span class='ocrx_word' id='word_1_412' title='bbox 1475 5305 1489 5329; x_wconf 94' lang='lat'><strong>,</strong></span> <span class='ocrx_word' id='word_1_413' title='bbox 1523 5264 1714 5334; x_wconf 88' lang='lat' dir='ltr'><strong>inquit,</strong></span> <span class='ocrx_word' id='word_1_414' title='bbox 1748 5265 1835 5317; x_wconf 90' lang='lat' dir='ltr'><strong>illa</strong></span> <span class='ocrx_word' id='word_1_415' title='bbox 1869 5268 1932 5317; x_wconf 93' lang='lat' dir='ltr'><strong>ad</strong></span> <span class='ocrx_word' id='word_1_416' title='bbox 1980 5265 2135 5320; x_wconf 90' lang='lat' dir='ltr'><strong>theo-</strong></span> 
     </span>
    </p>
   </div>
   <div class='ocr_carea' id='block_1_55' title="bbox 553 5356 2135 5429">
    <p class='ocr_par' dir='ltr' id='par_1_55' title="bbox 553 5356 2135 5429">
     <span class='ocr_line' id='line_1_55' title="bbox 553 5356 2135 5429; baseline -0.001 -14"><span class='ocrx_word' id='word_1_417' title='bbox 553 5360 771 5429; x_wconf 89' lang='lat' dir='ltr'><strong>logum?</strong></span> <span class='ocrx_word' id='word_1_418' title='bbox 800 5357 1003 5414; x_wconf 90' lang='lat' dir='ltr'><strong>Deinde</strong></span> <span class='ocrx_word' id='word_1_419' title='bbox 1032 5357 1138 5410; x_wconf 90' lang='lat' dir='ltr'><strong>sint</strong></span> <span class='ocrx_word' id='word_1_420' title='bbox 1165 5374 1197 5410; x_wconf 90' lang='lat' dir='ltr'><strong>a</strong></span> <span class='ocrx_word' id='word_1_421' title='bbox 1226 5356 1307 5410; x_wconf 89' lang='lat' dir='ltr'><strong>vel</strong></span> <span class='ocrx_word' id='word_1_422' title='bbox 1336 5356 1386 5421; x_wconf 89' lang='lat' dir='ltr'><strong>b,</strong></span> <span class='ocrx_word' id='word_1_423' title='bbox 1419 5370 1523 5410; x_wconf 92' lang='lat' dir='ltr'><strong>non</strong></span> <span class='ocrx_word' id='word_1_424' title='bbox 1555 5372 1671 5410; x_wconf 90' lang='lat' dir='ltr'><strong>sum</strong></span> <span class='ocrx_word' id='word_1_425' title='bbox 1702 5357 1986 5411; x_wconf 90' lang='lat' dir='ltr'><strong>sollicitus.</strong></span> <span class='ocrx_word' id='word_1_426' title='bbox 2023 5358 2135 5413; x_wconf 89' lang='lat' dir='ltr'><strong>Hoc</strong></span> 
     </span>
    </p>
   </div>
   <div class='ocr_carea' id='block_1_56' title="bbox 552 5447 2132 5518">
    <p class='ocr_par' dir='ltr' id='par_1_56' title="bbox 552 5447 2132 5518">
     <span class='ocr_line' id='line_1_56' title="bbox 552 5447 2132 5518; baseline -0.001 -14"><span class='ocrx_word' id='word_1_427' title='bbox 552 5449 682 5504; x_wconf 90' lang='lat' dir='ltr'><strong>illud</strong></span> <span class='ocrx_word' id='word_1_428' title='bbox 713 5457 813 5518; x_wconf 87' lang='lat' dir='ltr'><strong>est,</strong></span> <span class='ocrx_word' id='word_1_429' title='bbox 847 5448 960 5501; x_wconf 91' lang='lat' dir='ltr'><strong>istis</strong></span> <span class='ocrx_word' id='word_1_430' title='bbox 989 5463 1089 5503; x_wconf 92' lang='lat' dir='ltr'><strong>nec</strong></span> <span class='ocrx_word' id='word_1_431' title='bbox 1113 5447 1320 5515; x_wconf 90' lang='lat' dir='ltr'><strong>Cicero,</strong></span> <span class='ocrx_word' id='word_1_432' title='bbox 1354 5462 1452 5503; x_wconf 84' lang='lat' dir='ltr'><strong>nec</strong></span> <span class='ocrx_word' id='word_1_433' title='bbox 1478 5447 1755 5518; x_wconf 82' lang='lat' dir='ltr'><strong>Virgilius,</strong></span> <span class='ocrx_word' id='word_1_434' title='bbox 1783 5462 1881 5502; x_wconf 86' lang='lat' dir='ltr'><strong>nec</strong></span> <span class='ocrx_word' id='word_1_435' title='bbox 1909 5448 2132 5513; x_wconf 86' lang='lat' dir='ltr'><strong>Plinius,</strong></span> 
     </span>
    </p>
   </div>
   <div class='ocr_carea' id='block_1_57' title="bbox 551 5540 2141 5610">
    <p class='ocr_par' dir='ltr' id='par_1_57' title="bbox 551 5540 2141 5610">
     <span class='ocr_line' id='line_1_57' title="bbox 551 5540 2141 5610; baseline -0.001 -13"><span class='ocrx_word' id='word_1_436' title='bbox 551 5557 654 5597; x_wconf 88' lang='lat' dir='ltr'><strong>nec</strong></span> <span class='ocrx_word' id='word_1_437' title='bbox 681 5542 768 5595; x_wconf 92' lang='lat' dir='ltr'><strong>alii</strong></span> <span class='ocrx_word' id='word_1_438' title='bbox 792 5542 993 5595; x_wconf 86' lang='lat' dir='ltr'><strong>similes</strong></span> <span class='ocrx_word' id='word_1_439' title='bbox 1020 5540 1310 5609; x_wconf 88' lang='lat' dir='ltr'><strong>interprete</strong></span> <span class='ocrx_word' id='word_1_440' title='bbox 1337 5540 1576 5610; x_wconf 85' lang='lat' dir='ltr'><strong>indigent</strong></span> <span class='ocrx_word' id='word_1_441' title='bbox 1601 5557 1614 5593; x_wconf 90' lang='lat'><strong>:</strong></span> <span class='ocrx_word' id='word_1_442' title='bbox 1638 5554 1759 5595; x_wconf 92' lang='lat' dir='ltr'><strong>cum</strong></span> <span class='ocrx_word' id='word_1_443' title='bbox 1786 5554 1974 5595; x_wconf 90' lang='lat' dir='ltr'><strong>eorum</strong></span> <span class='ocrx_word' id='word_1_444' title='bbox 2006 5541 2141 5595; x_wconf 90' lang='lat' dir='ltr'><strong>nihil</strong></span> 
     </span>
    </p>
   </div>
   <div class='ocr_carea' id='block_1_58' title="bbox 554 5620 2142 5702">
    <p class='ocr_par' dir='ltr' id='par_1_58' title="bbox 554 5620 2142 5702">
     <span class='ocr_line' id='line_1_58' title="bbox 554 5620 2142 5702; baseline -0.001 -13"><span class='ocrx_word' id='word_1_445' title='bbox 554 5634 793 5697; x_wconf 85' lang='lat' dir='ltr'><strong>intersit,</strong></span> <span class='ocrx_word' id='word_1_446' title='bbox 851 5634 969 5702; x_wconf 89' lang='lat' dir='ltr'><strong>quis</strong></span> <span class='ocrx_word' id='word_1_447' title='bbox 1006 5631 1169 5686; x_wconf 89' lang='lat' dir='ltr'><strong>fuerit</strong></span> <span class='ocrx_word' id='word_1_448' title='bbox 1213 5631 1422 5701; x_wconf 88' lang='lat' dir='ltr'><strong>Scipio,</strong></span> <span class='ocrx_word' id='word_1_449' title='bbox 1453 5633 1573 5702; x_wconf 90' lang='lat' dir='ltr'><strong>quis</strong></span> <span class='ocrx_word' id='word_1_450' title='bbox 1599 5620 1800 5697; x_wconf 62' lang='lat' dir='ltr'><strong>Caesar,</strong></span> <span class='ocrx_word' id='word_1_451' title='bbox 1833 5635 1952 5702; x_wconf 83' lang='lat' dir='ltr'><strong>quis</strong></span> <span class='ocrx_word' id='word_1_452' title='bbox 1982 5632 2142 5687; x_wconf 87' lang='lat' dir='ltr'><strong>Pom-</strong></span> 
     </span>
    </p>
   </div>
   <div class='ocr_carea' id='block_1_59' title="bbox 553 5724 2133 5797">
    <p class='ocr_par' dir='ltr' id='par_1_59' title="bbox 553 5724 2133 5797">
     <span class='ocr_line' id='line_1_59' title="bbox 553 5724 2133 5797; baseline -0.001 -17"><span class='ocrx_word' id='word_1_453' title='bbox 553 5728 730 5797; x_wconf 82' lang='lat' dir='ltr'><strong>peius,</strong></span> <span class='ocrx_word' id='word_1_454' title='bbox 759 5726 876 5795; x_wconf 83' lang='lat' dir='ltr'><strong>quis</strong></span> <span class='ocrx_word' id='word_1_455' title='bbox 903 5724 1089 5791; x_wconf 86' lang='lat' dir='ltr'><strong>Cato,;</strong></span> <span class='ocrx_word' id='word_1_456' title='bbox 1120 5739 1241 5795; x_wconf 68' lang='lat' dir='ltr'><strong>quae</strong></span> <span class='ocrx_word' id='word_1_457' title='bbox 1266 5733 1357 5780; x_wconf 90' lang='lat' dir='ltr'><strong>aut</strong></span> <span class='ocrx_word' id='word_1_458' title='bbox 1377 5725 1473 5779; x_wconf 85' lang='lat' dir='ltr'><strong>ubi</strong></span> <span class='ocrx_word' id='word_1_459' title='bbox 1495 5725 1780 5794; x_wconf 86' lang='lat' dir='ltr'><strong>Carthago,</strong></span> <span class='ocrx_word' id='word_1_460' title='bbox 1811 5725 2133 5794; x_wconf 83' lang='lat' dir='ltr'><strong>Babylonia;</strong></span> 
     </span>
    </p>
   </div>
   <div class='ocr_carea' id='block_1_60' title="bbox 553 5816 2138 5887">
    <p class='ocr_par' dir='ltr' id='par_1_60' title="bbox 553 5816 2138 5887">
     <span class='ocr_line' id='line_1_60' title="bbox 553 5816 2138 5887; baseline 0.001 -15"><span class='ocrx_word' id='word_1_461' title='bbox 553 5817 795 5874; x_wconf 75' lang='lat' dir='ltr'><strong>horbane</strong></span> <span class='ocrx_word' id='word_1_462' title='bbox 821 5833 889 5873; x_wconf 83' lang='lat' dir='ltr'><strong>an</strong></span> <span class='ocrx_word' id='word_1_463' title='bbox 918 5832 1129 5884; x_wconf 77' lang='lat' dir='ltr'><strong>saxum,</strong></span> <span class='ocrx_word' id='word_1_464' title='bbox 1160 5817 1333 5876; x_wconf 80' lang='lat' dir='ltr'><strong>malva</strong></span> <span class='ocrx_word' id='word_1_465' title='bbox 1357 5825 1450 5872; x_wconf 82' lang='lat' dir='ltr'><strong>aut</strong></span> <span class='ocrx_word' id='word_1_466' title='bbox 1468 5816 1661 5883; x_wconf 85' lang='lat' dir='ltr'><strong>beata;</strong></span> <span class='ocrx_word' id='word_1_467' title='bbox 1691 5817 1823 5887; x_wconf 82' lang='lat' dir='ltr'><strong>lapis</strong></span> <span class='ocrx_word' id='word_1_468' title='bbox 1845 5831 1914 5872; x_wconf 82' lang='lat' dir='ltr'><strong>an</strong></span> <span class='ocrx_word' id='word_1_469' title='bbox 1937 5816 2138 5886; x_wconf 82' lang='lat' dir='ltr'><strong>lignum</strong></span> 
     </span>
    </p>
   </div>
   <div class='ocr_carea' id='block_1_61' title="bbox 2176 371 3755 446">
    <p class='ocr_par' dir='ltr' id='par_1_61' title="bbox 2176 371 3755 446">
     <span class='ocr_line' id='line_1_61' title="bbox 2176 371 3755 446; baseline -0.001 -19"><span class='ocrx_word' id='word_1_470' title='bbox 2176 371 2405 427; x_wconf 83' lang='lat' dir='ltr'><strong>OPERA</strong></span> <span class='ocrx_word' id='word_1_471' title='bbox 2449 372 2505 427; x_wconf 90' lang='lat' dir='ltr'><strong>s.</strong></span> <span class='ocrx_word' id='word_1_472' title='bbox 2550 372 2943 430; x_wconf 70' lang='lat' dir='ltr'><strong>aucusnm.</strong></span> <span class='ocrx_word' id='word_1_473' title='bbox 3681 387 3755 446; x_wconf 64' lang='grc' dir='ltr'>ω</span> 
     </span>
    </p>
   </div>
   <div class='ocr_carea' id='block_1_62' title="bbox 2174 488 3757 565">
    <p class='ocr_par' dir='ltr' id='par_1_62' title="bbox 2174 488 3757 565">
     <span class='ocr_line' id='line_1_62' title="bbox 2174 488 3757 565; baseline 0.008 -23"><span class='ocrx_word' id='word_1_474' title='bbox 2174 490 2226 551; x_wconf 77' lang='grc' dir='ltr'>Α</span> <span class='ocrx_word' id='word_1_475' title='bbox 2253 503 2472 557; x_wconf 87' lang='lat' dir='ltr'><strong>magnes</strong></span> <span class='ocrx_word' id='word_1_476' title='bbox 2502 489 2585 542; x_wconf 90' lang='lat' dir='ltr'><strong>vel</strong></span> <span class='ocrx_word' id='word_1_477' title='bbox 2633 488 2881 551; x_wconf 89' lang='lat' dir='ltr'><strong>adamas;</strong></span> <span class='ocrx_word' id='word_1_478' title='bbox 2913 488 3109 543; x_wconf 87' lang='lat' dir='ltr'><strong>animal</strong></span> <span class='ocrx_word' id='word_1_479' title='bbox 3140 503 3206 542; x_wconf 93' lang='lat' dir='ltr'><strong>an</strong></span> <span class='ocrx_word' id='word_1_480' title='bbox 3239 491 3517 561; x_wconf 90' lang='lat' dir='ltr'><strong>metallum,</strong></span> <span class='ocrx_word' id='word_1_481' title='bbox 3547 497 3672 565; x_wconf 86' lang='lat' dir='ltr'><strong>tigris</strong></span> <span class='ocrx_word' id='word_1_482' title='bbox 3694 508 3757 560; x_wconf 84' lang='lat' dir='ltr'><strong>vel</strong></span> 
     </span>
    </p>
   </div>
   <div class='ocr_carea' id='block_1_63' title="bbox 2253 580 3760 657">
    <p class='ocr_par' dir='ltr' id='par_1_63' title="bbox 2253 580 3760 657">
     <span class='ocr_line' id='line_1_63' title="bbox 2253 580 3760 657; baseline 0.002 -22"><span class='ocrx_word' id='word_1_483' title='bbox 2253 581 2444 635; x_wconf 90' lang='lat' dir='ltr'><strong>milvus</strong></span> <span class='ocrx_word' id='word_1_484' title='bbox 2475 595 2490 633; x_wconf 88' lang='lat'><strong>:</strong></span> <span class='ocrx_word' id='word_1_485' title='bbox 2531 582 2668 635; x_wconf 85' lang='lat' dir='ltr'><strong>sitne</strong></span> <span class='ocrx_word' id='word_1_486' title='bbox 2695 583 2788 650; x_wconf 91' lang='lat' dir='ltr'><strong>qui</strong></span> <span class='ocrx_word' id='word_1_487' title='bbox 2819 580 3004 636; x_wconf 89' lang='lat' dir='ltr'><strong>ardeat</strong></span> <span class='ocrx_word' id='word_1_488' title='bbox 3044 598 3197 635; x_wconf 91' lang='lat' dir='ltr'><strong>mons</strong></span> <span class='ocrx_word' id='word_1_489' title='bbox 3219 582 3377 637; x_wconf 62' lang='lat' dir='ltr'><strong>Aitna</strong></span> <span class='ocrx_word' id='word_1_490' title='bbox 3408 599 3469 638; x_wconf 89' lang='lat' dir='ltr'><strong>an</strong></span> <span class='ocrx_word' id='word_1_491' title='bbox 3504 588 3665 657; x_wconf 81' lang='lat' dir='ltr'><strong>Alpes;</strong></span> <span class='ocrx_word' id='word_1_492' title='bbox 3695 611 3760 649; x_wconf 62' lang='lat' dir='ltr'><strong>ar.</strong></span> 
     </span>
    </p>
   </div>
   <div class='ocr_carea' id='block_1_64' title="bbox 2252 671 3761 752">
    <p class='ocr_par' dir='ltr' id='par_1_64' title="bbox 2252 671 3761 752">
     <span class='ocr_line' id='line_1_64' title="bbox 2252 671 3761 752; baseline 0.011 -27"><span class='ocrx_word' id='word_1_493' title='bbox 2252 671 2443 725; x_wconf 89' lang='lat' dir='ltr'><strong>deatne</strong></span> <span class='ocrx_word' id='word_1_494' title='bbox 2468 671 2721 740; x_wconf 90' lang='lat' dir='ltr'><strong>sulphure</strong></span> <span class='ocrx_word' id='word_1_495' title='bbox 2745 687 2973 726; x_wconf 88' lang='lat' dir='ltr'><strong>accenso</strong></span> <span class='ocrx_word' id='word_1_496' title='bbox 3003 688 3068 726; x_wconf 91' lang='lat' dir='ltr'><strong>an</strong></span> <span class='ocrx_word' id='word_1_497' title='bbox 3100 687 3276 727; x_wconf 86' lang='lat' dir='ltr'><strong>arena.</strong></span> <span class='ocrx_word' id='word_1_498' title='bbox 3303 675 3433 741; x_wconf 90' lang='lat' dir='ltr'><strong>Quid</strong></span> <span class='ocrx_word' id='word_1_499' title='bbox 3458 678 3646 745; x_wconf 75' lang='lat' dir='ltr'><strong>dixerit,</strong></span> <span class='ocrx_word' id='word_1_500' title='bbox 3668 688 3761 752; x_wconf 88' lang='lat' dir='ltr'><strong>quid</strong></span> 
     </span>
    </p>
   </div>
   <div class='ocr_carea' id='block_1_65' title="bbox 2253 762 3762 842">
    <p class='ocr_par' dir='ltr' id='par_1_65' title="bbox 2253 762 3762 842">
     <span class='ocr_line' id='line_1_65' title="bbox 2253 762 3762 842; baseline 0.005 -27"><span class='ocrx_word' id='word_1_501' title='bbox 2253 762 2481 817; x_wconf 89' lang='lat' dir='ltr'><strong>senserit</strong></span> <span class='ocrx_word' id='word_1_502' title='bbox 2503 762 2675 827; x_wconf 86' lang='lat' dir='ltr'><strong>Plato,</strong></span> <span class='ocrx_word' id='word_1_503' title='bbox 2701 763 2826 832; x_wconf 91' lang='lat' dir='ltr'><strong>quid</strong></span> <span class='ocrx_word' id='word_1_504' title='bbox 2854 764 3018 817; x_wconf 89' lang='lat' dir='ltr'><strong>atomi</strong></span> <span class='ocrx_word' id='word_1_505' title='bbox 3041 764 3324 818; x_wconf 89' lang='lat' dir='ltr'><strong>Democriti</strong></span> <span class='ocrx_word' id='word_1_506' title='bbox 3354 768 3643 835; x_wconf 84' lang='lat' dir='ltr'><strong>conﬁciant;</strong></span> <span class='ocrx_word' id='word_1_507' title='bbox 3670 777 3762 842; x_wconf 83' lang='lat' dir='ltr'><strong>quid</strong></span> 
     </span>
    </p>
   </div>
   <div class='ocr_carea' id='block_1_66' title="bbox 2254 855 3763 935">
    <p class='ocr_par' dir='ltr' id='par_1_66' title="bbox 2254 855 3763 935">
     <span class='ocr_line' id='line_1_66' title="bbox 2254 855 3763 935; baseline 0.007 -26"><span class='ocrx_word' id='word_1_508' title='bbox 2254 855 2522 909; x_wconf 90' lang='lat' dir='ltr'><strong>similares</strong></span> <span class='ocrx_word' id='word_1_509' title='bbox 2569 864 2748 924; x_wconf 90' lang='lat' dir='ltr'><strong>partes</strong></span> <span class='ocrx_word' id='word_1_510' title='bbox 2796 857 2904 909; x_wconf 88' lang='lat' dir='ltr'><strong>sint</strong></span> <span class='ocrx_word' id='word_1_511' title='bbox 2934 858 3281 926; x_wconf 80' lang='lat' dir='ltr'><strong>Anaxagorae,</strong></span> <span class='ocrx_word' id='word_1_512' title='bbox 3326 869 3415 913; x_wconf 90' lang='lat' dir='ltr'><strong>aut</strong></span> <span class='ocrx_word' id='word_1_513' title='bbox 3442 859 3763 935; x_wconf 81' lang='lat' dir='ltr'><strong>dissimilares;</strong></span> 
     </span>
    </p>
   </div>
   <div class='ocr_carea' id='block_1_67' title="bbox 2254 946 3766 1017">
    <p class='ocr_par' dir='ltr' id='par_1_67' title="bbox 2254 946 3766 1017">
     <span class='ocr_line' id='line_1_67' title="bbox 2254 946 3766 1017; baseline 0.009 -17"><span class='ocrx_word' id='word_1_514' title='bbox 2254 946 2378 1017; x_wconf 92' lang='lat' dir='ltr'><strong>quid</strong></span> <span class='ocrx_word' id='word_1_515' title='bbox 2420 946 2736 1017; x_wconf 70' lang='lat' dir='ltr'><strong>Pythagora:</strong></span> <span class='ocrx_word' id='word_1_516' title='bbox 2780 949 3206 1002; x_wconf 87' lang='lat' dir='ltr'><strong>transanimatio.</strong></span> <span class='ocrx_word' id='word_1_517' title='bbox 3263 949 3349 1004; x_wconf 89' lang='lat' dir='ltr'><strong>Isti</strong></span> <span class='ocrx_word' id='word_1_518' title='bbox 3395 952 3458 1004; x_wconf 92' lang='lat' dir='ltr'><strong>ad</strong></span> <span class='ocrx_word' id='word_1_519' title='bbox 3498 953 3601 1008; x_wconf 70' lang='lat' dir='ltr'><strong>btet:</strong></span> <span class='ocrx_word' id='word_1_520' title='bbox 3633 961 3766 1015; x_wconf 85' lang='lat' dir='ltr'><strong>omnia</strong></span> 
     </span>
    </p>
   </div>
   <div class='ocr_carea' id='block_1_68' title="bbox 2254 1039 3771 1108">
    <p class='ocr_par' dir='ltr' id='par_1_68' title="bbox 2254 1039 3771 1108">
     <span class='ocr_line' id='line_1_68' title="bbox 2254 1039 3771 1108; baseline 0 -15"><span class='ocrx_word' id='word_1_521' title='bbox 2254 1039 2391 1093; x_wconf 87' lang='lat' dir='ltr'><strong>linea</strong></span> <span class='ocrx_word' id='word_1_522' title='bbox 2419 1048 2543 1093; x_wconf 90' lang='lat' dir='ltr'><strong>sunt</strong></span> <span class='ocrx_word' id='word_1_523' title='bbox 2570 1039 2710 1103; x_wconf 90' lang='lat' dir='ltr'><strong>alba,</strong></span> <span class='ocrx_word' id='word_1_524' title='bbox 2742 1040 2880 1094; x_wconf 87' lang='lat' dir='ltr'><strong>sicut</strong></span> <span class='ocrx_word' id='word_1_525' title='bbox 2908 1040 3011 1093; x_wconf 92' lang='lat' dir='ltr'><strong>dici</strong></span> <span class='ocrx_word' id='word_1_526' title='bbox 3043 1040 3199 1104; x_wconf 87' lang='lat' dir='ltr'><strong>solet,</strong></span> <span class='ocrx_word' id='word_1_527' title='bbox 3234 1040 3283 1093; x_wconf 93' lang='lat' dir='ltr'><strong>in</strong></span> <span class='ocrx_word' id='word_1_528' title='bbox 3316 1042 3487 1108; x_wconf 88' lang='lat' dir='ltr'><strong>lapide</strong></span> <span class='ocrx_word' id='word_1_529' title='bbox 3512 1044 3638 1099; x_wconf 88' lang='lat' dir='ltr'><strong>albo.</strong></span> <span class='ocrx_word' id='word_1_530' title='bbox 3666 1048 3771 1105; x_wconf 84' lang='lat' dir='ltr'><strong>Tan.</strong></span> 
     </span>
    </p>
   </div>
   <div class='ocr_carea' id='block_1_69' title="bbox 2253 1130 3769 1208">
    <p class='ocr_par' dir='ltr' id='par_1_69' title="bbox 2253 1130 3769 1208">
     <span class='ocr_line' id='line_1_69' title="bbox 2253 1130 3769 1208; baseline 0.001 -25"><span class='ocrx_word' id='word_1_531' title='bbox 2253 1139 2364 1183; x_wconf 92' lang='lat' dir='ltr'><strong>tum</strong></span> <span class='ocrx_word' id='word_1_532' title='bbox 2396 1130 2483 1183; x_wconf 86' lang='lat' dir='ltr'><strong>illa</strong></span> <span class='ocrx_word' id='word_1_533' title='bbox 2498 1130 2730 1184; x_wconf 89' lang='lat' dir='ltr'><strong>curanda</strong></span> <span class='ocrx_word' id='word_1_534' title='bbox 2748 1139 2803 1185; x_wconf 92' lang='lat' dir='ltr'><strong>et</strong></span> <span class='ocrx_word' id='word_1_535' title='bbox 2818 1131 3165 1200; x_wconf 75' lang='lat' dir='ltr'><strong>expendenda</strong></span> <span class='ocrx_word' id='word_1_536' title='bbox 3189 1132 3410 1198; x_wconf 91' lang='lat' dir='ltr'><strong>ducunt,</strong></span> <span class='ocrx_word' id='word_1_537' title='bbox 3439 1149 3503 1187; x_wconf 88' lang='lat' dir='ltr'><strong>an</strong></span> <span class='ocrx_word' id='word_1_538' title='bbox 3531 1135 3655 1190; x_wconf 89' lang='lat' dir='ltr'><strong>Deus</strong></span> <span class='ocrx_word' id='word_1_539' title='bbox 3678 1155 3769 1208; x_wconf 81' lang='lat' dir='ltr'><strong>pos-</strong></span> 
     </span>
    </p>
   </div>
   <div class='ocr_carea' id='block_1_70' title="bbox 2253 1221 3774 1301">
    <p class='ocr_par' dir='ltr' id='par_1_70' title="bbox 2253 1221 3774 1301">
     <span class='ocr_line' id='line_1_70' title="bbox 2253 1221 3774 1301; baseline 0.008 -27"><span class='ocrx_word' id='word_1_540' title='bbox 2253 1221 2321 1275; x_wconf 92' lang='lat' dir='ltr'><strong>sit</strong></span> <span class='ocrx_word' id='word_1_541' title='bbox 2362 1221 2698 1289; x_wconf 89' lang='lat' dir='ltr'><strong>suppositare</strong></span> <span class='ocrx_word' id='word_1_542' title='bbox 2742 1222 2876 1301; x_wconf 84' lang='lat' dir='ltr'><strong>hanc</strong></span> <span class='ocrx_word' id='word_1_543' title='bbox 2919 1236 3148 1289; x_wconf 87' lang='lat' dir='ltr'><strong>pennam</strong></span> <span class='ocrx_word' id='word_1_544' title='bbox 3186 1238 3285 1290; x_wconf 88' lang='lat' dir='ltr'><strong>qua</strong></span> <span class='ocrx_word' id='word_1_545' title='bbox 3318 1224 3509 1291; x_wconf 91' lang='lat' dir='ltr'><strong>scribo,</strong></span> <span class='ocrx_word' id='word_1_546' title='bbox 3549 1241 3608 1280; x_wconf 90' lang='lat' dir='ltr'><strong>an</strong></span> <span class='ocrx_word' id='word_1_547' title='bbox 3630 1229 3774 1295; x_wconf 87' lang='lat' dir='ltr'><strong>jubere</strong></span> 
     </span>
    </p>
   </div>
   <div class='ocr_carea' id='block_1_71' title="bbox 2252 1311 3777 1393">
    <p class='ocr_par' dir='ltr' id='par_1_71' title="bbox 2252 1311 3777 1393">
     <span class='ocr_line' id='line_1_71' title="bbox 2252 1311 3777 1393; baseline 0.009 -30"><span class='ocrx_word' id='word_1_548' title='bbox 2252 1312 2421 1381; x_wconf 88' lang='lat' dir='ltr'><strong>possit</strong></span> <span class='ocrx_word' id='word_1_549' title='bbox 2450 1311 2629 1365; x_wconf 90' lang='lat' dir='ltr'><strong>odium</strong></span> <span class='ocrx_word' id='word_1_550' title='bbox 2658 1313 2774 1377; x_wconf 88' lang='lat' dir='ltr'><strong>sui;</strong></span> <span class='ocrx_word' id='word_1_551' title='bbox 2809 1314 3046 1381; x_wconf 89' lang='lat' dir='ltr'><strong>possitne</strong></span> <span class='ocrx_word' id='word_1_552' title='bbox 3075 1314 3386 1382; x_wconf 89' lang='lat' dir='ltr'><strong>dispensare</strong></span> <span class='ocrx_word' id='word_1_553' title='bbox 3411 1318 3631 1384; x_wconf 80' lang='lat' dir='ltr'><strong>pontifex</strong></span> <span class='ocrx_word' id='word_1_554' title='bbox 3654 1335 3777 1393; x_wconf 87' lang='lat' dir='ltr'><strong>super</strong></span> 
     </span>
    </p>
   </div>
   <div class='ocr_carea' id='block_1_72' title="bbox 2252 1404 3775 1479">
    <p class='ocr_par' dir='ltr' id='par_1_72' title="bbox 2252 1404 3775 1479">
     <span class='ocr_line' id='line_1_72' title="bbox 2252 1404 3775 1479; baseline 0.01 -24"><span class='ocrx_word' id='word_1_555' title='bbox 2252 1414 2377 1458; x_wconf 91' lang='lat' dir='ltr'><strong>voto</strong></span> <span class='ocrx_word' id='word_1_556' title='bbox 2408 1404 2753 1474; x_wconf 89' lang='lat' dir='ltr'><strong>profectionis</strong></span> <span class='ocrx_word' id='word_1_557' title='bbox 2778 1406 3056 1471; x_wconf 64' lang='lat' dir='ltr'><strong>Romanae,</strong></span> <span class='ocrx_word' id='word_1_558' title='bbox 3084 1416 3179 1461; x_wconf 90' lang='lat' dir='ltr'><strong>aut</strong></span> <span class='ocrx_word' id='word_1_559' title='bbox 3205 1407 3704 1479; x_wconf 70' lang='lat' dir='ltr'><strong>Hierosolymitanze;</strong></span> <span class='ocrx_word' id='word_1_560' title='bbox 3727 1434 3775 1471; x_wconf 87' lang='lat' dir='ltr'><strong>an</strong></span> 
     </span>
    </p>
   </div>
   <div class='ocr_carea' id='block_1_73' title="bbox 2253 1498 3774 1568">
    <p class='ocr_par' dir='ltr' id='par_1_73' title="bbox 2253 1498 3774 1568">
     <span class='ocr_line' id='line_1_73' title="bbox 2253 1498 3774 1568; baseline 0.007 -17"><span class='ocrx_word' id='word_1_561' title='bbox 2253 1499 2477 1565; x_wconf 84' lang='lat' dir='ltr'><strong>pecunia</strong></span> <span class='ocrx_word' id='word_1_562' title='bbox 2509 1498 2789 1551; x_wconf 86' lang='lat' dir='ltr'><strong>sacerdotii</strong></span> <span class='ocrx_word' id='word_1_563' title='bbox 2819 1500 3130 1567; x_wconf 88' lang='lat' dir='ltr'><strong>pensionem</strong></span> <span class='ocrx_word' id='word_1_564' title='bbox 3163 1501 3451 1568; x_wconf 89' lang='lat' dir='ltr'><strong>redimere,</strong></span> <span class='ocrx_word' id='word_1_565' title='bbox 3482 1503 3546 1555; x_wconf 90' lang='lat' dir='ltr'><strong>sit</strong></span> <span class='ocrx_word' id='word_1_566' title='bbox 3574 1504 3774 1561; x_wconf 87' lang='lat' dir='ltr'><strong>simonia.</strong></span> 
     </span>
    </p>
   </div>
   <div class='ocr_carea' id='block_1_74' title="bbox 2254 1580 3776 1660">
    <p class='ocr_par' dir='ltr' id='par_1_74' title="bbox 2254 1580 3776 1660">
     <span class='ocr_line' id='line_1_74' title="bbox 2254 1580 3776 1660; baseline 0.008 -20"><span class='ocrx_word' id='word_1_567' title='bbox 2254 1586 2450 1641; x_wconf 84' lang='lat' dir='ltr'><strong>Verum</strong></span> <span class='ocrx_word' id='word_1_568' title='bbox 2496 1580 2769 1643; x_wconf 84' lang='lat' dir='ltr'><strong>enimvero</strong></span> <span class='ocrx_word' id='word_1_569' title='bbox 2814 1590 2899 1643; x_wconf 91' lang='lat' dir='ltr'><strong>isti</strong></span> <span class='ocrx_word' id='word_1_570' title='bbox 2957 1599 3214 1645; x_wconf 89' lang='lat' dir='ltr'><strong>censeant</strong></span> <span class='ocrx_word' id='word_1_571' title='bbox 3258 1594 3523 1660; x_wconf 91' lang='lat' dir='ltr'><strong>quomodo</strong></span> <span class='ocrx_word' id='word_1_572' title='bbox 3564 1597 3776 1652; x_wconf 82' lang='lat' dir='ltr'><strong>voluerint</strong></span> 
     </span>
    </p>
   </div>
   <div class='ocr_carea' id='block_1_75' title="bbox 2252 1679 3775 1749">
    <p class='ocr_par' dir='ltr' id='par_1_75' title="bbox 2252 1679 3775 1749">
     <span class='ocr_line' id='line_1_75' title="bbox 2252 1679 3775 1749; baseline 0.007 -15"><span class='ocrx_word' id='word_1_573' title='bbox 2252 1693 2479 1748; x_wconf 88' lang='lat' dir='ltr'><strong>cumque</strong></span> <span class='ocrx_word' id='word_1_574' title='bbox 2507 1679 2573 1733; x_wconf 92' lang='lat' dir='ltr'><strong>de</strong></span> <span class='ocrx_word' id='word_1_575' title='bbox 2604 1695 2786 1749; x_wconf 92' lang='lat' dir='ltr'><strong>opere.</strong></span> <span class='ocrx_word' id='word_1_576' title='bbox 2819 1680 2929 1736; x_wconf 89' lang='lat' dir='ltr'><strong>Nec</strong></span> <span class='ocrx_word' id='word_1_577' title='bbox 2958 1682 3035 1736; x_wconf 76' lang='lat' dir='ltr'><strong>eis</strong></span> <span class='ocrx_word' id='word_1_578' title='bbox 3066 1682 3265 1746; x_wconf 87' lang='lat' dir='ltr'><strong>scribo,</strong></span> <span class='ocrx_word' id='word_1_579' title='bbox 3299 1698 3399 1738; x_wconf 92' lang='lat' dir='ltr'><strong>nec</strong></span> <span class='ocrx_word' id='word_1_580' title='bbox 3427 1698 3518 1739; x_wconf 92' lang='lat' dir='ltr'><strong>eos</strong></span> <span class='ocrx_word' id='word_1_581' title='bbox 3542 1701 3658 1739; x_wconf 90' lang='lat' dir='ltr'><strong>curo</strong></span> <span class='ocrx_word' id='word_1_582' title='bbox 3691 1704 3775 1744; x_wconf 75' lang='lat' dir='ltr'><strong>mea</strong></span> 
     </span>
    </p>
   </div>
   <div class='ocr_carea' id='block_1_76' title="bbox 2254 1772 3774 1845">
    <p class='ocr_par' dir='ltr' id='par_1_76' title="bbox 2254 1772 3774 1845">
     <span class='ocr_line' id='line_1_76' title="bbox 2254 1772 3774 1845; baseline 0.005 -20"><span class='ocrx_word' id='word_1_583' title='bbox 2254 1772 2460 1841; x_wconf 82' lang='lat' dir='ltr'><strong>legere;</strong></span> <span class='ocrx_word' id='word_1_584' title='bbox 2498 1788 2591 1826; x_wconf 92' lang='lat' dir='ltr'><strong>nec</strong></span> <span class='ocrx_word' id='word_1_585' title='bbox 2616 1788 2799 1827; x_wconf 89' lang='lat' dir='ltr'><strong>eorum</strong></span> <span class='ocrx_word' id='word_1_586' title='bbox 2818 1774 3072 1843; x_wconf 90' lang='lat' dir='ltr'><strong>judicium</strong></span> <span class='ocrx_word' id='word_1_587' title='bbox 3101 1790 3490 1845; x_wconf 89' lang='lat' dir='ltr'><strong>censuramque</strong></span> <span class='ocrx_word' id='word_1_588' title='bbox 3510 1779 3774 1845; x_wconf 87' lang='lat' dir='ltr'><strong>naucilacio,</strong></span> 
     </span>
    </p>
   </div>
   <div class='ocr_carea' id='block_1_77' title="bbox 2175 1864 3777 1936">
    <p class='ocr_par' dir='ltr' id='par_1_77' title="bbox 2175 1864 3777 1936">
     <span class='ocr_line' id='line_1_77' title="bbox 2175 1864 3777 1936; baseline 0.006 -19"><span class='ocrx_word' id='word_1_589' title='bbox 2175 1867 2223 1926; x_wconf 88' lang='lat' dir='ltr'><strong>B</strong></span> <span class='ocrx_word' id='word_1_590' title='bbox 2252 1879 2351 1918; x_wconf 85' lang='lat' dir='ltr'><strong>nec</strong></span> <span class='ocrx_word' id='word_1_591' title='bbox 2390 1864 2467 1917; x_wconf 89' lang='lat' dir='ltr'><strong>eis</strong></span> <span class='ocrx_word' id='word_1_592' title='bbox 2507 1864 2720 1933; x_wconf 90' lang='lat' dir='ltr'><strong>placere</strong></span> <span class='ocrx_word' id='word_1_593' title='bbox 2759 1864 2949 1919; x_wconf 88' lang='lat' dir='ltr'><strong>studeo</strong></span> <span class='ocrx_word' id='word_1_594' title='bbox 2981 1883 2996 1918; x_wconf 89' lang='lat'><strong>:</strong></span> <span class='ocrx_word' id='word_1_595' title='bbox 3029 1876 3083 1919; x_wconf 89' lang='lat' dir='ltr'><strong>et</strong></span> <span class='ocrx_word' id='word_1_596' title='bbox 3112 1867 3321 1921; x_wconf 90' lang='lat' dir='ltr'><strong>doctius</strong></span> <span class='ocrx_word' id='word_1_597' title='bbox 3362 1868 3554 1936; x_wconf 89' lang='lat' dir='ltr'><strong>putabo</strong></span> <span class='ocrx_word' id='word_1_598' title='bbox 3583 1884 3657 1924; x_wconf 90' lang='lat' dir='ltr'><strong>me</strong></span> <span class='ocrx_word' id='word_1_599' title='bbox 3680 1873 3777 1926; x_wconf 84' lang='lat' dir='ltr'><strong>scri-</strong></span> 
     </span>
    </p>
   </div>
   <div class='ocr_carea' id='block_1_78' title="bbox 2252 1956 3777 2027">
    <p class='ocr_par' dir='ltr' id='par_1_78' title="bbox 2252 1956 3777 2027">
     <span class='ocr_line' id='line_1_78' title="bbox 2252 1956 3777 2027; baseline 0.005 -18"><span class='ocrx_word' id='word_1_600' title='bbox 2252 1958 2440 2024; x_wconf 91' lang='lat' dir='ltr'><strong>psisse,</strong></span> <span class='ocrx_word' id='word_1_601' title='bbox 2470 1957 2511 2009; x_wconf 93' lang='lat' dir='ltr'><strong>si</strong></span> <span class='ocrx_word' id='word_1_602' title='bbox 2551 1956 2892 2025; x_wconf 91' lang='lat' dir='ltr'><strong>displicuero.</strong></span> <span class='ocrx_word' id='word_1_603' title='bbox 2928 1962 2993 2011; x_wconf 78' lang='lat' dir='ltr'><strong>At</strong></span> <span class='ocrx_word' id='word_1_604' title='bbox 3022 1957 3149 2011; x_wconf 92' lang='lat' dir='ltr'><strong>illud</strong></span> <span class='ocrx_word' id='word_1_605' title='bbox 3194 1973 3517 2027; x_wconf 90' lang='lat' dir='ltr'><strong>magnopere</strong></span> <span class='ocrx_word' id='word_1_606' title='bbox 3544 1958 3777 2017; x_wconf 78' lang='lat' dir='ltr'><strong>dolendum</strong></span> 
     </span>
    </p>
   </div>
   <div class='ocr_carea' id='block_1_79' title="bbox 2247 2049 3776 2123">
    <p class='ocr_par' dir='ltr' id='par_1_79' title="bbox 2247 2049 3776 2123">
     <span class='ocr_line' id='line_1_79' title="bbox 2247 2049 3776 2123; baseline 0.003 -20"><span class='ocrx_word' id='word_1_607' title='bbox 2247 2058 2351 2112; x_wconf 90' lang='lat' dir='ltr'><strong>est,</strong></span> <span class='ocrx_word' id='word_1_608' title='bbox 2376 2049 2623 2103; x_wconf 89' lang='lat' dir='ltr'><strong>insistere</strong></span> <span class='ocrx_word' id='word_1_609' title='bbox 2650 2064 3019 2116; x_wconf 73' lang='lat' dir='ltr'><strong>saepenumero</strong></span> <span class='ocrx_word' id='word_1_610' title='bbox 3041 2051 3268 2119; x_wconf 86' lang='lat' dir='ltr'><strong>ingeniis</strong></span> <span class='ocrx_word' id='word_1_611' title='bbox 3290 2052 3567 2107; x_wconf 90' lang='lat' dir='ltr'><strong>doctorum</strong></span> <span class='ocrx_word' id='word_1_612' title='bbox 3588 2055 3776 2123; x_wconf 86' lang='lat' dir='ltr'><strong>quidem,</strong></span> 
     </span>
    </p>
   </div>
   <div class='ocr_carea' id='block_1_80' title="bbox 2246 2140 3778 2211">
    <p class='ocr_par' dir='ltr' id='par_1_80' title="bbox 2246 2140 3778 2211">
     <span class='ocr_line' id='line_1_80' title="bbox 2246 2140 3778 2211; baseline 0.003 -16"><span class='ocrx_word' id='word_1_613' title='bbox 2246 2140 2341 2195; x_wconf 90' lang='lat' dir='ltr'><strong>sed</strong></span> <span class='ocrx_word' id='word_1_614' title='bbox 2370 2155 2474 2195; x_wconf 90' lang='lat' dir='ltr'><strong>non</strong></span> <span class='ocrx_word' id='word_1_615' title='bbox 2500 2141 2723 2209; x_wconf 89' lang='lat' dir='ltr'><strong>perinde</strong></span> <span class='ocrx_word' id='word_1_616' title='bbox 2750 2142 3009 2196; x_wconf 90' lang='lat' dir='ltr'><strong>bonorum</strong></span> <span class='ocrx_word' id='word_1_617' title='bbox 3053 2142 3328 2197; x_wconf 91' lang='lat' dir='ltr'><strong>hominum</strong></span> <span class='ocrx_word' id='word_1_618' title='bbox 3370 2144 3696 2211; x_wconf 89' lang='lat' dir='ltr'><strong>perniciosum</strong></span> <span class='ocrx_word' id='word_1_619' title='bbox 3718 2146 3778 2199; x_wconf 92' lang='lat' dir='ltr'><strong>in-</strong></span> 
     </span>
    </p>
   </div>
   <div class='ocr_carea' id='block_1_81' title="bbox 2246 2233 3777 2303">
    <p class='ocr_par' dir='ltr' id='par_1_81' title="bbox 2246 2233 3777 2303">
     <span class='ocr_line' id='line_1_81' title="bbox 2246 2233 3777 2303; baseline 0.003 -18"><span class='ocrx_word' id='word_1_620' title='bbox 2246 2233 2495 2286; x_wconf 71' lang='lat' dir='ltr'><strong>videntiae</strong></span> <span class='ocrx_word' id='word_1_621' title='bbox 2526 2233 2694 2299; x_wconf 92' lang='lat' dir='ltr'><strong>virus,</strong></span> <span class='ocrx_word' id='word_1_622' title='bbox 2736 2247 2840 2303; x_wconf 92' lang='lat' dir='ltr'><strong>qua</strong></span> <span class='ocrx_word' id='word_1_623' title='bbox 2871 2234 3007 2289; x_wconf 91' lang='lat' dir='ltr'><strong>bona</strong></span> <span class='ocrx_word' id='word_1_624' title='bbox 3038 2249 3197 2302; x_wconf 88' lang='lat' dir='ltr'><strong>opera</strong></span> <span class='ocrx_word' id='word_1_625' title='bbox 3232 2236 3531 2296; x_wconf 73' lang='lat' dir='ltr'><strong>incessant,</strong></span> <span class='ocrx_word' id='word_1_626' title='bbox 3572 2236 3777 2302; x_wconf 87' lang='lat' dir='ltr'><strong>lacerent,</strong></span> 
     </span>
    </p>
   </div>
   <div class='ocr_carea' id='block_1_82' title="bbox 2246 2328 3778 2397">
    <p class='ocr_par' dir='ltr' id='par_1_82' title="bbox 2246 2328 3778 2397">
     <span class='ocr_line' id='line_1_82' title="bbox 2246 2328 3778 2397; baseline 0.003 -17"><span class='ocrx_word' id='word_1_627' title='bbox 2246 2328 2622 2395; x_wconf 83' lang='lat' dir='ltr'><strong>proscindant.</strong></span> <span class='ocrx_word' id='word_1_628' title='bbox 2674 2338 2764 2381; x_wconf 91' lang='lat' dir='ltr'><strong>aut</strong></span> <span class='ocrx_word' id='word_1_629' title='bbox 2811 2329 3036 2397; x_wconf 90' lang='lat' dir='ltr'><strong>perdere</strong></span> <span class='ocrx_word' id='word_1_630' title='bbox 3084 2339 3348 2383; x_wconf 91' lang='lat' dir='ltr'><strong>conentur</strong></span> <span class='ocrx_word' id='word_1_631' title='bbox 3392 2330 3679 2397; x_wconf 87' lang='lat' dir='ltr'><strong>profutura,</strong></span> <span class='ocrx_word' id='word_1_632' title='bbox 3714 2344 3778 2384; x_wconf 88' lang='lat' dir='ltr'><strong>aut</strong></span> 
     </span>
    </p>
   </div>
   <div class='ocr_carea' id='block_1_83' title="bbox 2246 2418 3779 2483">
    <p class='ocr_par' dir='ltr' id='par_1_83' title="bbox 2246 2418 3779 2483">
     <span class='ocr_line' id='line_1_83' title="bbox 2246 2418 3779 2483; baseline 0.004 -13"><span class='ocrx_word' id='word_1_633' title='bbox 2246 2418 2469 2471; x_wconf 89' lang='lat' dir='ltr'><strong>allatura</strong></span> <span class='ocrx_word' id='word_1_634' title='bbox 2514 2418 2686 2473; x_wconf 91' lang='lat' dir='ltr'><strong>lucem</strong></span> <span class='ocrx_word' id='word_1_635' title='bbox 2731 2420 3042 2475; x_wconf 88' lang='lat' dir='ltr'><strong>obscurare.</strong></span> <span class='ocrx_word' id='word_1_636' title='bbox 3083 2421 3214 2475; x_wconf 89' lang='lat' dir='ltr'><strong>Hinc</strong></span> <span class='ocrx_word' id='word_1_637' title='bbox 3256 2421 3459 2483; x_wconf 91' lang='lat' dir='ltr'><strong>odium,</strong></span> <span class='ocrx_word' id='word_1_638' title='bbox 3506 2434 3557 2475; x_wconf 86' lang='lat' dir='ltr'><strong>et</strong></span> <span class='ocrx_word' id='word_1_639' title='bbox 3597 2437 3654 2474; x_wconf 84' lang='lat' dir='ltr'><strong>ex</strong></span> <span class='ocrx_word' id='word_1_640' title='bbox 3687 2422 3779 2476; x_wconf 85' lang='lat' dir='ltr'><strong>odio</strong></span> 
     </span>
    </p>
   </div>
   <div class='ocr_carea' id='block_1_84' title="bbox 2246 2509 3778 2581">
    <p class='ocr_par' dir='ltr' id='par_1_84' title="bbox 2246 2509 3778 2581">
     <span class='ocr_line' id='line_1_84' title="bbox 2246 2509 3778 2581; baseline 0.002 -18"><span class='ocrx_word' id='word_1_641' title='bbox 2246 2509 2454 2563; x_wconf 81' lang='lat' dir='ltr'><strong>rabiosa</strong></span> <span class='ocrx_word' id='word_1_642' title='bbox 2502 2510 2898 2574; x_wconf 90' lang='lat' dir='ltr'><strong>maledicentia,</strong></span> <span class='ocrx_word' id='word_1_643' title='bbox 2930 2522 2984 2565; x_wconf 88' lang='lat' dir='ltr'><strong>et</strong></span> <span class='ocrx_word' id='word_1_644' title='bbox 3026 2512 3338 2581; x_wconf 84' lang='lat' dir='ltr'><strong>impotentis</strong></span> <span class='ocrx_word' id='word_1_645' title='bbox 3369 2512 3527 2565; x_wconf 90' lang='lat' dir='ltr'><strong>animi</strong></span> <span class='ocrx_word' id='word_1_646' title='bbox 3562 2512 3715 2574; x_wconf 86' lang='lat' dir='ltr'><strong>verba,</strong></span> <span class='ocrx_word' id='word_1_647' title='bbox 3742 2520 3778 2566; x_wconf 89' lang='lat' dir='ltr'><strong>et</strong></span> 
     </span>
    </p>
   </div>
   <div class='ocr_carea' id='block_1_85' title="bbox 2245 2599 3779 2671">
    <p class='ocr_par' dir='ltr' id='par_1_85' title="bbox 2245 2599 3779 2671">
     <span class='ocr_line' id='line_1_85' title="bbox 2245 2599 3779 2671; baseline 0.003 -18"><span class='ocrx_word' id='word_1_648' title='bbox 2245 2602 2394 2661; x_wconf 79' lang='lat' dir='ltr'><strong>rixze,</strong></span> <span class='ocrx_word' id='word_1_649' title='bbox 2419 2608 2474 2654; x_wconf 91' lang='lat' dir='ltr'><strong>et</strong></span> <span class='ocrx_word' id='word_1_650' title='bbox 2494 2599 2689 2668; x_wconf 88' lang='lat' dir='ltr'><strong>jurgia,</strong></span> <span class='ocrx_word' id='word_1_651' title='bbox 2716 2611 2769 2655; x_wconf 92' lang='lat' dir='ltr'><strong>et</strong></span> <span class='ocrx_word' id='word_1_652' title='bbox 2790 2602 3093 2656; x_wconf 64' lang='lat' dir='ltr'><strong>calumniae.</strong></span> <span class='ocrx_word' id='word_1_653' title='bbox 3129 2603 3263 2657; x_wconf 87' lang='lat' dir='ltr'><strong>llinc</strong></span> <span class='ocrx_word' id='word_1_654' title='bbox 3284 2618 3429 2671; x_wconf 77' lang='lat' dir='ltr'><strong>saepe</strong></span> <span class='ocrx_word' id='word_1_655' title='bbox 3450 2604 3720 2667; x_wconf 88' lang='lat' dir='ltr'><strong>desperatio</strong></span> <span class='ocrx_word' id='word_1_656' title='bbox 3740 2614 3779 2657; x_wconf 90' lang='lat' dir='ltr'><strong>et</strong></span> 
     </span>
    </p>
   </div>
   <div class='ocr_carea' id='block_1_86' title="bbox 2244 2692 3776 2764">
    <p class='ocr_par' dir='ltr' id='par_1_86' title="bbox 2244 2692 3776 2764">
     <span class='ocr_line' id='line_1_86' title="bbox 2244 2692 3776 2764; baseline 0.001 -18"><span class='ocrx_word' id='word_1_657' title='bbox 2244 2692 2588 2762; x_wconf 87' lang='lat' dir='ltr'><strong>desponsatio</strong></span> <span class='ocrx_word' id='word_1_658' title='bbox 2619 2695 2897 2748; x_wconf 91' lang='lat' dir='ltr'><strong>meliorum</strong></span> <span class='ocrx_word' id='word_1_659' title='bbox 2929 2697 3284 2764; x_wconf 87' lang='lat' dir='ltr'><strong>ingeniorum,</strong></span> <span class='ocrx_word' id='word_1_660' title='bbox 3316 2712 3437 2750; x_wconf 89' lang='lat' dir='ltr'><strong>cum</strong></span> <span class='ocrx_word' id='word_1_661' title='bbox 3464 2705 3671 2764; x_wconf 61' lang='lat' dir='ltr'><strong>pertaesa</strong></span> <span class='ocrx_word' id='word_1_662' title='bbox 3696 2710 3776 2749; x_wconf 84' lang='lat' dir='ltr'><strong>rem</strong></span> 
     </span>
    </p>
   </div>
   <div class='ocr_carea' id='block_1_87' title="bbox 2244 2784 3778 2856">
    <p class='ocr_par' dir='ltr' id='par_1_87' title="bbox 2244 2784 3778 2856">
     <span class='ocr_line' id='line_1_87' title="bbox 2244 2784 3778 2856; baseline 0.001 -18"><span class='ocrx_word' id='word_1_663' title='bbox 2244 2784 2323 2839; x_wconf 91' lang='lat' dir='ltr'><strong>sic</strong></span> <span class='ocrx_word' id='word_1_664' title='bbox 2352 2801 2587 2840; x_wconf 92' lang='lat' dir='ltr'><strong>amaram</strong></span> <span class='ocrx_word' id='word_1_665' title='bbox 2621 2796 2673 2841; x_wconf 89' lang='lat' dir='ltr'><strong>et</strong></span> <span class='ocrx_word' id='word_1_666' title='bbox 2707 2787 3045 2842; x_wconf 89' lang='lat' dir='ltr'><strong>inamabilem</strong></span> <span class='ocrx_word' id='word_1_667' title='bbox 3079 2789 3146 2841; x_wconf 89' lang='lat' dir='ltr'><strong>ab</strong></span> <span class='ocrx_word' id='word_1_668' title='bbox 3177 2790 3322 2842; x_wconf 91' lang='lat' dir='ltr'><strong>omni</strong></span> <span class='ocrx_word' id='word_1_669' title='bbox 3358 2788 3613 2843; x_wconf 89' lang='lat' dir='ltr'><strong>scribendi</strong></span> <span class='ocrx_word' id='word_1_670' title='bbox 3641 2797 3684 2841; x_wconf 92' lang='lat' dir='ltr'><strong>et</strong></span> <span class='ocrx_word' id='word_1_671' title='bbox 3720 2787 3778 2856; x_wconf 87' lang='lat' dir='ltr'><strong>ju-</strong></span> 
     </span>
    </p>
   </div>
   <div class='ocr_carea' id='block_1_88' title="bbox 2242 2879 3777 2948">
    <p class='ocr_par' dir='ltr' id='par_1_88' title="bbox 2242 2879 3777 2948">
     <span class='ocr_line' id='line_1_88' title="bbox 2242 2879 3777 2948; baseline -0.001 -16"><span class='ocrx_word' id='word_1_672' title='bbox 2242 2879 2431 2933; x_wconf 64' lang='lat' dir='ltr'><strong>vandaa</strong></span> <span class='ocrx_word' id='word_1_673' title='bbox 2464 2881 2790 2948; x_wconf 92' lang='lat' dir='ltr'><strong>posteritatis</strong></span> <span class='ocrx_word' id='word_1_674' title='bbox 2821 2881 3030 2935; x_wconf 89' lang='lat' dir='ltr'><strong>ratione</strong></span> <span class='ocrx_word' id='word_1_675' title='bbox 3069 2890 3406 2945; x_wconf 88' lang='lat' dir='ltr'><strong>avertuntur,</strong></span> <span class='ocrx_word' id='word_1_676' title='bbox 3438 2881 3723 2948; x_wconf 85' lang='lat' dir='ltr'><strong>plerumque</strong></span> <span class='ocrx_word' id='word_1_677' title='bbox 3740 2889 3777 2932; x_wconf 86' lang='lat' dir='ltr'><strong>et</strong></span> 
     </span>
    </p>
   </div>
   <div class='ocr_carea' id='block_1_89' title="bbox 2242 2970 3776 3040">
    <p class='ocr_par' dir='ltr' id='par_1_89' title="bbox 2242 2970 3776 3040">
     <span class='ocr_line' id='line_1_89' title="bbox 2242 2970 3776 3040; baseline -0.001 -16"><span class='ocrx_word' id='word_1_678' title='bbox 2242 2971 2311 3025; x_wconf 91' lang='lat' dir='ltr'><strong>ab</strong></span> <span class='ocrx_word' id='word_1_679' title='bbox 2336 2971 2525 3026; x_wconf 88' lang='lat' dir='ltr'><strong>studiis</strong></span> <span class='ocrx_word' id='word_1_680' title='bbox 2559 2971 2721 3026; x_wconf 90' lang='lat' dir='ltr'><strong>etiam</strong></span> <span class='ocrx_word' id='word_1_681' title='bbox 2756 2972 2931 3040; x_wconf 90' lang='lat' dir='ltr'><strong>:quod</strong></span> <span class='ocrx_word' id='word_1_682' title='bbox 2966 2981 3170 3025; x_wconf 88' lang='lat' dir='ltr'><strong>tantum</strong></span> <span class='ocrx_word' id='word_1_683' title='bbox 3204 2972 3358 3026; x_wconf 85' lang='lat' dir='ltr'><strong>abest</strong></span> <span class='ocrx_word' id='word_1_684' title='bbox 3391 2982 3446 3024; x_wconf 90' lang='lat' dir='ltr'><strong>ut</strong></span> <span class='ocrx_word' id='word_1_685' title='bbox 3478 2971 3642 3025; x_wconf 87' lang='lat' dir='ltr'><strong>invida</strong></span> <span class='ocrx_word' id='word_1_686' title='bbox 3665 2970 3776 3037; x_wconf 82' lang='lat' dir='ltr'><strong>inge-</strong></span> 
     </span>
    </p>
   </div>
   <div class='ocr_carea' id='block_1_90' title="bbox 2241 3060 3777 3130">
    <p class='ocr_par' dir='ltr' id='par_1_90' title="bbox 2241 3060 3777 3130">
     <span class='ocr_line' id='line_1_90' title="bbox 2241 3060 3777 3130; baseline -0.001 -16"><span class='ocrx_word' id='word_1_687' title='bbox 2241 3062 2327 3115; x_wconf 90' lang='lat' dir='ltr'><strong>nia</strong></span> <span class='ocrx_word' id='word_1_688' title='bbox 2361 3062 2475 3115; x_wconf 86' lang='lat' dir='ltr'><strong>fieri</strong></span> <span class='ocrx_word' id='word_1_689' title='bbox 2507 3061 2744 3126; x_wconf 86' lang='lat' dir='ltr'><strong>doleant,</strong></span> <span class='ocrx_word' id='word_1_690' title='bbox 2776 3070 2831 3115; x_wconf 90' lang='lat' dir='ltr'><strong>ut</strong></span> <span class='ocrx_word' id='word_1_691' title='bbox 2859 3078 2916 3116; x_wconf 88' lang='lat' dir='ltr'><strong>se</strong></span> <span class='ocrx_word' id='word_1_692' title='bbox 2947 3077 3012 3116; x_wconf 82' lang='lat' dir='ltr'><strong>ex</strong></span> <span class='ocrx_word' id='word_1_693' title='bbox 3041 3062 3141 3115; x_wconf 91' lang='lat' dir='ltr'><strong>hoc</strong></span> <span class='ocrx_word' id='word_1_694' title='bbox 3172 3064 3400 3116; x_wconf 87' lang='lat' dir='ltr'><strong>fructum</strong></span> <span class='ocrx_word' id='word_1_695' title='bbox 3430 3076 3614 3130; x_wconf 87' lang='lat' dir='ltr'><strong>capere</strong></span> <span class='ocrx_word' id='word_1_696' title='bbox 3640 3060 3777 3127; x_wconf 84' lang='lat' dir='ltr'><strong>singu-</strong></span> 
     </span>
    </p>
   </div>
   <div class='ocr_carea' id='block_1_91' title="bbox 2242 3154 3776 3223">
    <p class='ocr_par' dir='ltr' id='par_1_91' title="bbox 2242 3154 3776 3223">
     <span class='ocr_line' id='line_1_91' title="bbox 2242 3154 3776 3223; baseline -0.005 -13"><span class='ocrx_word' id='word_1_697' title='bbox 2242 3156 2405 3210; x_wconf 90' lang='lat' dir='ltr'><strong>larem</strong></span> <span class='ocrx_word' id='word_1_698' title='bbox 2451 3154 2777 3222; x_wconf 86' lang='lat' dir='ltr'><strong>existiment,</strong></span> <span class='ocrx_word' id='word_1_699' title='bbox 2823 3170 2885 3209; x_wconf 92' lang='lat' dir='ltr'><strong>ac</strong></span> <span class='ocrx_word' id='word_1_700' title='bbox 2935 3155 3135 3209; x_wconf 82' lang='lat' dir='ltr'><strong>laboris</strong></span> <span class='ocrx_word' id='word_1_701' title='bbox 3186 3156 3266 3209; x_wconf 90' lang='lat' dir='ltr'><strong>sui</strong></span> <span class='ocrx_word' id='word_1_702' title='bbox 3318 3158 3618 3223; x_wconf 51' lang='lat' dir='ltr'><strong>praemium;</strong></span> <span class='ocrx_word' id='word_1_703' title='bbox 3658 3154 3776 3205; x_wconf 84' lang='lat' dir='ltr'><strong>linem</strong></span> 
     </span>
    </p>
   </div>
   <div class='ocr_carea' id='block_1_92' title="bbox 2167 3235 3778 3314">
    <p class='ocr_par' dir='ltr' id='par_1_92' title="bbox 2167 3235 3778 3314">
     <span class='ocr_line' id='line_1_92' title="bbox 2167 3235 3778 3314; baseline -0.002 -16"><span class='ocrx_word' id='word_1_704' title='bbox 2167 3235 2213 3298; x_wconf 90' lang='lat' dir='ltr'>C</span> <span class='ocrx_word' id='word_1_705' title='bbox 2244 3262 2371 3301; x_wconf 90' lang='lat' dir='ltr'><strong>vero</strong></span> <span class='ocrx_word' id='word_1_706' title='bbox 2413 3261 2570 3314; x_wconf 88' lang='lat' dir='ltr'><strong>quem</strong></span> <span class='ocrx_word' id='word_1_707' title='bbox 2616 3245 2948 3300; x_wconf 89' lang='lat' dir='ltr'><strong>destinarant</strong></span> <span class='ocrx_word' id='word_1_708' title='bbox 2991 3246 3035 3299; x_wconf 91' lang='lat' dir='ltr'><strong>si</strong></span> <span class='ocrx_word' id='word_1_709' title='bbox 3075 3256 3495 3313; x_wconf 89' lang='lat' dir='ltr'><strong>consequantur,</strong></span> <span class='ocrx_word' id='word_1_710' title='bbox 3523 3253 3575 3299; x_wconf 90' lang='lat' dir='ltr'><strong>ut</strong></span> <span class='ocrx_word' id='word_1_711' title='bbox 3612 3249 3778 3297; x_wconf 85' lang='lat' dir='ltr'><strong>cessent</strong></span> 
     </span>
    </p>
   </div>
   <div class='ocr_carea' id='block_1_93' title="bbox 2241 3337 3779 3403">
    <p class='ocr_par' dir='ltr' id='par_1_93' title="bbox 2241 3337 3779 3403">
     <span class='ocr_line' id='line_1_93' title="bbox 2241 3337 3779 3403; baseline -0.003 -10"><span class='ocrx_word' id='word_1_712' title='bbox 2241 3352 2450 3400; x_wconf 88' lang='lat' dir='ltr'><strong>omnes,</strong></span> <span class='ocrx_word' id='word_1_713' title='bbox 2484 3353 2641 3393; x_wconf 92' lang='lat' dir='ltr'><strong>nemo</strong></span> <span class='ocrx_word' id='word_1_714' title='bbox 2683 3338 2818 3391; x_wconf 90' lang='lat' dir='ltr'><strong>bene</strong></span> <span class='ocrx_word' id='word_1_715' title='bbox 2865 3337 3041 3391; x_wconf 90' lang='lat' dir='ltr'><strong>faciat.</strong></span> <span class='ocrx_word' id='word_1_716' title='bbox 3085 3338 3238 3403; x_wconf 84' lang='lat' dir='ltr'><strong>Quod</strong></span> <span class='ocrx_word' id='word_1_717' title='bbox 3266 3338 3570 3399; x_wconf 85' lang='lat' dir='ltr'><strong>Terentius,</strong></span> <span class='ocrx_word' id='word_1_718' title='bbox 3602 3345 3651 3390; x_wconf 93' lang='lat' dir='ltr'><strong>ut</strong></span> <span class='ocrx_word' id='word_1_719' title='bbox 3676 3337 3779 3389; x_wconf 76' lang='lat' dir='ltr'><strong>alios</strong></span> 
     </span>
    </p>
   </div>
   <div class='ocr_carea' id='block_1_94' title="bbox 2242 3428 3781 3497">
    <p class='ocr_par' dir='ltr' id='par_1_94' title="bbox 2242 3428 3781 3497">
     <span class='ocr_line' id='line_1_94' title="bbox 2242 3428 3781 3497; baseline -0.001 -17"><span class='ocrx_word' id='word_1_720' title='bbox 2242 3428 2362 3483; x_wconf 61' lang='lat' dir='ltr'><strong>vitae</strong></span> <span class='ocrx_word' id='word_1_721' title='bbox 2395 3431 2642 3483; x_wconf 69' lang='lat' dir='ltr'><strong>humana:</strong></span> <span class='ocrx_word' id='word_1_722' title='bbox 2673 3443 2876 3492; x_wconf 91' lang='lat' dir='ltr'><strong>mores,</strong></span> <span class='ocrx_word' id='word_1_723' title='bbox 2902 3430 2978 3481; x_wconf 91' lang='lat' dir='ltr'><strong>sic</strong></span> <span class='ocrx_word' id='word_1_724' title='bbox 3008 3438 3061 3483; x_wconf 90' lang='lat' dir='ltr'><strong>et</strong></span> <span class='ocrx_word' id='word_1_725' title='bbox 3092 3430 3249 3482; x_wconf 90' lang='lat' dir='ltr'><strong>istum</strong></span> <span class='ocrx_word' id='word_1_726' title='bbox 3281 3429 3578 3497; x_wconf 88' lang='lat' dir='ltr'><strong>prudenter</strong></span> <span class='ocrx_word' id='word_1_727' title='bbox 3603 3440 3781 3494; x_wconf 83' lang='lat' dir='ltr'><strong>expres-</strong></span> 
     </span>
    </p>
   </div>
   <div class='ocr_carea' id='block_1_95' title="bbox 2240 3518 3778 3589">
    <p class='ocr_par' dir='ltr' id='par_1_95' title="bbox 2240 3518 3778 3589">
     <span class='ocr_line' id='line_1_95' title="bbox 2240 3518 3778 3589; baseline -0.002 -16"><span class='ocrx_word' id='word_1_728' title='bbox 2240 3519 2329 3585; x_wconf 90' lang='lat' dir='ltr'><strong>sit,</strong></span> <span class='ocrx_word' id='word_1_729' title='bbox 2363 3534 2483 3573; x_wconf 89' lang='lat' dir='ltr'><strong>cum</strong></span> <span class='ocrx_word' id='word_1_730' title='bbox 2532 3519 2849 3573; x_wconf 79' lang='lat' dir='ltr'><strong>malevolunt</strong></span> <span class='ocrx_word' id='word_1_731' title='bbox 2884 3528 2936 3573; x_wconf 90' lang='lat' dir='ltr'><strong>et</strong></span> <span class='ocrx_word' id='word_1_732' title='bbox 2967 3520 3292 3574; x_wconf 87' lang='lat' dir='ltr'><strong>invidentem</strong></span> <span class='ocrx_word' id='word_1_733' title='bbox 3326 3529 3538 3589; x_wconf 87' lang='lat' dir='ltr'><strong>poetam</strong></span> <span class='ocrx_word' id='word_1_734' title='bbox 3578 3518 3778 3572; x_wconf 79' lang='lat' dir='ltr'><strong>omnibus</strong></span> 
     </span>
    </p>
   </div>
   <div class='ocr_carea' id='block_1_96' title="bbox 2237 3610 3776 3675">
    <p class='ocr_par' dir='ltr' id='par_1_96' title="bbox 2237 3610 3776 3675">
     <span class='ocr_line' id='line_1_96' title="bbox 2237 3610 3776 3675; baseline -0.003 -10"><span class='ocrx_word' id='word_1_735' title='bbox 2237 3610 2579 3665; x_wconf 89' lang='lat' dir='ltr'><strong>contendisse</strong></span> <span class='ocrx_word' id='word_1_736' title='bbox 2607 3610 2810 3664; x_wconf 88' lang='lat' dir='ltr'><strong>virilms</strong></span> <span class='ocrx_word' id='word_1_737' title='bbox 2839 3610 2944 3675; x_wconf 90' lang='lat' dir='ltr'><strong>ait,</strong></span> <span class='ocrx_word' id='word_1_738' title='bbox 2974 3611 3041 3665; x_wconf 90' lang='lat' dir='ltr'><strong>ab</strong></span> <span class='ocrx_word' id='word_1_739' title='bbox 3078 3613 3364 3667; x_wconf 90' lang='lat' dir='ltr'><strong>scribendo</strong></span> <span class='ocrx_word' id='word_1_740' title='bbox 3397 3614 3471 3666; x_wconf 91' lang='lat' dir='ltr'><strong>uti</strong></span> <span class='ocrx_word' id='word_1_741' title='bbox 3501 3612 3776 3672; x_wconf 90' lang='lat' dir='ltr'><strong>deterreret,</strong></span> 
     </span>
    </p>
   </div>
   <div class='ocr_carea' id='block_1_97' title="bbox 2237 3704 3773 3775">
    <p class='ocr_par' dir='ltr' id='par_1_97' title="bbox 2237 3704 3773 3775">
     <span class='ocr_line' id='line_1_97' title="bbox 2237 3704 3773 3775; baseline -0.003 -16"><span class='ocrx_word' id='word_1_742' title='bbox 2237 3716 2291 3760; x_wconf 91' lang='lat' dir='ltr'><strong>et</strong></span> <span class='ocrx_word' id='word_1_743' title='bbox 2333 3706 2385 3759; x_wconf 93' lang='lat' dir='ltr'><strong>in</strong></span> <span class='ocrx_word' id='word_1_744' title='bbox 2432 3706 2597 3759; x_wconf 91' lang='lat' dir='ltr'><strong>otium</strong></span> <span class='ocrx_word' id='word_1_745' title='bbox 2652 3704 2903 3759; x_wconf 90' lang='lat' dir='ltr'><strong>traderet.</strong></span> <span class='ocrx_word' id='word_1_746' title='bbox 2947 3706 3132 3775; x_wconf 84' lang='lat' dir='ltr'><strong>Neque</strong></span> <span class='ocrx_word' id='word_1_747' title='bbox 3174 3722 3301 3760; x_wconf 85' lang='lat' dir='ltr'><strong>vero</strong></span> <span class='ocrx_word' id='word_1_748' title='bbox 3343 3707 3397 3760; x_wconf 85' lang='lat' dir='ltr'><strong>id</strong></span> <span class='ocrx_word' id='word_1_749' title='bbox 3440 3721 3535 3775; x_wconf 89' lang='lat' dir='ltr'><strong>ego</strong></span> <span class='ocrx_word' id='word_1_750' title='bbox 3563 3704 3773 3762; x_wconf 75' lang='lat' dir='ltr'><strong>dixerim,</strong></span> 
     </span>
    </p>
   </div>
   <div class='ocr_carea' id='block_1_98' title="bbox 2237 3799 3774 3867">
    <p class='ocr_par' dir='ltr' id='par_1_98' title="bbox 2237 3799 3774 3867">
     <span class='ocr_line' id='line_1_98' title="bbox 2237 3799 3774 3867; baseline -0.001 -17"><span class='ocrx_word' id='word_1_751' title='bbox 2237 3800 2377 3867; x_wconf 88' lang='lat' dir='ltr'><strong>quod</strong></span> <span class='ocrx_word' id='word_1_752' title='bbox 2411 3813 2553 3867; x_wconf 81' lang='lat' dir='ltr'><strong>:rgre</strong></span> <span class='ocrx_word' id='word_1_753' title='bbox 2584 3799 2749 3853; x_wconf 90' lang='lat' dir='ltr'><strong>feram</strong></span> <span class='ocrx_word' id='word_1_754' title='bbox 2783 3813 2869 3852; x_wconf 88' lang='lat' dir='ltr'><strong>me</strong></span> <span class='ocrx_word' id='word_1_755' title='bbox 2894 3799 2975 3852; x_wconf 91' lang='lat' dir='ltr'><strong>vel</strong></span> <span class='ocrx_word' id='word_1_756' title='bbox 3000 3799 3299 3863; x_wconf 92' lang='lat' dir='ltr'><strong>admoneri,</strong></span> <span class='ocrx_word' id='word_1_757' title='bbox 3333 3801 3416 3854; x_wconf 90' lang='lat' dir='ltr'><strong>vel</strong></span> <span class='ocrx_word' id='word_1_758' title='bbox 3445 3800 3597 3853; x_wconf 81' lang='lat' dir='ltr'><strong>etiam</strong></span> <span class='ocrx_word' id='word_1_759' title='bbox 3628 3810 3774 3863; x_wconf 87' lang='lat' dir='ltr'><strong>repre-</strong></span> 
     </span>
    </p>
   </div>
   <div class='ocr_carea' id='block_1_99' title="bbox 2238 3886 3776 3955">
    <p class='ocr_par' dir='ltr' id='par_1_99' title="bbox 2238 3886 3776 3955">
     <span class='ocr_line' id='line_1_99' title="bbox 2238 3886 3776 3955; baseline -0.004 -11"><span class='ocrx_word' id='word_1_760' title='bbox 2238 3890 2420 3955; x_wconf 89' lang='lat' dir='ltr'><strong>hendi,</strong></span> <span class='ocrx_word' id='word_1_761' title='bbox 2452 3889 2526 3943; x_wconf 92' lang='lat' dir='ltr'><strong>dii</strong></span> <span class='ocrx_word' id='word_1_762' title='bbox 2559 3891 2833 3943; x_wconf 89' lang='lat' dir='ltr'><strong>meliorem</strong></span> <span class='ocrx_word' id='word_1_763' title='bbox 2880 3901 3112 3944; x_wconf 90' lang='lat' dir='ltr'><strong>mentem</strong></span> <span class='ocrx_word' id='word_1_764' title='bbox 3140 3892 3153 3944; x_wconf 84' lang='lat' dir='ltr'><strong>l</strong></span> <span class='ocrx_word' id='word_1_765' title='bbox 3202 3893 3311 3943; x_wconf 92' lang='lat' dir='ltr'><strong>lmo</strong></span> <span class='ocrx_word' id='word_1_766' title='bbox 3338 3891 3538 3945; x_wconf 90' lang='lat' dir='ltr'><strong>debere</strong></span> <span class='ocrx_word' id='word_1_767' title='bbox 3566 3904 3644 3944; x_wconf 91' lang='lat' dir='ltr'><strong>mc</strong></span> <span class='ocrx_word' id='word_1_768' title='bbox 3672 3886 3776 3941; x_wconf 90' lang='lat' dir='ltr'><strong>mul-</strong></span> 
     </span>
    </p>
   </div>
   <div class='ocr_carea' id='block_1_100' title="bbox 2237 3979 3773 4051">
    <p class='ocr_par' dir='ltr' id='par_1_100' title="bbox 2237 3979 3773 4051">
     <span class='ocr_line' id='line_1_100' title="bbox 2237 3979 3773 4051; baseline -0.005 -15"><span class='ocrx_word' id='word_1_769' title='bbox 2237 3990 2347 4036; x_wconf 89' lang='lat' dir='ltr'><strong>tum</strong></span> <span class='ocrx_word' id='word_1_770' title='bbox 2388 3982 2678 4051; x_wconf 82' lang='lat' dir='ltr'><strong>profitebor</strong></span> <span class='ocrx_word' id='word_1_771' title='bbox 2718 3984 2921 4049; x_wconf 86' lang='lat' dir='ltr'><strong>potiora</strong></span> <span class='ocrx_word' id='word_1_772' title='bbox 2961 3983 3266 4050; x_wconf 86' lang='lat' dir='ltr'><strong>suggerenti</strong></span> <span class='ocrx_word' id='word_1_773' title='bbox 3312 3992 3367 4037; x_wconf 90' lang='lat' dir='ltr'><strong>et</strong></span> <span class='ocrx_word' id='word_1_774' title='bbox 3409 3979 3773 4050; x_wconf 85' lang='lat' dir='ltr'><strong>reprehendenti</strong></span> 
     </span>
    </p>
   </div>
   <div class='ocr_carea' id='block_1_101' title="bbox 2237 4076 3774 4145">
    <p class='ocr_par' dir='ltr' id='par_1_101' title="bbox 2237 4076 3774 4145">
     <span class='ocr_line' id='line_1_101' title="bbox 2237 4076 3774 4145; baseline -0.005 -15"><span class='ocrx_word' id='word_1_775' title='bbox 2237 4076 2413 4130; x_wconf 87' lang='lat' dir='ltr'><strong>docte.</strong></span> <span class='ocrx_word' id='word_1_776' title='bbox 2446 4076 2574 4129; x_wconf 89' lang='lat' dir='ltr'><strong>Nam</strong></span> <span class='ocrx_word' id='word_1_777' title='bbox 2608 4084 2660 4129; x_wconf 91' lang='lat' dir='ltr'><strong>et</strong></span> <span class='ocrx_word' id='word_1_778' title='bbox 2690 4076 2949 4140; x_wconf 91' lang='lat' dir='ltr'><strong>meipsum</strong></span> <span class='ocrx_word' id='word_1_779' title='bbox 2991 4090 3093 4129; x_wconf 92' lang='lat' dir='ltr'><strong>non</strong></span> <span class='ocrx_word' id='word_1_780' title='bbox 3127 4076 3326 4145; x_wconf 88' lang='lat' dir='ltr'><strong>pigebit</strong></span> <span class='ocrx_word' id='word_1_781' title='bbox 3358 4087 3560 4130; x_wconf 86' lang='lat' dir='ltr'><strong>mutare</strong></span> <span class='ocrx_word' id='word_1_782' title='bbox 3598 4082 3774 4128; x_wconf 88' lang='lat' dir='ltr'><strong>senten-</strong></span> 
     </span>
    </p>
   </div>
   <div class='ocr_carea' id='block_1_102' title="bbox 2239 4168 3771 4234">
    <p class='ocr_par' dir='ltr' id='par_1_102' title="bbox 2239 4168 3771 4234">
     <span class='ocr_line' id='line_1_102' title="bbox 2239 4168 3771 4234; baseline -0.004 -13"><span class='ocrx_word' id='word_1_783' title='bbox 2239 4168 2388 4234; x_wconf 91' lang='lat' dir='ltr'><strong>tiam,</strong></span> <span class='ocrx_word' id='word_1_784' title='bbox 2418 4169 2462 4223; x_wconf 91' lang='lat' dir='ltr'><strong>si</strong></span> <span class='ocrx_word' id='word_1_785' title='bbox 2495 4168 2573 4222; x_wconf 78' lang='lat' dir='ltr'><strong>vel</strong></span> <span class='ocrx_word' id='word_1_786' title='bbox 2606 4168 2862 4233; x_wconf 90' lang='lat' dir='ltr'><strong>studium,</strong></span> <span class='ocrx_word' id='word_1_787' title='bbox 2894 4168 2976 4222; x_wconf 90' lang='lat' dir='ltr'><strong>vel</strong></span> <span class='ocrx_word' id='word_1_788' title='bbox 3008 4177 3137 4222; x_wconf 75' lang='lat' dir='ltr'><strong>tetas</strong></span> <span class='ocrx_word' id='word_1_789' title='bbox 3168 4170 3269 4222; x_wconf 89' lang='lat' dir='ltr'><strong>alia</strong></span> <span class='ocrx_word' id='word_1_790' title='bbox 3302 4169 3543 4223; x_wconf 89' lang='lat' dir='ltr'><strong>docuerit</strong></span> <span class='ocrx_word' id='word_1_791' title='bbox 3572 4168 3771 4220; x_wconf 88' lang='lat' dir='ltr'><strong>meliora.</strong></span> 
     </span>
    </p>
   </div>
   <div class='ocr_carea' id='block_1_103' title="bbox 2239 4258 3776 4328">
    <p class='ocr_par' dir='ltr' id='par_1_103' title="bbox 2239 4258 3776 4328">
     <span class='ocr_line' id='line_1_103' title="bbox 2239 4258 3776 4328; baseline -0.004 -16"><span class='ocrx_word' id='word_1_792' title='bbox 2239 4259 2504 4312; x_wconf 65' lang='lat' dir='ltr'><strong>Caeterum</strong></span> <span class='ocrx_word' id='word_1_793' title='bbox 2533 4258 2912 4325; x_wconf 88' lang='lat' dir='ltr'><strong>permolestum</strong></span> <span class='ocrx_word' id='word_1_794' title='bbox 2943 4268 3023 4312; x_wconf 92' lang='lat' dir='ltr'><strong>est</strong></span> <span class='ocrx_word' id='word_1_795' title='bbox 3069 4268 3227 4328; x_wconf 90' lang='lat' dir='ltr'><strong>atque</strong></span> <span class='ocrx_word' id='word_1_796' title='bbox 3272 4259 3653 4313; x_wconf 84' lang='lat' dir='ltr'><strong>intolerandum</strong></span> <span class='ocrx_word' id='word_1_797' title='bbox 3682 4269 3776 4323; x_wconf 82' lang='lat' dir='ltr'><strong>pro-</strong></span> 
     </span>
    </p>
   </div>
   <div class='ocr_carea' id='block_1_104' title="bbox 2241 4348 3774 4418">
    <p class='ocr_par' dir='ltr' id='par_1_104' title="bbox 2241 4348 3774 4418">
     <span class='ocr_line' id='line_1_104' title="bbox 2241 4348 3774 4418; baseline -0.001 -16"><span class='ocrx_word' id='word_1_798' title='bbox 2241 4349 2473 4404; x_wconf 85' lang='lat' dir='ltr'><strong>ntmtiari</strong></span> <span class='ocrx_word' id='word_1_799' title='bbox 2500 4348 2667 4403; x_wconf 90' lang='lat' dir='ltr'><strong>semel</strong></span> <span class='ocrx_word' id='word_1_800' title='bbox 2694 4350 2761 4403; x_wconf 92' lang='lat' dir='ltr'><strong>de</strong></span> <span class='ocrx_word' id='word_1_801' title='bbox 2791 4359 2901 4402; x_wconf 90' lang='lat' dir='ltr'><strong>toto</strong></span> <span class='ocrx_word' id='word_1_802' title='bbox 2925 4364 3106 4418; x_wconf 92' lang='lat' dir='ltr'><strong>opere,</strong></span> <span class='ocrx_word' id='word_1_803' title='bbox 3139 4350 3490 4415; x_wconf 88' lang='lat' dir='ltr'><strong>damnarique</strong></span> <span class='ocrx_word' id='word_1_804' title='bbox 3517 4364 3610 4403; x_wconf 90' lang='lat' dir='ltr'><strong>ceu</strong></span> <span class='ocrx_word' id='word_1_805' title='bbox 3640 4348 3774 4414; x_wconf 83' lang='lat' dir='ltr'><strong>impe-</strong></span> 
     </span>
    </p>
   </div>
   <div class='ocr_carea' id='block_1_105' title="bbox 2238 4440 3776 4509">
    <p class='ocr_par' dir='ltr' id='par_1_105' title="bbox 2238 4440 3776 4509">
     <span class='ocr_line' id='line_1_105' title="bbox 2238 4440 3776 4509; baseline -0.003 -14"><span class='ocrx_word' id='word_1_806' title='bbox 2238 4442 2402 4496; x_wconf 91' lang='lat' dir='ltr'><strong>ritum</strong></span> <span class='ocrx_word' id='word_1_807' title='bbox 2431 4449 2522 4495; x_wconf 89' lang='lat' dir='ltr'><strong>aut</strong></span> <span class='ocrx_word' id='word_1_808' title='bbox 2550 4440 2717 4504; x_wconf 89' lang='lat' dir='ltr'><strong>futile,</strong></span> <span class='ocrx_word' id='word_1_809' title='bbox 2741 4456 2865 4495; x_wconf 89' lang='lat' dir='ltr'><strong>cum</strong></span> <span class='ocrx_word' id='word_1_810' title='bbox 2892 4457 2991 4497; x_wconf 91' lang='lat' dir='ltr'><strong>nec</strong></span> <span class='ocrx_word' id='word_1_811' title='bbox 3019 4445 3233 4509; x_wconf 81' lang='lat' dir='ltr'><strong>legeris,</strong></span> <span class='ocrx_word' id='word_1_812' title='bbox 3266 4459 3366 4497; x_wconf 90' lang='lat' dir='ltr'><strong>nec</strong></span> <span class='ocrx_word' id='word_1_813' title='bbox 3398 4443 3570 4497; x_wconf 88' lang='lat' dir='ltr'><strong>forsan</strong></span> <span class='ocrx_word' id='word_1_814' title='bbox 3596 4441 3636 4495; x_wconf 93' lang='lat' dir='ltr'><strong>si</strong></span> <span class='ocrx_word' id='word_1_815' title='bbox 3663 4440 3776 4505; x_wconf 84' lang='lat' dir='ltr'><strong>lege-</strong></span> 
     </span>
    </p>
   </div>
   <div class='ocr_carea' id='block_1_106' title="bbox 2242 4528 3777 4608">
    <p class='ocr_par' dir='ltr' id='par_1_106' title="bbox 2242 4528 3777 4608">
     <span class='ocr_line' id='line_1_106' title="bbox 2242 4528 3777 4608; baseline -0.002 -19"><span class='ocrx_word' id='word_1_816' title='bbox 2242 4537 2339 4599; x_wconf 86' lang='lat' dir='ltr'><strong>ris,</strong></span> <span class='ocrx_word' id='word_1_817' title='bbox 2374 4536 2643 4589; x_wconf 89' lang='lat' dir='ltr'><strong>inveneris</strong></span> <span class='ocrx_word' id='word_1_818' title='bbox 2689 4550 2856 4604; x_wconf 90' lang='lat' dir='ltr'><strong>usque</strong></span> <span class='ocrx_word' id='word_1_819' title='bbox 2884 4536 3018 4590; x_wconf 91' lang='lat' dir='ltr'><strong>adeo</strong></span> <span class='ocrx_word' id='word_1_820' title='bbox 3061 4537 3224 4590; x_wconf 83' lang='lat' dir='ltr'><strong>multa</strong></span> <span class='ocrx_word' id='word_1_821' title='bbox 3255 4553 3375 4608; x_wconf 78' lang='lat' dir='ltr'><strong>quae</strong></span> <span class='ocrx_word' id='word_1_822' title='bbox 3406 4536 3688 4598; x_wconf 84' lang='lat' dir='ltr'><strong>convellas;</strong></span> <span class='ocrx_word' id='word_1_823' title='bbox 3715 4528 3777 4582; x_wconf 72' lang='lat' dir='ltr'><strong>vel</strong></span> 
     </span>
    </p>
   </div>
   <div class='ocr_carea' id='block_1_107' title="bbox 2166 4609 3776 4695">
    <p class='ocr_par' dir='ltr' id='par_1_107' title="bbox 2166 4609 3776 4695">
     <span class='ocr_line' id='line_1_107' title="bbox 2166 4609 3776 4695; baseline -0.006 -14"><span class='ocrx_word' id='word_1_824' title='bbox 2166 4609 2221 4673; x_wconf 78' lang='grc' dir='ltr'><strong>Ῑ)</strong></span> <span class='ocrx_word' id='word_1_825' title='bbox 2244 4627 2361 4695; x_wconf 86' lang='lat' dir='ltr'><strong>ipse</strong></span> <span class='ocrx_word' id='word_1_826' title='bbox 2391 4628 2436 4680; x_wconf 92' lang='lat' dir='ltr'><strong>si</strong></span> <span class='ocrx_word' id='word_1_827' title='bbox 2470 4626 2794 4680; x_wconf 89' lang='lat' dir='ltr'><strong>tantumdem</strong></span> <span class='ocrx_word' id='word_1_828' title='bbox 2829 4635 3083 4695; x_wconf 68' lang='lat' dir='ltr'><strong>praestare</strong></span> <span class='ocrx_word' id='word_1_829' title='bbox 3115 4637 3318 4693; x_wconf 90' lang='lat' dir='ltr'><strong>tentes,</strong></span> <span class='ocrx_word' id='word_1_830' title='bbox 3357 4629 3441 4682; x_wconf 88' lang='lat' dir='ltr'><strong>vel</strong></span> <span class='ocrx_word' id='word_1_831' title='bbox 3485 4642 3584 4680; x_wconf 91' lang='lat' dir='ltr'><strong>non</strong></span> <span class='ocrx_word' id='word_1_832' title='bbox 3611 4622 3776 4683; x_wconf 85' lang='lat' dir='ltr'><strong>valeas,</strong></span> 
     </span>
    </p>
   </div>
   <div class='ocr_carea' id='block_1_108' title="bbox 2241 4712 3777 4782">
    <p class='ocr_par' dir='ltr' id='par_1_108' title="bbox 2241 4712 3777 4782">
     <span class='ocr_line' id='line_1_108' title="bbox 2241 4712 3777 4782; baseline -0.004 -13"><span class='ocrx_word' id='word_1_833' title='bbox 2241 4718 2323 4771; x_wconf 80' lang='lat' dir='ltr'><strong>vel</strong></span> <span class='ocrx_word' id='word_1_834' title='bbox 2354 4715 2514 4771; x_wconf 91' lang='lat' dir='ltr'><strong>sudes</strong></span> <span class='ocrx_word' id='word_1_835' title='bbox 2546 4717 2699 4771; x_wconf 90' lang='lat' dir='ltr'><strong>satis.</strong></span> <span class='ocrx_word' id='word_1_836' title='bbox 2731 4720 2836 4771; x_wconf 82' lang='lat' dir='ltr'><strong>Aut</strong></span> <span class='ocrx_word' id='word_1_837' title='bbox 2861 4719 2905 4771; x_wconf 91' lang='lat' dir='ltr'><strong>si</strong></span> <span class='ocrx_word' id='word_1_838' title='bbox 2938 4732 3123 4782; x_wconf 92' lang='lat' dir='ltr'><strong>unum,</strong></span> <span class='ocrx_word' id='word_1_839' title='bbox 3167 4728 3258 4771; x_wconf 91' lang='lat' dir='ltr'><strong>aut</strong></span> <span class='ocrx_word' id='word_1_840' title='bbox 3287 4718 3354 4771; x_wconf 88' lang='lat' dir='ltr'><strong>ad</strong></span> <span class='ocrx_word' id='word_1_841' title='bbox 3398 4731 3648 4772; x_wconf 88' lang='lat' dir='ltr'><strong>summum</strong></span> <span class='ocrx_word' id='word_1_842' title='bbox 3675 4712 3777 4765; x_wconf 82' lang='lat' dir='ltr'><strong>alte-</strong></span> 
     </span>
    </p>
   </div>
   <div class='ocr_carea' id='block_1_109' title="bbox 2242 4806 3775 4877">
    <p class='ocr_par' dir='ltr' id='par_1_109' title="bbox 2242 4806 3775 4877">
     <span class='ocr_line' id='line_1_109' title="bbox 2242 4806 3775 4877; baseline -0.007 -16"><span class='ocrx_word' id='word_1_843' title='bbox 2242 4822 2361 4861; x_wconf 81' lang='lat' dir='ltr'><strong>rum</strong></span> <span class='ocrx_word' id='word_1_844' title='bbox 2391 4806 2764 4875; x_wconf 88' lang='lat' dir='ltr'><strong>deprehendas</strong></span> <span class='ocrx_word' id='word_1_845' title='bbox 2796 4819 3052 4873; x_wconf 89' lang='lat' dir='ltr'><strong>erratum,</strong></span> <span class='ocrx_word' id='word_1_846' title='bbox 3088 4818 3305 4877; x_wconf 86' lang='lat' dir='ltr'><strong>propter</strong></span> <span class='ocrx_word' id='word_1_847' title='bbox 3336 4809 3423 4862; x_wconf 91' lang='lat' dir='ltr'><strong>illa</strong></span> <span class='ocrx_word' id='word_1_848' title='bbox 3455 4822 3583 4877; x_wconf 92' lang='lat' dir='ltr'><strong>opus</strong></span> <span class='ocrx_word' id='word_1_849' title='bbox 3609 4812 3775 4860; x_wconf 84' lang='lat' dir='ltr'><strong>tantum</strong></span> 
     </span>
    </p>
   </div>
   <div class='ocr_carea' id='block_1_110' title="bbox 2242 4900 3775 4967">
    <p class='ocr_par' dir='ltr' id='par_1_110' title="bbox 2242 4900 3775 4967">
     <span class='ocr_line' id='line_1_110' title="bbox 2242 4900 3775 4967; baseline -0.006 -15"><span class='ocrx_word' id='word_1_850' title='bbox 2242 4906 2461 4967; x_wconf 87' lang='lat' dir='ltr'><strong>tamque</strong></span> <span class='ocrx_word' id='word_1_851' title='bbox 2498 4900 2704 4953; x_wconf 91' lang='lat' dir='ltr'><strong>varium</strong></span> <span class='ocrx_word' id='word_1_852' title='bbox 2743 4900 2953 4967; x_wconf 87' lang='lat' dir='ltr'><strong>rejicias</strong></span> <span class='ocrx_word' id='word_1_853' title='bbox 2990 4902 3297 4954; x_wconf 90' lang='lat' dir='ltr'><strong>universum</strong></span> <span class='ocrx_word' id='word_1_854' title='bbox 3320 4939 3337 4965; x_wconf 94' lang='lat'><strong>,</strong></span> <span class='ocrx_word' id='word_1_855' title='bbox 3372 4909 3428 4955; x_wconf 90' lang='lat' dir='ltr'><strong>et</strong></span> <span class='ocrx_word' id='word_1_856' title='bbox 3464 4908 3775 4954; x_wconf 79' lang='lat' dir='ltr'><strong>contemnas:</strong></span> 
     </span>
    </p>
   </div>
   <div class='ocr_carea' id='block_1_111' title="bbox 2242 4992 3776 5063">
    <p class='ocr_par' dir='ltr' id='par_1_111' title="bbox 2242 4992 3776 5063">
     <span class='ocr_line' id='line_1_111' title="bbox 2242 4992 3776 5063; baseline -0.005 -18"><span class='ocrx_word' id='word_1_857' title='bbox 2242 4992 2390 5046; x_wconf 84' lang='lat' dir='ltr'><strong>velut</strong></span> <span class='ocrx_word' id='word_1_858' title='bbox 2416 4994 2461 5046; x_wconf 90' lang='lat' dir='ltr'><strong>si</strong></span> <span class='ocrx_word' id='word_1_859' title='bbox 2490 4993 2704 5060; x_wconf 86' lang='lat' dir='ltr'><strong>egregio</strong></span> <span class='ocrx_word' id='word_1_860' title='bbox 2730 4992 3001 5061; x_wconf 87' lang='lat' dir='ltr'><strong>inspersos</strong></span> <span class='ocrx_word' id='word_1_861' title='bbox 3043 4994 3410 5062; x_wconf 89' lang='lat' dir='ltr'><strong>reprehendas</strong></span> <span class='ocrx_word' id='word_1_862' title='bbox 3446 5005 3659 5063; x_wconf 91' lang='lat' dir='ltr'><strong>corpore</strong></span> <span class='ocrx_word' id='word_1_863' title='bbox 3692 5000 3776 5040; x_wconf 78' lang='lat' dir='ltr'><strong>na:-</strong></span> 
     </span>
    </p>
   </div>
   <div class='ocr_carea' id='block_1_112' title="bbox 2240 5078 3775 5152">
    <p class='ocr_par' dir='ltr' id='par_1_112' title="bbox 2240 5078 3775 5152">
     <span class='ocr_line' id='line_1_112' title="bbox 2240 5078 3775 5152; baseline -0.002 -16"><span class='ocrx_word' id='word_1_864' title='bbox 2240 5098 2359 5149; x_wconf 87' lang='lat' dir='ltr'><strong>vos,</strong></span> <span class='ocrx_word' id='word_1_865' title='bbox 2401 5094 2457 5137; x_wconf 90' lang='lat' dir='ltr'><strong>ut</strong></span> <span class='ocrx_word' id='word_1_866' title='bbox 2500 5082 2749 5137; x_wconf 86' lang='lat' dir='ltr'><strong>Horatius</strong></span> <span class='ocrx_word' id='word_1_867' title='bbox 2789 5083 2983 5152; x_wconf 91' lang='lat' dir='ltr'><strong>inquit.</strong></span> <span class='ocrx_word' id='word_1_868' title='bbox 3024 5084 3080 5137; x_wconf 92' lang='lat' dir='ltr'><strong>ln</strong></span> <span class='ocrx_word' id='word_1_869' title='bbox 3119 5098 3359 5152; x_wconf 88' lang='lat' dir='ltr'><strong>summa,</strong></span> <span class='ocrx_word' id='word_1_870' title='bbox 3392 5078 3775 5152; x_wconf 83' lang='lat' dir='ltr'><strong>quandoquidem</strong></span> 
     </span>
    </p>
   </div>
   <div class='ocr_carea' id='block_1_113' title="bbox 2244 5170 3775 5242">
    <p class='ocr_par' dir='ltr' id='par_1_113' title="bbox 2244 5170 3775 5242">
     <span class='ocr_line' id='line_1_113' title="bbox 2244 5170 3775 5242; baseline -0.006 -14"><span class='ocrx_word' id='word_1_871' title='bbox 2244 5176 2517 5229; x_wconf 91' lang='lat' dir='ltr'><strong>hominum</strong></span> <span class='ocrx_word' id='word_1_872' title='bbox 2548 5173 2753 5242; x_wconf 89' lang='lat' dir='ltr'><strong>linguas</strong></span> <span class='ocrx_word' id='word_1_873' title='bbox 2784 5188 2881 5228; x_wconf 90' lang='lat' dir='ltr'><strong>nec</strong></span> <span class='ocrx_word' id='word_1_874' title='bbox 2910 5173 3079 5228; x_wconf 89' lang='lat' dir='ltr'><strong>habeo</strong></span> <span class='ocrx_word' id='word_1_875' title='bbox 3104 5175 3160 5227; x_wconf 91' lang='lat' dir='ltr'><strong>in</strong></span> <span class='ocrx_word' id='word_1_876' title='bbox 3188 5189 3347 5228; x_wconf 90' lang='lat' dir='ltr'><strong>manu</strong></span> <span class='ocrx_word' id='word_1_877' title='bbox 3377 5189 3513 5238; x_wconf 89' lang='lat' dir='ltr'><strong>mea,</strong></span> <span class='ocrx_word' id='word_1_878' title='bbox 3542 5180 3593 5227; x_wconf 87' lang='lat' dir='ltr'><strong>et</strong></span> <span class='ocrx_word' id='word_1_879' title='bbox 3616 5170 3775 5223; x_wconf 77' lang='lat' dir='ltr'><strong>liberat</strong></span> 
     </span>
    </p>
   </div>
   <div class='ocr_carea' id='block_1_114' title="bbox 2242 5265 3775 5337">
    <p class='ocr_par' dir='ltr' id='par_1_114' title="bbox 2242 5265 3775 5337">
     <span class='ocr_line' id='line_1_114' title="bbox 2242 5265 3775 5337; baseline -0.008 -15"><span class='ocrx_word' id='word_1_880' title='bbox 2242 5267 2395 5322; x_wconf 90' lang='lat' dir='ltr'><strong>decet</strong></span> <span class='ocrx_word' id='word_1_881' title='bbox 2430 5266 2479 5319; x_wconf 92' lang='lat' dir='ltr'><strong>in</strong></span> <span class='ocrx_word' id='word_1_882' title='bbox 2509 5265 2691 5319; x_wconf 83' lang='lat' dir='ltr'><strong>liberis</strong></span> <span class='ocrx_word' id='word_1_883' title='bbox 2713 5266 2922 5331; x_wconf 92' lang='lat' dir='ltr'><strong>studiis,</strong></span> <span class='ocrx_word' id='word_1_884' title='bbox 2951 5281 3058 5319; x_wconf 89' lang='lat' dir='ltr'><strong>non</strong></span> <span class='ocrx_word' id='word_1_885' title='bbox 3081 5265 3344 5333; x_wconf 88' lang='lat' dir='ltr'><strong>deprecor</strong></span> <span class='ocrx_word' id='word_1_886' title='bbox 3367 5282 3471 5337; x_wconf 84' lang='lat' dir='ltr'><strong>quo</strong></span> <span class='ocrx_word' id='word_1_887' title='bbox 3491 5265 3653 5319; x_wconf 89' lang='lat' dir='ltr'><strong>minus</strong></span> <span class='ocrx_word' id='word_1_888' title='bbox 3678 5272 3775 5312; x_wconf 87' lang='lat' dir='ltr'><strong>sen-</strong></span> 
     </span>
    </p>
   </div>
   <div class='ocr_carea' id='block_1_115' title="bbox 2242 5351 3773 5430">
    <p class='ocr_par' dir='ltr' id='par_1_115' title="bbox 2242 5351 3773 5430">
     <span class='ocr_line' id='line_1_115' title="bbox 2242 5351 3773 5430; baseline -0.007 -17"><span class='ocrx_word' id='word_1_889' title='bbox 2242 5360 2340 5413; x_wconf 91' lang='lat' dir='ltr'><strong>tiat</strong></span> <span class='ocrx_word' id='word_1_890' title='bbox 2369 5358 2724 5427; x_wconf 88' lang='lat' dir='ltr'><strong>loquaturque</strong></span> <span class='ocrx_word' id='word_1_891' title='bbox 2744 5358 2810 5412; x_wconf 91' lang='lat' dir='ltr'><strong>de</strong></span> <span class='ocrx_word' id='word_1_892' title='bbox 2839 5373 3001 5427; x_wconf 89' lang='lat' dir='ltr'><strong>opere</strong></span> <span class='ocrx_word' id='word_1_893' title='bbox 3026 5360 3250 5430; x_wconf 89' lang='lat' dir='ltr'><strong>quisque</strong></span> <span class='ocrx_word' id='word_1_894' title='bbox 3278 5374 3374 5428; x_wconf 91' lang='lat' dir='ltr'><strong>pro</strong></span> <span class='ocrx_word' id='word_1_895' title='bbox 3401 5360 3564 5415; x_wconf 90' lang='lat' dir='ltr'><strong>libito.</strong></span> <span class='ocrx_word' id='word_1_896' title='bbox 3587 5356 3637 5412; x_wconf 86' lang='lat' dir='ltr'><strong>Si</strong></span> <span class='ocrx_word' id='word_1_897' title='bbox 3661 5351 3773 5407; x_wconf 87' lang='lat' dir='ltr'><strong>enim</strong></span> 
     </span>
    </p>
   </div>
   <div class='ocr_carea' id='block_1_116' title="bbox 2245 5443 3773 5517">
    <p class='ocr_par' dir='ltr' id='par_1_116' title="bbox 2245 5443 3773 5517">
     <span class='ocr_line' id='line_1_116' title="bbox 2245 5443 3773 5517; baseline -0.003 -13"><span class='ocrx_word' id='word_1_898' title='bbox 2245 5450 2444 5504; x_wconf 90' lang='lat' dir='ltr'><strong>malum</strong></span> <span class='ocrx_word' id='word_1_899' title='bbox 2477 5457 2558 5503; x_wconf 91' lang='lat' dir='ltr'><strong>est</strong></span> <span class='ocrx_word' id='word_1_900' title='bbox 2590 5463 2743 5517; x_wconf 91' lang='lat' dir='ltr'><strong>opus,</strong></span> <span class='ocrx_word' id='word_1_901' title='bbox 2780 5448 2937 5503; x_wconf 90' lang='lat' dir='ltr'><strong>irasci</strong></span> <span class='ocrx_word' id='word_1_902' title='bbox 2966 5450 3036 5503; x_wconf 93' lang='lat' dir='ltr'><strong>ob</strong></span> <span class='ocrx_word' id='word_1_903' title='bbox 3062 5451 3341 5505; x_wconf 84' lang='lat' dir='ltr'><strong>veritatem</strong></span> <span class='ocrx_word' id='word_1_904' title='bbox 3373 5466 3474 5506; x_wconf 90' lang='lat' dir='ltr'><strong>non</strong></span> <span class='ocrx_word' id='word_1_905' title='bbox 3503 5448 3683 5503; x_wconf 86' lang='lat' dir='ltr'><strong>debeo:</strong></span> <span class='ocrx_word' id='word_1_906' title='bbox 3711 5443 3773 5493; x_wconf 84' lang='lat' dir='ltr'><strong>sin</strong></span> 
     </span>
    </p>
   </div>
   <div class='ocr_carea' id='block_1_117' title="bbox 2248 5531 3773 5611">
    <p class='ocr_par' dir='ltr' id='par_1_117' title="bbox 2248 5531 3773 5611">
     <span class='ocr_line' id='line_1_117' title="bbox 2248 5531 3773 5611; baseline -0.007 -14"><span class='ocrx_word' id='word_1_907' title='bbox 2248 5543 2467 5608; x_wconf 91' lang='lat' dir='ltr'><strong>bonum,</strong></span> <span class='ocrx_word' id='word_1_908' title='bbox 2501 5556 2597 5597; x_wconf 90' lang='lat' dir='ltr'><strong>eos</strong></span> <span class='ocrx_word' id='word_1_909' title='bbox 2634 5545 2721 5611; x_wconf 93' lang='lat' dir='ltr'><strong>qui</strong></span> <span class='ocrx_word' id='word_1_910' title='bbox 2763 5542 3149 5609; x_wconf 83' lang='lat' dir='ltr'><strong>maledixerint,</strong></span> <span class='ocrx_word' id='word_1_911' title='bbox 3179 5560 3275 5599; x_wconf 87' lang='lat' dir='ltr'><strong>sua</strong></span> <span class='ocrx_word' id='word_1_912' title='bbox 3314 5543 3596 5599; x_wconf 86' lang='lat' dir='ltr'><strong>invidentia</strong></span> <span class='ocrx_word' id='word_1_913' title='bbox 3620 5531 3773 5591; x_wconf 78' lang='lat' dir='ltr'><strong>exedet</strong></span> 
     </span>
    </p>
   </div>
   <div class='ocr_carea' id='block_1_118' title="bbox 2249 5623 3771 5706">
    <p class='ocr_par' dir='ltr' id='par_1_118' title="bbox 2249 5623 3771 5706">
     <span class='ocr_line' id='line_1_118' title="bbox 2249 5623 3771 5706; baseline -0.007 -18"><span class='ocrx_word' id='word_1_914' title='bbox 2249 5643 2497 5703; x_wconf 88' lang='lat' dir='ltr'><strong>tanquam</strong></span> <span class='ocrx_word' id='word_1_915' title='bbox 2524 5649 2788 5689; x_wconf 85' lang='lat' dir='ltr'><strong>venenum</strong></span> <span class='ocrx_word' id='word_1_916' title='bbox 2821 5652 2835 5688; x_wconf 91' lang='lat'><strong>:</strong></span> <span class='ocrx_word' id='word_1_917' title='bbox 2862 5634 2915 5689; x_wconf 91' lang='lat' dir='ltr'><strong>in</strong></span> <span class='ocrx_word' id='word_1_918' title='bbox 2938 5649 3043 5704; x_wconf 93' lang='lat' dir='ltr'><strong>quo</strong></span> <span class='ocrx_word' id='word_1_919' title='bbox 3068 5652 3174 5690; x_wconf 90' lang='lat' dir='ltr'><strong>uno</strong></span> <span class='ocrx_word' id='word_1_920' title='bbox 3195 5637 3485 5706; x_wconf 87' lang='lat' dir='ltr'><strong>justissima</strong></span> <span class='ocrx_word' id='word_1_921' title='bbox 3513 5644 3587 5688; x_wconf 89' lang='lat' dir='ltr'><strong>est</strong></span> <span class='ocrx_word' id='word_1_922' title='bbox 3606 5623 3771 5684; x_wconf 78' lang='lat' dir='ltr'><strong>invidia</strong></span> 
     </span>
    </p>
   </div>
   <div class='ocr_carea' id='block_1_119' title="bbox 2247 5718 3770 5797">
    <p class='ocr_par' dir='ltr' id='par_1_119' title="bbox 2247 5718 3770 5797">
     <span class='ocr_line' id='line_1_119' title="bbox 2247 5718 3770 5797; baseline -0.006 -16"><span class='ocrx_word' id='word_1_923' title='bbox 2247 5726 2386 5795; x_wconf 84' lang='lat' dir='ltr'><strong>ipsa,</strong></span> <span class='ocrx_word' id='word_1_924' title='bbox 2414 5726 2629 5781; x_wconf 71' lang='lat' dir='ltr'><strong>caeteris</strong></span> <span class='ocrx_word' id='word_1_925' title='bbox 2661 5726 2716 5781; x_wconf 90' lang='lat' dir='ltr'><strong>in</strong></span> <span class='ocrx_word' id='word_1_926' title='bbox 2746 5726 2902 5782; x_wconf 87' lang='lat' dir='ltr'><strong>rebus</strong></span> <span class='ocrx_word' id='word_1_927' title='bbox 2931 5727 3284 5797; x_wconf 87' lang='lat' dir='ltr'><strong>iniquissima.</strong></span> <span class='ocrx_word' id='word_1_928' title='bbox 3318 5730 3429 5783; x_wconf 80' lang='lat' dir='ltr'><strong>Hoc</strong></span> <span class='ocrx_word' id='word_1_929' title='bbox 3452 5726 3610 5781; x_wconf 84' lang='lat' dir='ltr'><strong>solum</strong></span> <span class='ocrx_word' id='word_1_930' title='bbox 3643 5718 3770 5773; x_wconf 82' lang='lat' dir='ltr'><strong>etiam</strong></span> 
     </span>
    </p>
   </div>
   <div class='ocr_carea' id='block_1_120' title="bbox 2244 5814 3767 5891">
    <p class='ocr_par' dir='ltr' id='par_1_120' title="bbox 2244 5814 3767 5891">
     <span class='ocr_line' id='line_1_120' title="bbox 2244 5814 3767 5891; baseline -0.002 -18"><span class='ocrx_word' id='word_1_931' title='bbox 2244 5825 2405 5887; x_wconf 76' lang='lat' dir='ltr'><strong>atque</strong></span> <span class='ocrx_word' id='word_1_932' title='bbox 2428 5818 2588 5873; x_wconf 77' lang='lat' dir='ltr'><strong>etiam</strong></span> <span class='ocrx_word' id='word_1_933' title='bbox 2616 5831 2768 5886; x_wconf 83' lang='lat' dir='ltr'><strong>rogo,</strong></span> <span class='ocrx_word' id='word_1_934' title='bbox 2797 5826 2850 5874; x_wconf 84' lang='lat' dir='ltr'><strong>et</strong></span> <span class='ocrx_word' id='word_1_935' title='bbox 2876 5819 3121 5887; x_wconf 83' lang='lat' dir='ltr'><strong>obsecro,</strong></span> <span class='ocrx_word' id='word_1_936' title='bbox 3150 5822 3279 5878; x_wconf 87' lang='lat' dir='ltr'><strong>utsi</strong></span> <span class='ocrx_word' id='word_1_937' title='bbox 3304 5823 3421 5891; x_wconf 81' lang='lat' dir='ltr'><strong>quis</strong></span> <span class='ocrx_word' id='word_1_938' title='bbox 3442 5834 3473 5878; x_wconf 72' lang='grc' dir='ltr'><strong>ι</strong></span> <span class='ocrx_word' id='word_1_939' title='bbox 3500 5833 3578 5874; x_wconf 84' lang='lat' dir='ltr'><strong>me</strong></span> <span class='ocrx_word' id='word_1_940' title='bbox 3601 5814 3767 5871; x_wconf 57' lang='lat' dir='ltr'><strong>disson‘</strong></span> 
     </span>
    </p>
   </div>
  </div>
