  <div class='ocr_page' id='page_1' title='image "/cluster/home/n/w/nwhite01/storage/ocr_20150623/47/hvd.32044015471527/228.png"; bbox 0 0 3974 6356; ppageno 0'>
   <div class='ocr_carea' id='block_1_1' title="bbox 194 1286 207 1325">
    <p class='ocr_par' dir='ltr' id='par_1_1' title="bbox 194 1286 207 1325">
     <span class='ocr_line' id='line_1_1' title="bbox 194 1286 207 1325; baseline 0 0"><span class='ocrx_word' id='word_1_1' title='bbox 194 1286 207 1325; x_wconf 70' lang='grc' dir='ltr'><em>ἓ</em></span> 
     </span>
    </p>
   </div>
   <div class='ocr_carea' id='block_1_2' title="bbox 266 392 357 446">
    <p class='ocr_par' dir='ltr' id='par_1_2' title="bbox 266 392 357 446">
     <span class='ocr_line' id='line_1_2' title="bbox 266 392 357 446; baseline -0.011 0"><span class='ocrx_word' id='word_1_2' title='bbox 266 392 357 446; x_wconf 72' lang='lat' dir='ltr'><strong>M5</strong></span> 
     </span>
    </p>
   </div>
   <div class='ocr_carea' id='block_1_3' title="bbox 936 348 2821 433">
    <p class='ocr_par' dir='ltr' id='par_1_3' title="bbox 936 348 2821 433">
     <span class='ocr_line' id='line_1_3' title="bbox 936 348 2821 433; baseline -0.015 0"><span class='ocrx_word' id='word_1_3' title='bbox 936 372 1294 433; x_wconf 78' lang='lat' dir='ltr'><strong>VARIORUM</strong></span> <span class='ocrx_word' id='word_1_4' title='bbox 1334 359 1928 427; x_wconf 72' lang='lat' dir='ltr'><strong>EXERCITATIONES</strong></span> <span class='ocrx_word' id='word_1_5' title='bbox 1966 360 2032 416; x_wconf 85' lang='lat' dir='ltr'><strong>IN</strong></span> <span class='ocrx_word' id='word_1_6' title='bbox 2069 362 2128 416; x_wconf 89' lang='lat' dir='ltr'><strong>S.</strong></span> <span class='ocrx_word' id='word_1_7' title='bbox 2171 352 2539 414; x_wconf 76' lang='lat' dir='ltr'><strong>AUGUSTINI</strong></span> <span class='ocrx_word' id='word_1_8' title='bbox 2575 348 2821 407; x_wconf 82' lang='lat' dir='ltr'><strong>OPERA.</strong></span> 
     </span>
    </p>
   </div>
   <div class='ocr_carea' id='block_1_4' title="bbox 3408 341 3513 398">
    <p class='ocr_par' dir='ltr' id='par_1_4' title="bbox 3408 341 3513 398">
     <span class='ocr_line' id='line_1_4' title="bbox 3408 341 3513 398; baseline 0.01 -1"><span class='ocrx_word' id='word_1_9' title='bbox 3408 345 3468 397; x_wconf 64' lang='grc' dir='ltr'><strong>4νί</strong></span> <span class='ocrx_word' id='word_1_10' title='bbox 3480 341 3513 398; x_wconf 70' lang='grc' dir='ltr'>ὓ</span> 
     </span>
    </p>
   </div>
   <div class='ocr_carea' id='block_1_5' title="bbox 263 460 3512 570">
    <p class='ocr_par' dir='ltr' id='par_1_5' title="bbox 263 460 3512 570">
     <span class='ocr_line' id='line_1_5' title="bbox 263 460 3512 570; baseline -0.015 -9"><span class='ocrx_word' id='word_1_11' title='bbox 263 507 407 570; x_wconf 87' lang='lat' dir='ltr'><strong>serit,</strong></span> <span class='ocrx_word' id='word_1_12' title='bbox 442 502 777 569; x_wconf 82' lang='lat' dir='ltr'><strong>volueritque</strong></span> <span class='ocrx_word' id='word_1_13' title='bbox 812 495 869 551; x_wconf 89' lang='lat' dir='ltr'><strong>id</strong></span> <span class='ocrx_word' id='word_1_14' title='bbox 896 493 1114 563; x_wconf 72' lang='lat' dir='ltr'><strong>scriptis</strong></span> <span class='ocrx_word' id='word_1_15' title='bbox 1145 489 1351 557; x_wconf 91' lang='lat' dir='ltr'><strong>testari,</strong></span> <span class='ocrx_word' id='word_1_16' title='bbox 1379 483 1683 540; x_wconf 89' lang='lat' dir='ltr'><strong>meminerit</strong></span> <span class='ocrx_word' id='word_1_17' title='bbox 1714 496 1829 535; x_wconf 92' lang='lat' dir='ltr'><strong>mo-</strong></span> <span class='ocrx_word' id='word_1_18' title='bbox 1855 475 2020 541; x_wconf 75' lang='lat' dir='ltr'><strong>Aliis</strong></span> <span class='ocrx_word' id='word_1_19' title='bbox 2066 474 2205 529; x_wconf 90' lang='lat' dir='ltr'><strong>meis</strong></span> <span class='ocrx_word' id='word_1_20' title='bbox 2245 468 2648 548; x_wconf 84' lang='lat' dir='ltr'><strong>commentariis</strong></span> <span class='ocrx_word' id='word_1_21' title='bbox 2687 484 2700 519; x_wconf 91' lang='lat'><strong>:</strong></span> <span class='ocrx_word' id='word_1_22' title='bbox 2744 465 2865 519; x_wconf 91' lang='lat' dir='ltr'><strong>illos</strong></span> <span class='ocrx_word' id='word_1_23' title='bbox 2908 462 3253 534; x_wconf 85' lang='lat' dir='ltr'><strong>respondisse</strong></span> <span class='ocrx_word' id='word_1_24' title='bbox 3302 460 3512 515; x_wconf 87' lang='lat' dir='ltr'><strong>inanem</strong></span> 
     </span>
    </p>
   </div>
   <div class='ocr_carea' id='block_1_6' title="bbox 263 577 1832 659">
    <p class='ocr_par' dir='ltr' id='par_1_6' title="bbox 263 577 1832 659">
     <span class='ocr_line' id='line_1_6' title="bbox 263 577 1832 659; baseline -0.015 -8"><span class='ocrx_word' id='word_1_25' title='bbox 263 604 451 659; x_wconf 76' lang='lat' dir='ltr'><strong>destte,</strong></span> <span class='ocrx_word' id='word_1_26' title='bbox 503 606 557 650; x_wconf 91' lang='lat' dir='ltr'><strong>et</strong></span> <span class='ocrx_word' id='word_1_27' title='bbox 604 594 721 647; x_wconf 88' lang='lat' dir='ltr'><strong>sine</strong></span> <span class='ocrx_word' id='word_1_28' title='bbox 767 588 1032 644; x_wconf 85' lang='lat' dir='ltr'><strong>conviciis</strong></span> <span class='ocrx_word' id='word_1_29' title='bbox 1079 582 1391 654; x_wconf 83' lang='lat' dir='ltr'><strong>aSperisque</strong></span> <span class='ocrx_word' id='word_1_30' title='bbox 1436 577 1703 633; x_wconf 83' lang='lat' dir='ltr'><strong>morsibus</strong></span> <span class='ocrx_word' id='word_1_31' title='bbox 1745 589 1832 628; x_wconf 91' lang='lat' dir='ltr'><strong>me</strong></span> 
     </span>
    </p>
   </div>
   <div class='ocr_carea' id='block_1_7' title="bbox 262 674 1831 758">
    <p class='ocr_par' dir='ltr' id='par_1_7' title="bbox 262 674 1831 758">
     <span class='ocr_line' id='line_1_7' title="bbox 262 674 1831 758; baseline -0.012 -17"><span class='ocrx_word' id='word_1_32' title='bbox 262 688 394 758; x_wconf 85' lang='lat' dir='ltr'><strong>quod</strong></span> <span class='ocrx_word' id='word_1_33' title='bbox 415 685 773 757; x_wconf 85' lang='lat' dir='ltr'><strong>ignoraverim</strong></span> <span class='ocrx_word' id='word_1_34' title='bbox 795 683 1004 737; x_wconf 85' lang='lat' dir='ltr'><strong>doceat.</strong></span> <span class='ocrx_word' id='word_1_35' title='bbox 1031 677 1163 733; x_wconf 86' lang='lat' dir='ltr'><strong>Nam</strong></span> <span class='ocrx_word' id='word_1_36' title='bbox 1189 685 1246 731; x_wconf 85' lang='lat' dir='ltr'><strong>ut</strong></span> <span class='ocrx_word' id='word_1_37' title='bbox 1274 674 1517 729; x_wconf 89' lang='lat' dir='ltr'><strong>convicia</strong></span> <span class='ocrx_word' id='word_1_38' title='bbox 1540 683 1594 727; x_wconf 90' lang='lat' dir='ltr'><strong>et</strong></span> <span class='ocrx_word' id='word_1_39' title='bbox 1613 682 1831 740; x_wconf 80' lang='lat' dir='ltr'><strong>gravem</strong></span> 
     </span>
    </p>
   </div>
   <div class='ocr_carea' id='block_1_8' title="bbox 263 768 1835 849">
    <p class='ocr_par' dir='ltr' id='par_1_8' title="bbox 263 768 1835 849">
     <span class='ocr_line' id='line_1_8' title="bbox 263 768 1835 849; baseline -0.016 -11"><span class='ocrx_word' id='word_1_40' title='bbox 263 783 499 838; x_wconf 75' lang='lat' dir='ltr'><strong>fortassis</strong></span> <span class='ocrx_word' id='word_1_41' title='bbox 526 778 955 849; x_wconf 90' lang='lat' dir='ltr'><strong>objurgationem</strong></span> <span class='ocrx_word' id='word_1_42' title='bbox 984 779 1251 827; x_wconf 88' lang='lat' dir='ltr'><strong>mereatur</strong></span> <span class='ocrx_word' id='word_1_43' title='bbox 1279 768 1437 831; x_wconf 90' lang='lat' dir='ltr'><strong>liber,</strong></span> <span class='ocrx_word' id='word_1_44' title='bbox 1463 780 1571 821; x_wconf 89' lang='lat' dir='ltr'><strong>non</strong></span> <span class='ocrx_word' id='word_1_45' title='bbox 1600 770 1835 817; x_wconf 88' lang='lat' dir='ltr'><strong>meretur</strong></span> 
     </span>
    </p>
   </div>
   <div class='ocr_carea' id='block_1_9' title="bbox 264 856 1835 927">
    <p class='ocr_par' dir='ltr' id='par_1_9' title="bbox 264 856 1835 927">
     <span class='ocr_line' id='line_1_9' title="bbox 264 856 1835 927; baseline -0.014 0"><span class='ocrx_word' id='word_1_46' title='bbox 264 874 565 927; x_wconf 89' lang='lat' dir='ltr'><strong>institutum</strong></span> <span class='ocrx_word' id='word_1_47' title='bbox 597 880 652 923; x_wconf 88' lang='lat' dir='ltr'><strong>et</strong></span> <span class='ocrx_word' id='word_1_48' title='bbox 693 876 916 923; x_wconf 91' lang='lat' dir='ltr'><strong>conatus</strong></span> <span class='ocrx_word' id='word_1_49' title='bbox 960 864 1127 919; x_wconf 89' lang='lat' dir='ltr'><strong>animi</strong></span> <span class='ocrx_word' id='word_1_50' title='bbox 1166 861 1271 916; x_wconf 90' lang='lat' dir='ltr'><strong>mei</strong></span> <span class='ocrx_word' id='word_1_51' title='bbox 1305 877 1319 913; x_wconf 90' lang='lat'>:</span> <span class='ocrx_word' id='word_1_52' title='bbox 1354 860 1427 914; x_wconf 87' lang='lat' dir='ltr'><strong>ita</strong></span> <span class='ocrx_word' id='word_1_53' title='bbox 1458 856 1644 912; x_wconf 90' lang='lat' dir='ltr'><strong>eadem</strong></span> <span class='ocrx_word' id='word_1_54' title='bbox 1674 865 1835 922; x_wconf 84' lang='lat' dir='ltr'><strong>Opera</strong></span> 
     </span>
    </p>
   </div>
   <div class='ocr_carea' id='block_1_10' title="bbox 260 949 1833 1032">
    <p class='ocr_par' dir='ltr' id='par_1_10' title="bbox 260 949 1833 1032">
     <span class='ocr_line' id='line_1_10' title="bbox 260 949 1833 1032; baseline -0.012 -15"><span class='ocrx_word' id='word_1_55' title='bbox 260 965 370 1024; x_wconf 85' lang='lat' dir='ltr'><strong>ﬁet.</strong></span> <span class='ocrx_word' id='word_1_56' title='bbox 400 973 458 1018; x_wconf 92' lang='lat' dir='ltr'><strong>ut</strong></span> <span class='ocrx_word' id='word_1_57' title='bbox 489 977 590 1032; x_wconf 89' lang='lat' dir='ltr'><strong>ego</strong></span> <span class='ocrx_word' id='word_1_58' title='bbox 620 975 743 1015; x_wconf 91' lang='lat' dir='ltr'><strong>cum</strong></span> <span class='ocrx_word' id='word_1_59' title='bbox 779 959 898 1013; x_wconf 89' lang='lat' dir='ltr'><strong>aliis</strong></span> <span class='ocrx_word' id='word_1_60' title='bbox 925 956 1153 1012; x_wconf 88' lang='lat' dir='ltr'><strong>fructum</strong></span> <span class='ocrx_word' id='word_1_61' title='bbox 1192 951 1509 1010; x_wconf 85' lang='lat' dir='ltr'><strong>eruditionis</strong></span> <span class='ocrx_word' id='word_1_62' title='bbox 1537 949 1679 1004; x_wconf 91' lang='lat' dir='ltr'><strong>illius</strong></span> <span class='ocrx_word' id='word_1_63' title='bbox 1708 960 1833 1015; x_wconf 89' lang='lat' dir='ltr'><strong>per-</strong></span> 
     </span>
    </p>
   </div>
   <div class='ocr_carea' id='block_1_11' title="bbox 260 1041 1838 1125">
    <p class='ocr_par' dir='ltr' id='par_1_11' title="bbox 260 1041 1838 1125">
     <span class='ocr_line' id='line_1_11' title="bbox 260 1041 1838 1125; baseline -0.013 -15"><span class='ocrx_word' id='word_1_64' title='bbox 260 1055 473 1125; x_wconf 91' lang='lat' dir='ltr'><strong>cipiam,</strong></span> <span class='ocrx_word' id='word_1_65' title='bbox 505 1064 901 1124; x_wconf 88' lang='lat' dir='ltr'><strong>agnoscamque</strong></span> <span class='ocrx_word' id='word_1_66' title='bbox 929 1060 1275 1118; x_wconf 90' lang='lat' dir='ltr'><strong>permagnum</strong></span> <span class='ocrx_word' id='word_1_67' title='bbox 1303 1041 1649 1102; x_wconf 90' lang='lat' dir='ltr'><strong>beneﬁcium,</strong></span> <span class='ocrx_word' id='word_1_68' title='bbox 1681 1044 1838 1104; x_wconf 89' lang='lat' dir='ltr'><strong>atque</strong></span> 
     </span>
    </p>
   </div>
   <div class='ocr_carea' id='block_1_12' title="bbox 260 1129 1839 1213">
    <p class='ocr_par' dir='ltr' id='par_1_12' title="bbox 260 1129 1839 1213">
     <span class='ocr_line' id='line_1_12' title="bbox 260 1129 1839 1213; baseline -0.015 -12"><span class='ocrx_word' id='word_1_69' title='bbox 260 1147 484 1201; x_wconf 87' lang='lat' dir='ltr'><strong>habeam</strong></span> <span class='ocrx_word' id='word_1_70' title='bbox 514 1144 738 1213; x_wconf 76' lang='lat' dir='ltr'><strong>gratiam</strong></span> <span class='ocrx_word' id='word_1_71' title='bbox 783 1139 1141 1195; x_wconf 88' lang='lat' dir='ltr'><strong>immortalem</strong></span> <span class='ocrx_word' id='word_1_72' title='bbox 1175 1154 1188 1189; x_wconf 93' lang='lat'><strong>:</strong></span> <span class='ocrx_word' id='word_1_73' title='bbox 1221 1143 1272 1190; x_wconf 92' lang='lat' dir='ltr'><strong>et</strong></span> <span class='ocrx_word' id='word_1_74' title='bbox 1302 1136 1416 1200; x_wconf 90' lang='lat' dir='ltr'><strong>ipse</strong></span> <span class='ocrx_word' id='word_1_75' title='bbox 1455 1131 1645 1185; x_wconf 87' lang='lat' dir='ltr'><strong>melior</strong></span> <span class='ocrx_word' id='word_1_76' title='bbox 1674 1129 1839 1196; x_wconf 87' lang='lat' dir='ltr'><strong>magi-</strong></span> 
     </span>
    </p>
   </div>
   <div class='ocr_carea' id='block_1_13' title="bbox 257 1222 1839 1303">
    <p class='ocr_par' dir='ltr' id='par_1_13' title="bbox 257 1222 1839 1303">
     <span class='ocr_line' id='line_1_13' title="bbox 257 1222 1839 1303; baseline -0.013 -12"><span class='ocrx_word' id='word_1_77' title='bbox 257 1247 369 1291; x_wconf 90' lang='lat' dir='ltr'><strong>ster</strong></span> <span class='ocrx_word' id='word_1_78' title='bbox 411 1247 523 1291; x_wconf 91' lang='lat' dir='ltr'><strong>tum</strong></span> <span class='ocrx_word' id='word_1_79' title='bbox 568 1251 628 1291; x_wconf 92' lang='lat' dir='ltr'><strong>se</strong></span> <span class='ocrx_word' id='word_1_80' title='bbox 667 1232 931 1303; x_wconf 80' lang='lat' dir='ltr'><strong>profuisse</strong></span> <span class='ocrx_word' id='word_1_81' title='bbox 968 1230 1247 1299; x_wconf 80' lang='lat' dir='ltr'><strong>intelligat,</strong></span> <span class='ocrx_word' id='word_1_82' title='bbox 1294 1237 1403 1281; x_wconf 89' lang='lat' dir='ltr'><strong>tum</strong></span> <span class='ocrx_word' id='word_1_83' title='bbox 1430 1222 1687 1278; x_wconf 68' lang='lat' dir='ltr'><strong>doctrinm</strong></span> <span class='ocrx_word' id='word_1_84' title='bbox 1729 1232 1839 1272; x_wconf 62' lang='lat' dir='ltr'><strong>sua}</strong></span> 
     </span>
    </p>
   </div>
   <div class='ocr_carea' id='block_1_14' title="bbox 259 1314 1840 1393">
    <p class='ocr_par' dir='ltr' id='par_1_14' title="bbox 259 1314 1840 1393">
     <span class='ocr_line' id='line_1_14' title="bbox 259 1314 1840 1393; baseline -0.014 -10"><span class='ocrx_word' id='word_1_85' title='bbox 259 1328 405 1383; x_wconf 89' lang='lat' dir='ltr'><strong>nulla</strong></span> <span class='ocrx_word' id='word_1_86' title='bbox 436 1326 800 1391; x_wconf 86' lang='lat' dir='ltr'><strong>immodestia,</strong></span> <span class='ocrx_word' id='word_1_87' title='bbox 830 1338 953 1393; x_wconf 69' lang='lat' dir='ltr'><strong>qum</strong></span> <span class='ocrx_word' id='word_1_88' title='bbox 979 1322 1129 1391; x_wconf 88' lang='lat' dir='ltr'><strong>pejor</strong></span> <span class='ocrx_word' id='word_1_89' title='bbox 1167 1329 1247 1375; x_wconf 90' lang='lat' dir='ltr'><strong>est</strong></span> <span class='ocrx_word' id='word_1_90' title='bbox 1273 1332 1432 1385; x_wconf 89' lang='lat' dir='ltr'><strong>quam</strong></span> <span class='ocrx_word' id='word_1_91' title='bbox 1462 1314 1692 1377; x_wconf 85' lang='lat' dir='ltr'><strong>inscitia,</strong></span> <span class='ocrx_word' id='word_1_92' title='bbox 1723 1326 1840 1365; x_wconf 90' lang='lat' dir='ltr'><strong>cor-</strong></span> 
     </span>
    </p>
   </div>
   <div class='ocr_carea' id='block_1_15' title="bbox 258 1404 1834 1489">
    <p class='ocr_par' dir='ltr' id='par_1_15' title="bbox 258 1404 1834 1489">
     <span class='ocr_line' id='line_1_15' title="bbox 258 1404 1834 1489; baseline -0.013 -12"><span class='ocrx_word' id='word_1_93' title='bbox 258 1433 431 1488; x_wconf 79' lang='lat' dir='ltr'><strong>ruptae</strong></span> <span class='ocrx_word' id='word_1_94' title='bbox 478 1430 534 1477; x_wconf 89' lang='lat' dir='ltr'><strong>et</strong></span> <span class='ocrx_word' id='word_1_95' title='bbox 578 1421 866 1489; x_wconf 73' lang='lat' dir='ltr'><strong>inquinata:</strong></span> <span class='ocrx_word' id='word_1_96' title='bbox 920 1416 1128 1470; x_wconf 92' lang='lat' dir='ltr'><strong>laudem</strong></span> <span class='ocrx_word' id='word_1_97' title='bbox 1181 1412 1565 1481; x_wconf 87' lang='lat' dir='ltr'><strong>amplissimam</strong></span> <span class='ocrx_word' id='word_1_98' title='bbox 1610 1404 1834 1460; x_wconf 84' lang='lat' dir='ltr'><strong>auferat.</strong></span> 
     </span>
    </p>
   </div>
   <div class='ocr_carea' id='block_1_16' title="bbox 263 1501 1842 1581">
    <p class='ocr_par' dir='ltr' id='par_1_16' title="bbox 263 1501 1842 1581">
     <span class='ocr_line' id='line_1_16' title="bbox 263 1501 1842 1581; baseline -0.011 -13"><span class='ocrx_word' id='word_1_99' title='bbox 263 1514 445 1581; x_wconf 78' lang='lat' dir='ltr'><strong>Neque</strong></span> <span class='ocrx_word' id='word_1_100' title='bbox 467 1511 607 1567; x_wconf 88' lang='lat' dir='ltr'><strong>absit</strong></span> <span class='ocrx_word' id='word_1_101' title='bbox 627 1510 695 1563; x_wconf 93' lang='lat' dir='ltr'><strong>ab</strong></span> <span class='ocrx_word' id='word_1_102' title='bbox 724 1508 915 1563; x_wconf 88' lang='lat' dir='ltr'><strong>studiis</strong></span> <span class='ocrx_word' id='word_1_103' title='bbox 942 1504 1287 1561; x_wconf 75' lang='lat' dir='ltr'><strong>humanitatis</strong></span> <span class='ocrx_word' id='word_1_104' title='bbox 1310 1501 1634 1561; x_wconf 90' lang='lat' dir='ltr'><strong>humanitas,</strong></span> <span class='ocrx_word' id='word_1_105' title='bbox 1661 1512 1842 1553; x_wconf 87' lang='lat' dir='ltr'><strong>serve-</strong></span> 
     </span>
    </p>
   </div>
   <div class='ocr_carea' id='block_1_17' title="bbox 262 1596 1844 1673">
    <p class='ocr_par' dir='ltr' id='par_1_17' title="bbox 262 1596 1844 1673">
     <span class='ocr_line' id='line_1_17' title="bbox 262 1596 1844 1673; baseline -0.009 -16"><span class='ocrx_word' id='word_1_106' title='bbox 262 1614 453 1673; x_wconf 87' lang='lat' dir='ltr'><strong>turque</strong></span> <span class='ocrx_word' id='word_1_107' title='bbox 506 1601 591 1656; x_wconf 92' lang='lat' dir='ltr'><strong>illa</strong></span> <span class='ocrx_word' id='word_1_108' title='bbox 644 1599 1001 1668; x_wconf 87' lang='lat' dir='ltr'><strong>tranquillitas</strong></span> <span class='ocrx_word' id='word_1_109' title='bbox 1052 1596 1352 1651; x_wconf 92' lang='lat' dir='ltr'><strong>animorum</strong></span> <span class='ocrx_word' id='word_1_110' title='bbox 1405 1607 1507 1661; x_wconf 90' lang='lat' dir='ltr'><strong>qua</strong></span> <span class='ocrx_word' id='word_1_111' title='bbox 1551 1605 1712 1659; x_wconf 88' lang='lat' dir='ltr'><strong>super</strong></span> <span class='ocrx_word' id='word_1_112' title='bbox 1757 1603 1844 1643; x_wconf 86' lang='lat' dir='ltr'><strong>res</strong></span> 
     </span>
    </p>
   </div>
   <div class='ocr_carea' id='block_1_18' title="bbox 258 1684 1842 1759">
    <p class='ocr_par' dir='ltr' id='par_1_18' title="bbox 258 1684 1842 1759">
     <span class='ocr_line' id='line_1_18' title="bbox 258 1684 1842 1759; baseline -0.009 -12"><span class='ocrx_word' id='word_1_113' title='bbox 258 1708 451 1749; x_wconf 87' lang='lat' dir='ltr'><strong>omnes</strong></span> <span class='ocrx_word' id='word_1_114' title='bbox 492 1692 627 1747; x_wconf 82' lang='lat' dir='ltr'><strong>alias</strong></span> <span class='ocrx_word' id='word_1_115' title='bbox 666 1693 829 1746; x_wconf 78' lang='lat' dir='ltr'><strong>Musae</strong></span> <span class='ocrx_word' id='word_1_116' title='bbox 874 1689 1127 1759; x_wconf 78' lang='lat' dir='ltr'><strong>gaudent.</strong></span> <span class='ocrx_word' id='word_1_117' title='bbox 1171 1687 1240 1742; x_wconf 88' lang='lat' dir='ltr'><strong>Et</strong></span> <span class='ocrx_word' id='word_1_118' title='bbox 1274 1684 1594 1753; x_wconf 86' lang='lat' dir='ltr'><strong>incipiamus</strong></span> <span class='ocrx_word' id='word_1_119' title='bbox 1635 1695 1842 1735; x_wconf 81' lang='lat' dir='ltr'><strong>morem</strong></span> 
     </span>
    </p>
   </div>
   <div class='ocr_carea' id='block_1_19' title="bbox 255 1772 1846 1850">
    <p class='ocr_par' dir='ltr' id='par_1_19' title="bbox 255 1772 1846 1850">
     <span class='ocr_line' id='line_1_19' title="bbox 255 1772 1846 1850; baseline -0.011 -13"><span class='ocrx_word' id='word_1_120' title='bbox 255 1783 406 1837; x_wconf 88' lang='lat' dir='ltr'><strong>hunc</strong></span> <span class='ocrx_word' id='word_1_121' title='bbox 434 1780 625 1836; x_wconf 90' lang='lat' dir='ltr'><strong>tollere</strong></span> <span class='ocrx_word' id='word_1_122' title='bbox 653 1794 808 1850; x_wconf 90' lang='lat' dir='ltr'><strong>quem</strong></span> <span class='ocrx_word' id='word_1_123' title='bbox 839 1778 1015 1833; x_wconf 70' lang='lat' dir='ltr'><strong>inﬁda:</strong></span> <span class='ocrx_word' id='word_1_124' title='bbox 1041 1775 1292 1831; x_wconf 90' lang='lat' dir='ltr'><strong>omnibus</strong></span> <span class='ocrx_word' id='word_1_125' title='bbox 1323 1772 1475 1827; x_wconf 69' lang='lat' dir='ltr'><strong>furia:</strong></span> <span class='ocrx_word' id='word_1_126' title='bbox 1504 1772 1556 1825; x_wconf 91' lang='lat' dir='ltr'><strong>in</strong></span> <span class='ocrx_word' id='word_1_127' title='bbox 1588 1779 1846 1838; x_wconf 65' lang='lat' dir='ltr'><strong>praestan-</strong></span> 
     </span>
    </p>
   </div>
   <div class='ocr_carea' id='block_1_20' title="bbox 1937 541 3516 635">
    <p class='ocr_par' dir='ltr' id='par_1_20' title="bbox 1937 541 3516 635">
     <span class='ocr_line' id='line_1_20' title="bbox 1937 541 3516 635; baseline -0.013 -12"><span class='ocrx_word' id='word_1_128' title='bbox 1937 585 2024 623; x_wconf 91' lang='lat' dir='ltr'><strong>me</strong></span> <span class='ocrx_word' id='word_1_129' title='bbox 2050 582 2266 635; x_wconf 85' lang='lat' dir='ltr'><strong>Operam</strong></span> <span class='ocrx_word' id='word_1_130' title='bbox 2295 575 2451 633; x_wconf 88' lang='lat' dir='ltr'><strong>atque</strong></span> <span class='ocrx_word' id='word_1_131' title='bbox 2483 541 2802 617; x_wconf 82' lang='lat' dir='ltr'><strong>industriam</strong></span> <span class='ocrx_word' id='word_1_132' title='bbox 2829 555 3034 623; x_wconf 86' lang='lat' dir='ltr'><strong>ludere,</strong></span> <span class='ocrx_word' id='word_1_133' title='bbox 3066 570 3128 608; x_wconf 91' lang='lat' dir='ltr'><strong>ac</strong></span> <span class='ocrx_word' id='word_1_134' title='bbox 3157 552 3389 621; x_wconf 90' lang='lat' dir='ltr'><strong>potuisse</strong></span> <span class='ocrx_word' id='word_1_135' title='bbox 3418 552 3516 603; x_wconf 90' lang='lat' dir='ltr'><strong>hu-</strong></span> 
     </span>
    </p>
   </div>
   <div class='ocr_carea' id='block_1_21' title="bbox 1930 646 3517 732">
    <p class='ocr_par' dir='ltr' id='par_1_21' title="bbox 1930 646 3517 732">
     <span class='ocr_line' id='line_1_21' title="bbox 1930 646 3517 732; baseline -0.011 -18"><span class='ocrx_word' id='word_1_136' title='bbox 1930 663 2019 732; x_wconf 89' lang='lat' dir='ltr'><strong>jus</strong></span> <span class='ocrx_word' id='word_1_137' title='bbox 2054 658 2312 728; x_wconf 64' lang='lat' dir='ltr'><strong>temporis</strong></span> <span class='ocrx_word' id='word_1_138' title='bbox 2340 653 2717 724; x_wconf 87' lang='lat' dir='ltr'><strong>compendium</strong></span> <span class='ocrx_word' id='word_1_139' title='bbox 2748 651 2946 716; x_wconf 88' lang='lat' dir='ltr'><strong>facere,</strong></span> <span class='ocrx_word' id='word_1_140' title='bbox 2978 664 3098 704; x_wconf 90' lang='lat' dir='ltr'><strong>cum</strong></span> <span class='ocrx_word' id='word_1_141' title='bbox 3136 648 3187 701; x_wconf 94' lang='lat' dir='ltr'><strong>in</strong></span> <span class='ocrx_word' id='word_1_142' title='bbox 3214 647 3381 700; x_wconf 91' lang='lat' dir='ltr'><strong>libros</strong></span> <span class='ocrx_word' id='word_1_143' title='bbox 3409 646 3517 699; x_wconf 84' lang='lat' dir='ltr'><strong>Au-</strong></span> 
     </span>
    </p>
   </div>
   <div class='ocr_carea' id='block_1_22' title="bbox 1936 738 3515 822">
    <p class='ocr_par' dir='ltr' id='par_1_22' title="bbox 1936 738 3515 822">
     <span class='ocr_line' id='line_1_22' title="bbox 1936 738 3515 822; baseline -0.009 -17"><span class='ocrx_word' id='word_1_144' title='bbox 1936 749 2136 822; x_wconf 89' lang='lat' dir='ltr'><strong>gustini</strong></span> <span class='ocrx_word' id='word_1_145' title='bbox 2160 748 2227 803; x_wconf 86' lang='lat' dir='ltr'><strong>de</strong></span> <span class='ocrx_word' id='word_1_146' title='bbox 2256 747 2487 802; x_wconf 88' lang='lat' dir='ltr'><strong>Civitate</strong></span> <span class='ocrx_word' id='word_1_147' title='bbox 2517 745 2610 799; x_wconf 90' lang='lat' dir='ltr'><strong>Dei</strong></span> <span class='ocrx_word' id='word_1_148' title='bbox 2644 743 2971 811; x_wconf 89' lang='lat' dir='ltr'><strong>scripserunt</strong></span> <span class='ocrx_word' id='word_1_149' title='bbox 3002 738 3369 794; x_wconf 78' lang='lat' dir='ltr'><strong>Praedicatorii</strong></span> <span class='ocrx_word' id='word_1_150' title='bbox 3401 739 3515 806; x_wconf 88' lang='lat' dir='ltr'><strong>qui-</strong></span> 
     </span>
    </p>
   </div>
   <div class='ocr_carea' id='block_1_23' title="bbox 1938 834 3516 902">
    <p class='ocr_par' dir='ltr' id='par_1_23' title="bbox 1938 834 3516 902">
     <span class='ocr_line' id='line_1_23' title="bbox 1938 834 3516 902; baseline -0.009 -3"><span class='ocrx_word' id='word_1_151' title='bbox 1938 845 2059 901; x_wconf 89' lang='lat' dir='ltr'><strong>dam</strong></span> <span class='ocrx_word' id='word_1_152' title='bbox 2101 843 2293 898; x_wconf 90' lang='lat' dir='ltr'><strong>fratres</strong></span> <span class='ocrx_word' id='word_1_153' title='bbox 2328 841 2394 894; x_wconf 91' lang='lat' dir='ltr'><strong>ad</strong></span> <span class='ocrx_word' id='word_1_154' title='bbox 2442 839 2753 894; x_wconf 85' lang='lat' dir='ltr'><strong>miraculum</strong></span> <span class='ocrx_word' id='word_1_155' title='bbox 2805 836 3036 902; x_wconf 83' lang='lat' dir='ltr'><strong>erudite,</strong></span> <span class='ocrx_word' id='word_1_156' title='bbox 3066 834 3272 898; x_wconf 82' lang='lat' dir='ltr'><strong>dextre,</strong></span> <span class='ocrx_word' id='word_1_157' title='bbox 3304 839 3516 897; x_wconf 83' lang='lat' dir='ltr'><strong>exacte,</strong></span> 
     </span>
    </p>
   </div>
   <div class='ocr_carea' id='block_1_24' title="bbox 1938 925 3519 1001">
    <p class='ocr_par' dir='ltr' id='par_1_24' title="bbox 1938 925 3519 1001">
     <span class='ocr_line' id='line_1_24' title="bbox 1938 925 3519 1001; baseline -0.01 -11"><span class='ocrx_word' id='word_1_158' title='bbox 1938 936 2193 1001; x_wconf 80' lang='lat' dir='ltr'><strong>feliciter,</strong></span> <span class='ocrx_word' id='word_1_159' title='bbox 2226 932 2360 987; x_wconf 90' lang='lat' dir='ltr'><strong>nihil</strong></span> <span class='ocrx_word' id='word_1_160' title='bbox 2393 945 2572 998; x_wconf 89' lang='lat' dir='ltr'><strong>supra.</strong></span> <span class='ocrx_word' id='word_1_161' title='bbox 2608 930 2733 996; x_wconf 76' lang='lat' dir='ltr'><strong>Qua:</strong></span> <span class='ocrx_word' id='word_1_162' title='bbox 2762 928 2806 982; x_wconf 89' lang='lat' dir='ltr'><strong>si</strong></span> <span class='ocrx_word' id='word_1_163' title='bbox 2838 929 2916 982; x_wconf 89' lang='lat' dir='ltr'><strong>sic</strong></span> <span class='ocrx_word' id='word_1_164' title='bbox 2946 927 3172 988; x_wconf 86' lang='lat' dir='ltr'><strong>habent.</strong></span> <span class='ocrx_word' id='word_1_165' title='bbox 3207 925 3366 978; x_wconf 90' lang='lat' dir='ltr'><strong>nimis</strong></span> <span class='ocrx_word' id='word_1_166' title='bbox 3397 938 3519 992; x_wconf 90' lang='lat' dir='ltr'><strong>pro-</strong></span> 
     </span>
    </p>
   </div>
   <div class='ocr_carea' id='block_1_25' title="bbox 1940 1015 3519 1093">
    <p class='ocr_par' dir='ltr' id='par_1_25' title="bbox 1940 1015 3519 1093">
     <span class='ocr_line' id='line_1_25' title="bbox 1940 1015 3519 1093; baseline -0.012 -8"><span class='ocrx_word' id='word_1_167' title='bbox 1940 1030 2079 1085; x_wconf 87' lang='lat' dir='ltr'><strong>fecto</strong></span> <span class='ocrx_word' id='word_1_168' title='bbox 2105 1026 2378 1083; x_wconf 89' lang='lat' dir='ltr'><strong>conlidens</strong></span> <span class='ocrx_word' id='word_1_169' title='bbox 2412 1024 2505 1089; x_wconf 92' lang='lat' dir='ltr'><strong>fui,</strong></span> <span class='ocrx_word' id='word_1_170' title='bbox 2544 1022 2635 1093; x_wconf 89' lang='lat' dir='ltr'><strong>qui</strong></span> <span class='ocrx_word' id='word_1_171' title='bbox 2658 1037 2741 1075; x_wconf 91' lang='lat' dir='ltr'><strong>me</strong></span> <span class='ocrx_word' id='word_1_172' title='bbox 2769 1021 2867 1076; x_wconf 86' lang='lat' dir='ltr'><strong>hac</strong></span> <span class='ocrx_word' id='word_1_173' title='bbox 2895 1020 3093 1089; x_wconf 83' lang='lat' dir='ltr'><strong>ingenii</strong></span> <span class='ocrx_word' id='word_1_174' title='bbox 3125 1026 3177 1072; x_wconf 92' lang='lat' dir='ltr'><strong>ct</strong></span> <span class='ocrx_word' id='word_1_175' title='bbox 3200 1015 3519 1072; x_wconf 87' lang='lat' dir='ltr'><strong>eruditionis</strong></span> 
     </span>
    </p>
   </div>
   <div class='ocr_carea' id='block_1_26' title="bbox 1941 1114 3522 1190">
    <p class='ocr_par' dir='ltr' id='par_1_26' title="bbox 1941 1114 3522 1190">
     <span class='ocr_line' id='line_1_26' title="bbox 1941 1114 3522 1190; baseline -0.01 -11"><span class='ocrx_word' id='word_1_176' title='bbox 1941 1122 2200 1179; x_wconf 83' lang='lat' dir='ltr'><strong>tenuitate</strong></span> <span class='ocrx_word' id='word_1_177' title='bbox 2226 1120 2426 1190; x_wconf 90' lang='lat' dir='ltr'><strong>scripta</strong></span> <span class='ocrx_word' id='word_1_178' title='bbox 2450 1131 2619 1186; x_wconf 90' lang='lat' dir='ltr'><strong>usque</strong></span> <span class='ocrx_word' id='word_1_179' title='bbox 2645 1115 2781 1168; x_wconf 88' lang='lat' dir='ltr'><strong>adeo</strong></span> <span class='ocrx_word' id='word_1_180' title='bbox 2808 1114 3050 1167; x_wconf 86' lang='lat' dir='ltr'><strong>miranda</strong></span> <span class='ocrx_word' id='word_1_181' title='bbox 3083 1124 3335 1180; x_wconf 88' lang='lat' dir='ltr'><strong>superare</strong></span> <span class='ocrx_word' id='word_1_182' title='bbox 3366 1122 3522 1177; x_wconf 85' lang='lat' dir='ltr'><strong>posse</strong></span> 
     </span>
    </p>
   </div>
   <div class='ocr_carea' id='block_1_27' title="bbox 1942 1199 3523 1285">
    <p class='ocr_par' dir='ltr' id='par_1_27' title="bbox 1942 1199 3523 1285">
     <span class='ocr_line' id='line_1_27' title="bbox 1942 1199 3523 1285; baseline -0.011 -16"><span class='ocrx_word' id='word_1_183' title='bbox 1942 1213 2240 1285; x_wconf 85' lang='lat' dir='ltr'><strong>sperarim;</strong></span> <span class='ocrx_word' id='word_1_184' title='bbox 2274 1219 2329 1266; x_wconf 90' lang='lat' dir='ltr'><strong>et</strong></span> <span class='ocrx_word' id='word_1_185' title='bbox 2355 1210 2607 1266; x_wconf 78' lang='lat' dir='ltr'><strong>demens,</strong></span> <span class='ocrx_word' id='word_1_186' title='bbox 2642 1206 2731 1275; x_wconf 92' lang='lat' dir='ltr'><strong>qui</strong></span> <span class='ocrx_word' id='word_1_187' title='bbox 2773 1214 2968 1259; x_wconf 88' lang='lat' dir='ltr'><strong>tantam</strong></span> <span class='ocrx_word' id='word_1_188' title='bbox 3002 1204 3172 1257; x_wconf 90' lang='lat' dir='ltr'><strong>lucem</strong></span> <span class='ocrx_word' id='word_1_189' title='bbox 3203 1215 3319 1255; x_wconf 83' lang='lat' dir='ltr'><strong>mea</strong></span> <span class='ocrx_word' id='word_1_190' title='bbox 3352 1199 3523 1253; x_wconf 85' lang='lat' dir='ltr'><strong>facula</strong></span> 
     </span>
    </p>
   </div>
   <div class='ocr_carea' id='block_1_28' title="bbox 1943 1290 3526 1373">
    <p class='ocr_par' dir='ltr' id='par_1_28' title="bbox 1943 1290 3526 1373">
     <span class='ocr_line' id='line_1_28' title="bbox 1943 1290 3526 1373; baseline -0.013 -10"><span class='ocrx_word' id='word_1_191' title='bbox 1943 1304 2223 1363; x_wconf 87' lang='lat' dir='ltr'><strong>obscurari</strong></span> <span class='ocrx_word' id='word_1_192' title='bbox 2256 1317 2418 1373; x_wconf 87' lang='lat' dir='ltr'><strong>posse</strong></span> <span class='ocrx_word' id='word_1_193' title='bbox 2439 1300 2792 1361; x_wconf 84' lang='lat' dir='ltr'><strong>crediderim;</strong></span> <span class='ocrx_word' id='word_1_194' title='bbox 2839 1306 2892 1351; x_wconf 91' lang='lat' dir='ltr'><strong>et</strong></span> <span class='ocrx_word' id='word_1_195' title='bbox 2934 1295 3147 1357; x_wconf 87' lang='lat' dir='ltr'><strong>stultus,</strong></span> <span class='ocrx_word' id='word_1_196' title='bbox 3189 1302 3376 1346; x_wconf 91' lang='lat' dir='ltr'><strong>utnon</strong></span> <span class='ocrx_word' id='word_1_197' title='bbox 3418 1290 3526 1343; x_wconf 93' lang='lat' dir='ltr'><strong>illis</strong></span> 
     </span>
    </p>
   </div>
   <div class='ocr_carea' id='block_1_29' title="bbox 1943 1384 3525 1466">
    <p class='ocr_par' dir='ltr' id='par_1_29' title="bbox 1943 1384 3525 1466">
     <span class='ocr_line' id='line_1_29' title="bbox 1943 1384 3525 1466; baseline -0.012 -12"><span class='ocrx_word' id='word_1_198' title='bbox 1943 1402 2044 1455; x_wconf 87' lang='lat' dir='ltr'><strong>sim</strong></span> <span class='ocrx_word' id='word_1_199' title='bbox 2077 1413 2204 1453; x_wconf 92' lang='lat' dir='ltr'><strong>usus</strong></span> <span class='ocrx_word' id='word_1_200' title='bbox 2230 1396 2428 1466; x_wconf 86' lang='lat' dir='ltr'><strong>potius,</strong></span> <span class='ocrx_word' id='word_1_201' title='bbox 2464 1395 2604 1446; x_wconf 85' lang='lat' dir='ltr'><strong>sicut</strong></span> <span class='ocrx_word' id='word_1_202' title='bbox 2632 1392 2825 1444; x_wconf 74' lang='lat' dir='ltr'><strong>Valerii</strong></span> <span class='ocrx_word' id='word_1_203' title='bbox 2858 1388 3043 1451; x_wconf 85' lang='lat' dir='ltr'><strong>Probi,</strong></span> <span class='ocrx_word' id='word_1_204' title='bbox 3073 1386 3270 1449; x_wconf 88' lang='lat' dir='ltr'><strong>Servii,</strong></span> <span class='ocrx_word' id='word_1_205' title='bbox 3303 1392 3396 1438; x_wconf 92' lang='lat' dir='ltr'><strong>aut</strong></span> <span class='ocrx_word' id='word_1_206' title='bbox 3418 1384 3525 1436; x_wconf 84' lang='lat' dir='ltr'><strong>Do-</strong></span> 
     </span>
    </p>
   </div>
   <div class='ocr_carea' id='block_1_30' title="bbox 1944 1474 3527 1551">
    <p class='ocr_par' dir='ltr' id='par_1_30' title="bbox 1944 1474 3527 1551">
     <span class='ocr_line' id='line_1_30' title="bbox 1944 1474 3527 1551; baseline -0.013 -4"><span class='ocrx_word' id='word_1_207' title='bbox 1944 1492 2055 1548; x_wconf 90' lang='lat' dir='ltr'><strong>nati</strong></span> <span class='ocrx_word' id='word_1_208' title='bbox 2097 1488 2533 1551; x_wconf 88' lang='lat' dir='ltr'><strong>commentariis;</strong></span> <span class='ocrx_word' id='word_1_209' title='bbox 2572 1493 2627 1538; x_wconf 89' lang='lat' dir='ltr'><strong>et</strong></span> <span class='ocrx_word' id='word_1_210' title='bbox 2657 1482 2794 1537; x_wconf 87' lang='lat' dir='ltr'><strong>male</strong></span> <span class='ocrx_word' id='word_1_211' title='bbox 2837 1480 3076 1543; x_wconf 90' lang='lat' dir='ltr'><strong>feriatus,</strong></span> <span class='ocrx_word' id='word_1_212' title='bbox 3111 1485 3167 1532; x_wconf 88' lang='lat' dir='ltr'><strong>ut</strong></span> <span class='ocrx_word' id='word_1_213' title='bbox 3209 1477 3351 1530; x_wconf 90' lang='lat' dir='ltr'><strong>ultro</strong></span> <span class='ocrx_word' id='word_1_214' title='bbox 3394 1474 3527 1537; x_wconf 82' lang='lat' dir='ltr'><strong>tanti</strong></span> 
     </span>
    </p>
   </div>
   <div class='ocr_carea' id='block_1_31' title="bbox 1948 1566 3529 1651">
    <p class='ocr_par' dir='ltr' id='par_1_31' title="bbox 1948 1566 3529 1651">
     <span class='ocr_line' id='line_1_31' title="bbox 1948 1566 3529 1651; baseline -0.012 -13"><span class='ocrx_word' id='word_1_215' title='bbox 1948 1582 2202 1651; x_wconf 79' lang='lat' dir='ltr'><strong>temporis</strong></span> <span class='ocrx_word' id='word_1_216' title='bbox 2262 1581 2475 1633; x_wconf 67' lang='lat' dir='ltr'><strong>fecerim</strong></span> <span class='ocrx_word' id='word_1_217' title='bbox 2540 1579 2801 1645; x_wconf 83' lang='lat' dir='ltr'><strong>jacturam</strong></span> <span class='ocrx_word' id='word_1_218' title='bbox 2872 1583 3047 1626; x_wconf 90' lang='lat' dir='ltr'><strong>actum</strong></span> <span class='ocrx_word' id='word_1_219' title='bbox 3094 1569 3337 1639; x_wconf 85' lang='lat' dir='ltr'><strong>agendo,</strong></span> <span class='ocrx_word' id='word_1_220' title='bbox 3390 1566 3529 1637; x_wconf 89' lang='lat' dir='ltr'><strong>quod</strong></span> 
     </span>
    </p>
   </div>
   <div class='ocr_carea' id='block_1_32' title="bbox 1947 1663 3531 1739">
    <p class='ocr_par' dir='ltr' id='par_1_32' title="bbox 1947 1663 3531 1739">
     <span class='ocr_line' id='line_1_32' title="bbox 1947 1663 3531 1739; baseline -0.009 -12"><span class='ocrx_word' id='word_1_221' title='bbox 1947 1675 2129 1739; x_wconf 89' lang='lat' dir='ltr'><strong>aiunt;</strong></span> <span class='ocrx_word' id='word_1_222' title='bbox 2175 1682 2229 1727; x_wconf 93' lang='lat' dir='ltr'><strong>et</strong></span> <span class='ocrx_word' id='word_1_223' title='bbox 2261 1673 2512 1725; x_wconf 87' lang='lat' dir='ltr'><strong>Erasmus</strong></span> <span class='ocrx_word' id='word_1_224' title='bbox 2553 1670 2667 1738; x_wconf 74' lang='lat' dir='ltr'><strong>ipse</strong></span> <span class='ocrx_word' id='word_1_225' title='bbox 2701 1664 3033 1734; x_wconf 86' lang='lat' dir='ltr'><strong>imprudens,</strong></span> <span class='ocrx_word' id='word_1_226' title='bbox 3064 1663 3155 1731; x_wconf 90' lang='lat' dir='ltr'><strong>qui</strong></span> <span class='ocrx_word' id='word_1_227' title='bbox 3188 1676 3359 1715; x_wconf 90' lang='lat' dir='ltr'><strong>novos</strong></span> <span class='ocrx_word' id='word_1_228' title='bbox 3384 1675 3531 1713; x_wconf 81' lang='lat' dir='ltr'><strong>cont-</strong></span> 
     </span>
    </p>
   </div>
   <div class='ocr_carea' id='block_1_33' title="bbox 1949 1754 3532 1821">
    <p class='ocr_par' dir='ltr' id='par_1_33' title="bbox 1949 1754 3532 1821">
     <span class='ocr_line' id='line_1_33' title="bbox 1949 1754 3532 1821; baseline -0.01 -2"><span class='ocrx_word' id='word_1_229' title='bbox 1949 1765 2241 1820; x_wconf 80' lang='lat' dir='ltr'><strong>mentarios</strong></span> <span class='ocrx_word' id='word_1_230' title='bbox 2268 1762 2533 1818; x_wconf 87' lang='lat' dir='ltr'><strong>mandarit</strong></span> <span class='ocrx_word' id='word_1_231' title='bbox 2555 1756 2891 1821; x_wconf 89' lang='lat' dir='ltr'><strong>scribendos,</strong></span> <span class='ocrx_word' id='word_1_232' title='bbox 2916 1755 3005 1808; x_wconf 91' lang='lat' dir='ltr'><strong>ubi</strong></span> <span class='ocrx_word' id='word_1_233' title='bbox 3032 1754 3164 1807; x_wconf 86' lang='lat' dir='ltr'><strong>tales</strong></span> <span class='ocrx_word' id='word_1_234' title='bbox 3188 1759 3366 1806; x_wconf 88' lang='lat' dir='ltr'><strong>essent</strong></span> <span class='ocrx_word' id='word_1_235' title='bbox 3387 1760 3532 1805; x_wconf 89' lang='lat' dir='ltr'><strong>vete-</strong></span> 
     </span>
    </p>
   </div>
   <div class='ocr_carea' id='block_1_34' title="bbox 254 1842 3531 1936">
    <p class='ocr_par' dir='ltr' id='par_1_34' title="bbox 254 1842 3531 1936">
     <span class='ocr_line' id='line_1_34' title="bbox 254 1842 3531 1936; baseline -0.011 -8"><span class='ocrx_word' id='word_1_236' title='bbox 254 1874 333 1927; x_wconf 85' lang='lat' dir='ltr'><strong>tia</strong></span> <span class='ocrx_word' id='word_1_237' title='bbox 363 1872 539 1928; x_wconf 90' lang='lat' dir='ltr'><strong>studia</strong></span> <span class='ocrx_word' id='word_1_238' title='bbox 586 1872 943 1935; x_wconf 87' lang='lat' dir='ltr'><strong>immiserunt,</strong></span> <span class='ocrx_word' id='word_1_239' title='bbox 999 1864 1290 1936; x_wconf 89' lang='lat' dir='ltr'><strong>impetendi</strong></span> <span class='ocrx_word' id='word_1_240' title='bbox 1323 1872 1377 1918; x_wconf 93' lang='lat' dir='ltr'><strong>et</strong></span> <span class='ocrx_word' id='word_1_241' title='bbox 1418 1859 1686 1916; x_wconf 90' lang='lat' dir='ltr'><strong>lacerandi</strong></span> <span class='ocrx_word' id='word_1_242' title='bbox 1719 1873 1842 1913; x_wconf 91' lang='lat' dir='ltr'><strong>eum</strong></span> <span class='ocrx_word' id='word_1_243' title='bbox 1871 1861 1922 1929; x_wconf 83' lang='grc' dir='ltr'><strong>Β</strong></span> <span class='ocrx_word' id='word_1_244' title='bbox 1948 1874 2063 1920; x_wconf 89' lang='lat' dir='ltr'><strong>res;</strong></span> <span class='ocrx_word' id='word_1_245' title='bbox 2091 1866 2145 1911; x_wconf 90' lang='lat' dir='ltr'><strong>et</strong></span> <span class='ocrx_word' id='word_1_246' title='bbox 2168 1855 2508 1908; x_wconf 89' lang='lat' dir='ltr'><strong>doctissimus</strong></span> <span class='ocrx_word' id='word_1_247' title='bbox 2535 1852 2761 1921; x_wconf 83' lang='lat' dir='ltr'><strong>quisque</strong></span> <span class='ocrx_word' id='word_1_248' title='bbox 2789 1846 3156 1913; x_wconf 88' lang='lat' dir='ltr'><strong>ineptissimus</strong></span> <span class='ocrx_word' id='word_1_249' title='bbox 3180 1842 3304 1896; x_wconf 87' lang='lat' dir='ltr'><strong>huic</strong></span> <span class='ocrx_word' id='word_1_250' title='bbox 3333 1848 3531 1911; x_wconf 80' lang='lat' dir='ltr'><strong>nostrae</strong></span> 
     </span>
    </p>
   </div>
   <div class='ocr_carea' id='block_1_35' title="bbox 250 1952 1843 2034">
    <p class='ocr_par' dir='ltr' id='par_1_35' title="bbox 250 1952 1843 2034">
     <span class='ocr_line' id='line_1_35' title="bbox 250 1952 1843 2034; baseline -0.008 -15"><span class='ocrx_word' id='word_1_251' title='bbox 250 1980 425 2034; x_wconf 90' lang='lat' dir='ltr'><strong>quem</strong></span> <span class='ocrx_word' id='word_1_252' title='bbox 448 1962 941 2033; x_wconf 74' lang='lat' dir='ltr'><strong>coniunctissimum</strong></span> <span class='ocrx_word' id='word_1_253' title='bbox 970 1960 1125 2015; x_wconf 91' lang='lat' dir='ltr'><strong>nobis</strong></span> <span class='ocrx_word' id='word_1_254' title='bbox 1149 1956 1594 2023; x_wconf 88' lang='lat' dir='ltr'><strong>carissimumque</strong></span> <span class='ocrx_word' id='word_1_255' title='bbox 1615 1952 1843 2008; x_wconf 86' lang='lat' dir='ltr'><strong>debebat</strong></span> 
     </span>
    </p>
   </div>
   <div class='ocr_carea' id='block_1_36' title="bbox 246 2044 1839 2111">
    <p class='ocr_par' dir='ltr' id='par_1_36' title="bbox 246 2044 1839 2111">
     <span class='ocr_line' id='line_1_36' title="bbox 246 2044 1839 2111; baseline -0.011 0"><span class='ocrx_word' id='word_1_256' title='bbox 246 2057 560 2111; x_wconf 85' lang='lat' dir='ltr'><strong>reddidisse</strong></span> <span class='ocrx_word' id='word_1_257' title='bbox 587 2054 892 2110; x_wconf 91' lang='lat' dir='ltr'><strong>communio</strong></span> <span class='ocrx_word' id='word_1_258' title='bbox 917 2052 1213 2107; x_wconf 91' lang='lat' dir='ltr'><strong>studiorum</strong></span> <span class='ocrx_word' id='word_1_259' title='bbox 1243 2064 1305 2104; x_wconf 89' lang='lat' dir='ltr'><strong>ac</strong></span> <span class='ocrx_word' id='word_1_260' title='bbox 1334 2046 1642 2103; x_wconf 89' lang='lat' dir='ltr'><strong>earumdem</strong></span> <span class='ocrx_word' id='word_1_261' title='bbox 1666 2044 1839 2097; x_wconf 85' lang='lat' dir='ltr'><strong>Musa-</strong></span> 
     </span>
    </p>
   </div>
   <div class='ocr_carea' id='block_1_37' title="bbox 252 2136 1841 2217">
    <p class='ocr_par' dir='ltr' id='par_1_37' title="bbox 252 2136 1841 2217">
     <span class='ocr_line' id='line_1_37' title="bbox 252 2136 1841 2217; baseline -0.011 -12"><span class='ocrx_word' id='word_1_262' title='bbox 252 2164 383 2205; x_wconf 84' lang='lat' dir='ltr'><strong>rum</strong></span> <span class='ocrx_word' id='word_1_263' title='bbox 416 2149 654 2215; x_wconf 89' lang='lat' dir='ltr'><strong>cultura,</strong></span> <span class='ocrx_word' id='word_1_264' title='bbox 689 2157 747 2202; x_wconf 91' lang='lat' dir='ltr'><strong>ut</strong></span> <span class='ocrx_word' id='word_1_265' title='bbox 774 2154 1088 2217; x_wconf 68' lang='lat' dir='ltr'><strong>prmteream</strong></span> <span class='ocrx_word' id='word_1_266' title='bbox 1131 2142 1452 2209; x_wconf 85' lang='lat' dir='ltr'><strong>baptismum</strong></span> <span class='ocrx_word' id='word_1_267' title='bbox 1482 2146 1536 2193; x_wconf 90' lang='lat' dir='ltr'><strong>et</strong></span> <span class='ocrx_word' id='word_1_268' title='bbox 1564 2136 1841 2191; x_wconf 87' lang='lat' dir='ltr'><strong>caritatem</strong></span> 
     </span>
    </p>
   </div>
   <div class='ocr_carea' id='block_1_38' title="bbox 244 2226 1844 2308">
    <p class='ocr_par' dir='ltr' id='par_1_38' title="bbox 244 2226 1844 2308">
     <span class='ocr_line' id='line_1_38' title="bbox 244 2226 1844 2308; baseline -0.011 -12"><span class='ocrx_word' id='word_1_269' title='bbox 244 2240 457 2296; x_wconf 82' lang='lat' dir='ltr'><strong>Christi</strong></span> <span class='ocrx_word' id='word_1_270' title='bbox 494 2258 507 2292; x_wconf 90' lang='lat'><strong>:</strong></span> <span class='ocrx_word' id='word_1_271' title='bbox 536 2237 967 2308; x_wconf 86' lang='lat' dir='ltr'><strong>quandoquidem</strong></span> <span class='ocrx_word' id='word_1_272' title='bbox 996 2235 1112 2291; x_wconf 57' lang='lat' dir='ltr'><strong>haec</strong></span> <span class='ocrx_word' id='word_1_273' title='bbox 1131 2235 1241 2302; x_wconf 91' lang='lat' dir='ltr'><strong>jam</strong></span> <span class='ocrx_word' id='word_1_274' title='bbox 1268 2231 1395 2286; x_wconf 90' lang='lat' dir='ltr'><strong>olim</strong></span> <span class='ocrx_word' id='word_1_275' title='bbox 1426 2229 1601 2284; x_wconf 88' lang='lat' dir='ltr'><strong>surdis</strong></span> <span class='ocrx_word' id='word_1_276' title='bbox 1626 2226 1844 2281; x_wconf 88' lang='lat' dir='ltr'><strong>auribus</strong></span> 
     </span>
    </p>
   </div>
   <div class='ocr_carea' id='block_1_39' title="bbox 246 2322 1845 2396">
    <p class='ocr_par' dir='ltr' id='par_1_39' title="bbox 246 2322 1845 2396">
     <span class='ocr_line' id='line_1_39' title="bbox 246 2322 1845 2396; baseline -0.01 -10"><span class='ocrx_word' id='word_1_277' title='bbox 246 2331 441 2387; x_wconf 86' lang='lat' dir='ltr'><strong>inania</strong></span> <span class='ocrx_word' id='word_1_278' title='bbox 470 2341 594 2386; x_wconf 89' lang='lat' dir='ltr'><strong>sunt</strong></span> <span class='ocrx_word' id='word_1_279' title='bbox 625 2330 861 2393; x_wconf 89' lang='lat' dir='ltr'><strong>nomina,</strong></span> <span class='ocrx_word' id='word_1_280' title='bbox 884 2337 938 2383; x_wconf 91' lang='lat' dir='ltr'><strong>et</strong></span> <span class='ocrx_word' id='word_1_281' title='bbox 958 2327 1111 2396; x_wconf 69' lang='lat' dir='ltr'><strong>aegris</strong></span> <span class='ocrx_word' id='word_1_282' title='bbox 1139 2324 1308 2379; x_wconf 90' lang='lat' dir='ltr'><strong>oculis</strong></span> <span class='ocrx_word' id='word_1_283' title='bbox 1338 2337 1487 2376; x_wconf 74' lang='lat' dir='ltr'><strong>van-.c</strong></span> <span class='ocrx_word' id='word_1_284' title='bbox 1510 2322 1627 2374; x_wconf 89' lang='lat' dir='ltr'><strong>sine</strong></span> <span class='ocrx_word' id='word_1_285' title='bbox 1653 2334 1845 2387; x_wconf 91' lang='lat' dir='ltr'><strong>corpo-</strong></span> 
     </span>
    </p>
   </div>
   <div class='ocr_carea' id='block_1_40' title="bbox 243 2415 1843 2493">
    <p class='ocr_par' dir='ltr' id='par_1_40' title="bbox 243 2415 1843 2493">
     <span class='ocr_line' id='line_1_40' title="bbox 243 2415 1843 2493; baseline -0.011 -10"><span class='ocrx_word' id='word_1_286' title='bbox 243 2429 415 2484; x_wconf 81' lang='lat' dir='ltr'><strong>ribus</strong></span> <span class='ocrx_word' id='word_1_287' title='bbox 443 2428 676 2491; x_wconf 70' lang='lat' dir='ltr'><strong>umbrae;</strong></span> <span class='ocrx_word' id='word_1_288' title='bbox 717 2426 1067 2493; x_wconf 89' lang='lat' dir='ltr'><strong>colamusque</strong></span> <span class='ocrx_word' id='word_1_289' title='bbox 1095 2422 1305 2477; x_wconf 89' lang='lat' dir='ltr'><strong>litteras</strong></span> <span class='ocrx_word' id='word_1_290' title='bbox 1335 2430 1389 2472; x_wconf 91' lang='lat' dir='ltr'><strong>ut</strong></span> <span class='ocrx_word' id='word_1_291' title='bbox 1421 2431 1518 2471; x_wconf 92' lang='lat' dir='ltr'><strong>nos</strong></span> <span class='ocrx_word' id='word_1_292' title='bbox 1553 2415 1843 2479; x_wconf 90' lang='lat' dir='ltr'><strong>delectent,</strong></span> 
     </span>
    </p>
   </div>
   <div class='ocr_carea' id='block_1_41' title="bbox 244 2507 1843 2588">
    <p class='ocr_par' dir='ltr' id='par_1_41' title="bbox 244 2507 1843 2588">
     <span class='ocr_line' id='line_1_41' title="bbox 244 2507 1843 2588; baseline -0.01 -16"><span class='ocrx_word' id='word_1_293' title='bbox 244 2529 312 2573; x_wconf 85' lang='lat' dir='ltr'><strong>ut</strong></span> <span class='ocrx_word' id='word_1_294' title='bbox 338 2520 565 2588; x_wconf 78' lang='lat' dir='ltr'><strong>iuvent;</strong></span> <span class='ocrx_word' id='word_1_295' title='bbox 603 2532 708 2571; x_wconf 91' lang='lat' dir='ltr'><strong>non</strong></span> <span class='ocrx_word' id='word_1_296' title='bbox 740 2527 798 2571; x_wconf 89' lang='lat' dir='ltr'><strong>ut</strong></span> <span class='ocrx_word' id='word_1_297' title='bbox 824 2517 878 2570; x_wconf 94' lang='lat' dir='ltr'><strong>in</strong></span> <span class='ocrx_word' id='word_1_298' title='bbox 901 2524 1174 2571; x_wconf 87' lang='lat' dir='ltr'><strong>certamen</strong></span> <span class='ocrx_word' id='word_1_299' title='bbox 1205 2511 1457 2567; x_wconf 86' lang='lat' dir='ltr'><strong>acerbum</strong></span> <span class='ocrx_word' id='word_1_300' title='bbox 1485 2507 1843 2568; x_wconf 89' lang='lat' dir='ltr'><strong>committant,</strong></span> 
     </span>
    </p>
   </div>
   <div class='ocr_carea' id='block_1_42' title="bbox 238 2595 1846 2673">
    <p class='ocr_par' dir='ltr' id='par_1_42' title="bbox 238 2595 1846 2673">
     <span class='ocr_line' id='line_1_42' title="bbox 238 2595 1846 2673; baseline -0.009 -11"><span class='ocrx_word' id='word_1_301' title='bbox 238 2616 305 2662; x_wconf 88' lang='lat' dir='ltr'><strong>et</strong></span> <span class='ocrx_word' id='word_1_302' title='bbox 334 2608 447 2662; x_wconf 83' lang='lat' dir='ltr'><strong>tela</strong></span> <span class='ocrx_word' id='word_1_303' title='bbox 472 2607 559 2662; x_wconf 84' lang='lat' dir='ltr'><strong>vel</strong></span> <span class='ocrx_word' id='word_1_304' title='bbox 584 2605 920 2669; x_wconf 89' lang='lat' dir='ltr'><strong>eruditionis,</strong></span> <span class='ocrx_word' id='word_1_305' title='bbox 948 2603 1031 2659; x_wconf 87' lang='lat' dir='ltr'><strong>vel</strong></span> <span class='ocrx_word' id='word_1_306' title='bbox 1057 2601 1182 2673; x_wconf 89' lang='lat' dir='ltr'><strong>styli</strong></span> <span class='ocrx_word' id='word_1_307' title='bbox 1206 2598 1627 2657; x_wconf 86' lang='lat' dir='ltr'><strong>subministrent.</strong></span> <span class='ocrx_word' id='word_1_308' title='bbox 1654 2595 1846 2665; x_wconf 89' lang='lat' dir='ltr'><strong>quibus</strong></span> 
     </span>
    </p>
   </div>
   <div class='ocr_carea' id='block_1_43' title="bbox 241 2690 1848 2769">
    <p class='ocr_par' dir='ltr' id='par_1_43' title="bbox 241 2690 1848 2769">
     <span class='ocr_line' id='line_1_43' title="bbox 241 2690 1848 2769; baseline -0.011 -13"><span class='ocrx_word' id='word_1_309' title='bbox 241 2714 460 2769; x_wconf 79' lang='lat' dir='ltr'><strong>pravos</strong></span> <span class='ocrx_word' id='word_1_310' title='bbox 520 2699 745 2754; x_wconf 79' lang='lat' dir='ltr'><strong>affectus</strong></span> <span class='ocrx_word' id='word_1_311' title='bbox 802 2704 1015 2751; x_wconf 90' lang='lat' dir='ltr'><strong>nostros</strong></span> <span class='ocrx_word' id='word_1_312' title='bbox 1081 2694 1358 2763; x_wconf 81' lang='lat' dir='ltr'><strong>explentes</strong></span> <span class='ocrx_word' id='word_1_313' title='bbox 1417 2690 1672 2745; x_wconf 80' lang='lat' dir='ltr'><strong>feriamus</strong></span> <span class='ocrx_word' id='word_1_314' title='bbox 1725 2700 1848 2742; x_wconf 89' lang='lat' dir='ltr'><strong>sau-</strong></span> 
     </span>
    </p>
   </div>
   <div class='ocr_carea' id='block_1_44' title="bbox 240 2779 1844 2859">
    <p class='ocr_par' dir='ltr' id='par_1_44' title="bbox 240 2779 1844 2859">
     <span class='ocr_line' id='line_1_44' title="bbox 240 2779 1844 2859; baseline -0.011 -14"><span class='ocrx_word' id='word_1_315' title='bbox 240 2791 577 2859; x_wconf 88' lang='lat' dir='ltr'><strong>ciemusque</strong></span> <span class='ocrx_word' id='word_1_316' title='bbox 610 2789 906 2843; x_wconf 90' lang='lat' dir='ltr'><strong>inimicum.</strong></span> <span class='ocrx_word' id='word_1_317' title='bbox 957 2785 1062 2842; x_wconf 91' lang='lat' dir='ltr'><strong>Sed</strong></span> <span class='ocrx_word' id='word_1_318' title='bbox 1090 2784 1157 2839; x_wconf 91' lang='lat' dir='ltr'><strong>de</strong></span> <span class='ocrx_word' id='word_1_319' title='bbox 1186 2783 1268 2838; x_wconf 89' lang='lat' dir='ltr'><strong>his</strong></span> <span class='ocrx_word' id='word_1_320' title='bbox 1300 2781 1461 2836; x_wconf 90' lang='lat' dir='ltr'><strong>rebus</strong></span> <span class='ocrx_word' id='word_1_321' title='bbox 1485 2779 1586 2833; x_wconf 89' lang='lat' dir='ltr'><strong>erit</strong></span> <span class='ocrx_word' id='word_1_322' title='bbox 1616 2788 1844 2845; x_wconf 87' lang='lat' dir='ltr'><strong>tempus,</strong></span> 
     </span>
    </p>
   </div>
   <div class='ocr_carea' id='block_1_45' title="bbox 241 2870 1847 2947">
    <p class='ocr_par' dir='ltr' id='par_1_45' title="bbox 241 2870 1847 2947">
     <span class='ocr_line' id='line_1_45' title="bbox 241 2870 1847 2947; baseline -0.011 -7"><span class='ocrx_word' id='word_1_323' title='bbox 241 2899 383 2939; x_wconf 84' lang='lat' dir='ltr'><strong>cum</strong></span> <span class='ocrx_word' id='word_1_324' title='bbox 419 2885 595 2940; x_wconf 89' lang='lat' dir='ltr'><strong>locum</strong></span> <span class='ocrx_word' id='word_1_325' title='bbox 627 2884 897 2937; x_wconf 90' lang='lat' dir='ltr'><strong>inveniam</strong></span> <span class='ocrx_word' id='word_1_326' title='bbox 931 2879 1142 2936; x_wconf 90' lang='lat' dir='ltr'><strong>dicendi</strong></span> <span class='ocrx_word' id='word_1_327' title='bbox 1173 2877 1459 2947; x_wconf 85' lang='lat' dir='ltr'><strong>aptiorem.</strong></span> <span class='ocrx_word' id='word_1_328' title='bbox 1500 2873 1648 2928; x_wconf 88' lang='lat' dir='ltr'><strong>Nunc</strong></span> <span class='ocrx_word' id='word_1_329' title='bbox 1690 2870 1847 2934; x_wconf 87' lang='lat' dir='ltr'><strong>mihi,</strong></span> 
     </span>
    </p>
   </div>
   <div class='ocr_carea' id='block_1_46' title="bbox 245 2962 1851 3044">
    <p class='ocr_par' dir='ltr' id='par_1_46' title="bbox 245 2962 1851 3044">
     <span class='ocr_line' id='line_1_46' title="bbox 245 2962 1851 3044; baseline -0.01 -14"><span class='ocrx_word' id='word_1_330' title='bbox 245 2985 311 3031; x_wconf 88' lang='lat' dir='ltr'><strong>ut</strong></span> <span class='ocrx_word' id='word_1_331' title='bbox 336 2975 416 3030; x_wconf 82' lang='lat' dir='ltr'><strong>ad</strong></span> <span class='ocrx_word' id='word_1_332' title='bbox 460 2974 604 3044; x_wconf 88' lang='lat' dir='ltr'><strong>quod</strong></span> <span class='ocrx_word' id='word_1_333' title='bbox 652 2987 920 3043; x_wconf 88' lang='lat' dir='ltr'><strong>coeperam</strong></span> <span class='ocrx_word' id='word_1_334' title='bbox 960 2978 1221 3033; x_wconf 88' lang='lat' dir='ltr'><strong>revertar,</strong></span> <span class='ocrx_word' id='word_1_335' title='bbox 1268 2974 1378 3021; x_wconf 91' lang='lat' dir='ltr'><strong>tota</strong></span> <span class='ocrx_word' id='word_1_336' title='bbox 1406 2980 1531 3034; x_wconf 88' lang='lat' dir='ltr'><strong>spes</strong></span> <span class='ocrx_word' id='word_1_337' title='bbox 1570 2964 1626 3018; x_wconf 93' lang='lat' dir='ltr'><strong>iu</strong></span> <span class='ocrx_word' id='word_1_338' title='bbox 1668 2962 1731 3016; x_wconf 91' lang='lat' dir='ltr'><strong>iis</strong></span> <span class='ocrx_word' id='word_1_339' title='bbox 1768 2968 1851 3015; x_wconf 89' lang='lat' dir='ltr'><strong>est</strong></span> 
     </span>
    </p>
   </div>
   <div class='ocr_carea' id='block_1_47' title="bbox 251 3053 1847 3136">
    <p class='ocr_par' dir='ltr' id='par_1_47' title="bbox 251 3053 1847 3136">
     <span class='ocr_line' id='line_1_47' title="bbox 251 3053 1847 3136; baseline -0.011 -14"><span class='ocrx_word' id='word_1_340' title='bbox 251 3067 348 3136; x_wconf 85' lang='lat' dir='ltr'><strong>qui</strong></span> <span class='ocrx_word' id='word_1_341' title='bbox 378 3066 633 3131; x_wconf 89' lang='lat' dir='ltr'><strong>candido,</strong></span> <span class='ocrx_word' id='word_1_342' title='bbox 662 3066 753 3134; x_wconf 94' lang='lat' dir='ltr'><strong>qui</strong></span> <span class='ocrx_word' id='word_1_343' title='bbox 775 3065 982 3133; x_wconf 88' lang='lat' dir='ltr'><strong>integro</strong></span> <span class='ocrx_word' id='word_1_344' title='bbox 1009 3071 1224 3130; x_wconf 86' lang='lat' dir='ltr'><strong>pectore</strong></span> <span class='ocrx_word' id='word_1_345' title='bbox 1248 3059 1314 3114; x_wconf 91' lang='lat' dir='ltr'><strong>ad</strong></span> <span class='ocrx_word' id='word_1_346' title='bbox 1345 3058 1630 3113; x_wconf 83' lang='lat' dir='ltr'><strong>lectionem</strong></span> <span class='ocrx_word' id='word_1_347' title='bbox 1656 3053 1847 3109; x_wconf 90' lang='lat' dir='ltr'><strong>horum</strong></span> 
     </span>
    </p>
   </div>
   <div class='ocr_carea' id='block_1_48' title="bbox 261 3145 1847 3221">
    <p class='ocr_par' dir='ltr' id='par_1_48' title="bbox 261 3145 1847 3221">
     <span class='ocr_line' id='line_1_48' title="bbox 261 3145 1847 3221; baseline -0.009 -11"><span class='ocrx_word' id='word_1_348' title='bbox 261 3157 522 3213; x_wconf 82' lang='lat' dir='ltr'><strong>\ibrorum</strong></span> <span class='ocrx_word' id='word_1_349' title='bbox 551 3156 831 3221; x_wconf 87' lang='lat' dir='ltr'><strong>accedent,</strong></span> <span class='ocrx_word' id='word_1_350' title='bbox 862 3156 977 3209; x_wconf 90' lang='lat' dir='ltr'><strong>sive</strong></span> <span class='ocrx_word' id='word_1_351' title='bbox 1005 3153 1150 3208; x_wconf 90' lang='lat' dir='ltr'><strong>docti</strong></span> <span class='ocrx_word' id='word_1_352' title='bbox 1180 3152 1308 3215; x_wconf 89' lang='lat' dir='ltr'><strong>sint,</strong></span> <span class='ocrx_word' id='word_1_353' title='bbox 1338 3150 1456 3205; x_wconf 88' lang='lat' dir='ltr'><strong>sive</strong></span> <span class='ocrx_word' id='word_1_354' title='bbox 1487 3146 1708 3203; x_wconf 90' lang='lat' dir='ltr'><strong>indocti.</strong></span> <span class='ocrx_word' id='word_1_355' title='bbox 1743 3145 1847 3197; x_wconf 88' lang='lat' dir='ltr'><strong>De-</strong></span> 
     </span>
    </p>
   </div>
   <div class='ocr_carea' id='block_1_49' title="bbox 1944 1936 3525 2021">
    <p class='ocr_par' dir='ltr' id='par_1_49' title="bbox 1944 1936 3525 2021">
     <span class='ocr_line' id='line_1_49' title="bbox 1944 1936 3525 2021; baseline -0.014 -15"><span class='ocrx_word' id='word_1_356' title='bbox 1944 1966 2123 2021; x_wconf 66' lang='lat' dir='ltr'><strong>opera:</strong></span> <span class='ocrx_word' id='word_1_357' title='bbox 2165 1950 2301 2001; x_wconf 85' lang='lat' dir='ltr'><strong>votis</strong></span> <span class='ocrx_word' id='word_1_358' title='bbox 2340 1945 2595 2009; x_wconf 85' lang='lat' dir='ltr'><strong>favendo,</strong></span> <span class='ocrx_word' id='word_1_359' title='bbox 2629 1943 2860 2004; x_wconf 89' lang='lat' dir='ltr'><strong>scilicet,</strong></span> <span class='ocrx_word' id='word_1_360' title='bbox 2894 1949 2951 1992; x_wconf 93' lang='lat' dir='ltr'><strong>ut</strong></span> <span class='ocrx_word' id='word_1_361' title='bbox 2990 1939 3063 1991; x_wconf 87' lang='lat' dir='ltr'><strong>illi</strong></span> <span class='ocrx_word' id='word_1_362' title='bbox 3095 1936 3287 1989; x_wconf 86' lang='lat' dir='ltr'><strong>fratres</strong></span> <span class='ocrx_word' id='word_1_363' title='bbox 3318 1940 3525 2003; x_wconf 88' lang='lat' dir='ltr'><strong>putant,</strong></span> 
     </span>
    </p>
   </div>
   <div class='ocr_carea' id='block_1_50' title="bbox 1944 2031 3534 2116">
    <p class='ocr_par' dir='ltr' id='par_1_50' title="bbox 1944 2031 3534 2116">
     <span class='ocr_line' id='line_1_50' title="bbox 1944 2031 3534 2116; baseline -0.013 -13"><span class='ocrx_word' id='word_1_364' title='bbox 1944 2058 2375 2116; x_wconf 57' lang='lat' dir='ltr'><strong>supervacanea.</strong></span> <span class='ocrx_word' id='word_1_365' title='bbox 2420 2040 2563 2107; x_wconf 91' lang='lat' dir='ltr'><strong>Quos</strong></span> <span class='ocrx_word' id='word_1_366' title='bbox 2591 2053 2689 2107; x_wconf 84' lang='lat' dir='ltr'><strong>ego</strong></span> <span class='ocrx_word' id='word_1_367' title='bbox 2720 2037 2911 2091; x_wconf 87' lang='lat' dir='ltr'><strong>fratres</strong></span> <span class='ocrx_word' id='word_1_368' title='bbox 2942 2034 3189 2100; x_wconf 89' lang='lat' dir='ltr'><strong>dejerare</strong></span> <span class='ocrx_word' id='word_1_369' title='bbox 3228 2031 3433 2095; x_wconf 83' lang='lat' dir='ltr'><strong>ausim,</strong></span> <span class='ocrx_word' id='word_1_370' title='bbox 3468 2043 3534 2083; x_wconf 85' lang='lat' dir='ltr'><strong>ne</strong></span> 
     </span>
    </p>
   </div>
   <div class='ocr_carea' id='block_1_51' title="bbox 1947 2119 3535 2200">
    <p class='ocr_par' dir='ltr' id='par_1_51' title="bbox 1947 2119 3535 2200">
     <span class='ocr_line' id='line_1_51' title="bbox 1947 2119 3535 2200; baseline -0.013 -7"><span class='ocrx_word' id='word_1_371' title='bbox 1947 2139 2182 2193; x_wconf 88' lang='lat' dir='ltr'><strong>litteram</strong></span> <span class='ocrx_word' id='word_1_372' title='bbox 2206 2132 2420 2200; x_wconf 87' lang='lat' dir='ltr'><strong>quidem</strong></span> <span class='ocrx_word' id='word_1_373' title='bbox 2454 2132 2505 2185; x_wconf 90' lang='lat' dir='ltr'><strong>in</strong></span> <span class='ocrx_word' id='word_1_374' title='bbox 2538 2129 2642 2183; x_wconf 85' lang='lat' dir='ltr'><strong>illis</strong></span> <span class='ocrx_word' id='word_1_375' title='bbox 2665 2124 3085 2181; x_wconf 81' lang='lat' dir='ltr'><strong>Commentariis</strong></span> <span class='ocrx_word' id='word_1_376' title='bbox 3110 2123 3326 2191; x_wconf 84' lang='lat' dir='ltr'><strong>legisse,</strong></span> <span class='ocrx_word' id='word_1_377' title='bbox 3352 2119 3535 2173; x_wconf 87' lang='lat' dir='ltr'><strong>titulos</strong></span> 
     </span>
    </p>
   </div>
   <div class='ocr_carea' id='block_1_52' title="bbox 1945 2210 3535 2289">
    <p class='ocr_par' dir='ltr' id='par_1_52' title="bbox 1945 2210 3535 2289">
     <span class='ocr_line' id='line_1_52' title="bbox 1945 2210 3535 2289; baseline -0.014 -3"><span class='ocrx_word' id='word_1_378' title='bbox 1945 2231 2148 2285; x_wconf 89' lang='lat' dir='ltr'><strong>vidisse</strong></span> <span class='ocrx_word' id='word_1_379' title='bbox 2169 2223 2536 2289; x_wconf 86' lang='lat' dir='ltr'><strong>solummodo;</strong></span> <span class='ocrx_word' id='word_1_380' title='bbox 2562 2230 2654 2277; x_wconf 86' lang='lat' dir='ltr'><strong>aut</strong></span> <span class='ocrx_word' id='word_1_381' title='bbox 2676 2221 2719 2274; x_wconf 90' lang='lat' dir='ltr'><strong>si</strong></span> <span class='ocrx_word' id='word_1_382' title='bbox 2744 2220 3004 2287; x_wconf 88' lang='lat' dir='ltr'><strong>legerunt,</strong></span> <span class='ocrx_word' id='word_1_383' title='bbox 3029 2226 3080 2269; x_wconf 90' lang='lat' dir='ltr'><strong>et</strong></span> <span class='ocrx_word' id='word_1_384' title='bbox 3106 2214 3355 2284; x_wconf 86' lang='lat' dir='ltr'><strong>probant,</strong></span> <span class='ocrx_word' id='word_1_385' title='bbox 3381 2210 3535 2281; x_wconf 84' lang='lat' dir='ltr'><strong>plane</strong></span> 
     </span>
    </p>
   </div>
   <div class='ocr_carea' id='block_1_53' title="bbox 1946 2301 3537 2381">
    <p class='ocr_par' dir='ltr' id='par_1_53' title="bbox 1946 2301 3537 2381">
     <span class='ocr_line' id='line_1_53' title="bbox 1946 2301 3537 2381; baseline -0.014 -6"><span class='ocrx_word' id='word_1_386' title='bbox 1946 2318 2158 2375; x_wconf 89' lang='lat' dir='ltr'><strong>similes</strong></span> <span class='ocrx_word' id='word_1_387' title='bbox 2191 2326 2318 2371; x_wconf 89' lang='lat' dir='ltr'><strong>sunt</strong></span> <span class='ocrx_word' id='word_1_388' title='bbox 2358 2312 2463 2381; x_wconf 86' lang='lat' dir='ltr'><strong>ipsi</strong></span> <span class='ocrx_word' id='word_1_389' title='bbox 2498 2320 3001 2365; x_wconf 75' lang='lat' dir='ltr'><strong>commentator-um.</strong></span> <span class='ocrx_word' id='word_1_390' title='bbox 3034 2305 3104 2359; x_wconf 89' lang='lat' dir='ltr'><strong>Ut</strong></span> <span class='ocrx_word' id='word_1_391' title='bbox 3142 2316 3410 2371; x_wconf 89' lang='lat' dir='ltr'><strong>nunquam</strong></span> <span class='ocrx_word' id='word_1_392' title='bbox 3442 2301 3537 2353; x_wconf 78' lang='lat' dir='ltr'><strong>fuit</strong></span> 
     </span>
    </p>
   </div>
   <div class='ocr_carea' id='block_1_54' title="bbox 1947 2394 3537 2473">
    <p class='ocr_par' dir='ltr' id='par_1_54' title="bbox 1947 2394 3537 2473">
     <span class='ocr_line' id='line_1_54' title="bbox 1947 2394 3537 2473; baseline -0.013 -7"><span class='ocrx_word' id='word_1_393' title='bbox 1947 2413 2158 2466; x_wconf 91' lang='lat' dir='ltr'><strong>animus</strong></span> <span class='ocrx_word' id='word_1_394' title='bbox 2185 2407 2433 2464; x_wconf 91' lang='lat' dir='ltr'><strong>refellere</strong></span> <span class='ocrx_word' id='word_1_395' title='bbox 2473 2414 2578 2459; x_wconf 90' lang='lat' dir='ltr'><strong>tam</strong></span> <span class='ocrx_word' id='word_1_396' title='bbox 2609 2412 2849 2473; x_wconf 89' lang='lat' dir='ltr'><strong>apertam</strong></span> <span class='ocrx_word' id='word_1_397' title='bbox 2882 2399 3177 2461; x_wconf 88' lang='lat' dir='ltr'><strong>inscitiam,</strong></span> <span class='ocrx_word' id='word_1_398' title='bbox 3212 2404 3316 2449; x_wconf 85' lang='lat' dir='ltr'><strong>tam</strong></span> <span class='ocrx_word' id='word_1_399' title='bbox 3346 2394 3537 2463; x_wconf 78' lang='lat' dir='ltr'><strong>insipi-</strong></span> 
     </span>
    </p>
   </div>
   <div class='ocr_carea' id='block_1_55' title="bbox 1926 2488 3538 2571">
    <p class='ocr_par' dir='ltr' id='par_1_55' title="bbox 1926 2488 3538 2571">
     <span class='ocr_line' id='line_1_55' title="bbox 1926 2488 3538 2571; baseline -0.013 -11"><span class='ocrx_word' id='word_1_400' title='bbox 1926 2498 2046 2559; x_wconf 17' lang='lat' dir='ltr'><strong>‘das</strong></span> <span class='ocrx_word' id='word_1_401' title='bbox 2076 2500 2440 2571; x_wconf 86' lang='lat' dir='ltr'><strong>expositorum</strong></span> <span class='ocrx_word' id='word_1_402' title='bbox 2474 2498 2733 2566; x_wconf 75' lang='lat' dir='ltr'><strong>ineptias,</strong></span> <span class='ocrx_word' id='word_1_403' title='bbox 2780 2510 2884 2549; x_wconf 94' lang='lat' dir='ltr'><strong>non</strong></span> <span class='ocrx_word' id='word_1_404' title='bbox 2928 2491 3120 2561; x_wconf 78' lang='lat' dir='ltr'><strong>cellegi</strong></span> <span class='ocrx_word' id='word_1_405' title='bbox 3152 2490 3297 2543; x_wconf 90' lang='lat' dir='ltr'><strong>locos</strong></span> <span class='ocrx_word' id='word_1_406' title='bbox 3338 2488 3538 2555; x_wconf 84' lang='lat' dir='ltr'><strong>aliquot</strong></span> 
     </span>
    </p>
   </div>
   <div class='ocr_carea' id='block_1_56' title="bbox 1950 2579 3538 2664">
    <p class='ocr_par' dir='ltr' id='par_1_56' title="bbox 1950 2579 3538 2664">
     <span class='ocr_line' id='line_1_56' title="bbox 1950 2579 3538 2664; baseline -0.012 -15"><span class='ocrx_word' id='word_1_407' title='bbox 1950 2595 2005 2649; x_wconf 92' lang='lat' dir='ltr'><strong>in</strong></span> <span class='ocrx_word' id='word_1_408' title='bbox 2037 2594 2226 2664; x_wconf 88' lang='lat' dir='ltr'><strong>primis</strong></span> <span class='ocrx_word' id='word_1_409' title='bbox 2254 2591 2510 2646; x_wconf 91' lang='lat' dir='ltr'><strong>ridiculos</strong></span> <span class='ocrx_word' id='word_1_410' title='bbox 2539 2598 2593 2642; x_wconf 90' lang='lat' dir='ltr'><strong>et</strong></span> <span class='ocrx_word' id='word_1_411' title='bbox 2624 2588 2930 2655; x_wconf 80' lang='lat' dir='ltr'><strong>imperitus;</strong></span> <span class='ocrx_word' id='word_1_412' title='bbox 2962 2599 3027 2637; x_wconf 83' lang='lat' dir='ltr'><strong>ex</strong></span> <span class='ocrx_word' id='word_1_413' title='bbox 3057 2582 3251 2653; x_wconf 86' lang='lat' dir='ltr'><strong>quibus</strong></span> <span class='ocrx_word' id='word_1_414' title='bbox 3279 2579 3347 2633; x_wconf 90' lang='lat' dir='ltr'><strong>de</strong></span> <span class='ocrx_word' id='word_1_415' title='bbox 3373 2592 3538 2647; x_wconf 90' lang='lat' dir='ltr'><strong>opere</strong></span> 
     </span>
    </p>
   </div>
   <div class='ocr_carea' id='block_1_57' title="bbox 1951 2666 3538 2755">
    <p class='ocr_par' dir='ltr' id='par_1_57' title="bbox 1951 2666 3538 2755">
     <span class='ocr_line' id='line_1_57' title="bbox 1951 2666 3538 2755; baseline -0.013 -15"><span class='ocrx_word' id='word_1_416' title='bbox 1951 2695 2064 2740; x_wconf 88' lang='lat' dir='ltr'><strong>toto</strong></span> <span class='ocrx_word' id='word_1_417' title='bbox 2092 2686 2180 2755; x_wconf 90' lang='lat' dir='ltr'><strong>qui</strong></span> <span class='ocrx_word' id='word_1_418' title='bbox 2213 2700 2317 2738; x_wconf 89' lang='lat' dir='ltr'><strong>non</strong></span> <span class='ocrx_word' id='word_1_419' title='bbox 2348 2683 2625 2751; x_wconf 80' lang='lat' dir='ltr'><strong>legissent,</strong></span> <span class='ocrx_word' id='word_1_420' title='bbox 2660 2685 2878 2746; x_wconf 85' lang='lat' dir='ltr'><strong>possent</strong></span> <span class='ocrx_word' id='word_1_421' title='bbox 2901 2673 3161 2744; x_wconf 88' lang='lat' dir='ltr'><strong>judicium</strong></span> <span class='ocrx_word' id='word_1_422' title='bbox 3195 2670 3392 2724; x_wconf 90' lang='lat' dir='ltr'><strong>facere.</strong></span> <span class='ocrx_word' id='word_1_423' title='bbox 3428 2666 3538 2721; x_wconf 84' lang='lat' dir='ltr'><strong>Nec</strong></span> 
     </span>
    </p>
   </div>
   <div class='ocr_carea' id='block_1_58' title="bbox 1950 2759 3537 2847">
    <p class='ocr_par' dir='ltr' id='par_1_58' title="bbox 1950 2759 3537 2847">
     <span class='ocr_line' id='line_1_58' title="bbox 1950 2759 3537 2847; baseline -0.011 -16"><span class='ocrx_word' id='word_1_424' title='bbox 1950 2778 2192 2847; x_wconf 90' lang='lat' dir='ltr'><strong>profecto</strong></span> <span class='ocrx_word' id='word_1_425' title='bbox 2221 2775 2318 2829; x_wconf 90' lang='lat' dir='ltr'><strong>fuit</strong></span> <span class='ocrx_word' id='word_1_426' title='bbox 2350 2788 2592 2828; x_wconf 89' lang='lat' dir='ltr'><strong>necesse.</strong></span> <span class='ocrx_word' id='word_1_427' title='bbox 2628 2770 2758 2824; x_wconf 81' lang='lat' dir='ltr'><strong>Nam</strong></span> <span class='ocrx_word' id='word_1_428' title='bbox 2792 2769 2842 2821; x_wconf 92' lang='lat' dir='ltr'><strong>in</strong></span> <span class='ocrx_word' id='word_1_429' title='bbox 2877 2766 3075 2819; x_wconf 65' lang='lat' dir='ltr'><strong>saeculo</strong></span> <span class='ocrx_word' id='word_1_430' title='bbox 3100 2764 3207 2833; x_wconf 92' lang='lat' dir='ltr'><strong>jam</strong></span> <span class='ocrx_word' id='word_1_431' title='bbox 3240 2771 3313 2815; x_wconf 92' lang='lat' dir='ltr'><strong>tot</strong></span> <span class='ocrx_word' id='word_1_432' title='bbox 3346 2759 3537 2815; x_wconf 91' lang='lat' dir='ltr'><strong>litteris</strong></span> 
     </span>
    </p>
   </div>
   <div class='ocr_carea' id='block_1_59' title="bbox 1950 2851 3537 2939">
    <p class='ocr_par' dir='ltr' id='par_1_59' title="bbox 1950 2851 3537 2939">
     <span class='ocr_line' id='line_1_59' title="bbox 1950 2851 3537 2939; baseline -0.012 -13"><span class='ocrx_word' id='word_1_433' title='bbox 1950 2868 2360 2939; x_wconf 86' lang='lat' dir='ltr'><strong>disciplinisque</strong></span> <span class='ocrx_word' id='word_1_434' title='bbox 2392 2861 2762 2919; x_wconf 79' lang='lat' dir='ltr'><strong>exeultissimo</strong></span> <span class='ocrx_word' id='word_1_435' title='bbox 2792 2855 3052 2914; x_wconf 89' lang='lat' dir='ltr'><strong>rarissimi</strong></span> <span class='ocrx_word' id='word_1_436' title='bbox 3078 2863 3201 2909; x_wconf 90' lang='lat' dir='ltr'><strong>sunt</strong></span> <span class='ocrx_word' id='word_1_437' title='bbox 3230 2851 3321 2923; x_wconf 86' lang='lat' dir='ltr'><strong>qui</strong></span> <span class='ocrx_word' id='word_1_438' title='bbox 3352 2865 3537 2923; x_wconf 76' lang='lat' dir='ltr'><strong>quem-</strong></span> 
     </span>
    </p>
   </div>
   <div class='ocr_carea' id='block_1_60' title="bbox 1952 2948 3535 3033">
    <p class='ocr_par' dir='ltr' id='par_1_60' title="bbox 1952 2948 3535 3033">
     <span class='ocr_line' id='line_1_60' title="bbox 1952 2948 3535 3033; baseline -0.014 -15"><span class='ocrx_word' id='word_1_439' title='bbox 1952 2978 2162 3033; x_wconf 92' lang='lat' dir='ltr'><strong>cunque</strong></span> <span class='ocrx_word' id='word_1_440' title='bbox 2212 2963 2267 3019; x_wconf 90' lang='lat' dir='ltr'><strong>in</strong></span> <span class='ocrx_word' id='word_1_441' title='bbox 2316 2959 2422 3013; x_wconf 89' lang='lat' dir='ltr'><strong>illis</strong></span> <span class='ocrx_word' id='word_1_442' title='bbox 2451 2954 2866 3011; x_wconf 84' lang='lat' dir='ltr'><strong>Commentariis</strong></span> <span class='ocrx_word' id='word_1_443' title='bbox 2908 2951 3137 3020; x_wconf 86' lang='lat' dir='ltr'><strong>legerint</strong></span> <span class='ocrx_word' id='word_1_444' title='bbox 3176 2948 3384 3011; x_wconf 92' lang='lat' dir='ltr'><strong>locum,</strong></span> <span class='ocrx_word' id='word_1_445' title='bbox 3430 2959 3535 2997; x_wconf 89' lang='lat' dir='ltr'><strong>non</strong></span> 
     </span>
    </p>
   </div>
   <div class='ocr_carea' id='block_1_61' title="bbox 1951 3026 3536 3122">
    <p class='ocr_par' dir='ltr' id='par_1_61' title="bbox 1951 3026 3536 3122">
     <span class='ocr_line' id='line_1_61' title="bbox 1951 3026 3536 3122; baseline -0.013 -10"><span class='ocrx_word' id='word_1_446' title='bbox 1951 3057 2130 3112; x_wconf 80' lang='lat' dir='ltr'><strong>Statim</strong></span> <span class='ocrx_word' id='word_1_447' title='bbox 2154 3052 2327 3122; x_wconf 85' lang='lat' dir='ltr'><strong>qualis</strong></span> <span class='ocrx_word' id='word_1_448' title='bbox 2349 3051 2418 3104; x_wconf 87' lang='lat' dir='ltr'><strong>sit</strong></span> <span class='ocrx_word' id='word_1_449' title='bbox 2442 3058 2551 3103; x_wconf 89' lang='lat' dir='ltr'><strong>tota</strong></span> <span class='ocrx_word' id='word_1_450' title='bbox 2574 3062 2749 3102; x_wconf 90' lang='lat' dir='ltr'><strong>massa</strong></span> <span class='ocrx_word' id='word_1_451' title='bbox 2772 3061 2833 3099; x_wconf 79' lang='lat' dir='ltr'><strong>ex</strong></span> <span class='ocrx_word' id='word_1_452' title='bbox 2859 3042 3149 3114; x_wconf 77' lang='lat' dir='ltr'><strong>quamlibet</strong></span> <span class='ocrx_word' id='word_1_453' title='bbox 3171 3026 3333 3109; x_wconf 78' lang='lat' dir='ltr'><strong>parvo</strong></span> <span class='ocrx_word' id='word_1_454' title='bbox 3356 3053 3536 3092; x_wconf 78' lang='lat' dir='ltr'><strong>exem-</strong></span> 
     </span>
    </p>
   </div>
   <div class='ocr_carea' id='block_1_62' title="bbox 1954 3134 3535 3218">
    <p class='ocr_par' dir='ltr' id='par_1_62' title="bbox 1954 3134 3535 3218">
     <span class='ocr_line' id='line_1_62' title="bbox 1954 3134 3535 3218; baseline -0.01 -18"><span class='ocrx_word' id='word_1_455' title='bbox 1954 3148 2041 3218; x_wconf 92' lang='lat' dir='ltr'><strong>plo</strong></span> <span class='ocrx_word' id='word_1_456' title='bbox 2076 3146 2284 3216; x_wconf 77' lang='lat' dir='ltr'><strong>possint</strong></span> <span class='ocrx_word' id='word_1_457' title='bbox 2313 3143 2580 3211; x_wconf 85' lang='lat' dir='ltr'><strong>judicare.</strong></span> <span class='ocrx_word' id='word_1_458' title='bbox 2631 3138 2812 3208; x_wconf 85' lang='lat' dir='ltr'><strong>Itaque</strong></span> <span class='ocrx_word' id='word_1_459' title='bbox 2841 3137 2905 3190; x_wconf 87' lang='lat' dir='ltr'><strong>ad</strong></span> <span class='ocrx_word' id='word_1_460' title='bbox 2936 3135 3122 3191; x_wconf 88' lang='lat' dir='ltr'><strong>doctos</strong></span> <span class='ocrx_word' id='word_1_461' title='bbox 3154 3134 3395 3187; x_wconf 89' lang='lat' dir='ltr'><strong>homines</strong></span> <span class='ocrx_word' id='word_1_462' title='bbox 3418 3146 3535 3191; x_wconf 86' lang='lat' dir='ltr'><strong>ma-</strong></span> 
     </span>
    </p>
   </div>
   <div class='ocr_carea' id='block_1_63' title="bbox 281 3225 3535 3317">
    <p class='ocr_par' dir='ltr' id='par_1_63' title="bbox 281 3225 3535 3317">
     <span class='ocr_line' id='line_1_63' title="bbox 281 3225 3535 3317; baseline -0.007 -16"><span class='ocrx_word' id='word_1_463' title='bbox 281 3248 429 3317; x_wconf 87' lang='lat' dir='ltr'><strong>nique</strong></span> <span class='ocrx_word' id='word_1_464' title='bbox 458 3248 529 3302; x_wconf 87' lang='lat' dir='ltr'><strong>ita</strong></span> <span class='ocrx_word' id='word_1_465' title='bbox 560 3262 647 3303; x_wconf 89' lang='lat' dir='ltr'><strong>me</strong></span> <span class='ocrx_word' id='word_1_466' title='bbox 676 3247 951 3308; x_wconf 89' lang='lat' dir='ltr'><strong>consolor,</strong></span> <span class='ocrx_word' id='word_1_467' title='bbox 982 3245 1026 3300; x_wconf 92' lang='lat' dir='ltr'><strong>si</strong></span> <span class='ocrx_word' id='word_1_468' title='bbox 1056 3244 1124 3299; x_wconf 90' lang='lat' dir='ltr'><strong>ab</strong></span> <span class='ocrx_word' id='word_1_469' title='bbox 1153 3242 1457 3299; x_wconf 91' lang='lat' dir='ltr'><strong>hominibus</strong></span> <span class='ocrx_word' id='word_1_470' title='bbox 1488 3238 1629 3294; x_wconf 90' lang='lat' dir='ltr'><strong>nulla</strong></span> <span class='ocrx_word' id='word_1_471' title='bbox 1660 3237 1846 3293; x_wconf 89' lang='lat' dir='ltr'><strong>redeat</strong></span> <span class='ocrx_word' id='word_1_472' title='bbox 1872 3239 1919 3304; x_wconf 79' lang='grc' dir='ltr'>ο</span> <span class='ocrx_word' id='word_1_473' title='bbox 1948 3256 2050 3311; x_wconf 84' lang='lat' dir='ltr'><strong>gna</strong></span> <span class='ocrx_word' id='word_1_474' title='bbox 2081 3254 2210 3293; x_wconf 87' lang='lat' dir='ltr'><strong>sane</strong></span> <span class='ocrx_word' id='word_1_475' title='bbox 2241 3252 2302 3291; x_wconf 90' lang='lat' dir='ltr'><strong>ac</strong></span> <span class='ocrx_word' id='word_1_476' title='bbox 2333 3233 2618 3303; x_wconf 89' lang='lat' dir='ltr'><strong>injucunda</strong></span> <span class='ocrx_word' id='word_1_477' title='bbox 2645 3247 2762 3287; x_wconf 90' lang='lat' dir='ltr'><strong>sum</strong></span> <span class='ocrx_word' id='word_1_478' title='bbox 2798 3229 3041 3284; x_wconf 87' lang='lat' dir='ltr'><strong>molestia</strong></span> <span class='ocrx_word' id='word_1_479' title='bbox 3076 3229 3332 3282; x_wconf 90' lang='lat' dir='ltr'><strong>liberatus</strong></span> <span class='ocrx_word' id='word_1_480' title='bbox 3359 3225 3535 3279; x_wconf 89' lang='lat' dir='ltr'><strong>stulti-</strong></span> 
     </span>
    </p>
   </div>
   <div class='ocr_carea' id='block_1_64' title="bbox 281 3330 1842 3411">
    <p class='ocr_par' dir='ltr' id='par_1_64' title="bbox 281 3330 1842 3411">
     <span class='ocr_line' id='line_1_64' title="bbox 281 3330 1842 3411; baseline -0.006 -19"><span class='ocrx_word' id='word_1_481' title='bbox 281 3339 340 3394; x_wconf 85' lang='lat' dir='ltr'><strong>ad</strong></span> <span class='ocrx_word' id='word_1_482' title='bbox 364 3355 461 3395; x_wconf 90' lang='lat' dir='ltr'><strong>nos</strong></span> <span class='ocrx_word' id='word_1_483' title='bbox 492 3344 684 3411; x_wconf 89' lang='lat' dir='ltr'><strong>gratia,</strong></span> <span class='ocrx_word' id='word_1_484' title='bbox 716 3354 822 3395; x_wconf 91' lang='lat' dir='ltr'><strong>non</strong></span> <span class='ocrx_word' id='word_1_485' title='bbox 858 3339 1085 3394; x_wconf 90' lang='lat' dir='ltr'><strong>deerunt</strong></span> <span class='ocrx_word' id='word_1_486' title='bbox 1117 3337 1308 3407; x_wconf 91' lang='lat' dir='ltr'><strong>quibus</strong></span> <span class='ocrx_word' id='word_1_487' title='bbox 1337 3334 1597 3390; x_wconf 91' lang='lat' dir='ltr'><strong>adductus</strong></span> <span class='ocrx_word' id='word_1_488' title='bbox 1645 3330 1842 3400; x_wconf 84' lang='lat' dir='ltr'><strong>impul-</strong></span> 
     </span>
    </p>
   </div>
   <div class='ocr_carea' id='block_1_65' title="bbox 286 3421 1840 3501">
    <p class='ocr_par' dir='ltr' id='par_1_65' title="bbox 286 3421 1840 3501">
     <span class='ocr_line' id='line_1_65' title="bbox 286 3421 1840 3501; baseline -0.006 -19"><span class='ocrx_word' id='word_1_489' title='bbox 286 3444 460 3501; x_wconf 87' lang='lat' dir='ltr'><strong>susque</strong></span> <span class='ocrx_word' id='word_1_490' title='bbox 482 3432 619 3485; x_wconf 89' lang='lat' dir='ltr'><strong>hanc</strong></span> <span class='ocrx_word' id='word_1_491' title='bbox 649 3446 735 3485; x_wconf 90' lang='lat' dir='ltr'><strong>me</strong></span> <span class='ocrx_word' id='word_1_492' title='bbox 761 3444 977 3499; x_wconf 87' lang='lat' dir='ltr'><strong>Operam</strong></span> <span class='ocrx_word' id='word_1_493' title='bbox 1009 3442 1237 3483; x_wconf 86' lang='lat' dir='ltr'><strong>navasse</strong></span> <span class='ocrx_word' id='word_1_494' title='bbox 1266 3439 1534 3494; x_wconf 88' lang='lat' dir='ltr'><strong>nunquam</strong></span> <span class='ocrx_word' id='word_1_495' title='bbox 1564 3421 1840 3492; x_wconf 74' lang='lat' dir='ltr'><strong>poeniteat.</strong></span> 
     </span>
    </p>
   </div>
   <div class='ocr_carea' id='block_1_66' title="bbox 292 3513 1840 3581">
    <p class='ocr_par' dir='ltr' id='par_1_66' title="bbox 292 3513 1840 3581">
     <span class='ocr_line' id='line_1_66' title="bbox 292 3513 1840 3581; baseline -0.007 -6"><span class='ocrx_word' id='word_1_496' title='bbox 292 3520 403 3575; x_wconf 78' lang='lat' dir='ltr'><strong>Nam</strong></span> <span class='ocrx_word' id='word_1_497' title='bbox 429 3532 479 3577; x_wconf 91' lang='lat' dir='ltr'><strong>et</strong></span> <span class='ocrx_word' id='word_1_498' title='bbox 508 3523 821 3577; x_wconf 88' lang='lat' dir='ltr'><strong>obsecutum</strong></span> <span class='ocrx_word' id='word_1_499' title='bbox 849 3534 969 3574; x_wconf 86' lang='lat' dir='ltr'><strong>esse</strong></span> <span class='ocrx_word' id='word_1_500' title='bbox 992 3519 1217 3573; x_wconf 88' lang='lat' dir='ltr'><strong>Erasmo</strong></span> <span class='ocrx_word' id='word_1_501' title='bbox 1248 3530 1390 3581; x_wconf 90' lang='lat' dir='ltr'><strong>meo,</strong></span> <span class='ocrx_word' id='word_1_502' title='bbox 1423 3524 1530 3570; x_wconf 90' lang='lat' dir='ltr'><strong>tam</strong></span> <span class='ocrx_word' id='word_1_503' title='bbox 1560 3528 1648 3567; x_wconf 86' lang='lat' dir='ltr'><strong>me</strong></span> <span class='ocrx_word' id='word_1_504' title='bbox 1669 3513 1840 3581; x_wconf 88' lang='lat' dir='ltr'><strong>juvat,</strong></span> 
     </span>
    </p>
   </div>
   <div class='ocr_carea' id='block_1_67' title="bbox 292 3609 1841 3681">
    <p class='ocr_par' dir='ltr' id='par_1_67' title="bbox 292 3609 1841 3681">
     <span class='ocr_line' id='line_1_67' title="bbox 292 3609 1841 3681; baseline -0.006 -16"><span class='ocrx_word' id='word_1_505' title='bbox 292 3628 427 3681; x_wconf 85' lang='lat' dir='ltr'><strong>quam</strong></span> <span class='ocrx_word' id='word_1_506' title='bbox 475 3614 620 3668; x_wconf 88' lang='lat' dir='ltr'><strong>nefas</strong></span> <span class='ocrx_word' id='word_1_507' title='bbox 657 3612 847 3668; x_wconf 87' lang='lat' dir='ltr'><strong>fuisset</strong></span> <span class='ocrx_word' id='word_1_508' title='bbox 883 3609 1023 3680; x_wconf 91' lang='lat' dir='ltr'><strong>quod</strong></span> <span class='ocrx_word' id='word_1_509' title='bbox 1067 3609 1364 3676; x_wconf 88' lang='lat' dir='ltr'><strong>imponeret</strong></span> <span class='ocrx_word' id='word_1_510' title='bbox 1401 3620 1537 3659; x_wconf 87' lang='lat' dir='ltr'><strong>onus</strong></span> <span class='ocrx_word' id='word_1_511' title='bbox 1573 3617 1841 3665; x_wconf 89' lang='lat' dir='ltr'><strong>recusare,</strong></span> 
     </span>
    </p>
   </div>
   <div class='ocr_carea' id='block_1_68' title="bbox 293 3692 1843 3770">
    <p class='ocr_par' dir='ltr' id='par_1_68' title="bbox 293 3692 1843 3770">
     <span class='ocr_line' id='line_1_68' title="bbox 293 3692 1843 3770; baseline -0.005 -16"><span class='ocrx_word' id='word_1_512' title='bbox 293 3703 370 3770; x_wconf 88' lang='lat' dir='ltr'><strong>qui</strong></span> <span class='ocrx_word' id='word_1_513' title='bbox 399 3705 445 3757; x_wconf 90' lang='lat' dir='ltr'><strong>in</strong></span> <span class='ocrx_word' id='word_1_514' title='bbox 472 3718 555 3757; x_wconf 90' lang='lat' dir='ltr'><strong>me</strong></span> <span class='ocrx_word' id='word_1_515' title='bbox 588 3712 644 3757; x_wconf 92' lang='lat' dir='ltr'><strong>et</strong></span> <span class='ocrx_word' id='word_1_516' title='bbox 671 3702 903 3756; x_wconf 90' lang='lat' dir='ltr'><strong>hominis</strong></span> <span class='ocrx_word' id='word_1_517' title='bbox 932 3709 1078 3755; x_wconf 88' lang='lat' dir='ltr'><strong>arcta</strong></span> <span class='ocrx_word' id='word_1_518' title='bbox 1117 3712 1325 3753; x_wconf 88' lang='lat' dir='ltr'><strong>mecum</strong></span> <span class='ocrx_word' id='word_1_519' title='bbox 1355 3696 1591 3750; x_wconf 88' lang='lat' dir='ltr'><strong>amicitia</strong></span> <span class='ocrx_word' id='word_1_520' title='bbox 1621 3692 1843 3761; x_wconf 88' lang='lat' dir='ltr'><strong>conjun-</strong></span> 
     </span>
    </p>
   </div>
   <div class='ocr_carea' id='block_1_69' title="bbox 292 3789 1845 3863">
    <p class='ocr_par' dir='ltr' id='par_1_69' title="bbox 292 3789 1845 3863">
     <span class='ocr_line' id='line_1_69' title="bbox 292 3789 1845 3863; baseline -0.008 -16"><span class='ocrx_word' id='word_1_521' title='bbox 292 3793 512 3859; x_wconf 84' lang='lat' dir='ltr'><strong>ctissimi,</strong></span> <span class='ocrx_word' id='word_1_522' title='bbox 535 3805 588 3848; x_wconf 91' lang='lat' dir='ltr'><strong>et</strong></span> <span class='ocrx_word' id='word_1_523' title='bbox 612 3794 955 3863; x_wconf 68' lang='lat' dir='ltr'><strong>praeceptoris</strong></span> <span class='ocrx_word' id='word_1_524' title='bbox 977 3790 1177 3860; x_wconf 90' lang='lat' dir='ltr'><strong>optime</strong></span> <span class='ocrx_word' id='word_1_525' title='bbox 1200 3789 1396 3852; x_wconf 89' lang='lat' dir='ltr'><strong>meriti,</strong></span> <span class='ocrx_word' id='word_1_526' title='bbox 1421 3790 1507 3855; x_wconf 90' lang='lat' dir='ltr'><strong>jtts</strong></span> <span class='ocrx_word' id='word_1_527' title='bbox 1532 3801 1594 3840; x_wconf 86' lang='lat' dir='ltr'><strong>ac</strong></span> <span class='ocrx_word' id='word_1_528' title='bbox 1614 3793 1845 3854; x_wconf 87' lang='lat' dir='ltr'><strong>potesta-</strong></span> 
     </span>
    </p>
   </div>
   <div class='ocr_carea' id='block_1_70' title="bbox 292 3876 1846 3945">
    <p class='ocr_par' dir='ltr' id='par_1_70' title="bbox 292 3876 1846 3945">
     <span class='ocr_line' id='line_1_70' title="bbox 292 3876 1846 3945; baseline -0.012 0"><span class='ocrx_word' id='word_1_529' title='bbox 292 3894 385 3945; x_wconf 71' lang='lat' dir='ltr'><strong>tem</strong></span> <span class='ocrx_word' id='word_1_530' title='bbox 408 3886 575 3942; x_wconf 91' lang='lat' dir='ltr'><strong>habet.</strong></span> <span class='ocrx_word' id='word_1_531' title='bbox 601 3886 734 3941; x_wconf 91' lang='lat' dir='ltr'><strong>Tum</strong></span> <span class='ocrx_word' id='word_1_532' title='bbox 759 3886 958 3940; x_wconf 90' lang='lat' dir='ltr'><strong>interea</strong></span> <span class='ocrx_word' id='word_1_533' title='bbox 986 3884 1113 3939; x_wconf 90' lang='lat' dir='ltr'><strong>dum</strong></span> <span class='ocrx_word' id='word_1_534' title='bbox 1141 3883 1255 3937; x_wconf 67' lang='lat' dir='ltr'><strong>haec</strong></span> <span class='ocrx_word' id='word_1_535' title='bbox 1284 3896 1402 3936; x_wconf 88' lang='lat' dir='ltr'><strong>sum</strong></span> <span class='ocrx_word' id='word_1_536' title='bbox 1434 3877 1721 3933; x_wconf 89' lang='lat' dir='ltr'><strong>meditatus</strong></span> <span class='ocrx_word' id='word_1_537' title='bbox 1750 3876 1846 3928; x_wconf 87' lang='lat' dir='ltr'><strong>ho-</strong></span> 
     </span>
    </p>
   </div>
   <div class='ocr_carea' id='block_1_71' title="bbox 288 3969 1844 4043">
    <p class='ocr_par' dir='ltr' id='par_1_71' title="bbox 288 3969 1844 4043">
     <span class='ocr_line' id='line_1_71' title="bbox 288 3969 1844 4043; baseline -0.004 -11"><span class='ocrx_word' id='word_1_538' title='bbox 288 3980 571 4034; x_wconf 90' lang='lat' dir='ltr'><strong>nestissimo</strong></span> <span class='ocrx_word' id='word_1_539' title='bbox 598 3993 686 4034; x_wconf 90' lang='lat' dir='ltr'><strong>me</strong></span> <span class='ocrx_word' id='word_1_540' title='bbox 717 3978 1141 4034; x_wconf 83' lang='lat' dir='ltr'><strong>exercitamento</strong></span> <span class='ocrx_word' id='word_1_541' title='bbox 1170 3986 1460 4043; x_wconf 88' lang='lat' dir='ltr'><strong>occupasse</strong></span> <span class='ocrx_word' id='word_1_542' title='bbox 1479 4012 1493 4036; x_wconf 92' lang='lat'><strong>,</strong></span> <span class='ocrx_word' id='word_1_543' title='bbox 1524 3979 1579 4025; x_wconf 88' lang='lat' dir='ltr'><strong>et</strong></span> <span class='ocrx_word' id='word_1_544' title='bbox 1608 3969 1844 4025; x_wconf 90' lang='lat' dir='ltr'><strong>animum</strong></span> 
     </span>
    </p>
   </div>
   <div class='ocr_carea' id='block_1_72' title="bbox 287 4061 1847 4140">
    <p class='ocr_par' dir='ltr' id='par_1_72' title="bbox 287 4061 1847 4140">
     <span class='ocr_line' id='line_1_72' title="bbox 287 4061 1847 4140; baseline -0.008 -13"><span class='ocrx_word' id='word_1_545' title='bbox 287 4081 607 4140; x_wconf 85' lang='lat' dir='ltr'><strong>mentemque</strong></span> <span class='ocrx_word' id='word_1_546' title='bbox 635 4069 843 4127; x_wconf 89' lang='lat' dir='ltr'><strong>crebris</strong></span> <span class='ocrx_word' id='word_1_547' title='bbox 872 4068 1118 4138; x_wconf 84' lang='lat' dir='ltr'><strong>cogitatis</strong></span> <span class='ocrx_word' id='word_1_548' title='bbox 1148 4067 1430 4120; x_wconf 90' lang='lat' dir='ltr'><strong>honestate</strong></span> <span class='ocrx_word' id='word_1_549' title='bbox 1472 4078 1536 4117; x_wconf 89' lang='lat' dir='ltr'><strong>ac</strong></span> <span class='ocrx_word' id='word_1_550' title='bbox 1565 4061 1847 4116; x_wconf 89' lang='lat' dir='ltr'><strong>sanctitate</strong></span> 
     </span>
    </p>
   </div>
   <div class='ocr_carea' id='block_1_73' title="bbox 286 4158 1847 4233">
    <p class='ocr_par' dir='ltr' id='par_1_73' title="bbox 286 4158 1847 4233">
     <span class='ocr_line' id='line_1_73' title="bbox 286 4158 1847 4233; baseline -0.008 -17"><span class='ocrx_word' id='word_1_551' title='bbox 286 4162 633 4233; x_wconf 70' lang='lat' dir='ltr'><strong>refertissimis</strong></span> <span class='ocrx_word' id='word_1_552' title='bbox 678 4160 954 4227; x_wconf 87' lang='lat' dir='ltr'><strong>imbuisse,</strong></span> <span class='ocrx_word' id='word_1_553' title='bbox 985 4174 1104 4229; x_wconf 67' lang='lat' dir='ltr'><strong>qua:</strong></span> <span class='ocrx_word' id='word_1_554' title='bbox 1132 4158 1517 4229; x_wconf 89' lang='lat' dir='ltr'><strong>promptiorem</strong></span> <span class='ocrx_word' id='word_1_555' title='bbox 1563 4168 1647 4207; x_wconf 91' lang='lat' dir='ltr'><strong>me</strong></span> <span class='ocrx_word' id='word_1_556' title='bbox 1688 4163 1847 4228; x_wconf 85' lang='lat' dir='ltr'><strong>atque</strong></span> 
     </span>
    </p>
   </div>
   <div class='ocr_carea' id='block_1_74' title="bbox 283 4244 1845 4327">
    <p class='ocr_par' dir='ltr' id='par_1_74' title="bbox 283 4244 1845 4327">
     <span class='ocr_line' id='line_1_74' title="bbox 283 4244 1845 4327; baseline -0.006 -20"><span class='ocrx_word' id='word_1_557' title='bbox 283 4254 647 4323; x_wconf 78' lang='lat' dir='ltr'><strong>expeditiorem</strong></span> <span class='ocrx_word' id='word_1_558' title='bbox 679 4254 744 4308; x_wconf 92' lang='lat' dir='ltr'><strong>ad</strong></span> <span class='ocrx_word' id='word_1_559' title='bbox 788 4253 927 4307; x_wconf 90' lang='lat' dir='ltr'><strong>bene</strong></span> <span class='ocrx_word' id='word_1_560' title='bbox 962 4262 1015 4306; x_wconf 88' lang='lat' dir='ltr'><strong>et</strong></span> <span class='ocrx_word' id='word_1_561' title='bbox 1052 4251 1352 4327; x_wconf 84' lang='lat' dir='ltr'><strong>Christiane</strong></span> <span class='ocrx_word' id='word_1_562' title='bbox 1390 4246 1676 4301; x_wconf 89' lang='lat' dir='ltr'><strong>vivendum</strong></span> <span class='ocrx_word' id='word_1_563' title='bbox 1720 4244 1845 4299; x_wconf 56' lang='lat' dir='ltr'><strong>red-</strong></span> 
     </span>
    </p>
   </div>
   <div class='ocr_carea' id='block_1_75' title="bbox 283 4339 1845 4414">
    <p class='ocr_par' dir='ltr' id='par_1_75' title="bbox 283 4339 1845 4414">
     <span class='ocr_line' id='line_1_75' title="bbox 283 4339 1845 4414; baseline -0.004 -13"><span class='ocrx_word' id='word_1_564' title='bbox 283 4348 418 4404; x_wconf 88' lang='lat' dir='ltr'><strong>dant.</strong></span> <span class='ocrx_word' id='word_1_565' title='bbox 460 4349 585 4404; x_wconf 85' lang='lat' dir='ltr'><strong>Haec</strong></span> <span class='ocrx_word' id='word_1_566' title='bbox 609 4363 733 4414; x_wconf 89' lang='lat' dir='ltr'><strong>una,</strong></span> <span class='ocrx_word' id='word_1_567' title='bbox 768 4347 816 4402; x_wconf 90' lang='lat' dir='ltr'><strong>si</strong></span> <span class='ocrx_word' id='word_1_568' title='bbox 857 4355 1052 4401; x_wconf 75' lang='lat' dir='ltr'><strong>czctera</strong></span> <span class='ocrx_word' id='word_1_569' title='bbox 1098 4345 1279 4398; x_wconf 89' lang='lat' dir='ltr'><strong>desint</strong></span> <span class='ocrx_word' id='word_1_570' title='bbox 1322 4343 1598 4407; x_wconf 86' lang='lat' dir='ltr'><strong>universa,</strong></span> <span class='ocrx_word' id='word_1_571' title='bbox 1635 4339 1845 4395; x_wconf 90' lang='lat' dir='ltr'><strong>abunde</strong></span> 
     </span>
    </p>
   </div>
   <div class='ocr_carea' id='block_1_76' title="bbox 279 4430 1846 4509">
    <p class='ocr_par' dir='ltr' id='par_1_76' title="bbox 279 4430 1846 4509">
     <span class='ocr_line' id='line_1_76' title="bbox 279 4430 1846 4509; baseline -0.004 -17"><span class='ocrx_word' id='word_1_572' title='bbox 279 4440 441 4509; x_wconf 86' lang='lat' dir='ltr'><strong>ampla</strong></span> <span class='ocrx_word' id='word_1_573' title='bbox 474 4450 527 4495; x_wconf 91' lang='lat' dir='ltr'><strong>et</strong></span> <span class='ocrx_word' id='word_1_574' title='bbox 565 4438 849 4507; x_wconf 84' lang='lat' dir='ltr'><strong>magniﬁca</strong></span> <span class='ocrx_word' id='word_1_575' title='bbox 890 4450 1098 4491; x_wconf 90' lang='lat' dir='ltr'><strong>merces</strong></span> <span class='ocrx_word' id='word_1_576' title='bbox 1126 4445 1227 4489; x_wconf 89' lang='lat' dir='ltr'><strong>est.</strong></span> <span class='ocrx_word' id='word_1_577' title='bbox 1272 4432 1583 4495; x_wconf 86' lang='lat' dir='ltr'><strong>Postremo,</strong></span> <span class='ocrx_word' id='word_1_578' title='bbox 1616 4440 1671 4484; x_wconf 92' lang='lat' dir='ltr'><strong>ut</strong></span> <span class='ocrx_word' id='word_1_579' title='bbox 1700 4430 1846 4485; x_wconf 89' lang='lat' dir='ltr'><strong>aliud</strong></span> 
     </span>
    </p>
   </div>
   <div class='ocr_carea' id='block_1_77' title="bbox 280 4523 1847 4602">
    <p class='ocr_par' dir='ltr' id='par_1_77' title="bbox 280 4523 1847 4602">
     <span class='ocr_line' id='line_1_77' title="bbox 280 4523 1847 4602; baseline -0.006 -16"><span class='ocrx_word' id='word_1_580' title='bbox 280 4532 403 4587; x_wconf 89' lang='lat' dir='ltr'><strong>nihil</strong></span> <span class='ocrx_word' id='word_1_581' title='bbox 423 4542 684 4602; x_wconf 85' lang='lat' dir='ltr'><strong>reputem,</strong></span> <span class='ocrx_word' id='word_1_582' title='bbox 708 4530 815 4585; x_wconf 90' lang='lat' dir='ltr'><strong>nisi</strong></span> <span class='ocrx_word' id='word_1_583' title='bbox 840 4543 925 4583; x_wconf 91' lang='lat' dir='ltr'><strong>me</strong></span> <span class='ocrx_word' id='word_1_584' title='bbox 944 4528 1178 4582; x_wconf 89' lang='lat' dir='ltr'><strong>voluisse</strong></span> <span class='ocrx_word' id='word_1_585' title='bbox 1197 4526 1516 4594; x_wconf 85' lang='lat' dir='ltr'><strong>Augustino,</strong></span> <span class='ocrx_word' id='word_1_586' title='bbox 1546 4534 1599 4578; x_wconf 90' lang='lat' dir='ltr'><strong>et</strong></span> <span class='ocrx_word' id='word_1_587' title='bbox 1624 4523 1847 4592; x_wconf 90' lang='lat' dir='ltr'><strong>proinde</strong></span> 
     </span>
    </p>
   </div>
   <div class='ocr_carea' id='block_1_78' title="bbox 1952 3319 3532 3400">
    <p class='ocr_par' dir='ltr' id='par_1_78' title="bbox 1952 3319 3532 3400">
     <span class='ocr_line' id='line_1_78' title="bbox 1952 3319 3532 3400; baseline -0.011 -12"><span class='ocrx_word' id='word_1_588' title='bbox 1952 3335 2042 3395; x_wconf 81' lang='lat' dir='ltr'><strong>tiis</strong></span> <span class='ocrx_word' id='word_1_589' title='bbox 2072 3333 2181 3386; x_wconf 89' lang='lat' dir='ltr'><strong>illis</strong></span> <span class='ocrx_word' id='word_1_590' title='bbox 2211 3329 2613 3400; x_wconf 35' lang='lat' dir='ltr'><strong>patel’aciendis.</strong></span> <span class='ocrx_word' id='word_1_591' title='bbox 2645 3325 2786 3380; x_wconf 82' lang='lat' dir='ltr'><strong>Nihil</strong></span> <span class='ocrx_word' id='word_1_592' title='bbox 2818 3324 2959 3377; x_wconf 88' lang='lat' dir='ltr'><strong>enim</strong></span> <span class='ocrx_word' id='word_1_593' title='bbox 2989 3333 3070 3377; x_wconf 91' lang='lat' dir='ltr'><strong>est</strong></span> <span class='ocrx_word' id='word_1_594' title='bbox 3100 3335 3273 3390; x_wconf 89' lang='lat' dir='ltr'><strong>neque</strong></span> <span class='ocrx_word' id='word_1_595' title='bbox 3297 3319 3532 3389; x_wconf 83' lang='lat' dir='ltr'><strong>gravius,</strong></span> 
     </span>
    </p>
   </div>
   <div class='ocr_carea' id='block_1_79' title="bbox 1950 3414 3531 3496">
    <p class='ocr_par' dir='ltr' id='par_1_79' title="bbox 1950 3414 3531 3496">
     <span class='ocr_line' id='line_1_79' title="bbox 1950 3414 3531 3496; baseline -0.01 -15"><span class='ocrx_word' id='word_1_596' title='bbox 1950 3442 2126 3496; x_wconf 90' lang='lat' dir='ltr'><strong>neque</strong></span> <span class='ocrx_word' id='word_1_597' title='bbox 2166 3424 2482 3491; x_wconf 84' lang='lat' dir='ltr'><strong>insuavius,</strong></span> <span class='ocrx_word' id='word_1_598' title='bbox 2530 3435 2689 3487; x_wconf 87' lang='lat' dir='ltr'><strong>quam</strong></span> <span class='ocrx_word' id='word_1_599' title='bbox 2735 3418 2898 3485; x_wconf 77' lang='lat' dir='ltr'><strong>stulta</strong></span> <span class='ocrx_word' id='word_1_600' title='bbox 2940 3416 3174 3473; x_wconf 88' lang='lat' dir='ltr'><strong>refutare</strong></span> <span class='ocrx_word' id='word_1_601' title='bbox 3220 3414 3531 3482; x_wconf 86' lang='lat' dir='ltr'><strong>prudenter.</strong></span> 
     </span>
    </p>
   </div>
   <div class='ocr_carea' id='block_1_80' title="bbox 1949 3508 3533 3588">
    <p class='ocr_par' dir='ltr' id='par_1_80' title="bbox 1949 3508 3533 3588">
     <span class='ocr_line' id='line_1_80' title="bbox 1949 3508 3533 3588; baseline -0.009 -14"><span class='ocrx_word' id='word_1_602' title='bbox 1949 3521 2081 3588; x_wconf 82' lang='lat' dir='ltr'><strong>Quae</strong></span> <span class='ocrx_word' id='word_1_603' title='bbox 2120 3520 2166 3572; x_wconf 93' lang='lat' dir='ltr'><strong>si</strong></span> <span class='ocrx_word' id='word_1_604' title='bbox 2214 3527 2417 3572; x_wconf 86' lang='lat' dir='ltr'><strong>tantum</strong></span> <span class='ocrx_word' id='word_1_605' title='bbox 2450 3514 2687 3577; x_wconf 89' lang='lat' dir='ltr'><strong>indices,</strong></span> <span class='ocrx_word' id='word_1_606' title='bbox 2724 3526 2817 3582; x_wconf 91' lang='lat' dir='ltr'><strong>pro</strong></span> <span class='ocrx_word' id='word_1_607' title='bbox 2848 3511 3028 3564; x_wconf 83' lang='lat' dir='ltr'><strong>stultis</strong></span> <span class='ocrx_word' id='word_1_608' title='bbox 3075 3509 3420 3577; x_wconf 80' lang='lat' dir='ltr'><strong>rejicientur;</strong></span> <span class='ocrx_word' id='word_1_609' title='bbox 3450 3508 3533 3560; x_wconf 92' lang='lat' dir='ltr'><strong>sin</strong></span> 
     </span>
    </p>
   </div>
   <div class='ocr_carea' id='block_1_81' title="bbox 1949 3600 3531 3681">
    <p class='ocr_par' dir='ltr' id='par_1_81' title="bbox 1949 3600 3531 3681">
     <span class='ocr_line' id='line_1_81' title="bbox 1949 3600 3531 3681; baseline -0.009 -15"><span class='ocrx_word' id='word_1_610' title='bbox 1949 3626 2166 3681; x_wconf 84' lang='lat' dir='ltr'><strong>Operam</strong></span> <span class='ocrx_word' id='word_1_611' title='bbox 2209 3611 2261 3663; x_wconf 91' lang='lat' dir='ltr'><strong>in</strong></span> <span class='ocrx_word' id='word_1_612' title='bbox 2303 3622 2490 3662; x_wconf 89' lang='lat' dir='ltr'><strong>eorum</strong></span> <span class='ocrx_word' id='word_1_613' title='bbox 2534 3615 2720 3659; x_wconf 83' lang='lat' dir='ltr'><strong>natura</strong></span> <span class='ocrx_word' id='word_1_614' title='bbox 2761 3601 3082 3663; x_wconf 88' lang='lat' dir='ltr'><strong>declaranda</strong></span> <span class='ocrx_word' id='word_1_615' title='bbox 3123 3600 3381 3664; x_wconf 89' lang='lat' dir='ltr'><strong>insumas,</strong></span> <span class='ocrx_word' id='word_1_616' title='bbox 3423 3612 3531 3651; x_wconf 91' lang='lat' dir='ltr'><strong>non</strong></span> 
     </span>
    </p>
   </div>
   <div class='ocr_carea' id='block_1_82' title="bbox 1948 3689 3530 3765">
    <p class='ocr_par' dir='ltr' id='par_1_82' title="bbox 1948 3689 3530 3765">
     <span class='ocr_line' id='line_1_82' title="bbox 1948 3689 3530 3765; baseline -0.01 -6"><span class='ocrx_word' id='word_1_617' title='bbox 1948 3711 2058 3759; x_wconf 82' lang='lat' dir='ltr'><strong>tam</strong></span> <span class='ocrx_word' id='word_1_618' title='bbox 2081 3700 2470 3757; x_wconf 85' lang='lat' dir='ltr'><strong>contemnenda</strong></span> <span class='ocrx_word' id='word_1_619' title='bbox 2494 3690 2707 3761; x_wconf 80' lang='lat' dir='ltr'><strong>reddas&#39;,</strong></span> <span class='ocrx_word' id='word_1_620' title='bbox 2733 3710 2890 3765; x_wconf 89' lang='lat' dir='ltr'><strong>quam</strong></span> <span class='ocrx_word' id='word_1_621' title='bbox 2913 3695 3087 3747; x_wconf 91' lang='lat' dir='ltr'><strong>minus</strong></span> <span class='ocrx_word' id='word_1_622' title='bbox 3114 3690 3253 3760; x_wconf 86' lang='lat' dir='ltr'><strong>apud</strong></span> <span class='ocrx_word' id='word_1_623' title='bbox 3275 3689 3530 3763; x_wconf 86' lang='lat' dir='ltr'><strong>quosdam</strong></span> 
     </span>
    </p>
   </div>
   <div class='ocr_carea' id='block_1_83' title="bbox 1950 3780 3529 3851">
    <p class='ocr_par' dir='ltr' id='par_1_83' title="bbox 1950 3780 3529 3851">
     <span class='ocr_line' id='line_1_83' title="bbox 1950 3780 3529 3851; baseline -0.011 -2"><span class='ocrx_word' id='word_1_624' title='bbox 1950 3792 2117 3851; x_wconf 85' lang='lat' dir='ltr'><strong>facias</strong></span> <span class='ocrx_word' id='word_1_625' title='bbox 2146 3792 2330 3846; x_wconf 90' lang='lat' dir='ltr'><strong>stulta.</strong></span> <span class='ocrx_word' id='word_1_626' title='bbox 2362 3790 2467 3843; x_wconf 86' lang='lat' dir='ltr'><strong>Nec</strong></span> <span class='ocrx_word' id='word_1_627' title='bbox 2496 3790 2693 3842; x_wconf 87' lang='lat' dir='ltr'><strong>desunt</strong></span> <span class='ocrx_word' id='word_1_628' title='bbox 2732 3802 2797 3840; x_wconf 83' lang='lat' dir='ltr'><strong>ex</strong></span> <span class='ocrx_word' id='word_1_629' title='bbox 2830 3784 3137 3839; x_wconf 90' lang='lat' dir='ltr'><strong>hominibus</strong></span> <span class='ocrx_word' id='word_1_630' title='bbox 3163 3780 3399 3850; x_wconf 90' lang='lat' dir='ltr'><strong>ejusdem</strong></span> <span class='ocrx_word' id='word_1_631' title='bbox 3437 3795 3529 3833; x_wconf 84' lang='lat' dir='ltr'><strong>or-</strong></span> 
     </span>
    </p>
   </div>
   <div class='ocr_carea' id='block_1_84' title="bbox 1950 3873 3532 3953">
    <p class='ocr_par' dir='ltr' id='par_1_84' title="bbox 1950 3873 3532 3953">
     <span class='ocr_line' id='line_1_84' title="bbox 1950 3873 3532 3953; baseline -0.009 -14"><span class='ocrx_word' id='word_1_632' title='bbox 1950 3886 2095 3940; x_wconf 90' lang='lat' dir='ltr'><strong>dinis</strong></span> <span class='ocrx_word' id='word_1_633' title='bbox 2133 3884 2226 3953; x_wconf 91' lang='lat' dir='ltr'><strong>qui</strong></span> <span class='ocrx_word' id='word_1_634' title='bbox 2269 3896 2493 3938; x_wconf 90' lang='lat' dir='ltr'><strong>censere</strong></span> <span class='ocrx_word' id='word_1_635' title='bbox 2538 3880 2777 3948; x_wconf 84' lang='lat' dir='ltr'><strong>possint;</strong></span> <span class='ocrx_word' id='word_1_636' title='bbox 2826 3886 2882 3931; x_wconf 89' lang='lat' dir='ltr'><strong>et</strong></span> <span class='ocrx_word' id='word_1_637' title='bbox 2921 3875 3060 3928; x_wconf 87' lang='lat' dir='ltr'><strong>haud</strong></span> <span class='ocrx_word' id='word_1_638' title='bbox 3100 3873 3262 3927; x_wconf 90' lang='lat' dir='ltr'><strong>dubie</strong></span> <span class='ocrx_word' id='word_1_639' title='bbox 3310 3879 3532 3939; x_wconf 84' lang='lat' dir='ltr'><strong>censent</strong></span> 
     </span>
    </p>
   </div>
   <div class='ocr_carea' id='block_1_85' title="bbox 1928 3960 3531 4045">
    <p class='ocr_par' dir='ltr' id='par_1_85' title="bbox 1928 3960 3531 4045">
     <span class='ocr_line' id='line_1_85' title="bbox 1928 3960 3531 4045; baseline -0.009 -15"><span class='ocrx_word' id='word_1_640' title='bbox 1928 3960 2109 4045; x_wconf 31' lang='lat' dir='ltr'><strong>&#39;quam</strong></span> <span class='ocrx_word' id='word_1_641' title='bbox 2141 3976 2268 4030; x_wconf 80' lang='lat' dir='ltr'><strong>vilia</strong></span> <span class='ocrx_word' id='word_1_642' title='bbox 2297 3985 2351 4028; x_wconf 92' lang='lat' dir='ltr'><strong>et</strong></span> <span class='ocrx_word' id='word_1_643' title='bbox 2378 3970 2723 4040; x_wconf 87' lang='lat' dir='ltr'><strong>despicienda</strong></span> <span class='ocrx_word' id='word_1_644' title='bbox 2754 3971 2862 4024; x_wconf 88' lang='lat' dir='ltr'><strong>sint</strong></span> <span class='ocrx_word' id='word_1_645' title='bbox 2889 3968 3086 4034; x_wconf 87' lang='lat' dir='ltr'><strong>scripta</strong></span> <span class='ocrx_word' id='word_1_646' title='bbox 3120 3965 3211 4019; x_wconf 87' lang='lat' dir='ltr'><strong>illa</strong></span> <span class='ocrx_word' id='word_1_647' title='bbox 3240 3980 3343 4018; x_wconf 90' lang='lat' dir='ltr'><strong>non</strong></span> <span class='ocrx_word' id='word_1_648' title='bbox 3372 3963 3531 4017; x_wconf 91' lang='lat' dir='ltr'><strong>modo</strong></span> 
     </span>
    </p>
   </div>
   <div class='ocr_carea' id='block_1_86' title="bbox 1951 4055 3532 4138">
    <p class='ocr_par' dir='ltr' id='par_1_86' title="bbox 1951 4055 3532 4138">
     <span class='ocr_line' id='line_1_86' title="bbox 1951 4055 3532 4138; baseline -0.009 -15"><span class='ocrx_word' id='word_1_649' title='bbox 1951 4068 2270 4138; x_wconf 86' lang='lat' dir='ltr'><strong>Augustino,</strong></span> <span class='ocrx_word' id='word_1_650' title='bbox 2301 4065 2395 4120; x_wconf 88' lang='lat' dir='ltr'><strong>sed</strong></span> <span class='ocrx_word' id='word_1_651' title='bbox 2427 4081 2492 4119; x_wconf 91' lang='lat' dir='ltr'><strong>ne</strong></span> <span class='ocrx_word' id='word_1_652' title='bbox 2518 4062 2813 4125; x_wconf 90' lang='lat' dir='ltr'><strong>Theodolo,</strong></span> <span class='ocrx_word' id='word_1_653' title='bbox 2846 4060 2928 4114; x_wconf 85' lang='lat' dir='ltr'><strong>vel</strong></span> <span class='ocrx_word' id='word_1_654' title='bbox 2960 4059 3175 4123; x_wconf 83' lang='lat' dir='ltr'><strong>Facete,</strong></span> <span class='ocrx_word' id='word_1_655' title='bbox 3209 4056 3293 4123; x_wconf 86' lang='lat' dir='ltr'><strong>vel</strong></span> <span class='ocrx_word' id='word_1_656' title='bbox 3320 4055 3532 4111; x_wconf 89' lang='lat' dir='ltr'><strong>Floreto</strong></span> 
     </span>
    </p>
   </div>
   <div class='ocr_carea' id='block_1_87' title="bbox 1950 4150 3531 4232">
    <p class='ocr_par' dir='ltr' id='par_1_87' title="bbox 1950 4150 3531 4232">
     <span class='ocr_line' id='line_1_87' title="bbox 1950 4150 3531 4232; baseline -0.009 -15"><span class='ocrx_word' id='word_1_657' title='bbox 1950 4161 2130 4232; x_wconf 84' lang='lat' dir='ltr'><strong>digna.</strong></span> <span class='ocrx_word' id='word_1_658' title='bbox 2158 4160 2357 4214; x_wconf 92' lang='lat' dir='ltr'><strong>Tamen</strong></span> <span class='ocrx_word' id='word_1_659' title='bbox 2384 4160 2506 4227; x_wconf 88' lang='lat' dir='ltr'><strong>quia</strong></span> <span class='ocrx_word' id='word_1_660' title='bbox 2541 4157 2591 4210; x_wconf 89' lang='lat' dir='ltr'><strong>id</strong></span> <span class='ocrx_word' id='word_1_661' title='bbox 2616 4171 2720 4208; x_wconf 91' lang='lat' dir='ltr'><strong>non</strong></span> <span class='ocrx_word' id='word_1_662' title='bbox 2753 4154 2828 4208; x_wconf 91' lang='lat' dir='ltr'><strong>illi</strong></span> <span class='ocrx_word' id='word_1_663' title='bbox 2858 4152 3029 4206; x_wconf 89' lang='lat' dir='ltr'><strong>solum</strong></span> <span class='ocrx_word' id='word_1_664' title='bbox 3055 4150 3146 4219; x_wconf 89' lang='lat' dir='ltr'><strong>qui</strong></span> <span class='ocrx_word' id='word_1_665' title='bbox 3175 4158 3334 4203; x_wconf 88' lang='lat' dir='ltr'><strong>totam</strong></span> <span class='ocrx_word' id='word_1_666' title='bbox 3359 4163 3531 4203; x_wconf 90' lang='lat' dir='ltr'><strong>meam</strong></span> 
     </span>
    </p>
   </div>
   <div class='ocr_carea' id='block_1_88' title="bbox 1951 4239 3528 4322">
    <p class='ocr_par' dir='ltr' id='par_1_88' title="bbox 1951 4239 3528 4322">
     <span class='ocr_line' id='line_1_88' title="bbox 1951 4239 3528 4322; baseline -0.014 -9"><span class='ocrx_word' id='word_1_667' title='bbox 1951 4268 2171 4322; x_wconf 75' lang='lat' dir='ltr'><strong>Operam</strong></span> <span class='ocrx_word' id='word_1_668' title='bbox 2221 4266 2317 4304; x_wconf 88' lang='lat' dir='ltr'><strong>seu</strong></span> <span class='ocrx_word' id='word_1_669' title='bbox 2364 4251 2579 4303; x_wconf 89' lang='lat' dir='ltr'><strong>inanem</strong></span> <span class='ocrx_word' id='word_1_670' title='bbox 2628 4240 3104 4307; x_wconf 61' lang='lat' dir='ltr'><strong>damnarunt,,scd</strong></span> <span class='ocrx_word' id='word_1_671' title='bbox 3154 4240 3247 4295; x_wconf 91' lang='lat' dir='ltr'><strong>alii</strong></span> <span class='ocrx_word' id='word_1_672' title='bbox 3281 4239 3528 4307; x_wconf 87' lang='lat' dir='ltr'><strong>permulti</strong></span> 
     </span>
    </p>
   </div>
   <div class='ocr_carea' id='block_1_89' title="bbox 1952 4332 3532 4410">
    <p class='ocr_par' dir='ltr' id='par_1_89' title="bbox 1952 4332 3532 4410">
     <span class='ocr_line' id='line_1_89' title="bbox 1952 4332 3532 4410; baseline -0.009 -11"><span class='ocrx_word' id='word_1_673' title='bbox 1952 4361 2058 4400; x_wconf 90' lang='lat' dir='ltr'><strong>non</strong></span> <span class='ocrx_word' id='word_1_674' title='bbox 2099 4342 2352 4410; x_wconf 89' lang='lat' dir='ltr'><strong>credunt,</strong></span> <span class='ocrx_word' id='word_1_675' title='bbox 2394 4350 2596 4394; x_wconf 90' lang='lat' dir='ltr'><strong>tantum</strong></span> <span class='ocrx_word' id='word_1_676' title='bbox 2630 4338 2755 4408; x_wconf 90' lang='lat' dir='ltr'><strong>quia</strong></span> <span class='ocrx_word' id='word_1_677' title='bbox 2793 4335 2872 4389; x_wconf 89' lang='lat' dir='ltr'><strong>illi</strong></span> <span class='ocrx_word' id='word_1_678' title='bbox 2903 4334 3121 4389; x_wconf 89' lang='lat' dir='ltr'><strong>Fratres</strong></span> <span class='ocrx_word' id='word_1_679' title='bbox 3146 4332 3532 4387; x_wconf 72' lang='lat' dir='ltr'><strong>Praedicatores</strong></span> 
     </span>
    </p>
   </div>
   <div class='ocr_carea' id='block_1_90' title="bbox 1957 4425 3527 4505">
    <p class='ocr_par' dir='ltr' id='par_1_90' title="bbox 1957 4425 3527 4505">
     <span class='ocr_line' id='line_1_90' title="bbox 1957 4425 3527 4505; baseline -0.01 -13"><span class='ocrx_word' id='word_1_680' title='bbox 1957 4444 2348 4505; x_wconf 88' lang='lat' dir='ltr'><strong>nuncupantur,</strong></span> <span class='ocrx_word' id='word_1_681' title='bbox 2379 4435 2498 4487; x_wconf 91' lang='lat' dir='ltr'><strong>volo</strong></span> <span class='ocrx_word' id='word_1_682' title='bbox 2544 4432 2664 4486; x_wconf 91' lang='lat' dir='ltr'><strong>istis</strong></span> <span class='ocrx_word' id='word_1_683' title='bbox 2691 4431 2956 4484; x_wconf 90' lang='lat' dir='ltr'><strong>rationem</strong></span> <span class='ocrx_word' id='word_1_684' title='bbox 2987 4425 3286 4497; x_wconf 85' lang='lat' dir='ltr'><strong>approbare</strong></span> <span class='ocrx_word' id='word_1_685' title='bbox 3326 4425 3527 4481; x_wconf 87' lang='lat' dir='ltr'><strong>laboris</strong></span> 
     </span>
    </p>
   </div>
   <div class='ocr_carea' id='block_1_91' title="bbox 1956 4518 3530 4596">
    <p class='ocr_par' dir='ltr' id='par_1_91' title="bbox 1956 4518 3530 4596">
     <span class='ocr_line' id='line_1_91' title="bbox 1956 4518 3530 4596; baseline -0.01 -10"><span class='ocrx_word' id='word_1_686' title='bbox 1956 4533 2062 4586; x_wconf 90' lang='lat' dir='ltr'><strong>mei</strong></span> <span class='ocrx_word' id='word_1_687' title='bbox 2090 4548 2102 4582; x_wconf 93' lang='lat'>:</span> <span class='ocrx_word' id='word_1_688' title='bbox 2132 4532 2176 4585; x_wconf 92' lang='lat' dir='ltr'><strong>si</strong></span> <span class='ocrx_word' id='word_1_689' title='bbox 2207 4528 2368 4583; x_wconf 92' lang='lat' dir='ltr'><strong>modo</strong></span> <span class='ocrx_word' id='word_1_690' title='bbox 2409 4525 2697 4596; x_wconf 88' lang='lat' dir='ltr'><strong>approbari</strong></span> <span class='ocrx_word' id='word_1_691' title='bbox 2738 4524 2939 4593; x_wconf 89' lang='lat' dir='ltr'><strong>sinant,</strong></span> <span class='ocrx_word' id='word_1_692' title='bbox 2968 4529 3060 4575; x_wconf 92' lang='lat' dir='ltr'><strong>aut</strong></span> <span class='ocrx_word' id='word_1_693' title='bbox 3087 4518 3530 4588; x_wconf 88' lang='lat' dir='ltr'><strong>approbationem</strong></span> 
     </span>
    </p>
   </div>
   <div class='ocr_carea' id='block_1_92' title="bbox 281 4611 1844 4695">
    <p class='ocr_par' dir='ltr' id='par_1_92' title="bbox 281 4616 1843 4695">
     <span class='ocr_line' id='line_1_92' title="bbox 281 4616 1843 4695; baseline -0.005 -16"><span class='ocrx_word' id='word_1_694' title='bbox 281 4624 477 4682; x_wconf 86' lang='lat' dir='ltr'><strong>Christo</strong></span> <span class='ocrx_word' id='word_1_695' title='bbox 494 4624 698 4695; x_wconf 91' lang='lat' dir='ltr'><strong>aliquid</strong></span> <span class='ocrx_word' id='word_1_696' title='bbox 723 4622 1026 4677; x_wconf 91' lang='lat' dir='ltr'><strong>studiorum</strong></span> <span class='ocrx_word' id='word_1_697' title='bbox 1056 4634 1298 4675; x_wconf 91' lang='lat' dir='ltr'><strong>meorum</strong></span> <span class='ocrx_word' id='word_1_698' title='bbox 1324 4632 1563 4682; x_wconf 88' lang='lat' dir='ltr'><strong>sacrare,</strong></span> <span class='ocrx_word' id='word_1_699' title='bbox 1586 4616 1843 4684; x_wconf 83' lang='lat' dir='ltr'><strong>praeclare</strong></span> 
     </span>
    </p>
   </div>
   <div class='ocr_carea' id='block_1_93' title="bbox 1948 4611 3534 4695">
    <p class='ocr_par' dir='ltr' id='par_1_93' title="bbox 1948 4611 3534 4693">
     <span class='ocr_line' id='line_1_93' title="bbox 1948 4611 3534 4693; baseline -0.012 -12"><span class='ocrx_word' id='word_1_700' title='bbox 1948 4624 2254 4693; x_wconf 85' lang='lat' dir='ltr'><strong>intelligant</strong></span> <span class='ocrx_word' id='word_1_701' title='bbox 2294 4639 2308 4675; x_wconf 94' lang='lat'><strong>:</strong></span> <span class='ocrx_word' id='word_1_702' title='bbox 2347 4633 2574 4691; x_wconf 91' lang='lat' dir='ltr'><strong>quorum</strong></span> <span class='ocrx_word' id='word_1_703' title='bbox 2601 4631 2701 4689; x_wconf 87' lang='lat' dir='ltr'><strong>ego</strong></span> <span class='ocrx_word' id='word_1_704' title='bbox 2730 4616 2939 4685; x_wconf 90' lang='lat' dir='ltr'><strong>aliquos</strong></span> <span class='ocrx_word' id='word_1_705' title='bbox 2962 4613 3124 4669; x_wconf 92' lang='lat' dir='ltr'><strong>credo</strong></span> <span class='ocrx_word' id='word_1_706' title='bbox 3151 4611 3284 4666; x_wconf 92' lang='lat' dir='ltr'><strong>tales</strong></span> <span class='ocrx_word' id='word_1_707' title='bbox 3309 4624 3447 4673; x_wconf 88' lang='lat' dir='ltr'><strong>esse,</strong></span> <span class='ocrx_word' id='word_1_708' title='bbox 3478 4618 3534 4664; x_wconf 89' lang='lat' dir='ltr'><strong>ut</strong></span> 
     </span>
    </p>
   </div>
   <div class='ocr_carea' id='block_1_94' title="bbox 281 4709 1842 4777">
    <p class='ocr_par' dir='ltr' id='par_1_94' title="bbox 281 4709 1842 4777">
     <span class='ocr_line' id='line_1_94' title="bbox 281 4709 1842 4777; baseline -0.007 -5"><span class='ocrx_word' id='word_1_709' title='bbox 281 4732 472 4772; x_wconf 87' lang='lat' dir='ltr'><strong>mecum</strong></span> <span class='ocrx_word' id='word_1_710' title='bbox 504 4727 682 4771; x_wconf 90' lang='lat' dir='ltr'><strong>actum</strong></span> <span class='ocrx_word' id='word_1_711' title='bbox 718 4714 1033 4769; x_wconf 81' lang='lat' dir='ltr'><strong>existimare</strong></span> <span class='ocrx_word' id='word_1_712' title='bbox 1069 4712 1262 4767; x_wconf 88' lang='lat' dir='ltr'><strong>debeo.</strong></span> <span class='ocrx_word' id='word_1_713' title='bbox 1303 4710 1511 4777; x_wconf 87' lang='lat' dir='ltr'><strong>Quippe</strong></span> <span class='ocrx_word' id='word_1_714' title='bbox 1550 4709 1639 4777; x_wconf 92' lang='lat' dir='ltr'><strong>qui</strong></span> <span class='ocrx_word' id='word_1_715' title='bbox 1682 4709 1842 4762; x_wconf 84' lang='lat' dir='ltr'><strong>etiam</strong></span> 
     </span>
    </p>
   </div>
   <div class='ocr_carea' id='block_1_95' title="bbox 278 4799 1847 4879">
    <p class='ocr_par' dir='ltr' id='par_1_95' title="bbox 278 4799 1847 4879">
     <span class='ocr_line' id='line_1_95' title="bbox 278 4799 1847 4879; baseline -0.006 -16"><span class='ocrx_word' id='word_1_716' title='bbox 278 4807 476 4879; x_wconf 75' lang='lat' dir='ltr'><strong>frigida:</strong></span> <span class='ocrx_word' id='word_1_717' title='bbox 503 4807 753 4878; x_wconf 90' lang='lat' dir='ltr'><strong>poculum</strong></span> <span class='ocrx_word' id='word_1_718' title='bbox 788 4813 1006 4874; x_wconf 82' lang='lat' dir='ltr'><strong>prepter</strong></span> <span class='ocrx_word' id='word_1_719' title='bbox 1032 4818 1093 4858; x_wconf 89' lang='lat' dir='ltr'><strong>se</strong></span> <span class='ocrx_word' id='word_1_720' title='bbox 1121 4817 1385 4871; x_wconf 85' lang='lat' dir='ltr'><strong>suumque</strong></span> <span class='ocrx_word' id='word_1_721' title='bbox 1415 4815 1608 4854; x_wconf 87' lang='lat' dir='ltr'><strong>nomen</strong></span> <span class='ocrx_word' id='word_1_722' title='bbox 1655 4799 1847 4867; x_wconf 61' lang='lat' dir='ltr'><strong>praebi-</strong></span> 
     </span>
    </p>
   </div>
   <div class='ocr_carea' id='block_1_96' title="bbox 279 4891 1851 4963">
    <p class='ocr_par' dir='ltr' id='par_1_96' title="bbox 279 4891 1851 4963">
     <span class='ocr_line' id='line_1_96' title="bbox 279 4891 1851 4963; baseline -0.006 -10"><span class='ocrx_word' id='word_1_723' title='bbox 279 4909 382 4954; x_wconf 87' lang='lat' dir='ltr'><strong>tum</strong></span> <span class='ocrx_word' id='word_1_724' title='bbox 423 4901 870 4955; x_wconf 84' lang='lat' dir='ltr'><strong>irremuneratum</strong></span> <span class='ocrx_word' id='word_1_725' title='bbox 910 4912 969 4950; x_wconf 87' lang='lat' dir='ltr'><strong>se</strong></span> <span class='ocrx_word' id='word_1_726' title='bbox 1010 4910 1117 4949; x_wconf 92' lang='lat' dir='ltr'><strong>non</strong></span> <span class='ocrx_word' id='word_1_727' title='bbox 1146 4894 1546 4963; x_wconf 68' lang='lat' dir='ltr'><strong>prmteriturum</strong></span> <span class='ocrx_word' id='word_1_728' title='bbox 1577 4891 1851 4958; x_wconf 90' lang='lat' dir='ltr'><strong>pollicitus</strong></span> 
     </span>
    </p>
   </div>
   <div class='ocr_carea' id='block_1_97' title="bbox 276 4982 1853 5060">
    <p class='ocr_par' dir='ltr' id='par_1_97' title="bbox 276 4982 1853 5060">
     <span class='ocr_line' id='line_1_97' title="bbox 276 4982 1853 5060; baseline -0.006 -15"><span class='ocrx_word' id='word_1_729' title='bbox 276 5002 351 5047; x_wconf 91' lang='lat' dir='ltr'><strong>est</strong></span> <span class='ocrx_word' id='word_1_730' title='bbox 395 5009 408 5045; x_wconf 89' lang='lat'><strong>:</strong></span> <span class='ocrx_word' id='word_1_731' title='bbox 454 4993 577 5047; x_wconf 90' lang='lat' dir='ltr'><strong>huic</strong></span> <span class='ocrx_word' id='word_1_732' title='bbox 623 5004 838 5060; x_wconf 89' lang='lat' dir='ltr'><strong>quoque</strong></span> <span class='ocrx_word' id='word_1_733' title='bbox 879 5003 1012 5043; x_wconf 70' lang='lat' dir='ltr'><strong>meae</strong></span> <span class='ocrx_word' id='word_1_734' title='bbox 1042 4987 1326 5053; x_wconf 90' lang='lat' dir='ltr'><strong>voluntati,</strong></span> <span class='ocrx_word' id='word_1_735' title='bbox 1358 5000 1515 5054; x_wconf 90' lang='lat' dir='ltr'><strong>quam</strong></span> <span class='ocrx_word' id='word_1_736' title='bbox 1561 4998 1719 5037; x_wconf 88' lang='lat' dir='ltr'><strong>unam</strong></span> <span class='ocrx_word' id='word_1_737' title='bbox 1762 4982 1853 5036; x_wconf 88' lang='lat' dir='ltr'><strong>ille</strong></span> 
     </span>
    </p>
   </div>
   <div class='ocr_carea' id='block_1_98' title="bbox 273 5074 1855 5153">
    <p class='ocr_par' dir='ltr' id='par_1_98' title="bbox 273 5074 1855 5153">
     <span class='ocr_line' id='line_1_98' title="bbox 273 5074 1855 5153; baseline -0.008 -14"><span class='ocrx_word' id='word_1_738' title='bbox 273 5095 447 5149; x_wconf 89' lang='lat' dir='ltr'><strong>curat,</strong></span> <span class='ocrx_word' id='word_1_739' title='bbox 476 5085 703 5153; x_wconf 88' lang='lat' dir='ltr'><strong>gratiam</strong></span> <span class='ocrx_word' id='word_1_740' title='bbox 741 5084 936 5137; x_wconf 88' lang='lat' dir='ltr'><strong>referet</strong></span> <span class='ocrx_word' id='word_1_741' title='bbox 965 5097 978 5134; x_wconf 89' lang='lat'><strong>:</strong></span> <span class='ocrx_word' id='word_1_742' title='bbox 1011 5079 1311 5150; x_wconf 55' lang='lat' dir='ltr'><strong>praesertim</strong></span> <span class='ocrx_word' id='word_1_743' title='bbox 1340 5092 1460 5131; x_wconf 90' lang='lat' dir='ltr'><strong>cum</strong></span> <span class='ocrx_word' id='word_1_744' title='bbox 1502 5079 1615 5146; x_wconf 91' lang='lat' dir='ltr'><strong>ipse</strong></span> <span class='ocrx_word' id='word_1_745' title='bbox 1644 5074 1855 5128; x_wconf 90' lang='lat' dir='ltr'><strong>labores</strong></span> 
     </span>
    </p>
   </div>
   <div class='ocr_carea' id='block_1_99' title="bbox 275 5166 1855 5231">
    <p class='ocr_par' dir='ltr' id='par_1_99' title="bbox 275 5166 1855 5231">
     <span class='ocr_line' id='line_1_99' title="bbox 275 5166 1855 5231; baseline -0.006 -3"><span class='ocrx_word' id='word_1_746' title='bbox 275 5190 453 5231; x_wconf 89' lang='lat' dir='ltr'><strong>omnes</strong></span> <span class='ocrx_word' id='word_1_747' title='bbox 493 5189 645 5230; x_wconf 88' lang='lat' dir='ltr'><strong>meos</strong></span> <span class='ocrx_word' id='word_1_748' title='bbox 692 5174 764 5228; x_wconf 89' lang='lat' dir='ltr'><strong>ita</strong></span> <span class='ocrx_word' id='word_1_749' title='bbox 809 5172 1024 5227; x_wconf 83' lang='lat' dir='ltr'><strong>demum</strong></span> <span class='ocrx_word' id='word_1_750' title='bbox 1070 5181 1214 5225; x_wconf 90' lang='lat' dir='ltr'><strong>ratos</strong></span> <span class='ocrx_word' id='word_1_751' title='bbox 1255 5169 1387 5223; x_wconf 91' lang='lat' dir='ltr'><strong>mihi</strong></span> <span class='ocrx_word' id='word_1_752' title='bbox 1428 5183 1548 5227; x_wconf 89' lang='lat' dir='ltr'><strong>esse</strong></span> <span class='ocrx_word' id='word_1_753' title='bbox 1585 5167 1771 5231; x_wconf 76' lang='lat' dir='ltr'><strong>velint,</strong></span> <span class='ocrx_word' id='word_1_754' title='bbox 1807 5166 1855 5220; x_wconf 93' lang='lat' dir='ltr'><strong>si</strong></span> 
     </span>
    </p>
   </div>
   <div class='ocr_carea' id='block_1_100' title="bbox 275 5263 1855 5339">
    <p class='ocr_par' dir='ltr' id='par_1_100' title="bbox 275 5263 1855 5339">
     <span class='ocr_line' id='line_1_100' title="bbox 275 5263 1855 5339; baseline -0.005 -16"><span class='ocrx_word' id='word_1_755' title='bbox 275 5266 481 5325; x_wconf 88' lang='lat' dir='ltr'><strong>Christo</strong></span> <span class='ocrx_word' id='word_1_756' title='bbox 522 5270 746 5339; x_wconf 89' lang='lat' dir='ltr'><strong>ejusque</strong></span> <span class='ocrx_word' id='word_1_757' title='bbox 791 5266 1109 5323; x_wconf 55' lang='lat' dir='ltr'><strong>castissima}</strong></span> <span class='ocrx_word' id='word_1_758' title='bbox 1150 5275 1202 5320; x_wconf 92' lang='lat' dir='ltr'><strong>et</strong></span> <span class='ocrx_word' id='word_1_759' title='bbox 1238 5263 1603 5333; x_wconf 77' lang='lat' dir='ltr'><strong>integerrimas</strong></span> <span class='ocrx_word' id='word_1_760' title='bbox 1645 5275 1855 5330; x_wconf 84' lang='lat' dir='ltr'><strong>sponsae</strong></span> 
     </span>
    </p>
   </div>
   <div class='ocr_carea' id='block_1_101' title="bbox 275 5359 948 5428">
    <p class='ocr_par' dir='ltr' id='par_1_101' title="bbox 275 5359 948 5428">
     <span class='ocr_line' id='line_1_101' title="bbox 275 5359 948 5428; baseline -0.003 -14"><span class='ocrx_word' id='word_1_761' title='bbox 275 5359 525 5417; x_wconf 73' lang='lat' dir='ltr'><strong>Ecclesia:</strong></span> <span class='ocrx_word' id='word_1_762' title='bbox 555 5361 948 5428; x_wconf 89' lang='lat' dir='ltr'><strong>approbentur.</strong></span> 
     </span>
    </p>
   </div>
   <div class='ocr_carea' id='block_1_102' title="bbox 509 5444 1611 5509">
    <p class='ocr_par' dir='ltr' id='par_1_102' title="bbox 509 5444 1611 5509">
     <span class='ocr_line' id='line_1_102' title="bbox 509 5444 1611 5509; baseline -0.01 0"><span class='ocrx_word' id='word_1_763' title='bbox 509 5454 596 5509; x_wconf 86' lang='lat' dir='ltr'><strong>DE</strong></span> <span class='ocrx_word' id='word_1_764' title='bbox 637 5449 1025 5507; x_wconf 81' lang='lat' dir='ltr'><strong>VETERIBUS</strong></span> <span class='ocrx_word' id='word_1_765' title='bbox 1064 5444 1611 5502; x_wconf 80' lang='lat' dir='ltr'><strong>INTERPRETIBUS</strong></span> 
     </span>
    </p>
   </div>
   <div class='ocr_carea' id='block_1_103' title="bbox 675 5553 1255 5603">
    <p class='ocr_par' dir='ltr' id='par_1_103' title="bbox 675 5553 1255 5603">
     <span class='ocr_line' id='line_1_103' title="bbox 675 5553 1255 5603; baseline -0.019 0"><span class='ocrx_word' id='word_1_766' title='bbox 675 5596 684 5603; x_wconf 85' lang='lat'><strong>.</strong></span> <span class='ocrx_word' id='word_1_767' title='bbox 856 5555 1013 5597; x_wconf 75' lang='grc' dir='ltr'><strong>ιιωυε</strong></span> <span class='ocrx_word' id='word_1_768' title='bbox 1051 5553 1255 5594; x_wconf 70' lang='grc' dir='ltr'><strong>ορειηε.</strong></span> 
     </span>
    </p>
   </div>
   <div class='ocr_carea' id='block_1_104' title="bbox 340 5626 1852 5698">
    <p class='ocr_par' dir='ltr' id='par_1_104' title="bbox 340 5626 1852 5698">
     <span class='ocr_line' id='line_1_104' title="bbox 340 5626 1852 5698; baseline -0.008 -5"><span class='ocrx_word' id='word_1_769' title='bbox 340 5636 583 5692; x_wconf 84' lang='lat' dir='ltr'><strong>Narravit</strong></span> <span class='ocrx_word' id='word_1_770' title='bbox 628 5634 792 5691; x_wconf 89' lang='lat' dir='ltr'><strong>hodie</strong></span> <span class='ocrx_word' id='word_1_771' title='bbox 836 5633 970 5688; x_wconf 93' lang='lat' dir='ltr'><strong>mihi</strong></span> <span class='ocrx_word' id='word_1_772' title='bbox 1018 5632 1223 5685; x_wconf 88' lang='lat' dir='ltr'><strong>amicus</strong></span> <span class='ocrx_word' id='word_1_773' title='bbox 1260 5628 1479 5698; x_wconf 91' lang='lat' dir='ltr'><strong>quidam</strong></span> <span class='ocrx_word' id='word_1_774' title='bbox 1524 5640 1673 5680; x_wconf 92' lang='lat' dir='ltr'><strong>meus</strong></span> <span class='ocrx_word' id='word_1_775' title='bbox 1712 5626 1852 5681; x_wconf 87' lang='lat' dir='ltr'><strong>inter</strong></span> 
     </span>
    </p>
   </div>
   <div class='ocr_carea' id='block_1_105' title="bbox 283 5719 1852 5802">
    <p class='ocr_par' dir='ltr' id='par_1_105' title="bbox 283 5719 1852 5802">
     <span class='ocr_line' id='line_1_105' title="bbox 283 5719 1852 5802; baseline -0.008 -18"><span class='ocrx_word' id='word_1_776' title='bbox 283 5728 682 5802; x_wconf 85' lang='lat' dir='ltr'><strong>colloquendum</strong></span> <span class='ocrx_word' id='word_1_777' title='bbox 731 5742 853 5783; x_wconf 90' lang='lat' dir='ltr'><strong>cum</strong></span> <span class='ocrx_word' id='word_1_778' title='bbox 898 5725 1171 5782; x_wconf 91' lang='lat' dir='ltr'><strong>nonnullis</strong></span> <span class='ocrx_word' id='word_1_779' title='bbox 1219 5722 1473 5777; x_wconf 90' lang='lat' dir='ltr'><strong>fratribus</strong></span> <span class='ocrx_word' id='word_1_780' title='bbox 1513 5719 1852 5774; x_wconf 92' lang='lat' dir='ltr'><strong>Dominicani</strong></span> 
     </span>
    </p>
   </div>
   <div class='ocr_carea' id='block_1_106' title="bbox 290 5809 1853 5893">
    <p class='ocr_par' dir='ltr' id='par_1_106' title="bbox 290 5809 1853 5893">
     <span class='ocr_line' id='line_1_106' title="bbox 290 5809 1853 5893; baseline -0.007 -18"><span class='ocrx_word' id='word_1_781' title='bbox 290 5821 478 5879; x_wconf 85' lang='lat' dir='ltr'><strong>ordinis</strong></span> <span class='ocrx_word' id='word_1_782' title='bbox 503 5832 664 5893; x_wconf 84' lang='lat' dir='ltr'><strong>atque</strong></span> <span class='ocrx_word' id='word_1_783' title='bbox 698 5819 955 5887; x_wconf 86' lang='lat' dir='ltr'><strong>instituti,</strong></span> <span class='ocrx_word' id='word_1_784' title='bbox 992 5816 1250 5872; x_wconf 92' lang='lat' dir='ltr'><strong>incidisse</strong></span> <span class='ocrx_word' id='word_1_785' title='bbox 1280 5828 1341 5870; x_wconf 90' lang='lat' dir='ltr'><strong>se</strong></span> <span class='ocrx_word' id='word_1_786' title='bbox 1370 5813 1427 5867; x_wconf 91' lang='lat' dir='ltr'><strong>in</strong></span> <span class='ocrx_word' id='word_1_787' title='bbox 1453 5824 1757 5870; x_wconf 86' lang='lat' dir='ltr'><strong>sermonem</strong></span> <span class='ocrx_word' id='word_1_788' title='bbox 1786 5809 1853 5864; x_wconf 90' lang='lat' dir='ltr'><strong>de</strong></span> 
     </span>
    </p>
   </div>
   <div class='ocr_carea' id='block_1_107' title="bbox 1951 4701 3534 4772">
    <p class='ocr_par' dir='ltr' id='par_1_107' title="bbox 1951 4701 3534 4772">
     <span class='ocr_line' id='line_1_107' title="bbox 1951 4701 3534 4772; baseline -0.011 -1"><span class='ocrx_word' id='word_1_789' title='bbox 1951 4718 2062 4772; x_wconf 91' lang='lat' dir='ltr'><strong>illis</strong></span> <span class='ocrx_word' id='word_1_790' title='bbox 2094 4714 2228 4769; x_wconf 90' lang='lat' dir='ltr'><strong>nihil</strong></span> <span class='ocrx_word' id='word_1_791' title='bbox 2269 4715 2413 4768; x_wconf 89' lang='lat' dir='ltr'><strong>inter</strong></span> <span class='ocrx_word' id='word_1_792' title='bbox 2440 4712 2726 4765; x_wconf 91' lang='lat' dir='ltr'><strong>dictionem</strong></span> <span class='ocrx_word' id='word_1_793' title='bbox 2756 4705 3031 4763; x_wconf 84' lang='lat' dir='ltr'><strong>Ciceronis</strong></span> <span class='ocrx_word' id='word_1_794' title='bbox 3068 4714 3125 4760; x_wconf 88' lang='lat' dir='ltr'><strong>et</strong></span> <span class='ocrx_word' id='word_1_795' title='bbox 3149 4701 3534 4758; x_wconf 89' lang='lat' dir='ltr'><strong>Catholicontis</strong></span> 
     </span>
    </p>
   </div>
   <div class='ocr_carea' id='block_1_108' title="bbox 1952 4794 3534 4873">
    <p class='ocr_par' dir='ltr' id='par_1_108' title="bbox 1952 4794 3534 4873">
     <span class='ocr_line' id='line_1_108' title="bbox 1952 4794 3534 4873; baseline -0.011 -10"><span class='ocrx_word' id='word_1_796' title='bbox 1952 4808 2200 4873; x_wconf 87' lang='lat' dir='ltr'><strong>intersit;</strong></span> <span class='ocrx_word' id='word_1_797' title='bbox 2243 4816 2335 4860; x_wconf 89' lang='lat' dir='ltr'><strong>aut</strong></span> <span class='ocrx_word' id='word_1_798' title='bbox 2371 4806 2512 4860; x_wconf 85' lang='lat' dir='ltr'><strong>inter</strong></span> <span class='ocrx_word' id='word_1_799' title='bbox 2546 4803 2829 4858; x_wconf 90' lang='lat' dir='ltr'><strong>historiam</strong></span> <span class='ocrx_word' id='word_1_800' title='bbox 2861 4799 2993 4854; x_wconf 85' lang='lat' dir='ltr'><strong>Livii</strong></span> <span class='ocrx_word' id='word_1_801' title='bbox 3033 4806 3087 4854; x_wconf 89' lang='lat' dir='ltr'><strong>et</strong></span> <span class='ocrx_word' id='word_1_802' title='bbox 3117 4795 3408 4861; x_wconf 86' lang='lat' dir='ltr'><strong>Vincentii,</strong></span> <span class='ocrx_word' id='word_1_803' title='bbox 3448 4794 3534 4847; x_wconf 91' lang='lat' dir='ltr'><strong>vel</strong></span> 
     </span>
    </p>
   </div>
   <div class='ocr_carea' id='block_1_109' title="bbox 1953 4884 3534 4968">
    <p class='ocr_par' dir='ltr' id='par_1_109' title="bbox 1953 4884 3534 4968">
     <span class='ocr_line' id='line_1_109' title="bbox 1953 4884 3534 4968; baseline -0.012 -13"><span class='ocrx_word' id='word_1_804' title='bbox 1953 4902 2095 4956; x_wconf 90' lang='lat' dir='ltr'><strong>inter</strong></span> <span class='ocrx_word' id='word_1_805' title='bbox 2123 4897 2485 4968; x_wconf 85' lang='lat' dir='ltr'><strong>cognitionem</strong></span> <span class='ocrx_word' id='word_1_806' title='bbox 2525 4908 2704 4949; x_wconf 91' lang='lat' dir='ltr'><strong>rerum</strong></span> <span class='ocrx_word' id='word_1_807' title='bbox 2740 4890 2900 4945; x_wconf 88' lang='lat' dir='ltr'><strong>Plinii</strong></span> <span class='ocrx_word' id='word_1_808' title='bbox 2929 4898 2983 4944; x_wconf 89' lang='lat' dir='ltr'><strong>et</strong></span> <span class='ocrx_word' id='word_1_809' title='bbox 3014 4885 3393 4942; x_wconf 70' lang='lat' dir='ltr'><strong>Bartholommi</strong></span> <span class='ocrx_word' id='word_1_810' title='bbox 3421 4884 3534 4937; x_wconf 86' lang='lat' dir='ltr'><strong>An-</strong></span> 
     </span>
    </p>
   </div>
   <div class='ocr_carea' id='block_1_110' title="bbox 1954 4976 3536 5061">
    <p class='ocr_par' dir='ltr' id='par_1_110' title="bbox 1954 4976 3536 5061">
     <span class='ocr_line' id='line_1_110' title="bbox 1954 4976 3536 5061; baseline -0.01 -16"><span class='ocrx_word' id='word_1_811' title='bbox 1954 4991 2105 5061; x_wconf 90' lang='lat' dir='ltr'><strong>glici,</strong></span> <span class='ocrx_word' id='word_1_812' title='bbox 2133 4997 2225 5043; x_wconf 91' lang='lat' dir='ltr'><strong>aut</strong></span> <span class='ocrx_word' id='word_1_813' title='bbox 2250 4986 2560 5059; x_wconf 85' lang='lat' dir='ltr'><strong>Hieronymi</strong></span> <span class='ocrx_word' id='word_1_814' title='bbox 2591 4995 2644 5039; x_wconf 92' lang='lat' dir='ltr'><strong>et</strong></span> <span class='ocrx_word' id='word_1_815' title='bbox 2671 4984 2909 5052; x_wconf 89' lang='lat' dir='ltr'><strong>llugonis</strong></span> <span class='ocrx_word' id='word_1_816' title='bbox 2936 4978 3232 5034; x_wconf 88' lang='lat' dir='ltr'><strong>Carrensis.</strong></span> <span class='ocrx_word' id='word_1_817' title='bbox 3261 4976 3359 5043; x_wconf 86' lang='lat' dir='ltr'><strong>Qui</strong></span> <span class='ocrx_word' id='word_1_818' title='bbox 3388 4987 3536 5045; x_wconf 87' lang='lat' dir='ltr'><strong>pote-</strong></span> 
     </span>
    </p>
   </div>
   <div class='ocr_carea' id='block_1_111' title="bbox 1962 5072 3539 5149">
    <p class='ocr_par' dir='ltr' id='par_1_111' title="bbox 1962 5072 3539 5149">
     <span class='ocr_line' id='line_1_111' title="bbox 1962 5072 3539 5149; baseline -0.008 -11"><span class='ocrx_word' id='word_1_819' title='bbox 1962 5084 2062 5149; x_wconf 86' lang='lat' dir='ltr'><strong>rit,</strong></span> <span class='ocrx_word' id='word_1_820' title='bbox 2096 5097 2216 5139; x_wconf 91' lang='lat' dir='ltr'><strong>cum</strong></span> <span class='ocrx_word' id='word_1_821' title='bbox 2248 5095 2348 5135; x_wconf 92' lang='lat' dir='ltr'><strong>nec</strong></span> <span class='ocrx_word' id='word_1_822' title='bbox 2376 5079 2566 5134; x_wconf 88' lang='lat' dir='ltr'><strong>Latine</strong></span> <span class='ocrx_word' id='word_1_823' title='bbox 2594 5078 2792 5137; x_wconf 89' lang='lat' dir='ltr'><strong>sciant.</strong></span> <span class='ocrx_word' id='word_1_824' title='bbox 2818 5090 2916 5130; x_wconf 91' lang='lat' dir='ltr'><strong>nec</strong></span> <span class='ocrx_word' id='word_1_825' title='bbox 2944 5074 3079 5129; x_wconf 88' lang='lat' dir='ltr'><strong>ullos</strong></span> <span class='ocrx_word' id='word_1_826' title='bbox 3107 5072 3278 5127; x_wconf 89' lang='lat' dir='ltr'><strong>bonos</strong></span> <span class='ocrx_word' id='word_1_827' title='bbox 3306 5086 3539 5142; x_wconf 92' lang='lat' dir='ltr'><strong>unquam</strong></span> 
     </span>
    </p>
   </div>
   <div class='ocr_carea' id='block_1_112' title="bbox 1960 5162 3539 5243">
    <p class='ocr_par' dir='ltr' id='par_1_112' title="bbox 1960 5162 3539 5243">
     <span class='ocr_line' id='line_1_112' title="bbox 1960 5162 3539 5243; baseline -0.007 -17"><span class='ocrx_word' id='word_1_828' title='bbox 1960 5174 2234 5243; x_wconf 89' lang='lat' dir='ltr'><strong>attigerint</strong></span> <span class='ocrx_word' id='word_1_829' title='bbox 2271 5174 2581 5239; x_wconf 90' lang='lat' dir='ltr'><strong>scriptores,</strong></span> <span class='ocrx_word' id='word_1_830' title='bbox 2624 5168 2868 5224; x_wconf 91' lang='lat' dir='ltr'><strong>innutriti</strong></span> <span class='ocrx_word' id='word_1_831' title='bbox 2906 5179 3121 5235; x_wconf 81' lang='lat' dir='ltr'><strong>semper</strong></span> <span class='ocrx_word' id='word_1_832' title='bbox 3158 5173 3212 5219; x_wconf 89' lang='lat' dir='ltr'><strong>et</strong></span> <span class='ocrx_word' id='word_1_833' title='bbox 3243 5162 3311 5217; x_wconf 90' lang='lat' dir='ltr'><strong>ad</strong></span> <span class='ocrx_word' id='word_1_834' title='bbox 3352 5162 3539 5217; x_wconf 88' lang='lat' dir='ltr'><strong>ambas</strong></span> 
     </span>
    </p>
   </div>
   <div class='ocr_carea' id='block_1_113' title="bbox 1960 5255 3541 5325">
    <p class='ocr_par' dir='ltr' id='par_1_113' title="bbox 1960 5255 3541 5325">
     <span class='ocr_line' id='line_1_113' title="bbox 1960 5255 3541 5325; baseline -0.008 -5"><span class='ocrx_word' id='word_1_835' title='bbox 1960 5281 2120 5320; x_wconf 88' lang='lat' dir='ltr'><strong>aures</strong></span> <span class='ocrx_word' id='word_1_836' title='bbox 2180 5265 2421 5319; x_wconf 89' lang='lat' dir='ltr'><strong>immersi</strong></span> <span class='ocrx_word' id='word_1_837' title='bbox 2467 5261 2813 5319; x_wconf 85' lang='lat' dir='ltr'><strong>sertnonariis</strong></span> <span class='ocrx_word' id='word_1_838' title='bbox 2854 5257 3067 5323; x_wconf 85' lang='lat' dir='ltr'><strong>Parati,</strong></span> <span class='ocrx_word' id='word_1_839' title='bbox 3114 5255 3400 5325; x_wconf 90' lang='lat' dir='ltr'><strong>Discipuli,</strong></span> <span class='ocrx_word' id='word_1_840' title='bbox 3451 5263 3541 5307; x_wconf 92' lang='lat' dir='ltr'><strong>aut</strong></span> 
     </span>
    </p>
   </div>
   <div class='ocr_carea' id='block_1_114' title="bbox 1962 5346 3540 5423">
    <p class='ocr_par' dir='ltr' id='par_1_114' title="bbox 1962 5346 3540 5423">
     <span class='ocr_line' id='line_1_114' title="bbox 1962 5346 3540 5423; baseline -0.006 -12"><span class='ocrx_word' id='word_1_841' title='bbox 1962 5356 2379 5411; x_wconf 88' lang='lat' dir='ltr'><strong>Dormisecure?</strong></span> <span class='ocrx_word' id='word_1_842' title='bbox 2422 5355 2535 5423; x_wconf 84' lang='lat' dir='ltr'><strong>Ego</strong></span> <span class='ocrx_word' id='word_1_843' title='bbox 2568 5368 2693 5407; x_wconf 85' lang='lat' dir='ltr'><strong>vero</strong></span> <span class='ocrx_word' id='word_1_844' title='bbox 2719 5352 2765 5405; x_wconf 90' lang='lat' dir='ltr'><strong>si</strong></span> <span class='ocrx_word' id='word_1_845' title='bbox 2795 5349 2937 5421; x_wconf 91' lang='lat' dir='ltr'><strong>apud</strong></span> <span class='ocrx_word' id='word_1_846' title='bbox 2976 5349 3097 5404; x_wconf 93' lang='lat' dir='ltr'><strong>illos</strong></span> <span class='ocrx_word' id='word_1_847' title='bbox 3126 5362 3231 5402; x_wconf 93' lang='lat' dir='ltr'><strong>non</strong></span> <span class='ocrx_word' id='word_1_848' title='bbox 3262 5362 3379 5401; x_wconf 91' lang='lat' dir='ltr'><strong>mea</strong></span> <span class='ocrx_word' id='word_1_849' title='bbox 3399 5388 3414 5412; x_wconf 95' lang='lat'><strong>,</strong></span> <span class='ocrx_word' id='word_1_850' title='bbox 3446 5346 3540 5401; x_wconf 90' lang='lat' dir='ltr'><strong>sed</strong></span> 
     </span>
    </p>
   </div>
   <div class='ocr_carea' id='block_1_115' title="bbox 1958 5437 3540 5513">
    <p class='ocr_par' dir='ltr' id='par_1_115' title="bbox 1958 5437 3540 5513">
     <span class='ocr_line' id='line_1_115' title="bbox 1958 5437 3540 5513; baseline -0.008 -10"><span class='ocrx_word' id='word_1_851' title='bbox 1958 5462 2143 5503; x_wconf 90' lang='lat' dir='ltr'><strong>eorum</strong></span> <span class='ocrx_word' id='word_1_852' title='bbox 2186 5446 2337 5512; x_wconf 85' lang='lat' dir='ltr'><strong>culpa</strong></span> <span class='ocrx_word' id='word_1_853' title='bbox 2371 5460 2473 5501; x_wconf 88' lang='lat' dir='ltr'><strong>non</strong></span> <span class='ocrx_word' id='word_1_854' title='bbox 2508 5442 2815 5513; x_wconf 83' lang='lat' dir='ltr'><strong>profecere,</strong></span> <span class='ocrx_word' id='word_1_855' title='bbox 2850 5440 3126 5510; x_wconf 87' lang='lat' dir='ltr'><strong>proﬁciam</strong></span> <span class='ocrx_word' id='word_1_856' title='bbox 3153 5438 3293 5508; x_wconf 89' lang='lat' dir='ltr'><strong>apud</strong></span> <span class='ocrx_word' id='word_1_857' title='bbox 3323 5437 3458 5493; x_wconf 90' lang='lat' dir='ltr'><strong>alios</strong></span> <span class='ocrx_word' id='word_1_858' title='bbox 3488 5444 3540 5490; x_wconf 90' lang='lat' dir='ltr'><strong>et</strong></span> 
     </span>
    </p>
   </div>
   <div class='ocr_carea' id='block_1_116' title="bbox 1959 5528 3538 5608">
    <p class='ocr_par' dir='ltr' id='par_1_116' title="bbox 1959 5528 3538 5608">
     <span class='ocr_line' id='line_1_116' title="bbox 1959 5528 3538 5608; baseline -0.008 -14"><span class='ocrx_word' id='word_1_859' title='bbox 1959 5539 2179 5608; x_wconf 86' lang='lat' dir='ltr'><strong>ingenio</strong></span> <span class='ocrx_word' id='word_1_860' title='bbox 2218 5538 2455 5602; x_wconf 87' lang='lat' dir='ltr'><strong>saniore,</strong></span> <span class='ocrx_word' id='word_1_861' title='bbox 2487 5546 2539 5590; x_wconf 93' lang='lat' dir='ltr'><strong>et</strong></span> <span class='ocrx_word' id='word_1_862' title='bbox 2581 5533 2887 5589; x_wconf 90' lang='lat' dir='ltr'><strong>eruditione</strong></span> <span class='ocrx_word' id='word_1_863' title='bbox 2915 5531 3136 5586; x_wconf 89' lang='lat' dir='ltr'><strong>meliore</strong></span> <span class='ocrx_word' id='word_1_864' title='bbox 3170 5548 3183 5583; x_wconf 91' lang='lat'><strong>:</strong></span> <span class='ocrx_word' id='word_1_865' title='bbox 3225 5530 3408 5600; x_wconf 87' lang='lat' dir='ltr'><strong>quales</strong></span> <span class='ocrx_word' id='word_1_866' title='bbox 3449 5528 3538 5581; x_wconf 67' lang='lat' dir='ltr'><strong>ha~</strong></span> 
     </span>
    </p>
   </div>
   <div class='ocr_carea' id='block_1_117' title="bbox 1961 5622 3536 5695">
    <p class='ocr_par' dir='ltr' id='par_1_117' title="bbox 1961 5622 3536 5695">
     <span class='ocr_line' id='line_1_117' title="bbox 1961 5622 3536 5695; baseline -0.008 -10"><span class='ocrx_word' id='word_1_867' title='bbox 1961 5630 2092 5685; x_wconf 85' lang='lat' dir='ltr'><strong>bent</strong></span> <span class='ocrx_word' id='word_1_868' title='bbox 2114 5630 2168 5683; x_wconf 93' lang='lat' dir='ltr'><strong>in</strong></span> <span class='ocrx_word' id='word_1_869' title='bbox 2192 5628 2382 5682; x_wconf 90' lang='lat' dir='ltr'><strong>ordine</strong></span> <span class='ocrx_word' id='word_1_870' title='bbox 2406 5641 2504 5681; x_wconf 91' lang='lat' dir='ltr'><strong>suo</strong></span> <span class='ocrx_word' id='word_1_871' title='bbox 2525 5626 2780 5695; x_wconf 90' lang='lat' dir='ltr'><strong>quosdam</strong></span> <span class='ocrx_word' id='word_1_872' title='bbox 2812 5625 2973 5680; x_wconf 90' lang='lat' dir='ltr'><strong>etiam</strong></span> <span class='ocrx_word' id='word_1_873' title='bbox 3002 5622 3135 5678; x_wconf 90' lang='lat' dir='ltr'><strong>mihi</strong></span> <span class='ocrx_word' id='word_1_874' title='bbox 3158 5622 3536 5686; x_wconf 88' lang='lat' dir='ltr'><strong>amicissimos,</strong></span> 
     </span>
    </p>
   </div>
   <div class='ocr_carea' id='block_1_118' title="bbox 1952 5717 3538 5799">
    <p class='ocr_par' dir='ltr' id='par_1_118' title="bbox 1952 5717 3538 5799">
     <span class='ocr_line' id='line_1_118' title="bbox 1952 5717 3538 5799; baseline -0.005 -24"><span class='ocrx_word' id='word_1_875' title='bbox 1952 5722 2054 5799; x_wconf 13' lang='lat' dir='ltr'><strong>«qui</strong></span> <span class='ocrx_word' id='word_1_876' title='bbox 2095 5718 2355 5774; x_wconf 87' lang='lat' dir='ltr'><strong>beneﬁcio</strong></span> <span class='ocrx_word' id='word_1_877' title='bbox 2394 5718 2679 5773; x_wconf 91' lang='lat' dir='ltr'><strong>meliorum</strong></span> <span class='ocrx_word' id='word_1_878' title='bbox 2720 5717 3017 5772; x_wconf 86' lang='lat' dir='ltr'><strong>litterarum</strong></span> <span class='ocrx_word' id='word_1_879' title='bbox 3063 5728 3400 5770; x_wconf 90' lang='lat' dir='ltr'><strong>communem</strong></span> <span class='ocrx_word' id='word_1_880' title='bbox 3446 5727 3538 5791; x_wconf 87' lang='lat' dir='ltr'><strong>po-</strong></span> 
     </span>
    </p>
   </div>
   <div class='ocr_carea' id='block_1_119' title="bbox 1962 5802 3532 5882">
    <p class='ocr_par' dir='ltr' id='par_1_119' title="bbox 1962 5802 3532 5882">
     <span class='ocr_line' id='line_1_119' title="bbox 1962 5802 3532 5882; baseline -0.009 -14"><span class='ocrx_word' id='word_1_881' title='bbox 1962 5811 2233 5882; x_wconf 89' lang='lat' dir='ltr'><strong>pularium</strong></span> <span class='ocrx_word' id='word_1_882' title='bbox 2270 5824 2490 5867; x_wconf 89' lang='lat' dir='ltr'><strong>suorum</strong></span> <span class='ocrx_word' id='word_1_883' title='bbox 2527 5819 2581 5865; x_wconf 89' lang='lat' dir='ltr'><strong>et</strong></span> <span class='ocrx_word' id='word_1_884' title='bbox 2620 5817 2912 5881; x_wconf 82' lang='lat' dir='ltr'><strong>agnoscunt</strong></span> <span class='ocrx_word' id='word_1_885' title='bbox 2953 5821 3217 5876; x_wconf 87' lang='lat' dir='ltr'><strong>errorem,</strong></span> <span class='ocrx_word' id='word_1_886' title='bbox 3249 5813 3308 5859; x_wconf 87' lang='lat' dir='ltr'><strong>et</strong></span> <span class='ocrx_word' id='word_1_887' title='bbox 3331 5802 3532 5866; x_wconf 89' lang='lat' dir='ltr'><strong>dolent,</strong></span> 
     </span>
    </p>
   </div>
  </div>
