3974 6356
556 335 662 393 H7

1436 342 1986 404 SUPPLEMENTUM
2025 341 2117 397 AD
2154 340 2384 399 OPERA
2423 344 2480 399 S.
2521 343 2912 401 AUGUSTINI.
3657 364 3729 420 διε

556 461 630 516 et,
657 462 916 522 quatenus
940 456 1083 521 licet,
1110 460 1296 512 vitant.
1326 458 1535 512 Faciam
1564 459 1726 527 igitur
1754 458 1974 520 invitus,
1999 453 2140 525 quod
2170 457 2227 515 Α
2249 455 2393 518 dam,
2420 457 2568 510 velut
2593 459 2856 524 exempla.
2890 457 3070 511 Primo
3095 458 3251 519 libro,
3276 470 3433 528 capite
3454 466 3624 534 quinto,
3645 489 3731 533 cum

553 557 584 594 a
619 544 880 613 principio
922 562 1026 600 non
1058 557 1371 612 statueram,
1406 559 1463 603 ut
1492 551 1737 603 homines
1766 550 1872 603 vita
1904 549 2137 617 functos,

552 644 608 688 et
636 647 781 689 extra
823 638 1080 692 invidiam
1123 656 1335 694 omnem
1373 642 1482 709 jam
1521 642 1751 710 positos,
1784 643 1835 695 in
1876 641 2139 708 judicium

554 741 939 797 censuramque
967 745 1211 784 revoccm
1238 749 1250 783 :
1280 734 1577 800 przcsertitn
1609 748 1729 785 cum
1764 731 1841 784 illi
1865 731 2133 795 homines,

553 828 807 885 quantum
843 834 960 874 mea
990 820 1098 875 fert
1129 824 1336 891 opinio,
1369 824 1542 891 probi,
1574 822 1713 893 quod
1746 833 1969 892 potuere
2001 839 2137 891 prte-

550 910 786 964 stiterint
816 928 828 963 :
866 915 1075 967 tametsi
1122 916 1222 970 hoc
1254 917 1558 985 imperitum
1588 925 1747 985 atque
1780 918 2045 985 ineptum,
2079 926 2138 972 ut

559 999 670 1057 fere
693 1004 785 1059 illo
806 1018 957 1060 erant
978 1009 1196 1065 sacenlo.
1221 1010 1543 1066 Proﬁtentur
1565 1025 1692 1079 ergo
1720 1025 1778 1064 se
1803 1012 1855 1064 in
1880 1009 1982 1065 hoc
2001 1025 2135 1079 Opus

546 1097 786 1151 scribere
802 1098 1036 1154 Thomas
1052 1100 1250 1166 Valois,
1270 1113 1323 1157 et
1346 1102 1594 1157 Nicotaus
1607 1104 1810 1166 Trivet,
1834 1112 1885 1156 et
1905 1101 2133 1159 Jacobus

551 1188 615 1241 de
642 1191 951 1249 Passavant.
985 1194 1050 1248 Et
1080 1196 1335 1251 veritates
1362 1197 1567 1265 colligit
1591 1195 1909 1250 Franciscus
1934 1198 2000 1251 de
2023 1197 2134 1251 Ma-

550 1285 697 1337 ronis
727 1284 1007 1352 Minorita,
1048 1304 1114 1342 ne
1159 1289 1335 1342 solum
1380 1304 1598 1358 regnum
1628 1288 2012 1344 Praedicatores
2054 1297 2133 1343 te-

543 1390 722 1433 neant.
750 1379 982 1434 Primum
1001 1381 1233 1436 Thomas
1249 1383 1429 1437 Valois
1450 1384 1739 1438 arbitratus
1759 1384 1922 1439 credo
1946 1386 2132 1454 ingens

554 1481 673 1521 esse
712 1484 875 1535 opus,
907 1480 961 1524 et
987 1472 1143 1526 unius
1170 1474 1370 1528 viribus
1399 1475 1600 1543 majus,
1633 1492 1739 1530 nan
1775 1477 1951 1530 omnia
1983 1477 2130 1531 solus

560 1565 639 1609 est
677 1558 827 1613 obire
857 1576 1045 1625 ausus,
1078 1562 1171 1617 sed
1216 1565 1418 1617 socium
1459 1566 1559 1619 sibi
1607 1568 1857 1635 sumpsit,
1889 1583 1953 1621 ac
1984 1568 2131 1622 velut

550 1650 938 1705 succedaneum
986 1652 1222 1708 sodalem
1259 1669 1413 1709 suum
1444 1656 1717 1711 Nicolaum
1746 1658 1966 1726 Trivet,
2019 1667 2127 1713 tam

547 1740 775 1793 similem
822 1742 925 1795 sibi
965 1758 1123 1811 quam
1170 1760 1328 1798 ovum
1381 1760 1516 1809 ovo;
1568 1747 1653 1802 cui
1700 1749 1818 1817 ipse
1858 1749 2120 1817 lampada,

2247 548 2430 601 Caesar
2457 549 2595 615 apud
2629 548 2936 602 Sallustium
2971 550 3164 603 referat
3193 566 3307 618 qua:
3340 554 3524 609 soleant
3557 560 3603 612 in
3624 562 3735 623 hellis

2247 640 2383 706 fieri,
2439 644 2550 710 rapi
2594 643 2852 711 virgines,
2887 658 3080 712 pueros
3110 644 3283 698 divelli
3328 663 3357 700 a
3396 652 3635 718 complexu
3668 674 3734 724 pa.

2242 742 2491 797 rentum;
2526 734 2687 787 etiam
2713 744 3106 790 commentator
3133 735 3246 791 haec
3267 737 3369 806 jam
3393 754 3501 795 esse
3525 743 3739 805 aCatilina

2244 825 2416 891 facta,
2473 826 2742 883 Caesarem
2798 828 3105 898 significare
3151 830 3277 885 dicit
3332 848 3346 883 :
3402 848 3546 889 verus
3589 840 3741 898 scilicet

2240 928 2629 973 commentator
2650 920 2804 990 quasi
2826 922 3179 976 commentor.
3213 922 3341 976 Tum
3367 926 3526 991 capite
3544 928 3742 997 vigesimo

2239 1017 2452 1075 quarto,
2506 1009 2742 1065 Portium
2772 1010 3059 1066 Latronem
3109 1012 3507 1069 declamatorem
3546 1016 3742 1078 Catonem

2237 1096 2406 1153 fuisse
2450 1100 2580 1155 dicit
2610 1116 2627 1155 :
2659 1101 2730 1156 ibi
2762 1102 2975 1172 egregie
3014 1103 3255 1172 disputat
3283 1121 3347 1160 an
3380 1108 3470 1161 iste
3496 1110 3558 1163 sit
3580 1114 3654 1179 qui
3677 1116 3745 1168 Ca-

2239 1194 2513 1247 tunculum
2543 1208 2828 1262 puerorum
2868 1198 3256 1265 composuerit.
3303 1199 3366 1251 Et
3407 1198 3530 1253 libro
3564 1205 3746 1260 secundo

2236 1283 2414 1352 capite
2450 1291 2663 1353 quarto,
2707 1286 2863 1356 Atym
2910 1285 3039 1340 dicit
3080 1286 3316 1341 oblatum
3359 1288 3507 1342 matri
3546 1289 3677 1345 deum
3708 1294 3748 1348 in

2233 1372 2353 1441 ejus
2384 1375 2604 1443 templo,
2636 1384 2693 1428 ιιι
2723 1384 2944 1430 voveret
2972 1377 3295 1430 castitatem.
3325 1377 3468 1442 Quod
3497 1380 3637 1433 credo
3658 1397 3748 1437 eum

2235 1466 2490 1523 didicisse
2528 1468 2596 1521 ab
2633 1468 2813 1538 aliquo
2844 1484 2909 1523 cx
2941 1468 3110 1525 Gallis
3146 1470 3333 1523 matris
3361 1469 3530 1524 deum.
3576 1472 3634 1527 Et
3664 1485 3751 1541 post

2233 1557 2451 1627 paulum
2486 1577 2499 1611 :
2530 1558 2944 1629 Symphoniaci,
2979 1560 3180 1628 inquit,
3213 1570 3337 1614 sunt
3362 1569 3596 1615 canentes
3623 1565 3749 1634 tubis,

2232 1648 2318 1702 vel
2361 1650 2469 1703 alio
2499 1651 2660 1704 modo
2700 1653 2937 1706 sonitum
2970 1667 3220 1721 magnum
3252 1651 3516 1707 facientes.
3560 1654 3626 1708 Ex
3648 1655 3750 1711 dulci

2232 1751 2492 1797 consentu
2524 1758 2745 1812 magnos
2777 1745 2902 1799 facit
2945 1759 3109 1798 sonos
3146 1751 3304 1812 atque
3335 1745 3501 1799 tubas.
3530 1745 3589 1799 Et
3615 1750 3752 1814 paucis

544 1830 683 1899 quod
723 1832 890 1897 aiunt,
936 1834 1169 1889 traderet
1218 1836 1413 1904 fessus,
1460 1840 1645 1893 nescio
1674 1854 1781 1909 quo
1824 1840 2120 1895 volumine:
2154 1832 2204 1893 Β
2233 1833 2411 1888 verbis
2441 1843 2561 1902 post
2595 1851 2607 1887 :
2641 1836 2826 1898 Vocat.
2858 1836 3054 1905 inquit,
3087 1836 3174 1889 hic
3205 1838 3527 1906 Augustinus
3553 1840 3753 1908 sympho-

536 1940 656 1978 nam
686 1928 787 1980 etsi
816 1928 940 1997 legi,
969 1944 1075 1983 non
1106 1939 1285 1985 tamen
1315 1932 1585 1987 adnotavi.
1614 1932 1797 2004 Neque
1824 1949 1953 1989 vero
1980 1934 2124 1989 aliud

535 2028 885 2087 susceperunt
915 2021 1287 2089 explicandum
1311 2038 1467 2093 quam
1497 2024 1706 2080 fabulas
1729 2035 1819 2080 aut
1841 2026 2121 2084 historias:

536 2109 850 2177 sacrilegum
878 2111 1039 2165 credo
1062 2113 1166 2165 rati
1192 2127 1341 2167 sacra
1369 2123 1732 2179 contrectare;
1766 2117 1819 2170 in
1843 2131 1949 2185 quo
1977 2126 2124 2171 certe

539 2200 856 2255 modestiam
891 2204 1169 2258 hominum
1205 2220 1309 2259 non
1342 2206 1690 2261 mediocriter
1718 2207 1890 2271 laudo,
1927 2209 2123 2277 quibus

535 2292 667 2345 satis
700 2293 870 2345 visum
902 2303 986 2348 est
1018 2295 1238 2363 profana
1267 2299 1658 2364 contaminare,
1692 2314 1721 2353 a
1753 2299 1922 2353 sacris
1950 2300 2122 2355 absti-

540 2394 795 2439 nuerunt.
850 2385 924 2440 Ita
955 2386 1022 2441 ab
1052 2389 1337 2444 undecimo
1368 2390 1434 2444 ad
1465 2390 1732 2446 decimum
1764 2402 2032 2457 octavum,
2067 2403 2123 2448 et

535 2490 563 2527 a
596 2475 808 2529 decimo
854 2492 996 2531 nono
1037 2479 1101 2532 ad
1145 2480 1465 2549 vigesimum
1507 2482 1798 2536 secundum
1840 2483 1971 2537 nihil
2009 2484 2122 2538 fere

533 2564 883 2632 scripserunt.
928 2568 1079 2632 Quod
1112 2578 1415 2637 promptum
1457 2579 1541 2626 est
1582 2573 1871 2643 unicuique
1913 2576 2115 2642 videre,

534 2670 658 2708 nam
699 2656 823 2710 libri
866 2666 991 2712 sunt
1029 2659 1082 2712 in
1129 2661 1399 2715 manibus.
1451 2663 1652 2718 Octavo
1674 2680 1824 2730 vero,
1856 2676 1909 2720 et
1952 2682 2113 2734 nono,

534 2754 588 2799 et
615 2747 830 2802 decimo
860 2749 1034 2816 libris,
1070 2752 1263 2821 quibus
1292 2753 1625 2823 Augustinus
1653 2757 1910 2813 adversus
1943 2759 2119 2813 Plato-

536 2840 687 2893 nicos
714 2840 973 2910 disputat,
1001 2844 1129 2911 quid
1168 2845 1437 2902 dixissent
1463 2849 1674 2915 miselli,
1707 2851 1793 2921 qui
1824 2866 1927 2906 non
1958 2854 2117 2907 modo

532 2929 828 2999 Platonem,
879 2945 967 2988 aut
1005 2934 1338 2993 Platonicum
1389 2939 1577 3005 ullum,
1619 2941 1711 2996 sed
1761 2957 1826 2997 ne
1873 2943 2115 2998 umbram

532 3024 753 3093 quidem
790 3026 1094 3097 philosophi
1134 3029 1420 3085 viderant?
1463 3031 1645 3102 Itaque
1692 3049 1758 3089 ne
1786 3035 1925 3104 quod
1957 3044 2116 3104 agant

532 3116 690 3183 desit,
717 3120 811 3172 toti
838 3130 963 3173 sunt
987 3120 1038 3174 in
1062 3131 1317 3177 contextu
1345 3124 1622 3190 partiendo
1644 3137 1695 3180 et
1717 3127 2111 3183 distribuendo.

2230 1924 2417 1978 niacos
2443 1926 2530 1993 qui
2560 1925 2613 1978 in
2640 1926 2896 1980 honorem
2921 1926 3037 1981 dea:
3064 1927 3341 1982 Pudicitiae
3370 1928 3595 1997 quaedam
3622 1931 3754 1997 turpia

2227 2014 2495 2071 faciebant
2526 2034 2540 2069 :
2574 2031 2677 2071 non
2718 2017 2912 2072 melius
2943 2018 3167 2073 dixisset
3191 2020 3236 2072 si
3272 2019 3358 2072 illa
3384 2028 3534 2074 aetate
3558 2020 3752 2084 vixisset;

2224 2116 2281 2162 et
2320 2110 2505 2177 paucis
2545 2109 2846 2176 interjeetis
2888 2110 3103 2176 verbis,
3153 2109 3425 2165 Palladem
3467 2111 3586 2166 dicit
3628 2113 3755 2167 lavari

2222 2215 2344 2253 cum
2375 2211 2545 2255 matre
2570 2199 2729 2255 deum
2758 2202 2812 2255 in
2837 2200 3066 2257 Almone
3092 2217 3271 2257 amne.
3297 2202 3495 2258 Credas
3516 2202 3756 2259 Varronem

2226 2288 2330 2344 hoc
2366 2289 2550 2345 dicere
2598 2307 2612 2343 :
2665 2300 2869 2345 tantum
2918 2294 3171 2361 quoniam
3214 2293 3539 2363 Augustinus
3584 2295 3757 2365 virginis

2223 2381 2459 2436 caelestis
2499 2383 2607 2437 illic
2636 2385 2903 2452 meminit,
2930 2400 3029 2441 ceu
3062 2402 3163 2441 non
3210 2397 3357 2442 esset
3402 2388 3499 2441 alia
3528 2388 3615 2443 dea
3640 2391 3753 2457 virgo

2222 2486 2381 2540 quam
2414 2472 2607 2527 Pallas.
2658 2475 2723 2528 Et
2767 2491 2935 2530 mox:
2973 2477 3112 2542 Fuit,
3159 2477 3354 2548 inquit,
3392 2493 3544 2533 scena
3587 2481 3756 2548 prppria

2222 2562 2543 2618 domuncula
2572 2564 2624 2619 in
2649 2564 2825 2619 medio
2854 2566 3073 2636 theatri,
3104 2568 3291 2637 quales
3321 2578 3448 2623 sunt
3470 2569 3757 2623 domuncula

2220 2656 2647 2711 tabernariorum
2672 2657 2754 2712 vel
2770 2658 3131 2714 mercatorum
3151 2660 3206 2714 in
3230 2660 3757 2726 nundinis,secundum

2223 2742 2627 2814 lluguitionem.
2665 2746 2708 2800 Ο
2735 2748 2951 2803 misera:
2982 2751 3168 2805 Scauri
3199 2759 3253 2805 et
3282 2752 3542 2819 Curionis,
3573 2762 3620 2805 et
3640 2751 3760 2805 Pom-

2223 2836 2330 2903 peii
2376 2850 2552 2891 scenae
2593 2839 2899 2905 latissime,
2947 2850 3003 2894 et
3044 2856 3175 2895 auro
3219 2850 3545 2912 argentoque
3577 2852 3755 2907 ornata,

2220 2926 2491 2993 quomodo
2532 2928 2602 2982 ad
2643 2927 2996 2984 domunculas
3043 2940 3405 2987 mercatorum
3454 2932 3506 2987 in
3552 2932 3758 3007 nundinis

2220 3016 2532 3073 recidistis?
2575 3018 2679 3075 Sed
2712 3019 2815 3076 hoc
2853 3021 3210 3078 tolerabilius.
3244 3024 3314 3078 Et
3339 3023 3487 3079 addit
3517 3043 3528 3077 :
3559 3025 3610 3078 In
3636 3037 3758 3077 scena

2223 3108 2459 3178 pulpitus
2489 3121 2633 3177 erat,
2667 3128 2823 3181 quem
2856 3115 3218 3171 ascendebant
3249 3118 3329 3171 illi
3362 3118 3451 3188 qui
3490 3118 3677 3172 fabulas
3699 3133 3759 3172 re-

531 3210 628 3263 Hic
671 3213 997 3280 Augustinus
1028 3222 1219 3269 tractat
1261 3216 1329 3270 de
1353 3216 1472 3281 hoc,
1498 3227 1587 3271 aut
1613 3218 1729 3285 illo,
1757 3227 1809 3274 et
1831 3219 1957 3275 facit
1982 3221 2109 3276 duo.

2223 3204 2484 3271 eitabant;
2517 3214 2572 3260 et
2611 3217 2742 3275 quot
2769 3218 2923 3263 erant
2961 3211 3230 3277 carmina,
3262 3220 3345 3265 tot
3370 3212 3669 3281 reputabant
3692 3226 3760 3280 ap-

532 3300 771 3355 Primum
811 3313 913 3369 est,
965 3304 1103 3373 quod
1142 3308 1390 3375 reprobat
1434 3308 1731 3375 Platonem,
1777 3310 1881 3376 ibi;
1924 3327 2114 3367 secun-

531 3392 677 3458 dum,
706 3394 846 3463 quod
875 3395 1008 3450 dicit
1033 3396 1134 3451 hoc
1161 3406 1253 3451 aut
1283 3398 1434 3462 illud,
1470 3400 1542 3453 ibi
1571 3407 1627 3453 et
1653 3400 1802 3455 dicit.
1830 3401 1962 3454 Tum
1994 3418 2114 3471 qua:

531 3486 858 3552 Augustinus
888 3502 1020 3555 pure
1058 3502 1122 3542 ac
1151 3488 1339 3545 Latine
1368 3489 1601 3557 dixerat,
1649 3492 1753 3560 ipsi
1803 3502 1859 3546 ut
1900 3492 2113 3549 chartas

532 3575 809 3645 impleant,
850 3577 915 3632 ad
958 3594 1112 3634 suum
1160 3595 1373 3635 omnum
1415 3596 1675 3651 suamque
1720 3584 2111 3641 obscenitatcn

533 3668 770 3734 trahunt,
800 3685 899 3725 ceu
925 3686 1030 3725 non
1062 3672 1220 3728 aliter
1247 3675 1476 3743 posteris
1505 3675 1879 3729 intellecturis.
1913 3675 2028 3730 Jam
2057 3677 2113 3732 ia

531 3760 767 3831 quinque
796 3763 978 3831 libris,
1011 3772 1065 3819 et
1094 3774 1242 3835 parte
1271 3766 1467 3821 decimi
1499 3768 1675 3822 octavi
1718 3768 1913 3823 fabula:
1950 3779 2004 3823 et
2032 3769 2115 3824 hi-

530 3853 707 3907 storiae
749 3863 1061 3911 tractantur.
1113 3856 1213 3912 Hic
1242 3866 1429 3927 putant
1458 3874 1518 3914 se
1546 3872 1666 3914 esse
1702 3859 1755 3913 in
1785 3873 1879 3914 sua
1923 3876 2109 3929 arena,

529 3953 584 4000 et
608 3954 866 4014 vagantur
898 3947 1207 4018 jactantque
1236 3963 1295 4005 se
1324 3960 1379 4003 ut
1411 3965 1612 4020 equus,
1643 3950 1783 4021 quod
1814 3952 2027 4018 dicitur,
2060 3954 2114 4008 in

531 4054 740 4108 campo.
771 4041 829 4095 In
859 4042 1052 4111 quibus
1082 4044 1273 4099 omitto
1300 4047 1569 4101 sermonis
1598 4047 1783 4102 sordes
1813 4062 1875 4102 ac
1901 4049 2110 4116 spurci-

532 4130 690 4194 tiam,
722 4131 1002 4200 fatuasque
1032 4142 1084 4187 et
1115 4134 1339 4190 insulsas
1371 4138 1706 4193 narrationes
1738 4154 1905 4208 :quas
1935 4148 2115 4196 tamen

535 4217 635 4288 ipsi
662 4221 928 4276 interdum
956 4239 1019 4277 ex
1046 4222 1439 4280 facundissimis
1465 4228 1816 4282 desumebant
1843 4231 2116 4299 scriptori-

531 4310 659 4375 bus;
705 4328 837 4380 quas
880 4314 1057 4367 nullus
1094 4316 1163 4369 sit
1202 4326 1308 4370 tam
1354 4318 1635 4388 impatiens
1664 4323 1992 4386 stomachus,
2024 4324 2115 4392 qui

538 4417 694 4456 unam
726 4420 791 4458 ex
819 4405 895 4458 eis
922 4414 1014 4459 aut
1039 4407 1259 4461 alteram
1288 4412 1458 4477 possit
1484 4411 1768 4479 devorare,
1795 4414 1895 4467 nisi
1921 4415 2116 4484 quibus

534 4495 672 4548 forte
702 4496 930 4550 salubria
963 4506 1088 4551 sunt
1124 4500 1302 4553 noxia.
1353 4502 1457 4555 Sed
1496 4502 1561 4556 ad
1593 4518 1680 4559 res
1710 4504 1854 4573 ipsas
1880 4508 2110 4561 veniam.

2220 3299 2465 3366 posuisse
2503 3297 2724 3353 fercula.
2771 3300 2897 3355 Haec
2942 3312 3024 3356 cst
3062 3303 3404 3371 argutissima
3438 3303 3762 3371 interpretatio

2218 3389 2427 3445 ferculi.
2463 3388 2644 3460 Pergit
2671 3406 2800 3446 vero
2834 3411 2846 3446 :
2876 3393 3018 3447 Infra
3049 3396 3209 3448 etiam
3243 3394 3481 3450 latebant
3510 3394 3675 3449 larvati
3702 3394 3764 3447 hi-

2218 3482 2472 3545 striones,
2504 3490 2559 3536 et
2582 3483 2754 3546 mimi,
2785 3484 2874 3551 qui
2904 3485 3084 3541 subito
3112 3497 3376 3541 exeuntes
3405 3500 3579 3542 coram
3608 3486 3765 3555 populo

2220 3572 2455 3627 motibus
2480 3573 2726 3641 corporis
2753 3586 3141 3644 expresserunt
3172 3576 3449 3647 historias,
3479 3593 3569 3631 seu
3598 3575 3764 3631 fabulas

2178 3682 2179 3685 η
2218 3663 2501 3729 recitatas;
2546 3672 2603 3718 et
2647 3665 2734 3719 i5ti
2765 3669 2981 3735 proprie
3028 3667 3246 3723 fuerunt
3288 3671 3540 3740 appellati
3578 3670 3764 3724 scenici.

2220 3756 2389 3809 Scena
2458 3756 2618 3810 etiam
2685 3759 3004 3828 quandoque
3073 3759 3286 3828 ponitur
3361 3775 3459 3831 pro
3526 3762 3636 3831 ipso
3678 3764 3765 3814 tota

2218 3847 2465 3913 theatro,
2524 3848 2844 3919 quandoque
2908 3866 3005 3919 pro
3059 3850 3275 3921 fabula,
3339 3854 3648 3923 quandoque
3693 3866 3767 3921 pro

2218 3938 2533 3993 recitatione
2602 3939 2811 3994 fabula}.
2888 3941 3015 3996 Haec
3069 3944 3248 3997 omnia
3295 3947 3421 4015 quis
3476 3954 3628 4016 neget
3673 3958 3767 3999 esse

2216 4032 2587 4097 admirabilia,
2627 4048 2747 4087 cum
2801 4044 2961 4090 antea
3017 4036 3196 4091 nullus
3249 4053 3484 4107 unquam
3536 4034 3767 4092 audierit?

2217 4124 2346 4191 Quis
2372 4141 2603 4195 unquam
2633 4128 2714 4180 vel
2735 4129 3003 4182 theatrum
3024 4128 3157 4182 dixit
3178 4144 3420 4195 scenam,
3438 4131 3523 4186 vel
3550 4130 3765 4193 fabulam,

2219 4216 2301 4269 vel
2351 4216 2540 4269 fabulae
2573 4216 2982 4271 recitationem?
3029 4217 3163 4270 Tum
3209 4219 3361 4274 addit
3387 4220 3651 4276 Valerium
3687 4218 3769 4272 Ma-

2218 4306 2418 4359 ximum
2450 4306 2651 4370 dicere,
2682 4316 2972 4375 antequam
3005 4323 3181 4377 imago
3222 4312 3412 4365 matris
3436 4313 3591 4366 deum
3631 4322 3770 4364 trans-

2220 4398 2323 4451 lata
2374 4408 2515 4452 esset
2580 4413 2648 4452 ex
2700 4398 3061 4464 Pessinunte,
3131 4400 3488 4469 imperatores
3541 4404 3773 4456 Romanos

2222 4503 2363 4557 saepe
2417 4490 2484 4543 ad
2536 4489 2909 4544 Pessinuntem
2962 4490 3165 4554 ivisse,
3224 4502 3281 4544 ut
3333 4502 3459 4548 vota
3514 4493 3773 4546 solverent.

534 4586 670 4639 Sunt
706 4595 852 4641 certe
892 4590 1259 4644 commentarii
1291 4591 1448 4646 utiles
1486 4593 1552 4647 iis
1581 4595 1671 4662 qui
1703 4596 1830 4650 nihil
1860 4613 1987 4653 vere
2024 4614 2111 4654 re-

2226 4582 2324 4637 Ubi
2358 4581 2461 4636 hoc
2490 4597 2722 4651 unquam
2762 4584 3049 4637 somniavit
3079 4583 3363 4639 Valerius?
3402 4586 3478 4640 lia
3524 4600 3625 4640 non
3666 4584 3775 4638 satis

531 4690 725 4748 cteque
764 4681 902 4734 scire
950 4682 1179 4735 volunt:
1214 4684 1389 4752 qualia
1439 4696 1563 4741 sunt
1612 4689 1824 4757 ingenia
1870 4691 2111 4760 quaedam

533 4786 651 4840 qua:
682 4785 746 4823 nc
778 4769 1056 4825 historiam
1085 4773 1299 4841 quidem
1331 4776 1520 4831 audire
1548 4778 1774 4845 possint,
1803 4794 1929 4834 vere
1956 4791 2008 4837 et
2034 4782 2113 4837 uti

530 4873 679 4933 gesta
727 4878 813 4917 res
838 4870 951 4925 est,
998 4874 1298 4928 narratam;
1346 4868 1494 4921 nefas
1538 4870 1699 4923 credo
1746 4871 2111 4928 existimantes

531 4956 733 5023 aliquid
780 4971 1060 5012 remanere
1113 4958 1312 5013 sinceri
1360 4974 1422 5014 ac
1468 4962 1779 5032 incorrupti.
1836 4962 2115 5022 Falluntur

531 5051 695 5118 igitur
722 5050 945 5104 infinitis
973 5051 1127 5120 locis,
1155 5060 1210 5105 et
1239 5053 1441 5118 fallunt,
1470 5055 1513 5109 si
1541 5056 1663 5124 quis
1686 5067 1969 5127 sequatur;
2003 5070 2115 5115 tum

530 5152 750 5212 propter
786 5144 1062 5198 confusam
1113 5145 1480 5217 incertamque
1519 5164 1704 5203 eorum
1747 5166 1864 5219 quae
1907 5155 2115 5208 scribe-

536 5234 663 5287 bant
706 5235 980 5301 notitiam,
1028 5245 1139 5291 tum
1181 5238 1341 5292 etiam
1391 5240 1530 5308 quod
1584 5240 1913 5310 ignoratione
1940 5243 2114 5298 Latini

527 5329 796 5382 sermonis
835 5327 890 5382 in
921 5329 1055 5397 ipsis
1084 5330 1247 5386 rebus
1283 5332 1481 5401 passim
1524 5333 1854 5390 labebantur.
1890 5336 1969 5389 Ad
2000 5335 2116 5391 haec

529 5419 759 5473 afferunt
798 5421 1168 5477 commentitia
1212 5422 1480 5491 pleraque,
1518 5432 1572 5477 et
1611 5440 1878 5490 nunquam
1920 5424 1988 5478 ab
2015 5440 2114 5480 au-

530 5514 770 5566 ctoribus
797 5513 880 5566 vel
910 5514 1175 5567 somniata
1208 5532 1219 5566 :
1252 5516 1441 5582 partim
1470 5532 1534 5570 ex
1562 5517 1727 5585 gestis
1750 5516 2114 5572 Romanorum

532 5604 887 5668 utoralizatis,
923 5605 1115 5676 partim
1145 5621 1267 5675 qum
1296 5606 1459 5662 fando
1491 5609 1695 5662 narrari
1726 5609 2005 5663 audierant
2034 5610 2117 5663 in-

536 5712 615 5754 ter
656 5700 1071 5770 compotandum
1113 5700 1165 5753 in
1200 5700 1449 5770 hospitali
1484 5704 1765 5757 caenaculo
1793 5703 2113 5760 sodalitatis.

532 5791 792 5863 Colligam
823 5808 943 5864 quae
973 5792 1143 5863 prima
1172 5805 1331 5851 erunt
1367 5795 1433 5851 ad
1465 5810 1678 5850 manum
1712 5798 1930 5866 paucula
1970 5813 2116 5866 quae-

2223 4684 2307 4730 est
2359 4684 2411 4730 te
2462 4674 2692 4743 fingere,
2749 4675 2853 4730 nisi
2904 4686 2956 4731 et
3028 4677 3145 4731 aliis
3196 4680 3475 4735 mendacia
3538 4680 3772 4748 assigurs.

2222 4768 2414 4823 Narrat
2435 4768 2649 4837 quidem
2672 4768 2832 4823 ivisse
2854 4768 2980 4825 illuc
2995 4769 3266 4826 Romanos
3287 4773 3639 4841 imperatores
3662 4769 3775 4823 libro

2221 4863 2415 4931 primo,
2448 4860 2549 4916 sed)
2595 4876 2698 4915 non
2727 4872 2850 4915 ante
2878 4870 3103 4916 matrem
3142 4863 3303 4918 deum
3334 4865 3660 4928 translatam,
3688 4874 3775 4930 quo

2220 4964 2462 5023 tempore
2502 4953 2679 5007 nullus
2720 4969 2955 5023 unquam
2987 4953 3261 5009 Romanus
3289 4970 3353 5010 eo
3382 4966 3468 5011 est
3514 4955 3774 5025 profectus.

2216 5046 2415 5113 Adjicit
2439 5046 2714 5100 Pantheon
2745 5046 3001 5114 templum
3025 5062 3053 5099 a
3078 5045 3385 5102 Domitiano
3412 5063 3616 5118 magna:
3642 5043 3776 5100 matri

2217 5136 2377 5190 deum
2404 5144 2735 5191 exstructum
2777 5136 2964 5202 fuisse,
3000 5152 3120 5191 cum
3172 5137 3449 5193 Pantheon
3480 5134 3775 5194 exstruxerit

2217 5241 2342 5286 ante
2370 5230 2728 5285 Domitianum
2753 5232 2983 5300 Agrippa
3007 5230 3127 5286 Jovi
3165 5230 3389 5296 Victori,
3422 5232 3614 5286 deinde
3640 5238 3776 5285 caete-

2221 5321 2291 5375 ris
2329 5321 2449 5375 diis.
2487 5322 2552 5375 Et
2583 5321 2699 5376 haec
2719 5322 2897 5375 omnia
2942 5323 2994 5375 in
3036 5321 3225 5377 eodem
3256 5338 3381 5377 vere
3414 5338 3579 5378 aureo
3619 5331 3669 5378 et
3700 5334 3775 5373 ρος

2219 5415 2372 5483 pioso
2395 5413 2631 5483 capitulo
2668 5414 2701 5469 4
2726 5413 2846 5467 libri
2877 5429 2932 5478 u,
2973 5413 3115 5482 quod
3148 5414 3271 5468 licet
3298 5429 3467 5469 cornu
3515 5415 3675 5483 eopize
3697 5426 3775 5480 ap-

2218 5508 2407 5576 pelles.
2433 5508 2488 5562 ln
2509 5516 2659 5562 sexto
2681 5521 2808 5562 vero
2833 5508 3008 5576 capite
3030 5507 3274 5562 versiculi
3300 5517 3423 5562 sunt
3451 5508 3638 5573 Persii,
3660 5516 3774 5573 quos

2221 5606 2333 5665 ipse
2366 5602 2705 5655 fesﬁvissime
2732 5600 2962 5669 explicat
2987 5617 3001 5655 :

2344 5683 2555 5741 Discite,
2581 5696 2610 5731 ο
2630 5684 2814 5742 miseri,
2838 5691 2889 5731 et
2910 5695 3077 5731 causas
3092 5696 3368 5745 cognoscite
3394 5695 3577 5741 rerum,

2343 5745 2471 5866 guid
2487 5755 2674 5857 ἒυὶηυξῖ,
2701 5749 2754 5802 et
2770 5745 3001 5806 quidnam
3025 5743 3201 5797 victuri
3220 5748 3490 5810 gignimur,
3516 5743 3629 5793 ordo

2388 5821 2463 5856 uis
2521 5818 2545 5854 a
2569 5817 2624 5852 us
