3974 6356
360 378 457 437 449

1035 371 1384 431 VARIORUM
1420 369 2017 430 EXERCITATIONES
2057 371 2127 428 IN
2164 374 2222 430 S.
2267 373 2632 432 AUGUSTINI
2670 374 2923 435 OPERA.

3518 387 3621 445 £50

358 490 461 557 Sic,
510 488 702 560 inquit,
740 486 989 545 ordinata
1018 498 1101 545 est
1146 490 1377 545 humana
1410 497 1619 553 natura,
1663 487 1805 556 quod
1852 497 1937 543 est
1964 488 2017 547 Λ
2041 484 2148 538 alio
2190 485 2331 541 solet
2364 494 2608 556 tempore
2647 487 2849 555 efﬂuat,
2896 488 3007 543 abit
3045 503 3164 545 cum
3207 504 3273 545 eo
3312 490 3479 556 fetus,
3521 510 3622 551 nec

356 599 512 655 super
538 585 689 640 bruta
712 584 986 639 animalia.
1017 584 1273 640 Putabam
1305 598 1426 638 esse
1454 580 1614 636 infra.
1648 583 1752 635 Aut
1782 591 1939 635 meue

353 692 507 745 quam
530 676 706 731 mollis
732 675 937 730 ﬂexus?
966 676 1141 742 Metae,
1171 675 1365 745 inquit,
1391 674 1442 729 id
1473 681 1577 739 est,
1607 672 1818 728 mortis.
1842 672 1934 725 At-

354 771 438 838 qui
469 785 534 825 ex
565 770 662 824 hac
692 770 870 824 nullus
910 778 993 825 est
1037 769 1228 825 ﬂexus.
1262 767 1402 836 Quid
1432 782 1590 838 asper
1618 766 1748 821 utile
1778 781 1937 820 num-

348 877 470 916 mus
497 862 672 917 habet.
700 862 798 917 Ilic
827 876 946 916 cum
978 861 1249 930 ignoraret
1276 876 1373 915 cur
1399 875 1558 929 asper
1588 872 1837 912 nummus
1858 856 1939 911 di-

347 963 575 1016 ceretur.
606 969 713 1008 non
736 952 904 1008 defuit
931 953 1286 1008 moralizatio.
1312 953 1505 1022 Asper,
1534 949 1724 1020 inquit,
1758 949 1807 1003 id
1831 957 1936 1016 est,

344 1055 604 1112 quantum
651 1047 845 1100 habeat
884 1047 1226 1115 asperitatis:
1262 1055 1482 1115 propter
1525 1057 1683 1098 curas
1715 1055 1937 1111 magnas

344 1150 482 1201 quas
532 1136 761 1204 ingerit;
810 1145 1034 1206 propter
1057 1136 1202 1205 quod
1243 1146 1299 1191 et
1342 1134 1512 1205 spinis
1557 1142 1940 1201 comparantur

340 1227 567 1282 divitia}.
598 1227 715 1281 Non
745 1226 823 1281 sic
852 1227 1065 1282 Persius
1086 1242 1183 1282 sua
1210 1237 1315 1281 tam
1338 1235 1491 1280 acute
1522 1223 1809 1287 intellexit,
1838 1235 1940 1276 nec

343 1327 454 1372 tam
499 1329 701 1374 sancte.
754 1318 825 1374 Et
870 1319 1046 1386 capite
1095 1328 1308 1384 octavo,
1360 1317 1427 1372 de
1457 1315 1629 1385 poetis
1665 1313 1940 1368 adnotatio

340 1410 504 1479 digna
544 1427 662 1480 quze
707 1412 773 1465 ad
806 1411 1024 1466 verbum
1070 1412 1361 1466 ediscatur.
1398 1410 1709 1472 Poetarum,
1741 1406 1936 1475 inquit,

343 1501 450 1553 duo
482 1510 606 1555 sunt
628 1517 851 1570 genera,
878 1514 1091 1556 veteres
1115 1511 1169 1556 et
1194 1501 1337 1555 novi.
1363 1499 1592 1554 Veteres
1612 1496 1793 1551 omnia
1821 1510 1941 1565 qua:

342 1597 613 1650 cauebant
640 1596 1031 1651 convertebant
1059 1596 1125 1648 ad
1168 1595 1333 1649 risum
1361 1612 1374 1647 :
1410 1593 1552 1647 unde
1597 1591 1665 1645 de
1694 1589 1942 1644 meretri-

334 1691 443 1742 ciis
476 1699 529 1742 et
558 1691 783 1757 stupris,
816 1699 869 1743 et
893 1688 977 1742 his
1003 1703 1121 1755 qua:
1148 1696 1397 1757 poterant
1429 1699 1723 1753 provocare
1745 1683 1937 1747 risum,

335 1779 689 1835 tractabant;
724 1780 862 1831 sicut
910 1778 1131 1832 Plautus
1184 1788 1237 1830 et
1274 1775 1577 1830 Terentius.
1630 1771 1765 1827 Novi
1811 1784 1938 1825 vero

2044 578 2227 647 augeri
2261 593 2361 633 nec
2388 580 2456 632 ali
2483 589 2679 648 potest.
2718 580 2824 636 Sed
2858 580 2983 635 libet
3022 582 3402 651 explicationes
3440 586 3623 643 audire

2042 668 2472 723 vocabulorum?
2514 670 2786 725 Exclamat
2832 674 3058 743 August.
3091 675 3187 729 lib.
3234 692 3268 730 ll
3297 692 3309 729 :
3347 676 3389 731 0
3414 679 3625 735 animos

2043 776 2297 831 germane
2319 763 2609 818 Romanos.
2652 764 2937 831 Germane,
2972 768 3161 837 inquit,
3186 768 3239 822 id
3282 778 3364 823 est
3386 770 3513 837 alte,
3540 772 3627 827 vel

2043 855 2371 920 immaniter,
2434 872 2555 911 nam
2606 857 2858 912 Germani
2898 859 3095 915 habent
3136 861 3390 916 immania
3429 874 3482 918 et
3522 866 3624 919 alta

2043 960 2290 1017 corpora.
2340 948 2404 1002 Et
2451 949 2501 1002 in
2551 949 2739 1004 eodem
2776 951 3001 1019 loquens
3035 954 3362 1020 Augustinus
3401 955 3467 1009 de
3516 956 3626 1010 Iino

2041 1046 2133 1091 aut
2182 1039 2360 1092 lanula
2400 1038 2700 1107 ﬂaminum,
2750 1057 2856 1109 quo
2894 1042 3201 1097 vinciebant
3243 1055 3422 1113 caput,
3464 1062 3623 1115 quem

2042 1128 2249 1195 apicem
2284 1130 2649 1196 nominabant,
2690 1133 2839 1200 quasi
2892 1134 3254 1189 summitatem
3286 1154 3299 1189 :
3326 1138 3498 1206 Apex,
3550 1139 3631 1189 in-

2041 1222 2174 1290 quit,
2232 1238 2427 1277 nomen
2472 1233 2554 1277 est
2612 1224 2888 1292 cujusdam
2933 1227 3374 1296 historiographi,
3418 1237 3475 1282 ut
3519 1229 3629 1296 jam

2042 1313 2344 1367 mirandum
2373 1329 2477 1368 non
2519 1315 2589 1368 sit
2631 1316 2824 1370 fecisse
2854 1316 3018 1370 Deum
3064 1317 3307 1372 homines
3358 1334 3429 1374 ex
3475 1320 3625 1389 limo,

2042 1420 2163 1459 cum
2190 1407 2291 1460 iste
2317 1406 2477 1461 faciat
2505 1423 2569 1461 ex
2593 1408 2723 1462 lino.
2751 1408 2959 1462 Etcum
2987 1410 3125 1463 libro
3150 1418 3341 1479 quarto
3364 1413 3608 1480 posuisse

2042 1495 2376 1566 Augustinus
2409 1498 2548 1551 inter
2583 1498 2825 1566 prodigia
2856 1499 3084 1553 feminas
3108 1508 3163 1553 et
3196 1500 3423 1568 gallinas
3452 1511 3503 1554 et
3531 1500 3629 1555 ho-

2043 1589 2216 1641 mines
2249 1604 2429 1642 versas
2472 1588 2524 1641 in
2572 1590 2868 1643 masculum
2928 1605 3157 1645 sexum:
3186 1592 3385 1658 Credo,
3434 1593 3625 1661 inquit,

2045 1675 2277 1729 litteram
2304 1691 2422 1729 esse
2453 1676 2660 1742 falsam,
2690 1693 2851 1747 quam
2873 1687 3051 1733 tamen
3074 1680 3226 1733 tnulti
3252 1680 3374 1734 libri
3406 1680 3626 1735 habent.

2047 1765 2276 1820 Deberet
2302 1775 2480 1821 autem
2513 1768 2689 1821 littera
2721 1769 2800 1823 sic
2816 1783 2956 1834 esse,
2982 1770 3034 1824 in
3061 1770 3308 1824 homines
3338 1784 3387 1825 et
3418 1787 3629 1826 mascu«

330 1868 816 1938 reprehendebant
846 1869 975 1922 vitia
1007 1869 1280 1922 hominum
1312 1866 1660 1928 nominatim;
1693 1862 1939 1923 undeque
1967 1861 2019 1924 B
2044 1856 2152 1911 lum
2177 1874 2387 1913 sexum.
2424 1859 2547 1913 Vult
2577 1862 2719 1914 enim
2748 1860 2828 1914 sic
2854 1861 3055 1928 dicere,
3088 1863 3229 1932 quod
3259 1863 3471 1918 femina:
3497 1880 3629 1919 con-

325 1962 596 2014 homines
633 1961 992 2025 lacessebant,
1027 1974 1215 2014 eorum
1244 1959 1373 2012 vitia
1409 1966 1692 2026 carpentes
1722 1970 1852 2009 vera
1884 1962 1937 2009 et

324 2051 508 2113 ﬁcta;
554 2063 608 2105 et
656 2053 1011 2121 pingebantur
1050 2050 1201 2116 nudi,
1244 2052 1365 2119 quia
1400 2049 1526 2102 vitia
1561 2045 1929 2102 denudabant.

319 2143 508 2198 Tales
539 2152 712 2213 poeta:
748 2144 941 2197 comici
986 2142 1205 2213 satyrici
1249 2141 1588 2210 appellantur
1617 2157 1628 2189 :
1662 2140 1801 2191 sicut
1834 2137 1941 2190 Ilo-

323 2238 543 2300 ratius,
597 2235 834 2302 Persius,
873 2235 1168 2298 Juvenalis,
1209 2245 1263 2289 et
1307 2232 1637 2300 hujusmodi.
1673 2230 1742 2283 Et
1781 2229 1939 2297 paulo

323 2337 481 2394 post
514 2345 526 2378 :
554 2327 780 2381 Possunt
814 2337 993 2381 autem
1028 2338 1197 2396 poeta:
1222 2325 1429 2393 tragici,
1464 2326 1604 2378 sicut
1635 2333 1690 2377 et
1720 2322 1936 2388 comici,

305 2417 513 2472 dividi
558 2418 611 2472 in
656 2419 788 2473 duas
823 2431 1021 2488 partes.
1068 2420 1232 2473 Primi
1286 2419 1401 2487 puri
1446 2418 1665 2486 tragici;
1714 2414 1940 2470 secundi

308 2526 475 2565 vero
507 2512 679 2581 elegi,
713 2521 1004 2566 tractantes
1035 2512 1103 2565 de
1146 2510 1339 2580 elegia,
1392 2511 1441 2564 id
1472 2520 1557 2564 est
1592 2511 1660 2564 de
1697 2508 1935 2562 miseria.

300 2599 421 2655 Sic
460 2602 575 2667 ille,
612 2617 681 2657 ex
712 2603 1005 2656 Aristotele
1031 2602 1214 2667 credo,
1250 2609 1343 2655 aut
1371 2601 1415 2653 si
1444 2601 1562 2668 quis
1592 2601 1694 2654 hoc
1724 2613 1939 2667 quoque

298 2695 559 2749 doctius
608 2695 675 2750 de
730 2695 901 2763 poetis
946 2695 1183 2763 scripsit,
1222 2704 1274 2747 et
1315 2703 1494 2747 tamen
1541 2693 1633 2761 qui
1675 2691 1808 2745 nihil
1840 2707 1939 2744 un-

298 2803 507 2858 quam
536 2788 603 2842 de
632 2789 695 2842 iis
724 2795 1004 2856 poetarum
1035 2787 1325 2856 generibus
1372 2785 1595 2848 audivit,
1640 2801 1744 2836 non
1780 2783 1938 2836 intel-

301 2879 471 2949 liget
506 2895 661 2950 quam
688 2880 875 2934 frivola
908 2880 1021 2933 lucc
1042 2890 1097 2933 et
1126 2880 1372 2948 imperita
1403 2880 1530 2943 sint,
1558 2878 1751 2932 nedum
1777 2878 1936 2929 stulta

328 2985 524 3041 atque
551 2972 799 3026 ridicula.
850 2971 905 3025 Si
942 2971 1167 3036 audivit,
1209 2969 1331 3023 huic
1366 2969 1587 3037 perinde
1622 2968 1724 3021 ista
1756 2972 1934 3030 erunt,

317 3079 462 3119 cum
504 3066 571 3119 de
594 3066 750 3118 novis
773 3073 829 3117 et
858 3064 1133 3118 veteribus
1164 3061 1395 3131 loquitur
1426 3059 1617 3128 poetis,
1651 3074 1713 3111 ac
1742 3057 1788 3110 si
1816 3056 1937 3125 quis

331 3157 489 3210 dicat
519 3157 940 3211 architectorum
968 3154 1205 3208 ofﬁcium
1248 3163 1330 3207 est
1358 3152 1569 3206 calceos
1599 3164 1781 3214 suere,
1811 3163 1935 3202 cer-

2042 1964 2214 2003 versaa
2246 1952 2445 2005 suntin
2470 1952 2715 2007 homines
2742 1970 2753 2004 :
2786 1954 2837 2006 id
2870 1962 2952 2007 est
2982 1955 3037 2009 in
3065 1955 3229 2022 viros,
3252 1965 3305 2009 et
3332 1957 3545 2025 gallina:
3572 1960 3629 2014 in

2045 2043 2342 2097 masculum
2374 2059 2587 2098 sexum.
2630 2044 2674 2098 Ο
2712 2047 2961 2100 tenebras
2992 2047 3138 2101 illius
3166 2049 3341 2102 aetatis
3369 2049 3630 2104 miseran-

2043 2134 2161 2201 das,
2189 2143 2241 2187 et
2260 2143 2439 2189 tamen
2469 2136 2579 2189 illis
2603 2136 2747 2191 oculi
2779 2136 3065 2191 assuefacti
3094 2139 3295 2194 illatam
3315 2142 3421 2210 jam
3456 2143 3628 2198 lucem

2040 2237 2292 2297 spectare
2316 2246 2424 2282 non
2454 2232 2754 2285 sustinent!
2779 2231 3025 2287 Claudite
3055 2234 3185 2287 Istas
3215 2233 3479 2289 fenestras
3510 2252 3629 2290 om-

2043 2338 2140 2377 nes
2169 2333 2223 2377 et
2252 2325 2497 2392 rimulas,
2528 2341 2714 2393 nequa
2734 2326 2822 2379 lux
2851 2337 3133 2394 penetrare
3154 2336 3332 2397 queat,
3366 2340 3420 2383 et
3450 2333 3630 2384 fruan-

2045 2425 2132 2467 tur
2157 2413 2328 2468 libere
2357 2430 2452 2469 sua
2484 2425 2677 2481 nocte;
2711 2425 2923 2471 tenuem
2952 2434 3164 2487 quoque
3189 2430 3241 2473 et
3264 2421 3628 2489 languidulam

2042 2512 2097 2566 in
2129 2513 2417 2567 tenebroso
2442 2514 2693 2567 cubiculo
2723 2514 2949 2569 meridie
2992 2515 3110 2585 ipso
3146 2517 3421 2571 accendite
3449 2518 3628 2573 lucer-

2043 2618 2188 2657 nam.
2234 2604 2364 2659 Illnd
2414 2605 2469 2659 in
2515 2606 2703 2659 eodem
2757 2607 2923 2661 miror
2962 2607 3274 2678 interprete,
3323 2612 3460 2679 quod
3506 2627 3626 2666 cum

2042 2698 2390 2764 gravissimos
2420 2698 2645 2753 haberet
2667 2711 2933 2765 auctores,
2962 2716 3026 2755 ex
3052 2704 3245 2769 quibus
3267 2706 3519 2759 nonnulla
3548 2721 3629 2760 so-

2041 2787 2171 2842 litus
2213 2797 2297 2843 est
2341 2789 2645 2855 desumere,
2681 2800 2967 2861 possetque
3005 2808 3069 2846 ex
3116 2794 3318 2848 eisdem
3350 2796 3453 2850 alia
3482 2814 3627 2866 quaa-

2043 2880 2165 2933 dam
2197 2881 2410 2949 aﬂ'erre,
2444 2883 2631 2936 maluit
2656 2882 2723 2937 ab
2752 2883 2956 2938 Isidoro
2982 2894 3181 2952 petere,
3214 2895 3305 2939 aut
3333 2888 3433 2942 hoc
3471 2892 3621 2958 pejo-

2043 2970 2212 3035 ribus,
2247 2973 2569 3042 Hnguitione
2599 2984 2653 3028 et
2682 2974 2966 3028 Vincentio
2998 2975 3264 3031 Itistoriali
3292 2995 3304 3031 :
3352 2981 3491 3048 quod
3535 2997 3625 3036 su-

2042 3061 2240 3127 spicari
2271 3078 2355 3115 me
2382 3066 2527 3131 cogit
2566 3065 2741 3133 ipsum
2782 3066 2863 3119 vel
2911 3066 3089 3121 aliena
3125 3084 3244 3123 esse
3269 3085 3423 3124 usum
3468 3072 3519 3126 in
3549 3073 3625 3127 ci-

2046 3154 2225 3209 taniiis
2247 3157 2556 3211 auctoribus
2581 3173 2764 3227 opera,
2809 3159 2890 3214 vel
2923 3161 3115 3214 citatos
3139 3172 3230 3216 aut
3270 3164 3538 3220 invenisse
3570 3167 3625 3222 in

351 3247 549 3302 donum
587 3264 714 3304 vero
742 3248 1009 3302 aedificare
1035 3263 1049 3302 :
1078 3257 1131 3302 et
1158 3262 1277 3301 cum
1318 3261 1486 3300 novos
1523 3244 1759 3298 comicos
1782 3250 1937 3296 vocat
1967 3230 2013 3294 C
2046 3246 2226 3315 aliquo
2249 3248 2385 3302 vade
2416 3264 2650 3318 mecum,
2674 3261 2766 3304 aut
2796 3253 3068 3320 rapiamus
3092 3262 3282 3322 totum,
3313 3268 3404 3309 aut
3432 3258 3498 3311 de
3524 3258 3625 3312 ali-

360 3344 643 3409 satyricos,
674 3354 770 3394 ceu
800 3340 918 3409 quis
947 3340 1090 3393 dicat
1119 3339 1345 3392 fartores
1377 3352 1495 3391 esse
1525 3344 1931 3390 textores:cum

358 3436 589 3486 comicos
615 3432 750 3485 dixit
781 3431 1066 3501 elegiacos,
1100 3431 1243 3485 velut
1282 3430 1472 3499 aliquis
1501 3444 1762 3498 agasones
1792 3429 1935 3483 dicat

368 3535 568 3587 nautas,
596 3532 689 3577 aut
727 3533 971 3577 tonsores
1005 3520 1373 3576 carbonarios.
1404 3522 1520 3575 Jam
1557 3534 1678 3573 cum
1703 3519 1937 3587 explicat

366 3616 550 3684 elegia,
576 3617 624 3670 id
650 3624 733 3670 est
763 3615 1001 3681 miseria,
1034 3632 1139 3669 non
1167 3630 1322 3670 secus
1350 3630 1509 3684 quam
1541 3614 1584 3666 si
1610 3612 1936 3681 interprete—

369 3708 781 3774 ris:scrinium,
836 3710 887 3763 id
937 3719 1020 3763 est
1068 3710 1222 3763 liber.
1266 3710 1330 3763 Et
1366 3723 1484 3777 cap.
1531 3708 1654 3773 109,
1700 3722 1820 3761 cum
1868 3708 1936 3762 de

380 3798 552 3854 Plauto
580 3811 783 3869 ageret,
826 3803 925 3855 iste
963 3801 1197 3870 scripsit,
1243 3802 1435 3869 inquit,
1467 3800 1784 3853 comoediam
1818 3813 1936 3867 quae

376 3894 663 3960 appellatur
709 3893 1004 3962 Aulularia,
1041 3894 1193 3962 quasi
1227 3908 1333 3945 non
1375 3894 1553 3945 aliam.
1592 3893 1670 3944 'At
1698 3891 1936 3959 ιιιιίιοδοο

384 3986 521 4050 phari
553 4001 764 4056 quoque
801 3986 970 4040 voluit
1012 3987 1216 4040 lib.vu.
1255 3985 1385 4037 Nam
1426 3999 1546 4037 cum
1589 3983 1813 4036 dixisset
1839 3985 1939 4036 Au-

372 4077 557 4142 gustin.
601 4078 808 4132 Menam
854 4079 1032 4143 deam,
1060 4093 1177 4146 quae
1217 4076 1512 4131 menstruis
1556 4085 1770 4143 prmest,
1800 4090 1935 4129 con-

372 4172 506 4225 ferre
532 4173 726 4228 ﬂuores
756 4184 1060 4228 menstruus
1091 4171 1158 4226 ad
1188 4171 1304 4239 ejus
1331 4171 1470 4239 quod
1503 4179 1821 4238 conceptum
1854 4180 1938 4224 est

370 4261 761 4331 incrementum,
791 4267 1004 4335 ignarus
1032 4265 1256 4318 ﬂuorem
1282 4274 1617 4317 menstruum
1642 4262 1747 4316 dici
1776 4246 1934 4316 etiam

371 4356 673 4411 muliebrem
705 4358 1044 4428 sanguinem,
1085 4358 1174 4425 qui
1210 4357 1448 4409 fluxurus
1478 4364 1593 4409 erat
1632 4355 1683 4407 in
1728 4369 1931 4418 mense,

369 4448 463 4504 nisi
492 4452 569 4505 vel
599 4450 708 4506 fetu
742 4452 829 4506 vel
877 4452 977 4505 alia
1025 4466 1186 4504 causa
1225 4450 1578 4513 detineretur,
1623 4448 1809 4515 incipit
1848 4448 1935 4501 di—

369 4541 627 4612 stinguere
662 4544 978 4612 sanguinem
1012 4552 1371 4607 menstruum,
1404 4557 1511 4595 uno
1551 4541 1713 4595 modo
1742 4555 1837 4609 pro
1869 4554 1935 4594 eo

368 4635 502 4703 quod
529 4646 611 4690 est
634 4644 1041 4706 purgamentum
1070 4646 1296 4699 naturae,
1327 4644 1382 4688 et
1409 4633 1633 4702 singulis
1662 4632 1937 4685 mensibus

368 4728 586 4796 ejicitur.
618 4730 737 4785 Alio
768 4731 929 4785 modo
967 4731 1225 4799 accipitur
1269 4745 1364 4797 pro
1405 4728 1666 4796 sanguine
1704 4726 1795 4795 qui
1843 4740 1938 4793 per

366 4821 672 4888 ejectionem
724 4834 1002 4893 purgatur,
1052 4832 1107 4877 et
1141 4831 1259 4891 post
1288 4821 1427 4875 ﬂuor
1471 4830 1782 4874 menstruus
1830 4834 1936 4871 non

362 4915 563 4969 confert
583 4917 645 4968 ad
670 4917 1056 4971 incrementum
1090 4916 1251 4982 fetus,
1280 4915 1381 4969 nisi
1406 4929 1501 4984 per
1531 4913 1802 4975 accidens,
1833 4913 1940 4967 sci-

363 5004 479 5061 licet
509 5024 604 5077 per
632 5023 784 5062 suam
825 5009 1142 5064 absentiam.
1173 5007 1398 5061 Confert
1434 5006 1577 5060 enim
1616 5020 1713 5074 pro
1743 5013 1892 5059 tanto
1918 5021 1931 5059 :

363 5099 479 5165 quia
501 5115 621 5153 cum
652 5099 769 5169 ipse
799 5101 1107 5169 expellitur,
1146 5100 1361 5169 sanguis
1383 5098 1474 5153 ille
1502 5097 1644 5151 unde
1674 5098 1814 5152 fetus
1840 5111 1935 5149 au-

365 5198 523 5256 getur,
550 5190 779 5245 efficitur
807 5192 1078 5256 mundior,
1102 5202 1153 5245 et
1171 5193 1234 5246 ad
1262 5191 1561 5260 augendum
1595 5189 1805 5244 melior.
1829 5187 1936 5243 Sed

371 5280 542 5336 beatus
588 5284 915 5352 Augustinus
969 5285 1245 5340 extensive
1288 5284 1533 5352 loquens,
1590 5292 1745 5337 vocat
1780 5282 1930 5337 illum

374 5376 666 5444 sanguinem
707 5377 797 5446 qui
844 5378 1135 5445 depuratnr
1164 5378 1387 5431 ﬂuorem
1423 5383 1778 5430 menstruum.
1811 5374 1937 5430 Haec

377 5464 470 5521 ille.
499 5468 733 5524 Primum
760 5469 878 5540 quis
921 5487 1150 5541 unquam
1184 5472 1497 5537 sanguinem
1541 5471 1690 5525 illum
1722 5470 1813 5538 qui
1841 5485 1935 5537 pu-

378 5558 472 5614 rior
494 5572 731 5617 remanet
767 5563 821 5617 in
854 5578 1079 5632 corpore
1110 5564 1347 5618 mulieris
1379 5571 1498 5631 post
1519 5563 1748 5631 ejectum
1778 5575 1929 5615 men-

379 5658 582 5719 struunt,
624 5656 831 5709 vocavit
862 5656 1092 5723 ﬂuorem
1140 5654 1509 5709 menstruum?
1554 5653 1752 5707 Deinde
1794 5668 1933 5721 quo-

384 5742 521 5797 modo
548 5746 630 5798 isti
666 5756 923 5814 augentur
953 5748 1088 5801 fetus
1121 5748 1172 5801 in
1205 5747 1367 5801 locis?
1406 5747 1496 5815 qui
1542 5746 1584 5799 si
1617 5754 1923 5799 menstruus

387 5826 459 5887 ille
491 5833 699 5907 deﬂuat,
740 5838 871 5894 fiunt
910 5839 1318 5906 imbecilliores;
1359 5849 1414 5895 et
1442 5840 1488 5895 si
1522 5838 1746 5909 largius,
1776 5848 1834 5893 et
1875 5846 1935 5896 ut

1964 4613 2017 4672 D

2042 3354 2148 3408 quo
2180 3340 2477 3395 audivisse.
2519 3342 2651 3396 Nam
2696 3344 3059 3399 deﬁnitionem
3092 3346 3211 3413 Dei,
3252 3364 3408 3418 quam
3437 3365 3500 3404 ex
3530 3351 3624 3405 Ci-

2046 3436 2262 3488 ceronis
2294 3435 2471 3502 primo
2492 3432 2653 3490 Tusc.
2688 3447 2878 3505 quaest.
2913 3439 3044 3492 citat
3066 3442 3419 3509 Augustinus,
3450 3444 3625 3513 colligi

2040 3526 2171 3579 dicit
2197 3541 2262 3580 ex
2293 3526 2374 3579 his
2405 3541 2523 3594 quae
2556 3527 2607 3579 in
2633 3542 2691 3580 ut
2715 3530 2786 3581 De
2811 3526 2933 3583 Nat.
2962 3530 3113 3583 deer.
3144 3531 3371 3598 sparsim
3404 3540 3622 3599 tractat;

2040 3626 2091 3671 et
2123 3617 2543 3671 consolationem
2574 3618 2641 3673 de
2665 3629 2836 3673 morte
2874 3620 3018 3689 filiae,
3066 3622 3272 3676 nescire
3311 3639 3369 3678 se
3400 3625 3532 3679 dicit
3556 3641 3624 3681 an

2039 3718 2107 3767 sit
2137 3714 2226 3765 lib.
2265 3729 2337 3767 xu
2366 3713 2705 3774 Orationum,
2751 3728 2871 3768 cum
2912 3715 3103 3769 Cicero
3134 3716 3247 3783 ipse
3280 3717 3334 3769 in
3366 3717 3623 3775 Academ.

2041 3818 2094 3859 et
2121 3807 2283 3861 Tusc.
2336 3816 2551 3875 quaest.,
2586 3816 2640 3860 et
2669 3806 2977 3862 Lactantius
3016 3818 3071 3861 et
3108 3808 3312 3864 Plinius
3350 3811 3476 3881 ejus
3505 3812 3608 3868 libr

2042 3898 2407 3952 meminerint.
2446 3898 2643 3953 Valerii
2687 3900 2874 3953 Sorani
2925 3900 3057 3954 nihil
3086 3901 3399 3955 recordatur
3440 3919 3497 3957 se
3545 3908 3625 3960 Ie~

2042 3992 2205 4059 gisse,
2240 4006 2360 4044 cum
2406 3989 2523 4059 ejus
2552 3990 2623 4042 sit
2652 3991 2857 4043 mentio
2893 3992 3031 4059 apud
3066 3992 3319 4057 Plinium,
3357 3993 3620 4062 Solinum,

2041 4082 2397 4146 Lactantium,
2433 4081 2801 4145 Plutarchum,
2832 4082 3098 4148 Servium,
3129 4083 3475 4139 Macrobium.
3508 4087 3625 4142 Jatn

2041 4190 2106 4228 ex
2148 4176 2331 4229 multis
2364 4176 2692 4244 Diogenibus
2719 4191 2906 4242 unum,
2942 4186 2994 4229 et
3028 4192 3093 4230 ex
3133 4179 3313 4233 multis
3357 4179 3627 4236 IEschini-

2041 4267 2140 4321 bus
2166 4283 2355 4332 unum,
2382 4278 2435 4321 et
2456 4284 2520 4321 ex
2548 4268 2771 4321 Socrate
2802 4277 2855 4321 et
2880 4268 3111 4322 Isocrate
3132 4271 3379 4326 eumdem
3406 4274 3626 4344 conglu-

2044 4360 2213 4415 tinare
2235 4370 2290 4414 et
2311 4361 2773 4415 conferruminare
2796 4360 2996 4415 invitos
3024 4372 3077 4416 et
3100 4365 3239 4418 male
3266 4366 3623 4435 coluerentes,

2042 4466 2147 4504 non
2182 4467 2386 4519 rarum,
2420 4463 2476 4505 ut
2506 4467 2606 4507 nec
2635 4453 2738 4506 alia
2765 4456 2946 4507 omnia
2975 4472 2986 4507 :
3022 4470 3139 4523 quae
3171 4456 3213 4509 si
3249 4460 3493 4528 persequi
3524 4462 3627 4515 sin-

2042 4544 2264 4613 gillatim
2310 4554 2533 4611 tentem,
2566 4558 2679 4599 rem
2728 4546 2781 4599 in
2828 4544 3095 4599 infinitum
3145 4550 3455 4603 extendero.
3504 4550 3628 4606 Haec

2045 4652 2162 4705 qua:
2208 4636 2430 4705 adduxi,
2484 4646 2688 4691 tantum
2742 4637 2888 4691 velut
2931 4639 3225 4707 specimina
3281 4644 3458 4710 posui,
3507 4659 3628 4711 quae

2047 4728 2218 4797 prima
2268 4727 2508 4796 profecto
2552 4728 2789 4783 volventi
2832 4728 3026 4783 librum
3073 4742 3436 4787 occurrerunt.
3490 4734 3626 4790 Sunt

2047 4822 2192 4875 enim
2236 4837 2403 4891 usque
2438 4823 2574 4877 adeo
2603 4822 2901 4893 frequentia
2936 4833 2990 4878 et
3023 4824 3209 4891 densa,
3247 4836 3304 4879 ut
3331 4828 3625 4895 perieulum

2048 4927 2155 4967 non
2180 4914 2249 4967 sit
2278 4928 2342 4966 ne
2365 4914 2583 4981 lateant,
2616 4915 2659 4967 si
2690 4929 2793 4969 non
2817 4914 3123 4969 iudicentur
3150 4933 3164 4970 :
3194 4927 3429 4983 exstant,
3458 4920 3621 4975 nimi-

2046 5024 2186 5075 rum,
2220 5018 2274 5061 et
2303 5008 2533 5063 offerunt
2573 5023 2633 5063 se
2675 5016 2835 5079 atque
2863 5009 2998 5062 adeo
3029 5009 3275 5078 ingerunt
3314 5012 3483 5065 oculis
3508 5029 3625 5067 om-

2046 5102 2193 5155 nium
2223 5101 2513 5155 volentium
2556 5102 2777 5166 intueri,
2812 5117 2931 5171 qua:
2963 5116 3061 5155 nec
3088 5102 3142 5155 in
3172 5119 3332 5172 opere
3364 5105 3481 5173 ipso
3503 5122 3620 5161 sum

2048 5200 2409 5246 consectatus.
2463 5190 2597 5245 Tum
2645 5208 2713 5247 ne
2755 5192 2971 5246 fastidio
3015 5192 3200 5246 lectori
3250 5208 3426 5250 essem
3480 5208 3623 5252 tanta

2049 5283 2380 5352 prolixitate,
2415 5291 2526 5337 tum
2550 5284 2690 5353 quod
2720 5284 2983 5352 ineptiora
3017 5294 3162 5349 sunt,
3194 5300 3353 5354 quam
3384 5297 3438 5340 ut
3466 5289 3519 5343 in
3542 5290 3621 5344 eis

2041 5377 2353 5432 refellendis
2405 5377 2604 5447 aliquid
2649 5376 2899 5430 collocari
2947 5391 3124 5445 operze
3167 5376 3428 5433 debuerit.
3464 5380 3621 5447 Quis-

2042 5469 2163 5537 quis
2194 5467 2323 5521 mihi
2349 5467 2506 5521 fidem
2531 5481 2636 5521 non
2664 5467 2844 5531 habet,
2873 5467 3013 5537 legat
3040 5468 3184 5536 ipse;
3218 5476 3273 5522 et
3293 5470 3619 5538 veljudicet,

2043 5561 2089 5614 si
2119 5550 2440 5625 estductus,
2474 5560 2552 5613 vel
2584 5575 2612 5610 a
2646 5557 2976 5614 doctioribus
3006 5562 3321 5615 sententiam
3353 5565 3618 5633 exquirat,

2036 5652 2249 5721 illisque
2290 5653 2637 5705 assentiatur.
2667 5650 2824 5718 Quod
2859 5652 2902 5705 si
2932 5652 3051 5719 quis
3089 5663 3172 5707 est
3200 5654 3285 5722 qui
3324 5655 3436 5708 iniec
3468 5658 3620 5709 unice

2034 5743 2211 5798 forsan
2233 5756 2294 5796 ac
2317 5752 2503 5796 tenere
2530 5744 2906 5813 complectitur
2932 5754 2986 5799 et
3015 5755 3181 5810 amat,
3215 5746 3376 5801 habet
3400 5762 3505 5800 non
3533 5763 3617 5801 so-

2034 5836 2142 5893 lum
2170 5835 2268 5892 hos
2288 5836 2725 5906 commentarios,
2750 5838 2846 5895 sed
2872 5841 3033 5894 etiam
3065 5838 3474 5910 Huguitionem,
3508 5838 3614 5893 Pa-
