3974 6356
512 329 610 394 εει

1363 323 1917 383 SUPPLEMENTUM
1957 322 2048 378 AD
2087 320 2315 377 OPERA
2358 324 2416 380 S.
2459 322 2851 381 AUGUSTINL
3598 342 3685 402 152

514 448 674 516 piam,
718 444 1052 505 Graecistam.
1084 442 1338 497 Joannem
1380 440 1447 494 de
1488 439 1800 501 Garlaudia,
1845 436 2085 494 Catholi-
2113 434 2167 500 Α
2196 436 2278 491 lus
2308 439 2480 494 anatis
2504 441 2678 494 illius?
2707 440 2824 495 .lam
2848 430 2961 495 non
2980 434 3155 494 minus
3178 454 3239 495 ex
3262 440 3462 499 historia
3481 456 3526 501 ct
3544 449 3687 509 fabulis

424 559 442 569 ο
512 552 648 603 con;
692 538 797 591 illis
838 553 895 591 se
924 536 1175 591 omnibus
1223 534 1478 598 oblectet,
1512 532 1653 601 quod
1691 532 1765 584 sit
1790 531 1839 584 ei
1886 531 2089 585 bonum

514 640 954 700 prosperumque,
996 637 1049 680 et
1091 627 1141 679 in
1192 640 1376 679 eorum
1426 624 1711 691 complexu
1756 623 1978 676 haereat.
2024 621 2095 674 At

516 721 733 775 Thomre
758 720 934 774 Valois
959 730 1013 773 et
1036 719 1258 772 Nicolao
1280 716 1462 771 Trivet
1489 715 1685 785 prodiit
1710 712 1851 769 velut
1871 726 2093 768 succen-

514 817 739 869 turiatus
765 815 995 869 Jacobns
1037 814 1437 875 Passavantius,
1472 826 1630 882 quem
1682 826 1877 864 nomen
1919 810 2093 877 ipsum

517 906 714 959 indicat
745 906 905 959 fuisse
933 921 1170 960 scurram
1202 906 1431 974 aliquem
1462 904 1737 968 festivum,
1773 902 1863 971 qui
1893 900 2095 954 sodali-

516 996 644 1048 tium
684 1006 851 1049 totum
901 995 1209 1050 oblectabat
1238 1011 1252 1050 :
1280 996 1387 1060 cui,
1431 1002 1489 1048 ut
1539 996 1725 1055 credo,
1776 1008 1873 1060 per
1914 991 2094 1060 jocu-m

518 1087 803 1154 lusumque
843 1101 1033 1141 nomen
1064 1087 1363 1140 Passavant
1400 1095 1482 1139 est
1517 1101 1545 1138 a
1587 1084 1808 1153 reliquis
1840 1082 2096 1137 fratribus

516 1176 766 1231 inditum.
800 1177 1148 1247 Loquendum
1180 1186 1263 1231 est
1300 1176 1365 1230 de
1394 1177 1747 1240 Tertulliano,
1793 1174 1929 1227 nihil
1960 1173 2095 1226 mihi

516 1270 773 1333 occurrit,
822 1280 1129 1323 reservetur
1156 1284 1275 1322 cum
1321 1268 1472 1332 aliis;
1520 1268 1584 1320 de
1614 1266 1825 1320 Valerio
1866 1264 2093 1328 Sorano,

518 1360 651 1413 nihil
685 1360 815 1413 mihi
849 1361 1007 1413 modo
1053 1359 1308 1425 occurrit,
1342 1367 1645 1413 reservetur
1676 1372 1795 1410 cum
1838 1356 1995 1419 aliis;
2028 1355 2095 1409 de

520 1456 848 1523 XenOphane
877 1465 931 1508 et
972 1458 1307 1524 Anaxagora,
1339 1454 1405 1507 de
1443 1453 1739 1513 Lactantio,
1790 1460 2096 1505 reservetur

518 1564 637 1601 cum
667 1548 811 1601 aliis.
844 1546 979 1613 Quid
1012 1546 1208 1600 malum
1242 1555 1365 1598 sunt
1392 1545 1487 1597 ista
1519 1544 1664 1596 alia?
1702 1542 1787 1595 ubi
1820 1542 2097 1595 reservas?

518 1641 570 1695 in
610 1655 765 1707 quem
799 1638 991 1693 usum?
1036 1638 1160 1705 quid
1204 1636 1341 1704 quod
1378 1651 1475 1689 nec
1506 1637 1707 1703 legerat
1754 1634 2097 1701 expositores

520 1732 687 1800 ipsos,
716 1730 911 1799 quibus
942 1729 1069 1782 dicit
1097 1743 1156 1782 se
1178 1742 1272 1781 sua
1293 1726 1511 1789 addere,
1544 1736 1600 1779 ut
1631 1726 1724 1778 lib.
1750 1741 1826 1789 ιιι,
1859 1740 1975 1791 cap.
2009 1724 2096 1789 12,

2201 530 2477 595 veritates,
2523 545 2681 599 quam
2715 545 2779 586 ex
2830 531 2993 586 rebus
3022 530 3332 599 theologicis
3364 535 3561 606 colligis.
3596 544 3695 609 Qua;

2198 622 2396 690 glacies
2431 632 2534 688 est,
2559 639 2680 677 cuin
2710 623 3040 693 Augustinus
3080 632 3259 678 narrat
3292 624 3469 681 Ninum
3508 634 3694 704 Assyriis

2200 716 2495 785 imperasse
2532 718 2785 786 primum,
2822 727 2873 772 te
2920 716 3063 771 illico
3090 732 3188 771 ceu
3229 719 3490 775 veritatum
3524 725 3697 791 plaslem

2198 821 2321 860 eum
2362 809 2608 863 formulis
2657 809 2760 863 tuis
2800 810 2865 862 ad
2912 809 3213 878 fingendam
3246 826 3310 863 ex
3344 810 3437 865 hoc
3469 816 3699 873 veritatem

2198 913 2514 965 accurrere,
2562 916 2658 955 ceu
2698 916 2806 955 non
2839 900 2998 955 aliter
3045 900 3218 954 futura
3250 901 3494 957 veritate?
3522 904 3703 975 Veritas,

2199 994 2397 1061 inquis.
2430 993 2596 1048 Ninus
2628 995 2728 1047 fuit
2752 1010 2848 1048 rex
2884 995 3225 1065 Assyriorum
3250 998 3466 1067 primus.
3488 999 3581 1055 Cur
3598 1004 3704 1071 quod

2200 1084 2358 1151 paulo
2390 1094 2513 1137 ante
2548 1086 2744 1153 legitur
2787 1100 2891 1139 non
2935 1094 3019 1140 est
3048 1088 3211 1140 etiam
3254 1090 3481 1143 veritas?
3512 1106 3594 1144 cur
3634 1111 3709 1148 non

2202 1178 2359 1244 paulo
2398 1177 2549 1245 post?
2576 1178 2639 1231 Et
2666 1193 2827 1232 unum
2869 1181 3175 1247 esemplum
3216 1180 3407 1235 adduxi
3451 1199 3534 1250 pro
3570 1188 3712 1241 multis

2200 1270 2459 1325 millibus.
2500 1270 2614 1325 Jam
2639 1272 2794 1339 quale
2833 1282 2914 1326 est
2946 1282 2998 1327 te
3032 1274 3245 1343 figulum
3276 1276 3563 1343 veritatum,
3592 1281 3713 1333 modo

2199 1361 2320 1423 aliis
2344 1362 2569 1427 incerta,
2604 1372 2657 1416 et
2692 1364 2955 1430 imprimis
2977 1378 3325 1420 controversa
3347 1365 3649 1422 admiscere:
3675 1379 3718 1425 ut

2199 1468 2320 1505 cum
2348 1462 2534 1507 contra
2571 1454 2914 1523 Aquinatams
2940 1456 3203 1527 diSputas,
3238 1474 3343 1526 quo
3366 1458 3488 1512 nihil
3518 1460 3627 1514 facis
3647 1479 3719 1516 nec

2201 1542 2453 1598 libentius
2482 1559 2581 1599 nec
2621 1547 2845 1614 proinde
2868 1548 3141 1613 crebrius;
3184 1548 3344 1603 modo
3376 1550 3523 1604 etiam
3550 1552 3631 1605 tibi
3659 1554 3719 1607 in-

2199 1643 2371 1699 certa,
2406 1636 2462 1689 ut
2493 1635 2637 1690 verbi
2678 1637 2871 1705 gratia,
2904 1653 3023 1692 cum
3053 1639 3395 1695 Holofernem
3435 1641 3567 1695 illum
3594 1657 3646 1697 ex
3674 1647 3720 1696 Ii-

2202 1726 2298 1779 bro
2325 1725 2509 1780 Judith
2557 1728 2689 1783 dicis
2731 1728 2896 1783 fuisse
2926 1727 3124 1801 Cyrum
3156 1731 3375 1786 Assueri
3417 1742 3467 1786 et
3493 1733 3659 1788 Esther
3682 1735 3724 1788 li«

520 1823 599 1875 sic
626 1821 815 1874 scribit
844 1838 853 1872 :
882 1821 934 1872 In
962 1819 1063 1873 hoc
1089 1834 1209 1888 cap.
1248 1818 1313 1871 1‘2
1345 1817 1471 1871 facit
1501 1818 1636 1886 Aug.
1668 1817 1997 1871 mentionem
2030 1816 2097 1869 de
2129 1812 2177 1891 ὴ
2206 1817 2358 1884 lium,
2398 1818 2466 1873 de
2490 1835 2596 1888 quo
2636 1821 2949 1876 veritatibus
2989 1822 3193 1893 aliquot
3220 1833 3340 1892 post
3374 1838 3485 1878 eam
3515 1825 3723 1895 ambigis;

519 1912 617 1967 dea
651 1912 841 1977 Febre,
894 1914 960 1966 de
1001 1928 1104 1980 qua
1145 1911 1274 1966 dicit
1305 1914 1579 1980 expusitor
1607 1911 1749 1981 quod
1798 1910 1896 1963 fuit
1929 1920 2099 1965 mater

522 2003 841 2073 Esculapii,
873 2003 1013 2072 quod
1046 2014 1127 2057 est
1157 2002 1255 2057 dea
1300 2002 1515 2071 inferni,
1545 2012 1599 2057 et
1627 2002 1767 2072 quod
1795 2002 1959 2056 Numa
2004 2017 2099 2056 rex

522 2099 751 2150 sacravit
777 2098 892 2150 dea:
922 2095 1079 2151 Febri
1109 2088 1347 2151 mensem
1380 2095 1752 2151 Februarium.
1782 2097 1943 2165 Atqui
1971 2113 2101 2151 nun-

522 2204 680 2257 quam
710 2189 760 2242 id
790 2189 1063 2256 expositor
1085 2190 1320 2256 scripsit,
1353 2189 1455 2242 nisi
1484 2189 1663 2242 forsan
1697 2204 1781 2243 res
1811 2200 1915 2243 tam
1939 2189 2102 2243 stulta

523 2296 589 2335 ex
637 2280 911 2335 codicibus
955 2282 1025 2334 sit
1053 2281 1120 2335 ab
1159 2280 1277 2335 aliis
1311 2281 1582 2346 fratribus,
1629 2281 1719 2350 qui
1763 2296 1879 2335 eam
1912 2281 2103 2350 depre-

528 2374 829 2430 henderant
858 2387 1010 2427 erasa
1040 2390 1053 2425 :
1084 2372 1178 2427 sed
1218 2372 1470 2427 videlicet
1496 2386 1659 2441 super
1700 2387 1907 2427 cumam
1940 2374 2103 2426 frater

525 2466 717 2535 aliquis
756 2464 1103 2520 Passavantio
1151 2472 1465 2519 narraverat
1513 2466 1565 2517 id
1605 2465 1965 2533 expositorem
2015 2464 2101 2519 di-

528 2572 671 2635 cere.
696 2556 962 2611 Caeterum
993 2569 1100 2625 quo
1128 2555 1378 2622 reprobet
1411 2553 1590 2619 modo,
1622 2556 1921 2609 audiamus.
1946 2553 2099 2621 Quod

527 2664 637 2703 non
676 2648 885 2703 videtur
928 2649 1062 2702 bene
1090 2646 1312 2715 dictum,
1362 2646 1553 2715 inquit,
1604 2646 1748 2698 salva
1796 2645 1875 2697 sui
1906 2647 2099 2714 gratia.

524 2740 656 2794 Nam
706 2740 848 2794 sicut
877 2739 1009 2794 infra
1051 2739 1275 2804 dicetur,
1312 2735 1655 2807 Esculapius
1684 2737 1901 2805 fingitur
1938 2736 2104 2792 fuisse

527 2833 671 2887 filius
716 2830 902 2885 thbi
950 2840 1004 2884 et
1042 2830 1367 2884 Coronidis:
1398 2830 1537 2883 sicut
1588 2829 1699 2882 vult
1744 2828 1963 2883 Ovidius
2010 2841 2103 2882 se-

524 2924 700 2979 cundo
725 2923 850 2976 Met.
892 2922 1001 2976 Nec
1033 2937 1263 2991 unquam
1312 2922 1505 2989 legitur
1528 2921 1669 2989 quod
1715 2920 1948 2976 thbus
1980 2934 2106 2975 cum

530 3016 702 3071 Febre
739 3014 1073 3080 convenerit,
1118 3015 1202 3066 vel
1250 3015 1392 3080 quod
1424 3028 1486 3067 ex
1519 3028 1580 3068 ea
1628 3014 1791 3066 tilium
1836 3016 2102 3081 genuerit.

528 3109 662 3162 Tum
709 3106 895 3173 incipit
938 3106 1303 3175 philosophari
1350 3114 1405 3159 et
1445 3105 1787 3173 conjecturas
1841 3121 2099 3174 quaerere.

2204 1910 2363 1964 modo
2409 1912 2570 1965 etiam
2619 1912 2702 1967 vel
2744 1915 2924 1982 pueris
2952 1914 3106 1981 falsa,
3155 1926 3212 1969 ut
3238 1915 3307 1970 de
3344 1915 3441 1971 hoc
3478 1917 3582 1985 ipso
3620 1918 3728 1987 quod

2204 2003 2393 2058 Darius
2432 2005 2501 2058 sit
2542 2005 2685 2060 filius
2711 2006 2930 2060 Assueri
2974 2015 3025 2061 et
3060 2005 3279 2072 BSther,
3320 2017 3423 2061 tum
3459 2008 3587 2077 quod
3620 2010 3729 2063 tertii

2205 2095 2322 2149 libri
2356 2096 2538 2150 Esdraz
2568 2097 2895 2165 Augustinus
2927 2114 3030 2152 non
3057 2099 3385 2165 meminerit,
3413 2115 3526 2154 cum
3555 2103 3665 2155 citet
3682 2118 3730 2157 ex

2203 2202 2268 2238 eo
2292 2186 2639 2252 quwstionem
2675 2186 2815 2240 illam
2861 2186 2928 2240 de
2964 2203 3025 2241 re
3073 2203 3192 2255 quae
3224 2187 3532 2245 fortitudine
3563 2190 3730 2245 caeteris

2210 2284 2503 2330 antestaret
2528 2294 2539 2328 :
2573 2278 2735 2331 etiam
2758 2278 2947 2334 eodem
2971 2279 3163 2349 capite,
3184 2294 3296 2351 quo
3328 2291 3380 2335 tu
3404 2282 3455 2336 id
3484 2282 3606 2337 dicis
3629 2282 3732 2337 libro

2204 2364 2413 2420 decimo
2442 2368 2652 2435 oetavo,
2687 2371 2756 2425 ita
2789 2373 3044 2427 veritates
3086 2382 3203 2427 tuas
3254 2388 3359 2428 non
3399 2389 3463 2428 ex
3499 2391 3591 2428 una
3630 2375 3733 2427 sim-

2207 2456 2332 2525 plici
2366 2459 2594 2519 veritate
2622 2460 2821 2516 videris
2852 2464 3131 2532 efﬁngere,
3164 2466 3257 2517 sed
3305 2466 3492 2533 partim
3522 2481 3580 2519 ex
3603 2465 3733 2530 veris,

2209 2549 2400 2617 partim
2452 2565 2515 2606 ex
2548 2553 2786 2620 incertis,
2839 2554 3029 2622 partim
3065 2554 3334 2622 litigiosis,
3370 2559 3551 2625 partim
3586 2557 3734 2609 falsis:

2208 2652 2265 2694 ut
2314 2652 2483 2696 statua
2534 2643 2624 2697 illa
2654 2659 2813 2714 quam
2847 2660 2941 2715 per
2968 2646 3203 2715 quietem
3233 2646 3738 2701 Nabuchodonosorus

2208 2732 2358 2799 vidit,
2382 2747 2447 2787 ex
2470 2748 2623 2798 auro,
2646 2745 2892 2805 argento,
2924 2736 3169 2807 chalybe,
3196 2737 3362 2805 ferro,
3391 2748 3445 2792 et
3462 2737 3630 2808 argilla
3651 2747 3740 2791 erat

2214 2827 2464 2879 conflata.
2500 2827 2606 2883 Sed
2634 2828 2742 2882 sint
2770 2844 2903 2884 sane
2930 2831 3183 2885 veritates
3214 2832 3355 2895 istae,
3388 2841 3626 2901 quantum
3650 2832 3741 2886 aliis
3782 2868 3798 2903 ,

2208 2914 2443 2980 libuerit,
2477 2918 2609 2971 nihil
2644 2918 2902 2987 impedior;
2946 2929 3001 2973 et
3040 2920 3288 2988 legantur
3319 2922 3386 2975 ab
3416 2921 3496 2976 his
3525 2924 3605 2991 qui
3634 2921 3741 2991 ejus.

2211 3006 2355 3060 modi
2386 3018 2587 3061 amant.
2628 3007 2740 3078 Ego
2768 3024 2921 3077 vero,
2949 3025 3065 3079 qua:
3096 3011 3210 3081 ipse
3234 3011 3299 3065 ad
3327 3012 3547 3067 verbum
3579 3030 3634 3067 ex
3665 3018 3743 3067 An-

2208 3098 2420 3165 guStino
2460 3098 2642 3164 refert,
2680 3099 2959 3169 Augustini
2996 3116 3116 3157 esse
3149 3113 3314 3171 puto;
3350 3114 3540 3159 caatera
3571 3121 3673 3175 qua:
3697 3105 3745 3159 de

527 3200 634 3254 Nec
664 3199 1064 3263 convenienter,
1101 3196 1294 3265 inquit,
1330 3195 1545 3264 fingitur
1581 3194 1931 3263 Esculapius
1964 3196 2104 3251 filius
2133 3208 2178 3272 ρ
2210 3201 2307 3241 8υο
2332 3189 2501 3254 addit.
2536 3204 2643 3244 non
2672 3193 2996 3259 peculiarius
3022 3194 3085 3246 ad
3116 3196 3472 3263 Augustinum
3498 3200 3746 3265 pertinere.

530 3293 739 3357 Febris,
782 3306 903 3345 cum
936 3290 1050 3359 ipse
1094 3289 1431 3359 postmodum
1470 3290 1539 3341 sit
1582 3289 1793 3341 habitus
1819 3288 1954 3343 deus
2003 3303 2108 3343 me-

527 3386 742 3450 dicinae,
772 3398 891 3453 qua:
914 3383 1074 3436 habet
1098 3382 1301 3436 febrem
1324 3381 1615 3450 expellere.
1638 3380 1754 3435 Jam
1786 3396 1853 3436 ne
1885 3382 2107 3437 omnino

528 3478 668 3532 desit
695 3476 836 3546 quod
860 3476 949 3530 alii
981 3475 1184 3544 pussint
1212 3489 1307 3543 pro
1334 3488 1391 3528 se
1413 3472 1760 3541 respondere,
1790 3472 1938 3527 addit
1957 3490 1969 3525 :
1988 3473 2105 3528 Nisi

528 3572 735 3625 dicatur
760 3569 833 3623 ita
859 3567 1092 3622 crudelis
1123 3566 1286 3634 filius,
1317 3565 1460 3635 quod
1496 3573 1721 3619 matrem
1755 3577 2107 3634 persequatur

488 3656 497 3665 ’
530 3662 748 3729 ubique,
773 3667 828 3714 et
857 3659 1003 3712 omni
1041 3658 1170 3713 sede
1200 3656 1457 3725 expellat.
1488 3654 1766 3709 Joculares
1803 3666 1927 3710 sunt
1956 3656 2107 3710 addi-

528 3752 702 3805 tiones
740 3749 873 3814 istae,
914 3749 979 3803 ad
1011 3750 1177 3802 risum
1208 3746 1472 3801 fratribus
1510 3747 1834 3801 movendum
1880 3756 2103 3815 paratae.

528 3845 649 3899 Istis
686 3844 933 3898 omnibus
976 3842 1188 3897 accedit
1238 3841 1559 3895 Franciscus
1588 3841 1654 3897 de
1694 3840 1950 3905 Maronis,
1999 3855 2105 3895 non

529 3938 703 4008 quivis
727 3936 935 4000 doctor,
968 3936 1062 3989 sed
1113 3934 1479 3995 illuminatus;
1510 3942 1565 3987 et
1597 3932 1847 3987 veritates
1876 3931 2104 4000 colligit,

527 4030 682 4099 quasi
710 4039 903 4083 caetera
932 4035 1113 4081 essent
1136 4024 1290 4079 falsa.
1324 4024 1428 4078 Sed
1458 4024 1543 4078 hic
1571 4039 1672 4078 non
1705 4025 1876 4093 magis
1905 4023 1969 4076 ad
2003 4021 2105 4077 hoc

526 4134 661 4189 Opus
700 4127 907 4188 spectat
954 4132 1112 4186 quam
1162 4113 1231 4168 ad
1278 4124 1471 4169 caetera
1504 4115 1791 4182 Augustini
1827 4130 1839 4165 :
1888 4130 1953 4167 ex
1985 4114 2106 4182 quis

528 4212 779 4267 omnibus
803 4211 874 4263 ita
902 4208 1112 4262 videtur
1130 4207 1382 4261 veritates
1405 4205 1659 4274 selegisse
1690 4220 1753 4259 ac
1772 4205 2102 4274 seposuisse,

529 4311 586 4359 ut
614 4303 867 4372 Virgilius
916 4314 1157 4369 gemmas
1197 4314 1229 4353 e
1277 4297 1609 4351 stercoribus
1654 4296 1838 4351 Ennii.
1869 4296 2023 4363 Quod
2057 4297 2105 4350 si

528 4397 691 4452 alieni
722 4411 751 4450 a
778 4402 962 4449 nostra
995 4392 1255 4460 religione
1295 4390 1575 4459 Augustini
1606 4404 1767 4457 opera
1795 4398 2012 4442 sumant
2048 4389 2103 4443 in

530 4490 796 4549 manibus,
830 4485 977 4541 illius
997 4485 1199 4538 scilicet
1227 4481 1543 4536 illuminads
1569 4482 1880 4536 veritatibus
1908 4480 2108 4536 illumi-

2211 3295 2368 3349 qnam
2401 3297 2519 3350 quae
2540 3296 2569 3335 a
2593 3285 2955 3337 summulariis
2976 3294 3069 3338 aut
3096 3287 3464 3341 sententiariis
3486 3289 3749 3342 auctoribus

2210 3372 2275 3424 de
2298 3372 2562 3427 similibus
2586 3375 3000 3429 conscribuntur
3029 3391 3195 3445 prope
3242 3377 3473 3432 infinita.
3506 3378 3621 3431 Haec
3652 3392 3751 3447 pan:

2212 3462 2332 3516 cula
2396 3463 2463 3517 de
2493 3464 2874 3533 interpretibus
2920 3466 3076 3535 hujus
3115 3468 3297 3536 operis
3336 3469 3537 3524 dixisse
3572 3484 3648 3523 me
3672 3468 3753 3521 las-

2209 3568 2326 3608 sum
2347 3562 2403 3608 et
2432 3555 2771 3609 festinantem
2804 3556 2870 3610 ad
2898 3556 2999 3610 alia
3030 3559 3098 3611 sit
3130 3559 3283 3626 satis,
3318 3571 3520 3614 tantum
3552 3561 3612 3615 ad
3642 3559 3752 3612 bona

2211 3649 2980 3717 ingenia‘commonefacienda
3021 3666 3127 3705 non
3165 3668 3249 3706 me
3280 3655 3503 3710 omnino
3534 3655 3583 3709 in
3616 3654 3685 3709 his
3707 3653 3754 3707 li-

2208 3740 2318 3795 bris
2346 3750 2521 3795 actum
2554 3742 2742 3810 egisse.

2380 3832 2647 3899 QUINAM
2689 3834 3001 3890 HOMINUM
3042 3836 3343 3892 FUERINT
3387 3836 3607 3903 GOTHI,

2558 3942 2625 3979 ΕΤ
2664 3941 2909 3989 ρυοιιουο
2941 3942 3119 3981 BONA.“
3152 3944 3438 3983 CEPERINT.

2278 4019 2408 4073 Cum
2441 4019 2767 4088 Augustinus
2798 4035 2861 4071 ex
2909 4019 3145 4072 Romana
3195 4022 3511 4086 captivitate
3547 4019 3756 4075 occasio-

2209 4126 2330 4167 nem
2361 4113 2652 4182 sumpserit
2678 4112 2942 4168 scribeudi
2983 4112 3049 4165 de
3089 4114 3318 4167 Civitate
3350 4115 3467 4177 Dei,
3513 4123 3567 4167 ut
3612 4115 3667 4167 iis
3692 4128 3756 4165 re-

2208 4204 2494 4271 Sponderet
2524 4206 2612 4273 qui
2633 4221 2747 4258 eam
2774 4206 2979 4260 cladem
3003 4205 3320 4261 Christian-.2
3346 4207 3586 4278 religioni
3615 4208 3758 4273 impu-

2212 4298 2415 4361 tabant,
2447 4312 2629 4367 opera:
2660 4300 2886 4365 pretium
2910 4301 3011 4353 erit
3036 4300 3191 4353 altius
3224 4305 3537 4356 narratione
3566 4303 3757 4369 repctiia

2209 4388 2501 4455 explicare,
2543 4374 2757 4458 quinam
2792 4390 3064 4443 hominum
3097 4394 3288 4446 fuerint
3314 4391 3496 4458 Gothi,
3526 4390 3761 4463 quomodo

2210 4481 2260 4533 in
2318 4480 2521 4535 Italiam
2575 4480 2843 4547 venerint,
2891 4482 3198 4552 Urheiuque
3240 4487 3505 4554 ceperint.
3551 4485 3760 4539 Primum

530 4591 673 4644 nata,
702 4578 827 4648 quid
857 4578 935 4631 eis
958 4575 1134 4629 veniet
1173 4575 1224 4627 in
1253 4582 1486 4627 mentem
1518 4573 1584 4626 de
1624 4572 1929 4641 hujusmodi
1962 4573 2105 4628 veri-
2130 4590 2182 4652 ι)
2209 4574 2447 4627 οηιηὶιιηι
2491 4577 2602 4627 fere
2648 4573 2805 4628 video
2848 4585 3123 4640 constare,
3170 4590 3304 4644 quos
3346 4578 3612 4646 posterior
3654 4583 3763 4629 :etas

530 4673 758 4728 tatibus?
781 4668 905 4739 quid
935 4666 1366 4736 suspicabuntur,
1390 4665 1517 4735 quid
1538 4666 1788 4721 credent?
1818 4667 2103 4734 Nimirum,

529 4780 650 4822 esse
676 4774 866 4818 caetera
901 4762 985 4814 vel
1012 4775 1194 4828 parum
1225 4773 1374 4824 vera,
1408 4758 1492 4813 vel
1527 4759 1783 4813 Ecclesia:
1817 4769 2104 4829 suSpecta;

530 4858 621 4914 illa
650 4850 1018 4910 tantummodo
1055 4851 1225 4905 teneri
1263 4858 1317 4903 et
1345 4850 1513 4903 asseri
1548 4863 1578 4902 a
1631 4850 1785 4905 nobis
1814 4865 1915 4904 ceu
1952 4851 2103 4905 firma

529 4958 584 5003 et
613 4945 929 5009 indubitata,
971 4952 1029 4995 ut
1052 4957 1169 5011 quae
1216 4941 1549 4994 illuminatus
1591 4940 1781 4995 doctor
1810 4942 2099 4997 indicarit:

532 5045 585 5095 in
611 5036 804 5107 quibus
842 5044 1017 5090 tamen
1055 5034 1232 5087 rixusa
1264 5032 1454 5098 multa,
1481 5031 1585 5086 alia
1634 5032 1901 5103 ambigua,
1940 5035 2100 5088 etiam

529 5130 663 5185 falsa
697 5127 971 5195 complura
1027 5124 1286 5179 inveniat.
1339 5125 1471 5176 Nam
1504 5123 1549 5175 si
1590 5124 1772 5177 omnia
1822 5124 2102 5193 Augustini

530 5234 654 5279 sunt
689 5237 839 5292 aeque
864 5236 1011 5287 vera,
1040 5218 1167 5289 quid
1207 5216 1342 5272 mihi
1375 5231 1497 5271 cum
1542 5216 1650 5270 tuis
1680 5216 2015 5282 veritatibus,
2048 5216 2105 5271 in

529 5330 755 5385 quarum
791 5314 1059 5383 plerisque
1090 5309 1223 5365 nihil
1254 5306 1536 5377 Augustini
1568 5306 1727 5361 dictis
1767 5306 1954 5370 addis;
1984 5320 2105 5361 cum

530 5423 658 5463 vero
686 5407 860 5471 addis,
888 5400 1257 5474 sophiSticaris
1287 5419 1298 5453 :
1327 5409 1507 5455 etnon
1539 5408 1596 5452 tu
1631 5399 1916 5466 Augustini
1951 5396 2103 5450 veri-

530 5511 694 5557 tatem
732 5498 995 5569 sequeris,
1024 5495 1120 5551 sed
1147 5495 1296 5548 illum
1338 5506 1459 5545 cum
1500 5490 1725 5544 veritate
1752 5489 1966 5542 obtorto
1992 5490 2105 5543 col-

530 5594 617 5660 lo,
650 5607 764 5663 quo
786 5597 899 5660 ipse
924 5592 1004 5644 vis
1032 5603 1271 5657 torques,
1306 5598 1497 5653 nempe
1536 5584 1604 5637 ad
1636 5582 1928 5636 factionem
1971 5584 2102 5637 Sco-

528 5685 707 5749 ticam,
737 5694 795 5738 ut
819 5693 999 5737 contra
1026 5681 1286 5735 Thomam
1310 5681 1521 5733 locutus
1546 5674 1829 5736 videatur;
1853 5684 1907 5729 et
1935 5689 2104 5730 cona-

528 5778 602 5833 ris
634 5778 807 5854 ipsum
842 5776 1019 5845 putari
1045 5772 1225 5829 dicere
1249 5784 1366 5826 aute
1396 5782 1465 5825 ue
1495 5766 1747 5835 cogitavit
1772 5765 1991 5837 quidem
2021 5768 2099 5824 ul-

2214 4664 2441 4732 Gothos,
2486 4666 2717 4735 priorem
2766 4664 2927 4719 Getas
2972 4681 3352 4735 nuncupasse:
3386 4681 3445 4723 ut
3494 4670 3579 4723 illa
3619 4679 3762 4737 pauca

2214 4773 2275 4813 es
2329 4758 2519 4827 priscis
2563 4758 2841 4812 vocabulis
2883 4773 2990 4812 non
3035 4762 3292 4829 corrupit.
3342 4761 3431 4817 Sic
3472 4761 3690 4815 Rutilius
3723 4764 3763 4811 et

2214 4849 2538 4904 Claudianus
2579 4859 2771 4918 poetis,
2805 4865 2926 4903 cum
2954 4850 3021 4905 de
3060 4850 3253 4907 Gothis
3284 4853 3595 4923 loquuntur,
3626 4852 3766 4906 Getas

2213 4958 2306 4999 eos
2349 4958 2560 5013 semper
2592 4943 2888 4996 nominaut.
2935 4944 3155 4999 Orosius
3202 4944 3387 5001 itidem
3418 4948 3470 4999 in
3512 4941 3762 4999 Historia:

2213 5034 2378 5099 Getas,
2414 5034 2600 5103 inquit,
2642 5034 2731 5102 qui
2767 5050 2907 5088 nunc
2951 5034 3131 5100 Gothi,
3183 5052 3317 5105 quos
3348 5036 3649 5091 Alexander
3674 5030 3767 5087 evi-

2211 5126 2399 5179 tandos
2439 5126 2824 5192 pronuntiavit,
2874 5126 3109 5197 Pyrrhus
3147 5128 3452 5195 exhorruit,
3493 5128 3666 5183 Cmsar
3688 5135 3767 5177 au-

2210 5226 2313 5270 tem
2345 5216 2654 5282 declinavit,
2702 5218 2905 5272 relictis
2941 5233 3210 5287 vacuaque
3251 5218 3405 5274 factis
3446 5220 3685 5279 sedibus,
3714 5228 3768 5268 ac

2208 5310 2335 5363 totis
2363 5309 2572 5363 viribus
2604 5309 2701 5363 tuti
2742 5312 3005 5364 Romanas
3047 5310 3276 5381 ingrcssi
3307 5313 3626 5382 provincias.
3660 5308 3765 5361 Hie-

2208 5416 2466 5471 ronymus
2504 5402 2554 5454 iu
2605 5402 2882 5467 (lenesim,
2933 5402 3138 5457 Gothos
3183 5404 3248 5457 ab
3292 5406 3518 5459 eruditis
3557 5401 3766 5470 antiquis

2212 5492 2372 5547 Getas
2412 5493 2715 5545 nominatos
2754 5507 2872 5546 esse
2910 5504 3157 5549 testatur.
3194 5493 3341 5550 Getre
3385 5509 3516 5549 vero
3545 5487 3765 5559 suntqui

2212 5585 2351 5637 circa
2403 5583 2595 5637 Istrum
2645 5583 2860 5637 fluvium
2920 5585 3196 5648 habitant,
3257 5572 3313 5640 ut
3374 5597 3623 5641 auctores
3660 5589 3767 5637 sunt

2214 5674 2431 5740 Strabo,
2464 5676 2617 5741 Mela,
2646 5676 2870 5736 Plinius.
2897 5684 2952 5730 et
2982 5677 3107 5742 alii;
3132 5679 3339 5747 lateque
3369 5680 3636 5747 regionem
3661 5686 3766 5741 pos-

2216 5768 2391 5827 sident
2416 5770 2669 5827 incultam
2698 5785 2889 5841 magna
2922 5781 3092 5842 parte,
3126 5783 3179 5829 et
3210 5770 3473 5842 rigoribus
3495 5768 3761 5826 immitem:

3871 318 3875 337 Ι

3826 99 3888 3083 ἓ
