3974 6356
164 326 240 383 ιόὃ
782 318 1137 375 VARIURUM
1174 314 1774 372 EXERCITATIONES
1810 313 1877 369 IN
1915 314 1972 369 S.
2016 310 2382 370 AUGUSTINI
2420 310 2669 368 OPERA.

3264 314 3365 369 154

163 450 403 510 tenentque
453 439 705 495 ulteriora
736 440 868 511 .lstri
893 439 969 509 ,ad
1004 438 1300 508 Scythiam,
1350 445 1404 490 et
1446 437 1693 491 citeriora
1720 447 1776 509 Α
1800 432 1996 502 iniquis
2025 447 2212 502 pacem
2243 447 2366 487 cum
2398 432 2506 486 illis
2546 430 2823 485 fecerunt:
2868 444 3025 498 quam
3070 429 3230 490 Gothi
3261 446 3367 485 non

161 535 210 591 ad
232 530 515 595 Thraciam,
542 533 632 587 ubi
666 532 889 595 Tomtrs,
936 531 1107 585 Ovidii
1145 531 1279 584 vatis
1305 528 1499 584 exsilio
1525 528 1692 592 clara,

162 630 229 700 qui
251 642 300 682 se
333 627 467 696 apud
501 625 662 681 Getas
709 640 870 695 agere
905 640 1005 678 non
1048 624 1214 678 semel
1253 624 1307 677 in
1348 622 1613 676 Tristibus
1643 629 1698 675 et

162 723 300 776 Ponto
343 719 547 785 scibit,
590 728 702 773 tum
731 731 784 772 et
831 718 1218 773 mediterranea
1260 725 1523 785 occupant
1564 716 1698 770 Ger-

162 811 354 869 maniam
391 824 577 864 versus
626 821 680 865 et
726 810 845 864 lstri
885 810 1107 875 fontem,
1159 823 1292 877 quos
1333 807 1527 863 Strabo
1562 807 1700 861 libro

161 905 352 973 septimo
375 902 543 955 Dacos
566 910 619 955 et
643 900 767 955 olim
795 901 968 954 Davus
992 900 1295 954 nominatos
1323 914 1441 953 esse
1461 898 1554 961 ait,
1578 912 1698 951 cum

161 997 409 1054 viciniores
432 995 602 1050 Ponto
626 995 935 1049 dicerentur
960 1010 990 1048 a
1012 995 1211 1049 Graecis
1234 994 1403 1058 Getar,
1428 990 1705 1047 eumdem-

161 1104 243 1159 que
287 1087 523 1153 utrisque
575 1087 782 1153 pupulis
846 1101 1151 1141 sermonem
1190 1099 1327 1140 esse.
1389 1084 1703 1152 Quanquam

161 1181 333 1235 Plinius
359 1193 464 1231 non
513 1178 654 1232 aliud
697 1179 841 1234 inter
882 1179 981 1232 hos
1011 1179 1236 1248 populos
1267 1177 1476 1231 videtur
1498 1176 1704 1245 signifi-

164 1286 265 1326 care
291 1269 578 1324 discrimen
608 1284 750 1336 esse,
786 1285 943 1339 quam
977 1271 1119 1340 quod
1155 1267 1303 1323 Getae
1329 1267 1530 1323 Graecis
1557 1275 1701 1332 sunt,

164 1364 234 1431 qui
256 1360 504 1414 Romanis
550 1362 695 1415 Daci.
738 1361 845 1417 Sed
888 1376 986 1417 nos
1025 1360 1344 1416 Strabonem
1393 1360 1491 1413 hoc
1519 1374 1710 1428 seque-

169 1468 259 1507 mur
287 1452 421 1503 loco.
456 1448 603 1506 Getae
633 1452 861 1506 barbara
889 1461 943 1507 et
973 1453 1082 1507 fera
1114 1467 1243 1521 gens
1263 1460 1366 1515 est,
1396 1450 1599 1505 viribus
1630 1459 1711 1503 at-

173 1558 251 1612 que
280 1541 455 1594 animo
497 1542 715 1597 immani
769 1545 957 1598 mortis
990 1552 1382 1613 contemptore,
1414 1542 1553 1612 quod
1586 1558 1709 1611 per-

168 1649 350 1689 suasum
381 1633 611 1687 habeant
648 1633 826 1689 redire
872 1637 1100 1701 animas,
1147 1635 1285 1689 sicut
1315 1634 1446 1688 Mela
1488 1634 1709 1689 scribit:

166 1734 243 1779 aut
264 1726 306 1779 si
327 1738 426 1778 non
458 1725 700 1790 redeant,
730 1742 837 1780 non
862 1737 1037 1782 tamen
1060 1728 1345 1795 exstingui,
1367 1736 1422 1782 et
1447 1727 1499 1779 in
1524 1726 1714 1780 melio-

1799 525 2087 580 admodum
2123 524 2427 579 diuturnam
2459 531 2765 589 servarunt,
2796 522 3004 590 ignavia
3037 530 3093 577 et
3122 525 3367 577 socordia

1801 619 2025 675 Gallieni
2059 618 2317 688 principis
2352 618 2496 672 freti.
2530 616 2644 671 Non
2666 616 2773 685 jam
2814 615 3094 670 Thraciam
3123 616 3374 687 Mysiam-

1799 730 1923 781 que,
1957 713 2049 768 sed
2080 712 2261 766 Asiam
2287 713 2454 780 ipsam
2483 710 2744 764 Minorem
2785 718 2907 763 sunt
2938 717 3146 763 tentare
3172 707 3370 763 adorti.

1803 806 2106 877 Bithyniam
2136 811 2380 857 vexatam
2414 800 2801 870 spoliaverunt,
2836 802 3144 869 reversique
3178 801 3230 854 in
3271 800 3378 854 Eu-

1803 913 2023 966 ropam,
2095 895 2381 949 Thraciam
2446 891 2916 961 Macedoniamque
2976 899 3374 961 pervastarunt.

1805 990 2012 1057 Quibus
2041 991 2092 1041 in
2145 986 2403 1041 Achaiam
2434 984 2776 1038 venientibus
2821 984 3085 1038 Macrinus
3128 997 3188 1037 se
3228 982 3380 1053 obje-

1807 1083 1900 1146 cit,
1933 1094 2134 1149 eosque
2162 1081 2288 1133 vicit
2317 1092 2379 1131 ac
2403 1076 2599 1146 fugavit
2644 1089 2974 1144 persecutus,
3006 1090 3281 1146 quousque
3310 1075 3379 1128 il-

1809 1172 1889 1225 los
1921 1172 2059 1225 intra
2102 1170 2237 1224 ﬁnes
2278 1183 2404 1223 suos
2443 1167 2720 1236 compulit.
2750 1167 2951 1231 Quibus
2984 1178 3160 1223 tamen
3189 1183 3248 1223 se
3275 1183 3381 1222 non

1809 1262 1900 1317 diu
1923 1262 2274 1325 continuere;
2298 1273 2602 1328 quanquam
2642 1258 2842 1326 egressi
2869 1259 2919 1310 in
2950 1260 3382 1313 strenuissimum

1810 1356 2110 1426 principem
2150 1353 2475 1414 inciderunt,
2510 1351 2685 1405 virum
2723 1365 2822 1403 nec
2862 1351 3082 1404 minoris
3123 1351 3388 1406 felicitatis

1812 1464 1969 1519 quam
1995 1450 2231 1513 virtutis,
2265 1447 2309 1501 si
2344 1446 2447 1500 vita
2478 1445 2636 1498 modo
2666 1444 2977 1513 contigisset
3004 1442 3057 1495 in
3088 1444 3389 1512 principatu

1814 1540 2140 1595 diuturnior.
2166 1539 2418 1593 Claudius
2444 1537 2542 1590 fuit
2567 1536 2611 1590 is
2633 1538 2721 1606 qui
2752 1544 2991 1589 trecenta
3020 1535 3185 1589 millia
3204 1550 3388 1590 eorum

1815 1632 2006 1702 partim
2030 1631 2251 1695 delevit,
2287 1630 2480 1699 partim
2515 1628 2677 1696 cepit.
2712 1627 2979 1680 Infinitam
3012 1625 3180 1680 fuisse
3209 1629 3385 1696 gentis

1818 1728 1974 1797 hujus
1996 1726 2393 1783 multitudinem
2435 1724 2693 1791 oportuit.
2732 1721 2845 1776 Non
2878 1722 3019 1775 enim
3051 1723 3248 1776 multus
3280 1731 3395 1792 post

170 1832 242 1871 res
278 1815 426 1869 sedes
477 1816 784 1886 immigrare
817 1836 829 1870 :
857 1822 998 1888 quod
1042 1821 1087 1872 si
1130 1829 1378 1873 neutrum
1423 1820 1719 1889 contingat,
1752 1820 1801 1883 Β
1828 1835 2018 1885 annos,
2052 1820 2340 1874 Aureliano
2366 1817 2648 1883 imperium
2676 1825 2912 1880 tenente,
2947 1814 3012 1867 ad
3043 1828 3190 1867 arma
3224 1814 3396 1869 redie-

160 1916 389 1978 praestare
425 1917 573 1963 certe
603 1910 724 1963 vine
768 1922 1017 1966 mortem.
1060 1911 1218 1965 Fama
1260 1922 1362 1978 est,
1399 1912 1711 1981 posteriori-

161 2000 246 2050 bus
280 1997 463 2051 deinde
512 2001 842 2067 temporibus
881 2002 1044 2057 Getas
1073 2003 1426 2072 Ostrogothus
1465 2019 1584 2059 esse
1633 2005 1717 2058 di-

155 2101 299 2145 ctos:
330 2091 491 2145 Dacos
519 2108 647 2147 vero
677 2094 981 2164 Visigothos
1009 2098 1191 2165 patriis
1220 2096 1715 2165 nominibus:quod

151 2182 201 2235 hi
230 2182 293 2235 ad
330 2183 694 2252 Occidentem,
742 2187 808 2239 ad
857 2185 1130 2242 Orientem
1173 2188 1253 2242 illi
1286 2190 1455 2258 magis
1498 2199 1715 2258 specta-

153 2286 281 2330 rent.
323 2276 729 2332 Confunduntur
756 2288 933 2333 tamen
976 2281 1293 2350 plerumque
1325 2283 1407 2335 hae
1436 2281 1716 2351 cognomi-

150 2370 380 2423 nationes
406 2384 582 2423 rerum
633 2385 663 2423 a
693 2371 1064 2439 scriptoribus,
1115 2389 1216 2426 non
1259 2373 1421 2427 modo
1450 2374 1717 2428 recentio-

153 2462 308 2530 ribus,
365 2462 454 2516 sed
489 2463 650 2516 etiam
708 2464 967 2531 antiquis.
1018 2464 1163 2518 Hanc
1217 2474 1432 2533 gentem
1475 2464 1712 2533 tradunt,

150 2553 246 2622 jam
283 2552 404 2606 olim
436 2553 663 2607 ﬂorente
683 2568 803 2607 cum
832 2555 1118 2622 plurimum
1148 2556 1391 2609 Romana
1428 2572 1509 2621 re,
1543 2558 1717 2626 impe-

154 2655 253 2697 tum
285 2645 334 2697 in
383 2646 708 2713 provinciam
750 2647 930 2714 populi
966 2646 1192 2701 Romani
1241 2648 1603 2703 Mithridatico
1642 2650 1718 2704 fe-

156 2734 280 2787 cisse
301 2733 436 2789 bello
467 2753 480 2786 :
510 2749 646 2803 quos
676 2736 951 2803 Lucullus,
983 2739 1073 2804 qui
1112 2739 1165 2792 in
1196 2740 1321 2793 Asia
1363 2756 1557 2810 magno
1595 2756 1716 2795 cum

158 2826 375 2879 exercitu
416 2827 710 2894 imperator
740 2844 826 2884 res
864 2830 1104 2899 gerebat,
1153 2846 1183 2885 e
1210 2831 1376 2901 Mysia
1409 2847 1529 2885 cum
1566 2832 1719 2887 clade

161 2925 334 2988 exegit.
368 2921 491 2976 Post
525 2939 655 2977 vero
683 2924 981 2980 Bcerebista
1007 2925 1165 2995 duce,
1197 2942 1317 2981 cum
1347 2928 1416 2983 ab
1446 2945 1512 2984 eo
1550 2929 1617 2983 ad
1642 2931 1719 2983 la-

166 3018 302 3067 bores
344 3015 736 3086 militaremque
790 3018 1128 3087 disciplinam
1176 3032 1361 3075 essent
1405 3020 1717 3087 assuefacti,

172 3118 377 3173 egressos
399 3108 672 3177 regionem
694 3124 844 3163 suam
865 3110 1063 3165 multas
1083 3111 1183 3165 sibi
1200 3120 1389 3182 gentes
1413 3114 1716 3184 subegisse,

1821 1923 1967 1977 runt,
1998 1912 2281 1980 primoque
2331 1908 2517 1978 prtelio
2544 1916 2668 1960 sunt
2707 1905 2773 1959 ad
2813 1905 3105 1959 Danubium
3137 1906 3392 1973 superati.

1819 2006 1905 2061 FI.
1933 2004 2312 2061 Constantinus
2349 2011 2490 2054 tanta
2528 2000 2647 2054 illos
2684 1996 2831 2053 caede
2860 1996 3065 2059 affecit,
3102 2005 3159 2049 ut
3186 2004 3399 2065 cogeret

1819 2097 2036 2151 tandem
2068 2095 2264 2149 multos
2301 2106 2398 2163 per
2427 2105 2597 2144 annos
2626 2090 2834 2159 quietus
2859 2102 2998 2142 esse.
3038 2086 3113 2141 lta
3139 2087 3279 2141 enim
3311 2086 3399 2140 isti

1819 2188 2152 2258 pugnabant,
2185 2195 2244 2240 ut
2278 2200 2467 2254 magno
2499 2184 2728 2236 hostium
2779 2181 2921 2235 malo
2948 2180 3260 2249 vincerent,
3293 2194 3398 2234 non

1821 2272 2029 2333 minore
2050 2293 2148 2333 suo
2171 2277 2535 2332 vincerentur.
2560 2274 2732 2343 Atque
2755 2274 2868 2327 haec
2890 2271 3102 2341 quidem
3125 2280 3403 2340 gesserunt

1822 2374 2003 2437 Gothi,
2027 2388 2185 2442 quam
2216 2372 2304 2451 diu
2332 2378 2506 2425 certas
2536 2367 2635 2437 ipsi
2661 2367 2956 2422 habuerunt
2980 2365 3155 2419 sedes.
3184 2364 3407 2418 Valente

1821 2465 2088 2537 principe,
2121 2462 2331 2527 Hunni,
2364 2461 2451 2530 qui
2481 2470 2534 2516 et
2560 2460 2658 2530 ipsi
2689 2471 2809 2513 sunt
2840 2458 3074 2529 Scythae,
3106 2456 3200 2512 sed
3231 2458 3407 2511 immi-

1822 2560 1987 2612 tiores
2016 2557 2370 2625 rudioresque
2409 2553 2627 2608 humani
2662 2552 2971 2606 commercii
3000 2594 3014 2616 ,
3059 2551 3108 2603 in
3143 2550 3409 2619 Ryphaaos

1821 2659 2031 2706 montes
2068 2649 2475 2713 inclinatiores,
2528 2645 2667 2700 inter
2709 2642 2932 2697 Tanaim
2982 2641 3410 2710 Massagetasque

1823 2743 2065 2799 conclusi
2094 2782 2107 2805 ,
2140 2741 2344 2796 Gothos
2371 2740 2590 2810 regione
2618 2751 2775 2806 quam
2809 2730 3142 2799 incolerent,
3179 2747 3273 2802 per
3305 2730 3411 2785 vim

1822 2834 2050 2904 ejecere.
2097 2834 2229 2898 Quae
2265 2829 2474 2884 tametsi
2517 2828 2708 2896 rigoris
2734 2825 3051 2893 intemperie
3080 2839 3267 2893 parum
3308 2824 3411 2875 hu-

1823 2924 1997 2979 manis
2018 2932 2134 2978 erat
2159 2921 2344 2976 usibus
2370 2918 2673 2984 commoda,
2708 2926 2883 2971 tamen
2912 2915 3085 2969 Hunni
3116 2912 3413 2968 saluberri-

1822 3033 1964 3071 mam
1985 3015 2463 3081 suavissimamque
2482 3010 2719 3066 omnium
2743 3008 3142 3075 existimabant,
3168 3006 3414 3061 homines

1823 3118 1974 3163 extra
2017 3106 2147 3161 solis
2177 3104 2289 3159 vias
2329 3117 2627 3171 cursusque
2672 3102 2778 3155 nati
2819 3108 2874 3155 et
2914 3099 3144 3154 educati.
3188 3096 3280 3152 Hic
3305 3096 3415 3165 jam

182 3196 379 3268 lstruque
407 3217 530 3255 cum
564 3204 795 3258 maxima
822 3204 1043 3273 trajectu
1065 3220 1249 3273 manu,
1276 3206 1584 3273 Thraciam,
1605 3207 1715 3261 Ma-
1742 3204 1789 3269 ρ,
1822 3197 1983 3253 Gothi
2014 3196 2263 3263 sedibus,
2293 3194 2561 3258 domibus,
2597 3193 2795 3247 laribus
2825 3192 3211 3261 penatibusque
3246 3189 3415 3253 exuti,

188 3292 437 3362 cedoniam,
466 3305 517 3349 et
548 3295 786 3366 Illyrium
812 3296 916 3351 late
947 3298 1323 3367 depopulatos,
1352 3300 1621 3368 ingentem
1646 3302 1722 3354 fe-

181 3380 288 3435 cisse
313 3382 560 3439 Romanis
587 3400 868 3441 terrorem.
900 3387 1244 3457 lnterimque,
1272 3388 1398 3443 dum
1424 3390 1475 3444 in
1501 3404 1595 3445 eos
1619 3393 1721 3451 lio—

175 3483 420 3526 manorum
448 3488 595 3527 arma
629 3476 1006 3544 expediuntur,
1036 3476 1328 3532 Bterebista
1358 3476 1469 3532 fato
1499 3493 1722 3533 conces~

172 3560 245 3614 sit.
275 3566 533 3634 Augustus
566 3566 804 3635 legiones
834 3567 945 3623 fere
984 3564 1171 3624 decem
1200 3570 1256 3623 in
1296 3571 1417 3626 illos
1461 3571 1605 3625 misit
1633 3586 1725 3626 eo-

171 3668 375 3724 rumque
418 3674 549 3726 upes
596 3676 767 3729 usque
820 3661 955 3717 adeo
1004 3664 1227 3730 attrivit,
1271 3675 1326 3718 ut
1371 3681 1433 3720 ex
1472 3666 1727 3722 ducentis

169 3748 381 3805 millibus
403 3752 631 3808 militum
653 3755 719 3808 ad
750 3755 1101 3826 quadraginta
1134 3758 1303 3812 millia
1329 3760 1511 3829 copias
1540 3775 1726 3814 eorum

168 3842 437 3911 redegerit,
468 3862 532 3900 ac
564 3862 750 3916 parum
783 3849 1164 3918 ahfueritquin
1190 3862 1402 3922 gentem
1435 3862 1600 3907 totam
1624 3856 1725 3908 im-

169 3932 304 3997 perio
344 3936 598 3992 subderet
636 3938 898 4011 Romano.
951 3942 1168 4010 Aliquot
1218 3957 1387 3997 annos
1428 3954 1548 4013 post
1596 3944 1729 4000 lines

168 4019 419 4081 Romanos
448 4028 701 4101 ingressi,
732 4031 957 4101 Oppium
991 4031 1247 4087 Sabinum
1279 4034 1616 4089 consularem
1642 4038 1725 4088 vi-

170 4127 277 4167 rum
304 4131 417 4170 cum
443 4120 684 4174 exercitu
706 4122 1039 4190 ceciderunt,
1071 4125 1158 4192 qui
1189 4139 1217 4175 a
1251 4122 1503 4178 Cornelio
1531 4112 1725 4195 Fusco,

171 4204 453 4265 Domitiano
476 4214 739 4281 principe,
773 4224 895 4283 post
932 4217 1079 4269 varia
1111 4216 1295 4283 praelia
1333 4217 1547 4271 tandem
1574 4233 1728 4271 com-

171 4300 324 4365 pressi
372 4311 514 4357 sunt.
569 4302 833 4373 Traianus
878 4306 1173 4374 imperator
1218 4307 1442 4362 multum
1474 4294 1604 4361 cum
1651 4307 1730 4363 eis

174 4406 445 4477 magnaque
476 4412 597 4450 cum
629 4397 796 4465 gloria
827 4397 1182 4467 belligeravit.
1230 4401 1532 4454 Antoninus
1561 4398 1729 4454 Cara-

175 4483 288 4535 ealla
329 4503 417 4553 per
468 4490 806 4542 occasionem
856 4490 990 4543 nihil
1033 4489 1137 4543 tale
1177 4491 1511 4558 suSpicantes
1558 4491 1728 4545 vehe-

1827 3290 1917 3359 qui
1964 3289 2102 3344 ultra
2141 3288 2349 3343 alienos
2386 3296 2538 3342 erant
2583 3284 2725 3339 soliti
2765 3285 2899 3338 lines
2943 3283 3217 3347 invadere,
3246 3283 3417 3337 coacti

1827 3388 1954 3436 sunt
1987 3381 2072 3436 vel
2101 3389 2326 3434 mortem
2356 3379 2566 3432 fortiter
2589 3385 2842 3445 uppetere
2863 3415 2876 3438 ,
2908 3375 2995 3429 vel
3024 3375 3079 3428 in
3121 3374 3276 3427 alieni
3319 3374 3419 3428 soli

1828 3473 2246 3541 possessionem,
2268 3486 2387 3524 cum
2414 3469 2511 3538 ipsi
2535 3467 2863 3536 nullumjam
2888 3465 3167 3531 haberent,
3193 3466 3419 3519 haerere.

1828 3565 1964 3619 Sunt
1990 3565 2079 3633 qui
2114 3578 2218 3618 non
2261 3563 2425 3617 Getas
2455 3561 2578 3615 illus
2605 3573 2741 3630 quos
2770 3558 3123 3628 Ostrogothus
3159 3560 3417 3628 diximus,

1831 3656 2044 3710 venisse
2088 3655 2139 3708 in
2188 3670 2372 3723 agrum
2420 3652 2601 3723 populi
2651 3652 2877 3706 Romani
2929 3651 3283 3720 perhibeant,
3327 3652 3422 3705 sed

1832 3749 2157 3819 Visogothos
2200 3748 2407 3801 fortuna
2453 3747 2719 3801 sociorum
2750 3747 3071 3800 conterritos
3094 3743 3423 3798 deliberasse

1833 3839 1901 3894 de
1924 3839 2193 3894 mutandis
2214 3839 2453 3906 sedibus,
2478 3840 2680 3893 veritos
2707 3852 2773 3892 ne
2800 3836 2985 3891 eadem
3011 3846 3190 3890 essent
3216 3836 3423 3904 passuri

1834 3948 1953 4002 quae
1973 3932 2312 4003 Ostrogothi,
2345 3931 2760 3985 extendentibus
2791 3945 2850 3983 se
2880 3930 3026 3983 velut
3057 3929 3264 3982 marino
3289 3938 3423 3983 testu

1835 4026 2094 4080 Hunnicis
2118 4025 2310 4089 armis,
2334 4022 2647 4091 vicinasque
2676 4023 2920 4091 regiones
2948 4021 3269 4075 delentibus.
3300 4021 3425 4076 llaec

1835 4134 1922 4174 res
1951 4118 2272 4187 Visogothos
2304 4119 2356 4171 in
2392 4133 2509 4172 eam
2547 4117 2864 4173 sententiam
2907 4115 3116 4182 impulit
3140 4123 3195 4167 ut
3223 4114 3425 4183 legatos

1834 4212 1901 4265 ad
1937 4211 2212 4265 Valentem
2257 4211 2555 4264 Romanum
2588 4209 2964 4276 imperatorem
2995 4210 3304 4275 mitterent,
3334 4207 3425 4278 qui

1834 4305 2009 4374 gentis
2039 4303 2252 4357 nomine
2293 4302 2515 4374 Mysiam
2558 4302 2693 4356 citra
2738 4300 3035 4355 Danubium
3084 4300 3283 4354 ﬂumen
3326 4300 3427 4355 sibi

1838 4396 2173 4451 incolendam
2215 4404 2495 4465 peterent,
2545 4394 2870 4461 spondentes
2911 4392 3180 4446 communi
3213 4391 3428 4446 nomine

1837 4508 1896 4547 se
1926 4506 2114 4547 omnes
2141 4492 2497 4545 Christianam
2532 4490 2784 4558 pietatem
2820 4496 3167 4555 accepturos,
3192 4484 3427 4539 futuros-

174 4585 356 4629 menter
383 4576 587 4630 afﬂixit.
623 4576 877 4632 Gordiani
906 4594 1033 4634 vero
1066 4580 1395 4649 temporibus
1429 4582 1482 4634 in
1526 4581 1726 4635 Roma-
1753 4586 1809 4648 Ι)
1834 4602 1939 4658 que
1964 4588 2130 4639 bonos
2152 4585 2445 4652 lidelesqne
2468 4583 2832 4636 Romanorum
2855 4580 3429 4649 stipendiarios,armis

176 4677 255 4715 nus
280 4664 403 4721 fines
440 4667 870 4736 frequentissime
900 4685 959 4723 se
990 4668 1354 4735 eilundebant,
1387 4686 1521 4739 quos
1550 4672 1727 4726 minor

176 4753 449 4812 Gordianus
505 4760 649 4814 facili
699 4777 859 4830 opera
906 4765 1170 4819 excedere
1216 4765 1484 4833 provincia
1528 4766 1724 4836 coegit.

178 4851 324 4909 Ferox
365 4868 415 4911 et
446 4858 679 4927 inquieta
710 4874 863 4927 gens,
905 4863 1125 4929 suisque
1165 4861 1381 4915 sedibus
1430 4862 1569 4916 male
1597 4877 1728 4915 con-

178 4952 320 5014 tenta,
356 4949 580 5003 subinde
628 4965 816 5005 causas
859 4950 1060 5005 alienas
1102 4951 1384 5006 invadendi
1429 4952 1724 5021 qu-mebat.

178 5034 334 5106 ltaque
366 5039 610 5109 Philippo
644 5040 914 5097 Bostrensi
946 5045 1290 5113 imperatore,
1323 5044 1412 5113 qui
1441 5045 1641 5111 primus
1661 5059 1725 5097 ex

178 5128 404 5186 Romanis
434 5134 762 5204 principibus
809 5134 1167 5189 Christianam
1199 5137 1449 5204 pietatem
1493 5145 1575 5189 est
1604 5151 1729 5205 pro-

170 5222 345 5292 fessus,
376 5226 557 5281 multis
587 5226 824 5281 caedibus
860 5227 1397 5297 populationibmque
1424 5227 1583 5280 editis
1614 5242 1729 5279 am-

169 5316 293 5385 plius
336 5326 575 5372 trecenta
610 5317 720 5373 fere
746 5320 981 5373 virorum
1024 5320 1185 5373 millia
1222 5318 1273 5372 in
1319 5317 1587 5387 proximas
1624 5317 1728 5373 sibi

163 5406 433 5462 Thraciam
474 5408 806 5480 Mysiamque
838 5412 1126 5465 irruerunt.
1170 5410 1248 5464 Ad
1281 5426 1412 5480 quos
1461 5410 1729 5479 expellen-

160 5500 252 5552 dus
281 5502 475 5554 missus
513 5499 704 5555 Decius
732 5516 847 5556 rem
892 5518 1074 5570 parum
1113 5502 1426 5571 plerumque
1472 5517 1727 5571 prospere

163 5599 413 5644 tentatum
445 5600 499 5645 et
526 5592 638 5660 ipse
675 5592 923 5647 infectam
956 5593 1189 5661 reliquit,
1223 5608 1380 5662 quam
1423 5593 1720 5647 succedens

159 5680 396 5749 Philippo
436 5682 487 5735 in
537 5684 835 5751 principatu
882 5684 1253 5738 dissimulavit.
1296 5683 1480 5739 Gallus
1520 5684 1719 5741 deinde

159 5784 321 5843 pater,
355 5784 409 5829 et
438 5772 758 5832 Volusianus
787 5776 945 5846 filius,
974 5778 1140 5833 certis
1165 5777 1563 5835 conditionibus
1605 5778 1709 5835 sibi

1837 4680 1949 4734 suis
1978 4677 2277 4747 opibusque
2310 4675 2441 4728 fines
2480 4674 2602 4727 illos
2640 4672 3077 4741 populi‘Romani
3110 4672 3175 4726 ab
3207 4671 3429 4725 incursi-

1838 4768 1937 4823 bus
1960 4768 2293 4837 reliquorum
2315 4766 2633 4837 Scytharum
2660 4766 2846 4819 sedulo
2867 4764 3200 4819 defensuros.
3227 4763 3429 4829 Quibus

1840 4860 2238 4914 conditionibus
2279 4859 2540 4913 adductus
2578 4857 2771 4912 Valens
2812 4856 3123 4924 Lupicinum
3165 4865 3218 4910 et
3262 4855 3428 4909 Maxi-

1838 4966 1984 5027 mum
2018 4951 2162 5005 velut
2194 4950 2503 5003 duumviros
2530 4949 2671 5017 agris
2699 4948 3000 5002 dividendis
3039 4949 3103 5001 ad
3137 4963 3230 5002 eos
3260 4949 3422 5012 misit,

1840 5043 1931 5112 qui
1975 5042 2129 5096 sedes
2183 5041 2491 5111 Visogothis
2539 5040 2942 5096 distribuerent.
2990 5041 3055 5094 ili
3102 5056 3219 5093 cum
3267 5053 3429 5101 avare

1840 5134 2234 5203 crudeliterque
2265 5133 2526 5189 haberent
2554 5146 2788 5199 gentem,
2818 5135 3044 5203 primum
3076 5132 3216 5187 ferre
3243 5131 3423 5198 Gothi,

1841 5238 1894 5283 et
1921 5227 2261 5281 dissimulare
2294 5226 2541 5296 injuriam
2563 5269 2576 5287 .
2608 5244 2675 5282 ne
2709 5228 2884 5296 primo
2914 5229 3092 5279 statim
3124 5225 3311 5282 alienae
3336 5242 3425 5281 re-

1842 5318 2017 5387 gionis
2051 5318 2293 5387 ingressu
2324 5333 2410 5372 res
2445 5328 2721 5381 nuvarcnt,
2756 5317 3146 5387 existimantes,
3178 5334 3297 5374 cum
3329 5336 3426 5373 cx-

1840 5410 2017 5465 satiati
2050 5412 2161 5464 suis
2183 5410 2372 5478 opibus
2402 5410 2566 5465 duces
2594 5418 2795 5477 essent,
2829 5408 3066 5464 facturos
3092 5412 3345 5467 saeviendi
3373 5422 3426 5469 et

1842 5502 2086 5573 rapiendi
2138 5502 2318 5556 linem.
2380 5502 2481 5557 Sed
2534 5503 2608 5556 illi
2647 5502 2772 5557 dum
2820 5503 3049 5577 maligne
3097 5516 3428 5562 commeatus

1840 5595 2142 5664 partiuntur
2165 5601 2218 5647 et
2241 5604 2448 5656 curant,
2475 5593 2665 5647 famem
2694 5593 3083 5650 intolerabilem
3112 5596 3424 5662 effecerunt,

1838 5701 1958 5754 qum
1987 5695 2040 5739 et
2085 5686 2212 5751 ipsis
2242 5684 2470 5738 ducibus
2502 5693 2555 5737 et
2585 5683 2823 5739 Romano
2854 5687 3079 5759 principi
3112 5690 3275 5743 exitio
3306 5690 3425 5742 fuit.

1839 5779 2000 5835 Gothi
2030 5778 2173 5835 enim
2213 5793 2333 5834 cum
2363 5776 2502 5835 fame
2524 5777 2635 5849 jam
2665 5794 2726 5836 se
2760 5781 2904 5838 velut
2943 5782 3151 5838 belluas
3180 5781 3425 5839 viderent
