3974 6356
552 192 686 301 ,435

1481 244 2038 304 SUPPLEMENTUM
2080 246 2171 302 AD
2208 246 2438 304 OPERA
2478 249 2539 305 S.
2583 249 2974 307 AUGUSTINI.
3675 282 3743 339 ιεδ

580 360 712 430 peti,
734 366 996 429 correptis
1019 359 1499 416 tumultuosissime
1525 364 1689 418 armis
1717 363 1988 417 Romanos
2009 364 2174 418 duces
2202 368 2253 425 Α
2282 364 2389 416 dini
2421 364 2627 419 alendae
2656 374 2821 430 esset,
2849 374 3023 420 castra
3048 363 3209 421 duces
3235 367 3473 442 dividunt,
3497 388 3745 461 diversisque

580 465 703 505 cum
733 451 992 519 praesidiis
1022 454 1275 509 atrociter
1299 454 1547 525 caedunt,
1591 467 1646 511 et
1681 457 1751 511 ita
1782 458 1975 511 armati
2008 464 2175 510 totam

581 542 801 612 Mysiam
846 555 1234 614 pervagantur,
1268 547 1429 615 inque
1459 548 1756 617 proximam
1791 548 2178 603 transcendunt

582 634 888 700 Thraciam,
912 652 1069 706 quam
1094 637 1196 691 sibi
1221 639 1532 709 vectigalem
1555 639 1922 694 reddiderunt.
1952 642 2045 696 Hic
2069 641 2176 697 illis

582 727 815 780 occurrit
844 727 1070 792 Valens;
1104 740 1503 800 pugnatumque
1524 739 1605 785 est
1628 732 1844 799 acriter,
1872 731 2002 786 fusis
2024 732 2176 801 luga-

585 818 757 885 tiSque
789 818 1043 874 Romanis
1069 861 1084 885 ,
1113 836 1301 891 magna
1345 821 1397 875 in
1431 824 1511 877 eis
1548 821 1683 876 facta
1724 832 1917 894 strage.
1951 824 2177 879 Saucius

584 910 877 977 imperator
905 910 959 965 in
990 911 1220 967 hostium
1250 921 1567 982 potestatem
1608 914 1761 969 vivus
1790 916 1935 969 venit
1969 933 1981 969 :
2015 931 2175 985 quem

581 1001 655 1054 illi
705 1001 1039 1058 ell'eratiores
1085 1015 1203 1074 post
1258 1015 1459 1061 tantum
1501 1007 1817 1063 exhaustum
1860 1007 2173 1079 sanguinem

582 1095 759 1150 vivum
790 1108 1201 1167 cremaverunt,
1234 1110 1487 1172 rectaque
1529 1103 1835 1173 Byzantium
1868 1113 2091 1173 petunt:
2121 1112 2178 1159 et

583 1190 747 1245 nullis
773 1191 984 1247 obviam
1027 1192 1181 1249 factis
1227 1195 1393 1249 armis
1417 1236 1433 1260 ,
1470 1196 1656 1250 urbem
1688 1210 1887 1251 corona
1932 1196 2171 1266 cingunt,

582 1301 701 1355 qua
732 1286 1041 1354 aliquandiu
1067 1301 1230 1358 opera
1263 1297 1318 1342 et
1356 1288 1582 1343 consilio
1613 1288 1904 1343 Dominicae
1934 1288 2175 1343 Valentis

581 1376 825 1447 conjugis
859 1377 1192 1434 obsidionem
1220 1380 1333 1433 suis
1358 1380 1549 1448 opibus
1572 1380 1726 1448 tulit,
1765 1381 2094 1435 confirmatis
2119 1381 2174 1433 in

584 1469 745 1523 lidem
783 1470 1039 1540 principis
1073 1471 1264 1525 civium
1297 1473 1492 1526 animis
1523 1488 1712 1542 magna
1750 1473 2040 1527 Dominicae
2070 1474 2174 1527 Iar-

580 1558 802 1629 gitione.
874 1563 1001 1617 Post
1053 1562 1409 1617 Valentiniani
1460 1563 1700 1618 Valentis
1746 1565 1924 1618 fratris
1975 1566 2172 1620 virtute

579 1650 754 1705 soluta
775 1653 1073 1723 obsidione,
1098 1663 1242 1708 retro
1264 1654 1530 1709 abierunt.
1563 1655 1964 1710 Valentinianus
1992 1656 2169 1711 Theo-

2284 454 2509 523 profecti
2544 456 2642 510 viis
2665 468 2756 526 per
2792 456 3154 526 Pannoniam,
3190 459 3437 531 Illyricum
3463 454 3747 551 Noricuutque,

2282 547 2520 603 incensis
2547 549 2873 617 vastatisque
2897 550 3066 605 obviis
3097 549 3252 606 rebus
3274 557 3515 627 omnibus,
3540 562 3585 616 iu
3608 547 3750 628 italiaui

2283 638 2521 694 veniunt.
2543 638 2789 695 Bullinus
2811 656 2930 695 cum
2957 640 3337 711 imprudentius
3354 648 3557 718 cogitata
3569 669 3753 728 exseque-

2280 746 2448 800 retur,
2481 733 2547 787 ad
2577 732 3014 789 Thessalonicam
3045 749 3074 787 a
3102 735 3351 793 militibus
3377 743 3561 797 occisus
3582 758 3662 802 est.
3687 752 3756 808 sti.

2280 825 2386 879 lico
2417 827 2645 880 astutius
2671 826 2895 881 consilia
2925 825 3166 893 celabat;
3198 839 3250 881 et
3276 828 3587 903 Rhadagasus
3609 842 3757 907 quidem

2280 932 2374 987 per
2402 918 2665 972 Etruriam
2694 918 2759 972 ad
2788 917 2984 973 Urbem
3014 932 3137 973 cum
3168 922 3371 987 agmine
3399 925 3635 992 veniebat,
3656 929 3760 1003 longe

2279 1010 2489 1080 lateque
2511 1025 2824 1081 quacunque
2843 1011 2945 1066 iret
2966 1009 3143 1081 fugam
3167 1020 3515 1083 terroremque
3532 1022 3760 1079 ostendens.

2280 1104 2507 1175 'l‘repida
2554 1105 2792 1159 Romana
2820 1106 3008 1159 civitas
3054 1106 3404 1161 mercenaries
3432 1109 3577 1164 duces
3599 1115 3764 1171 venienti

2278 1198 2519 1266 opponit.
2550 1197 2899 1268 Rbadagasus
2928 1198 3277 1253 inconsultius
3300 1201 3529 1256 exercitu
3547 1205 3766 1275 castrisque

2277 1288 2550 1357 dispositis
2575 1330 2589 1355 ,
2622 1290 2674 1344 in
2705 1290 2819 1345 loca
2852 1305 2910 1345 se
2950 1290 3129 1360 iniqua
3164 1292 3524 1360 praecipitavit.
3554 1295 3766 1351 Commea-

2278 1381 2421 1436 tibus
2469 1384 2733 1452 ademptis
2778 1385 3171 1440 multitudinem
3222 1402 3368 1441 suam
3413 1389 3540 1443 fame
3587 1384 3767 1449 confecit.

2276 1475 2395 1543 Ipse
2422 1476 2772 1543 comploratis
2798 1478 2959 1531 rebus
2984 1518 2999 1543 ,
3030 1478 3155 1531 dum
3186 1477 3357 1548 fugam
3388 1494 3476 1548 per
3498 1484 3675 1535 occulta
3694 1499 3770 1538 cum

2277 1575 2460 1642 paucis
2491 1585 2657 1629 tentat
2682 1615 2697 1639 ,
2734 1590 2762 1627 a
2794 1575 3051 1630 Romanis
3082 1574 3337 1629 militibus
3362 1575 3651 1645 interceptus
3670 1593 3771 1631 nece

2278 1679 2467 1737 iusque
2496 1678 2578 1723 est
2601 1709 2616 1733 ,
2667 1666 2964 1722 Gothorum
3012 1667 3355 1722 multitudine
3382 1666 3628 1721 vilissimis
3652 1671 3772 1736 pretiis

578 1742 789 1799 dosium
811 1744 1104 1814 Hispanum
1128 1748 1305 1800 virum
1332 1748 1557 1802 accitum
1585 1764 1650 1802 ex
1678 1750 1929 1818 Hispania
1952 1750 2172 1817 adopta-
2199 1751 2250 1812 B
2277 1762 2571 1816 divendita.
2604 1760 2908 1817 Secundum
2943 1763 3080 1815 hanc
3110 1759 3403 1814 Gothorum
3430 1760 3634 1826 cladem,
3660 1761 3775 1815 Alari-

578 1835 674 1900 vit,
707 1837 1129 1908 participemque
1160 1838 1287 1892 fecit
1317 1840 1548 1909 imperii.
1604 1840 1699 1894 Hic
1737 1841 1941 1895 Gothos
1988 1842 2173 1897 multis

578 1925 777 1993 praeliis
808 1925 965 1995 fregit
990 1928 1369 1996 contuditque,
1400 1937 1456 1983 et
1482 1931 1749 1999 supplices
1776 1946 1959 1999 pacem
2000 1934 2175 2001 coegit

579 2027 797 2087 petere;
829 2035 988 2089 quam
1019 2035 1138 2074 cum
1169 2021 1426 2090 dedisset,
1462 2038 1661 2093 rexque
1689 2038 1876 2078 eorum
1908 2023 2175 2079 Athalari-

579 2124 673 2164 cus
699 2110 1012 2181 Byzantium
1042 2113 1109 2166 ad
1138 2113 1497 2169 Theodosium
1539 2131 1737 2184 aegrum
1772 2117 2048 2172 visendum
2083 2135 2174 2173 ve-

581 2202 750 2257 nisset
771 2244 785 2267 ,
817 2220 907 2258 rex
943 2206 996 2259 in
1027 2206 1272 2260 morbum
1322 2208 1504 2276 lapsus
1528 2251 1542 2275 ,
1581 2210 1781 2278 aliquot
1810 2222 1991 2279 postea
2024 2206 2175 2265 meit-

580 2296 728 2349 sibus
757 2297 999 2351 moritur.
1051 2296 1207 2352 Gothi
1233 2307 1344 2353 toto
1376 2301 1586 2367 imperii
1616 2301 1900 2357 Theodosii
1934 2315 2174 2373 tempore

581 2387 681 2442 sub
713 2387 951 2443 Romano
999 2389 1321 2459 imperatore
1353 2393 1652 2449 militarunt
1678 2436 1692 2460 ,
1726 2410 1825 2449 nec
1864 2412 2044 2467 regem
2078 2399 2173 2451 lia-

580 2477 813 2534 buerunt
837 2481 996 2535 alium
1022 2527 1036 2552 ,
1068 2498 1167 2539 nec
1207 2483 1399 2539 ducem
1420 2526 1435 2549 ,
1469 2487 1568 2541 nisi
1597 2504 1751 2557 quem
1779 2490 2052 2545 Romanus
2080 2493 2174 2547 de-

551 2570 745 2650 disset
773 2573 1079 2642 imperator.
1122 2576 1267 2632 Inter
1305 2577 1421 2632 liaac
1449 2580 1782 2636 Theodosius
1805 2622 1819 2647 ,
1861 2583 2170 2653 Mediolani,

578 2662 828 2733 princeps
854 2665 971 2720 sine
999 2671 1362 2725 controversia
1392 2681 1445 2726 et
1476 2671 1615 2727 bello
1662 2682 1717 2728 et
1748 2690 1875 2743 pace
1913 2677 2170 2746 optimus,

579 2757 806 2811 moritur
831 2799 847 2825 ,
885 2759 1045 2815 Basso
1086 2774 1141 2816 et
1186 2764 1429 2835 Pltilippo
1456 2781 1597 2821 coss.
1632 2770 1833 2822 relictis
1864 2771 2091 2823 Arcadio
2118 2756 2201 2826 et.

578 2845 815 2902 Honorio
846 2848 990 2918 liliis,
1019 2862 1074 2906 et
1103 2853 1336 2908 Placidia
1364 2856 1489 2911 lilia.
1521 2860 1811 2913 Arcadium
1841 2861 2091 2931 Byzantio
2117 2873 2172 2918 et

578 2938 650 2994 illi
677 2941 932 2996 Orientali
959 2944 1195 3013 prazfecit
1222 2947 1446 3016 imperio
1468 2994 1481 3018 ,
1517 2952 1808 3006 Honorium
1837 2955 2171 3010 Occidentali

578 3032 941 3104 Romanmque
972 3039 1110 3092 urbi.
1163 3040 1231 3095 Et
1267 3043 1391 3111 quia
1416 3044 1642 3111 juvenes
1673 3048 1960 3101 admodum
1991 3061 2167 3119 erant,

579 3138 784 3185 tutores
846 3132 1272 3204 educatoresque
1326 3146 1644 3193 testamento
1690 3143 1983 3210 assignavit

577 3218 849 3274 Rufiinum
870 3260 885 3285 ,
915 3221 1037 3276 huic
1067 3224 1376 3281 Stiliconem
1396 3269 1410 3295 ,
1438 3231 1639 3284 vafrum
1666 3242 1948 3303 utrumque
1970 3244 2022 3288 et
2051 3249 2169 3290 sce-

577 3310 809 3366 leratum
858 3312 1167 3379 hominem,
1215 3319 1512 3386 cujusmodi
1561 3322 1771 3392 ingenia
1813 3325 2067 3381 facillime
2114 3329 2166 3383 in

575 3403 791 3459 intimas
818 3419 877 3460 se
902 3407 1080 3460 solent
1105 3408 1254 3463 aulas
1275 3409 1568 3467 insinuare.
1596 3414 1656 3467 Hi
1684 3416 1981 3487 principum
2006 3427 2168 3474 aetate

575 3498 784 3569 injuria:
813 3502 1044 3559 obnoxia
1070 3506 1137 3560 ad
1163 3520 1288 3561 suas
1336 3508 1493 3563 ambo
1541 3512 1811 3580 augendas
1848 3529 1979 3583 opes
1999 3555 2015 3580 ,
2050 3530 2166 3569 ma-

575 3608 839 3665 gnamque
887 3598 989 3652 sibi
1041 3608 1097 3653 et
1142 3599 1479 3656 immodicam
1526 3607 1814 3673 parandam
1874 3610 2166 3677 potentiam

575 3687 899 3757 abutentes,
949 3709 1052 3748 non
1079 3695 1188 3764 jam
1222 3699 1290 3753 de
1337 3702 1539 3767 privata
1583 3702 1757 3773 aliqua
1805 3706 2167 3775 magnitudine

575 3781 811 3851 cogitare
836 3825 851 3849 ,
900 3787 995 3840 sed
1035 3788 1103 3841 ad
1136 3791 1429 3860 principale
1460 3794 1630 3862 ipsum
1662 3795 1929 3864 fastigium
1958 3797 2167 3853 animos

575 3877 797 3933 nefariis
827 3882 1236 3952 cogitationibus
1274 3887 1601 3957 adjecerunt.
1630 3888 1874 3945 Rnfﬁnus
1903 3890 2026 3957 sibi,
2061 3892 2167 3949 Sti-

573 3969 678 4025 lico
705 3973 813 4026 lilio
840 3974 1124 4043 imperium
1151 3978 1454 4033 allectabat.
1487 3981 1615 4034 Cum
1646 3980 1761 4036 haec
1788 3992 2011 4053 uterque
2037 4000 2167 4038 con-

574 4062 692 4117 silia
722 4065 963 4134 agitaret,
989 4067 1131 4122 bello
1161 4084 1294 4139 Opus
1321 4080 1436 4125 erat
1465 4072 1529 4124 ad
1554 4088 1645 4127 eas
1673 4089 1757 4127 res
1783 4075 2159 4144 perﬁciendas,

573 4162 633 4207 ut
660 4163 977 4225 tempestate
1007 4161 1233 4215 turbatis
1261 4162 1423 4217 rebus
1451 4177 1570 4217 cum
1600 4164 1775 4218 minus
1807 4180 1990 4219 eorum
2022 4165 2166 4221 desi-

574 4245 719 4301 deria
749 4247 1311 4319 deprehenderentur,
1347 4264 1459 4308 tum
1499 4269 1627 4309 vero
1657 4256 2046 4324 perficerentur
2082 4257 2164 4311 la-

573 4339 726 4395 cilius
744 4345 1003 4410 perculsis
1024 4345 1323 4415 principum
1342 4348 1533 4401 animis
1557 4348 1818 4402 bellorum
1843 4350 2160 4423 terroribus,

572 4433 704 4487 nihil
743 4449 847 4489 non
893 4437 1309 4494 concedentibus
1348 4438 1609 4507 proximis
1636 4440 1737 4494 sibi
1779 4439 1945 4507 viris,
1989 4452 2043 4495 et
2070 4442 2163 4513 qui

571 4538 751 4581 rerum
773 4529 1009 4583 omnium
1033 4530 1583 4584 administrationibus
1610 4543 1921 4599 praeessent.
1952 4531 2085 4587 Nam
2108 4534 2163 4589 in
2189 4528 2245 4591 D

571 4635 704 4691 pace
735 4624 880 4677 velut
905 4638 1097 4678 sereno
1125 4634 1181 4678 et
1206 4624 1496 4693 tranquillo
1523 4626 1695 4692 caelo,
1729 4634 1783 4681 et
1807 4627 2055 4697 cognosci
2087 4639 2166 4684 te-

572 4714 767 4769 nebras
817 4730 1034 4770 suorum
1068 4716 1411 4785 animorum,
1457 4724 1512 4771 et
1542 4718 1714 4787 pttniri
1765 4721 2166 4777 consulentibus

568 4821 668 4875 per
692 4809 859 4863 otium
918 4809 1247 4878 principibus
1294 4824 1452 4879 posse
1500 4826 1606 4865 non
1637 4815 1970 4882 ignorabant.
2020 4817 2165 4884 Quo-

570 4902 709 4956 circa
737 4902 971 4969 Gothos,
1001 4911 1216 4971 gentem
1243 4904 1311 4959 ad
1336 4920 1425 4961 res
1450 4920 1622 4961 novas
1652 4908 2015 4981 tumultusque
2047 4911 2161 4966 bel-

569 4992 699 5048 licos
731 4994 1018 5050 exciendos
1044 4996 1394 5064 aptissimam,
1418 5014 1509 5067 spe
1536 4984 1763 5070 ingentis
1795 5004 1987 5071 praeda:
2016 5013 2161 5058 uter-

569 5102 672 5156 que
701 5087 954 5142 sollicitat
998 5097 1058 5142 ut
1107 5104 1206 5145 suo
1255 5092 1483 5161 principi
1527 5093 1724 5149 bellum
1766 5096 1943 5151 faciat.
2000 5095 2159 5153 Gothi

569 5180 902 5236 occasionem
924 5185 1113 5240 adesse
1135 5186 1253 5252 rati,
1283 5188 1363 5241 vel
1387 5188 1463 5241 rei
1486 5190 1709 5259 alicujus
1731 5192 1864 5247 bene
1884 5194 2155 5262 gercndm,

567 5276 647 5329 vel
675 5288 820 5331 certe
851 5278 1112 5335 intentato
1142 5281 1282 5336 bello
1308 5283 1525 5338 domum
1558 5300 1678 5340 cum
1712 5287 1851 5341 haud
1879 5304 2038 5357 parva
2066 5304 2157 5343 re-

569 5367 765 5424 deundi
792 5371 990 5440 praeda,
1014 5390 1160 5429 arma
1194 5376 1439 5445 induunt,
1464 5395 1695 5452 regeque
1717 5384 1784 5438 de
1806 5400 1903 5438 suo
1931 5400 2159 5453 corpore

568 5472 631 5513 ex
682 5461 985 5518 Balthorutn
1036 5467 1227 5522 illustri
1260 5469 1458 5525 familia
1487 5473 1702 5530 Alarico
1749 5486 1973 5544 creato,
2024 5478 2159 5535 ﬁnes

568 5565 692 5606 suos
723 5570 915 5625 magno
942 5558 1237 5616 vicinorum
1271 5571 1478 5620 terrore
1523 5567 1899 5636 egrediuntur.
1934 5570 2067 5625 Huic
2098 5586 2159 5625 se

567 5644 725 5713 paulo
756 5657 873 5715 post
919 5648 1261 5721 Rhadagasus
1305 5671 1425 5711 cum
1477 5661 1827 5715 ducentorum
1862 5662 2157 5718 Gothorum

566 5738 802 5798 millibus
829 5741 1101 5815 conjttngit
1124 5758 1137 5796 :
1164 5761 1391 5820 cumque
1421 5756 1560 5811 nulla
1589 5756 1719 5813 satis
1751 5766 1892 5815 terra
1921 5757 2158 5817 multitu.

2032 3160 2046 3195 :
2096 3145 2170 3198 illi
2199 3136 2245 3201 C

2277 1870 2372 1909 cus
2400 1856 2449 1908 iri
2477 1856 2680 1910 Italiam
2704 1854 2868 1919 venit,
2904 1854 3193 1924 majoribus
3223 1854 3397 1908 adhuc
3422 1854 3629 1908 miscens
3655 1856 3776 1907 omnia

2278 1945 2570 2001 terroribus
2619 1962 2777 2015 quam
2823 1947 3022 2001 iecerat
3065 1945 3431 2015 Rhadagasus.
3480 1946 3543 1999 At
3576 1945 3698 2013 cujus
3730 1955 3779 1998 ret

2278 2040 2555 2103 nuntium,
2589 2037 2794 2107 Stilico,
2826 2038 2915 2107 qui
2948 2039 3185 2109 Byzantii
3215 2048 3351 2102 erat,
3385 2038 3637 2106 praemissa
3658 2038 3779 2107 copia-

2278 2148 2395 2185 rum
2446 2142 2634 2201 parte,
2688 2146 2807 2200 qua:
2854 2140 3153 2186 extremum
3186 2131 3480 2186 Getborum
3526 2146 3684 2201 agmen
3706 2145 3781 2184 car-

2276 2226 2452 2293 pendo
2473 2226 2539 2277 ab
2566 2234 2743 2293 strage
2768 2224 2944 2294 aliqua
2976 2240 3166 2295 magna
3192 2238 3540 2293 agrorumque
3563 2223 3782 2277 vastatione

2278 2318 2487 2373 hostem
2516 2319 2841 2382 deterreret;
2892 2322 3005 2387 ipse
3033 2335 3127 2387 per
3154 2333 3304 2373 oram
3338 2317 3521 2386 Superi
3550 2318 3682 2369 maris
3704 2329 3785 2368 cum

2279 2415 2481 2467 viribus
2532 2415 2798 2483 peditatus
2845 2414 3220 2483 equitatusque
3267 2412 3335 2466 ad
3379 2411 3550 2466 hostes
3579 2409 3785 2477 pervenit;

2276 2515 2503 2576 uterque
2533 2507 2803 2561 exercitus
2833 2516 3010 2560 castra
3045 2521 3212 2575 prape
3254 2503 3555 2559 Ravennam
3589 2499 3785 2556 contulit:

2278 2598 2440 2653 Gothi
2470 2597 2791 2653 Pollentiam
2822 2598 2962 2651 viam
2996 2596 3311 2651 obtinebant
3340 2640 3353 2663 ,
3406 2607 3613 2648 numero
3634 2589 3785 2660 quidem

2277 2693 2515 2762 potiores
2540 2737 2555 2761 ,
2590 2692 2684 2747 sed
2731 2699 2845 2746 arte
2875 2701 2928 2745 et
2957 2690 3241 2760 disciplina
3273 2687 3487 2742 militari
3530 2696 3785 2753 nequaquam

2278 2794 2399 2842 cum
2441 2787 2679 2842 exercitu
2728 2787 2972 2841 Romano
3000 2784 3369 2855 comparandi.
3444 2780 3616 2836 Stilico
3653 2776 3787 2831 bellico

2277 2892 2395 2936 astu
2421 2882 2735 2951 plerumque
2765 2880 2970 2937 Gothos
2999 2881 3291 2949 superavit,
3318 2875 3658 2944 compulitque
3679 2873 3718 2925 in
3736 2885 3789 2923 ar-

2275 2982 2420 3027 ctum
2451 2973 2734 3043 quemdam
2768 2973 2943 3027 locum
2970 3014 2984 3036 ,
3027 2973 3115 3027 ubi
3147 2972 3343 3027 sedens
3374 2966 3625 3024 conficere
3647 2970 3789 3035 poterat

2276 3064 2501 3131 bellum,
2532 3066 2576 3121 si
2602 3066 2856 3120 voluisset
2879 3082 2893 3123 :
2920 3081 3103 3120 verum
3129 3080 3253 3120 cum
3282 3065 3519 3119 exercitu
3540 3075 3645 3115 esse
3666 3058 3791 3111 decre-

2276 3168 2446 3227 verat,
2471 3175 2748 3230 quonsque
2776 3162 3060 3230 pepulares
3086 3159 3168 3214 sui
3196 3158 3423 3213 Vandali
3455 3159 3505 3211 in
3528 3153 3719 3211 Galliam
3738 3163 3791 3203 re-

2275 3255 2500 3307 nissent.
2551 3253 2658 3307 Pro
2699 3253 2917 3308 indubio
2944 3254 3084 3308 enim
3118 3252 3350 3308 habebat
3379 3266 3495 3307 eam
3524 3248 3629 3303 fore
3653 3253 3791 3301 certant

2274 3345 2615 3400 occasionem
2642 3346 2851 3415 imperii
2874 3345 3141 3402 Eucherio
3164 3345 3277 3400 lilio
3302 3343 3539 3414 parandi.
3563 3339 3629 3394 lta
3650 3335 3790 3393 levibus

2274 3440 2477 3509 aliquot
2508 3439 2892 3494 certaminibus
2924 3441 3131 3494 hostem
3177 3435 3494 3493 lacessendo
3523 3445 3708 3500 tempus
3732 3438 3790 3481 tre
3880 3498 3881 3511 χ

2274 3531 2435 3587 hebat
2467 3549 2481 3584 :
2513 3532 2654 3601 quod
2684 3531 2929 3586 Alaricus
2958 3547 3079 3586 cum
3107 3547 3203 3600 per
3232 3532 3479 3586 occultos
3500 3533 3689 3583 meatus
3710 3518 3798 3574 olfe-

2272 3625 2452 3690 cisset,
2478 3623 2542 3678 ad
2559 3623 2851 3680 Honorium
2877 3624 3085 3680 detulit.
3111 3625 3302 3694 quue
3332 3624 3479 3679 velut
3508 3633 3705 3675 munere
3724 3626 3801 3668 cum

2271 3719 2568 3789 placatiore
2595 3721 2695 3775 sibi
2742 3719 2982 3775 Honorio
3025 3732 3085 3772 se
3112 3723 3339 3772 usurum
3373 3714 3716 3772 existimaret,
3741 3718 3803 3774 per

2272 3813 2491 3867 eosdem
2522 3813 2727 3883 legatos
2754 3827 2890 3884 quos
2919 3812 2986 3867 ad
3021 3811 3385 3881 detegendum
3436 3806 3658 3865 Honorio
3682 3799 3805 3855 scelus

2271 3908 2545 3964 Stiliconis
2570 3908 2809 3971 miserat,
2843 3906 3029 3961 Galliae
3052 3914 3257 3976 partem
3284 3918 3405 3960 suae
3431 3893 3722 3957 multitudini
3745 3904 3805 3959 per

2274 4003 2356 4057 tiit
2385 4023 2399 4059 :
2431 4003 2669 4058 victuros
2694 4015 2753 4055 se
2778 4001 2983 4071 legibus
3015 4001 3270 4055 Romanis
3290 4041 3308 4063 ,
3344 4013 3447 4053 nec
3479 4008 3633 4067 parvo
3658 3990 3807 4044 futuros

2270 4097 2392 4152 usui
2418 4096 2645 4165 imperio
2670 4090 2930 4167 bellisque
2956 4095 3233 4161 Romanis,
3268 4095 3539 4161 nullisque
3569 4082 3807 4160 provincia-
3880 4088 3881 4157 ξ

2271 4189 2411 4244 libus
2439 4188 2526 4243 vel
2572 4188 2677 4243 fide
2710 4189 2796 4243 vel
2841 4189 3098 4259 obsequio
3126 4203 3251 4258 erga
3284 4187 3562 4242 Romanos
3597 4186 3807 4237 cessuros.

2267 4279 2563 4351 Imperator
2582 4282 2798 4352 ancipiti
2831 4282 2973 4335 malo
2998 4296 3314 4350 concussus,
3351 4283 3404 4335 in
3427 4290 3625 4351 partem
3646 4266 3809 4330 ditionis
3880 4274 3881 4349 ᾖ

2270 4373 2475 4429 Gothos
2500 4374 2762 4445 recipere,
2787 4390 2946 4445 quam
2976 4374 3245 4430 Stiliconis
3272 4375 3501 4444 perﬁdia
3532 4371 3626 4428 sibi
3650 4367 3811 4433 suisque

2270 4466 2490 4519 exitium
2520 4482 2710 4536 parare
2740 4468 2949 4522 maluit.
2983 4468 3165 4539 Neque
3196 4469 3342 4523 enim
3377 4468 3577 4538 primus
3603 4458 3810 4517 detuleml

2270 4558 2338 4611 ad
2371 4558 2664 4614 Honorium
2696 4559 2964 4627 Alaricus,
2993 4561 3135 4631 quod
3162 4561 3354 4617 Stilico
3384 4566 3636 4631 coqueret
3660 4548 3810 4607 scelus.

2270 4649 2380 4704 Nec
2406 4659 2584 4706 tamen
2615 4662 2784 4706 tutum
2818 4654 3037 4722 putabat
3064 4654 3258 4723 quovis
3287 4664 3535 4723 tempore
3565 4650 3721 4703 virum
3747 4636 3811 4695 ιοΙ·

2271 4742 2387 4798 lere
2416 4759 2483 4799 ex
2514 4744 2719 4799 duabus
2742 4746 3003 4800 uxoribus
3030 4746 3131 4801 sibi
3161 4760 3433 4812 socerum,
3464 4755 3520 4801 et
3559 4740 3730 4811 Opibus
3752 4746 3810 4787 ειν

2269 4853 2365 4906 pra
2390 4838 2653 4905 privatum
2679 4838 2943 4908 faStigium
2969 4838 3257 4907 pollentem
3275 4848 3669 4909 petentemque.
3687 4822 3814 4884 Simul

2271 4931 2434 5001 igitur
2477 4947 2598 4987 cum
2644 4932 2832 5002 legatis
2882 4932 3178 4988 Gothorum
3206 4934 3418 4989 litteras
3459 4932 3527 4987 ad
3558 4927 3815 4986 Stilicouem

2271 5026 2472 5090 mittit,
2503 5034 2561 5079 ut
2591 5026 2761 5093 primo
2801 5040 3015 5095 quoque
3059 5031 3298 5095 tempore
3328 5025 3534 5080 Gathos
3562 5023 3613 5076 in
3638 5016 3818 5073 Galliam

2273 5118 2457 5172 venire
2485 5117 2782 5186 permittat.
2832 5117 3062 5172 Nuntius
3107 5117 3193 5171 hic
3220 5116 3319 5171 fuit
3350 5113 3596 5172 Stiliconi
3623 5119 3757 5177 asper
3778 5104 3819 5153 et

2270 5212 2608 5281 importunus
2638 5229 2650 5265 :
2682 5213 2876 5282 quippe
2903 5223 2955 5267 et
2983 5226 3040 5266 se
3068 5211 3301 5266 fraudari
3332 5220 3481 5265 tanta
3508 5222 3602 5277 spe
3625 5199 3814 5296 videbab

2269 5314 2322 5357 et
2349 5319 2444 5357 sua
2475 5303 2718 5359 consulta
2761 5308 2934 5372 palam
2978 5305 3092 5359 lieri
3129 5302 3525 5373 suspicabatur.
3571 5288 3817 5352 Haesitali-

2269 5396 2503 5466 quandin
2533 5412 2655 5452 acer
2682 5406 2736 5452 et
2764 5397 2917 5452 ferox
2954 5397 3167 5453 animus
3190 5439 3205 5463 ,
3262 5397 3482 5452 tandem
3527 5390 3661 5463 quod
3690 5384 3817 5441 tutius

2270 5499 2385 5543 erat
2413 5498 2630 5544 secutus
2659 5531 2674 5554 ,
2723 5490 3018 5558 pariturum
3060 5504 3119 5544 se
3143 5489 3310 5559 jussis
3339 5485 3595 5558 principis
3641 5479 3711 5535 sui
3751 5486 3816 5527 re-

2264 5582 2497 5650 spondit.
2547 5582 2653 5639 Sed
2686 5598 2754 5637 ue
2803 5598 2890 5638 res
2917 5585 2970 5638 in
3018 5592 3185 5638 totum
3215 5599 3245 5638 e
3274 5583 3523 5637 manibus
3565 5577 3817 5665 laberetur,

2266 5674 2482 5727 Saulum
2511 5673 2799 5743 quemdam
2830 5690 2951 5729 cum
2978 5675 3215 5730 Judaicis
3244 5674 3413 5743 copiis
3440 5671 3719 5727 subornat,
3748 5672 3816 5729 qm

2269 5762 2565 5823 Gothorum
2592 5765 2833 5839 veSIigiis
2863 5767 3107 5838 proxime
3132 5768 3382 5829 insistens
3406 5806 3424 5837 ,
3456 5763 3609 5823 caesis
3634 5773 3721 5835 per
3740 5764 3815 5809 οε·
