3974 6356
194 372 287 432 £57

900 360 1251 422 VARIORUM
1288 358 1892 420 EXERCITATIONES
1931 356 1997 417 IN
2034 358 2092 415 S.
2132 356 2503 418 AUGUSTINI
2541 356 2789 417 OPERA.

3327 358 3434 418 J58

193 489 440 547 casionem
466 474 673 559 aliquot
714 482 949 541 millibus
973 523 990 549 ,
1036 480 1351 538 irritabilem
1394 480 1652 550 populum
1681 477 1748 533 ad
1776 482 1831 546 Α
1853 477 2160 548 diligentem
2186 516 2203 543 ,
2252 492 2313 532 ac
2340 480 2477 533 bene
2505 476 2721 532 doctum
2749 517 2765 542 ,
2815 482 3068 547 quantum
3113 490 3181 533 ex
3224 478 3439 549 scriptis

191 583 347 639 fmdus
373 579 724 651 rumpendum
747 571 1221 647 impellat.'Saulus
1243 570 1631 643 dpminicodie,
1647 585 1754 641 quo
1852 570 2093 641 judicare
2142 582 2379 638 possum.
2423 566 2619 624 Scribit
2670 582 2800 635 ergo
2832 584 2845 619 :
2876 566 3169 624 Obsederat
3217 569 3441 626 Romam

190 692 249 733 ex
273 685 446 731 vetere
490 681 690 728 nostra;
733 670 1007 740 religionis
1031 667 1273 723 instituto
1300 665 1557 720 feriamur
1577 703 1593 728 ,
1633 678 1756 719 cum
1859 661 2104 718 Alaricus
2129 660 2239 729 jam
2267 660 2537 715 biennium
2559 699 2576 726 ,
2601 674 2700 713 nec
2734 658 3018 727 Honorius,
3051 662 3139 730 qui
3173 661 3442 719 Ravenna:

190 769 277 823 toti
298 768 453 824 rebus
481 766 650 820 sacris
670 764 858 822 intenti
887 759 1045 816 Gothi
1070 768 1272 828 essent,
1294 759 1551 826 impetum
1581 756 1635 811 in
1662 770 1759 811 eos

188 862 339 927 facit,
372 859 652 930 primoque
695 855 922 912 tumultu
948 854 1150 924 aliquot
1179 869 1243 908 ex
1274 851 1353 907 eis
1379 850 1590 906 sternit.
1628 849 1761 905 Ter-

188 953 269 1007 riti
298 952 454 1008 Gothi
479 951 678 1015 subito,
700 958 963 1019 quantum
984 946 1036 1001 in
1062 944 1417 1015 trepidatione
1445 958 1622 999 rerum
1645 941 1761 997 fieri

188 1052 393 1116 poterat
419 1086 434 1109 ,
467 1058 592 1098 num
617 1042 686 1098 ad
715 1056 866 1097 arma
892 1037 1321 1096 concurrendum
1364 1044 1509 1093 esset
1551 1036 1764 1093 consul-

186 1148 315 1194 tant.
334 1136 567 1194 Venerat
592 1136 735 1192 enim
760 1137 812 1190 in
843 1134 1155 1204 religionem
1180 1132 1318 1188 festo
1344 1131 1648 1187 Servatoris
1677 1128 1764 1186 die

187 1245 326 1285 arma
360 1238 587 1285 tractare
611 1269 626 1293 ,
655 1232 944 1283 humanum
970 1224 1285 1295 sanguinem
1311 1220 1532 1277 fundere
1552 1261 1567 1287 ,
1591 1220 1766 1277 cedes

188 1320 456 1374 hominum
505 1318 702 1374 facere.
754 1317 860 1374 Sed
891 1332 1013 1372 cum
1042 1315 1215 1371 Judaei
1244 1315 1462 1370 modum
1489 1311 1767 1368 occidendi

191 1411 594 1482 trucidandique
621 1426 728 1467 non
772 1417 1071 1481 ponerent,
1103 1409 1204 1463 sibi
1231 1407 1458 1478 quisque
1482 1405 1768 1461 consilium

196 1505 348 1573 cepit,
391 1519 498 1558 non
527 1511 839 1570 exspectato
874 1500 1166 1565 communi,
1194 1508 1254 1554 ut
1281 1513 1429 1554 arma
1461 1498 1543 1551 sui
1586 1495 1770 1552 tuendi

195 1598 351 1667 gratia
380 1597 645 1652 indueret.
694 1595 933 1664 Cumque
951 1595 1057 1663 jam
1089 1592 1398 1662 frequentes
1427 1589 1619 1644 armati
1644 1603 1773 1644 con-

191 1688 498 1755 venissent,
545 1686 790 1742 Alaricus
836 1701 932 1756 pro
959 1695 1199 1755 tempore
1237 1685 1491 1738 instructa
1527 1680 1644 1736 acie
1674 1680 1773 1735 im-

191 1781 327 1837 belle
350 1796 523 1852 genus
553 1780 829 1837 hominum
872 1780 1027 1834 facile
1053 1779 1216 1834 sistit.
1266 1777 1406 1832 Hinc
1439 1774 1653 1831 connixi
1678 1772 1777 1828 ali-

1861 754 2158 822 desidebat,
2199 763 2292 809 aut
2329 753 2471 809 ferre
2509 754 2781 824 suppetias
2813 764 3020 824 poterat
3057 763 3148 809 aut
3190 757 3441 813 audebat.

1861 848 1994 905 Nam
2018 863 2137 903 cum
2161 846 2291 902 nihil
2314 847 2487 901 minus
2506 861 2663 917 quam
2700 846 2766 902 de
2788 846 2944 903 Urbis
2978 848 3153 903 salute
3187 849 3448 905 sollicitus

1864 952 2040 1008 esset,
2076 942 2334 998 Stilicone
2359 940 2673 1006 interfecto,
2706 941 2894 997 ducem
2929 943 3194 998 exercitui
3227 946 3449 1001 minime

1868 1035 2184 1107 praefecerat
2222 1032 2315 1103 qui
2342 1048 2456 1088 rem
2498 1033 2758 1088 adversus
2789 1032 2992 1090 Gothos
3025 1036 3447 1092 administraret.

1870 1126 2023 1181 Unde
2064 1124 2251 1180 Gothis
2306 1125 2615 1180 obsidendas
2671 1125 2828 1181 Urbis
2878 1127 3167 1197 cogitatio,
3210 1128 3453 1184 Romano

1870 1220 2039 1276 milite
2077 1227 2168 1275 aut
2204 1219 2431 1288 dilapso,
2467 1228 2557 1273 aut
2590 1221 2825 1289 segniter
2858 1236 2971 1276 rem
3006 1232 3216 1291 agente.
3258 1224 3455 1279 Verum

1872 1326 1990 1369 eam
2014 1313 2206 1366 frustra
2239 1312 2512 1369 obsessam
2536 1326 2656 1366 cum
2680 1326 2985 1383 expugnare
3010 1315 3060 1367 vi
3083 1330 3187 1368 non
3211 1327 3453 1384 possent,

1874 1404 1943 1459 ad
1976 1405 2157 1459 dolum
2193 1405 2362 1460 hostis
2396 1405 2653 1461 barbarus
2686 1406 2932 1461 vertitur.
2981 1407 3365 1464 Profectionem
3404 1411 3458 1466 in

1877 1498 2105 1568 patriam
2149 1497 2401 1562 simulat,
2452 1508 2825 1567 trecentosque
2864 1501 3086 1567 juvenes
3126 1502 3368 1570 corporis
3408 1510 3462 1557 et

1878 1588 2042 1643 animi
2065 1588 2117 1643 vi
2144 1598 2458 1658 praestantes
2475 1590 2677 1660 deligit,
2704 1605 2838 1661 quos
2859 1591 3110 1647 Romanis
3136 1593 3463 1664 principibus

1880 1683 2024 1739 dono
2057 1683 2169 1750 det,
2194 1684 2484 1745 instructos
2520 1687 2667 1754 prius
2690 1696 2744 1739 ut
2775 1687 2917 1741 omni
2938 1687 3195 1757 obsequio
3217 1688 3465 1743 dominos

1881 1792 2009 1832 suos
2050 1777 2344 1847 promereri
2384 1777 2650 1842 studeant,
2696 1788 2751 1833 et
2789 1780 2855 1834 ad
2899 1788 3100 1836 certam
3142 1780 3284 1837 diem
3324 1783 3464 1838 circa

190 1884 445 1945 quantum
476 1873 635 1929 Gothi
665 1873 880 1929 Iudaeos
910 1871 1137 1927 fundunt
1158 1871 1467 1940 fugantque.
1510 1867 1576 1922 Et
1600 1864 1775 1936 qucsti
1804 1874 1855 1938 Β
1882 1869 2158 1926 meridiem
2187 1911 2203 1937 ,
2251 1886 2370 1925 cum
2411 1870 2639 1927 Romani
2693 1872 2957 1942 principes
2997 1889 3186 1930 somno
3225 1878 3305 1931 vel
3357 1878 3467 1932 otio

189 1979 402 2025 coactos
426 1983 486 2023 se
524 1984 555 2022 a
600 1967 950 2023 violatoribus
991 1966 1207 2019 humani
1230 1962 1369 2033 juris
1408 1959 1645 2016 divinum
1686 1958 1776 2028 jus

189 2062 429 2132 polluere
447 2075 510 2115 ac
528 2059 917 2124 contaminare,
942 2057 1210 2112 Christum
1234 2056 1408 2123 ipsum
1434 2054 1776 2115 invocantes,

188 2168 288 2225 per
312 2152 467 2223 cujus
488 2151 725 2221 juratum
760 2165 959 2206 numen
985 2148 1160 2205 fmdus
1196 2154 1341 2203 esset
1370 2146 1621 2214 utrinque
1653 2157 1781 2197 san-

189 2247 400 2313 citum,
458 2247 715 2316 cujusque
773 2244 932 2300 ferias
988 2252 1175 2297 contra
1238 2256 1389 2295 suam
1444 2240 1779 2293 voluntatem

187 2352 421 2404 cruore,
453 2337 725 2403 ctadibus,
760 2346 940 2406 strage
968 2335 1261 2391 ftedassent
1281 2375 1295 2398 ,
1324 2334 1400 2388 ira
1429 2332 1653 2398 incensi,
1688 2345 1784 2399 per

184 2430 428 2486 mediam
459 2430 664 2485 Italiam
694 2429 761 2483 ad
796 2428 992 2484 Urbem
1025 2428 1169 2483 ferre
1196 2426 1347 2497 signa
1391 2434 1640 2495 pergunt.
1695 2423 1784 2476 Di-

183 2524 417 2577 miserat
443 2520 629 2577 Stilico
656 2506 941 2576 nonnullos
980 2517 1173 2574 milites
1218 2529 1469 2588 tanquam
1501 2518 1616 2571 sine
1644 2514 1786 2571 bello

182 2614 450 2677 inutiles,
480 2628 615 2684 quos
641 2613 705 2667 ad
736 2620 1055 2683 praesentem
1088 2622 1344 2666 terrorem
1376 2618 1591 2665 coactus
1612 2617 1693 2662 est
1719 2608 1787 2662 ab

180 2706 524 2777 imperatore
548 2715 792 2776 repetere
816 2746 831 2771 ,
875 2704 1035 2759 simul
1064 2719 1185 2758 cum
1218 2703 1588 2773 supplemento
1612 2700 1789 2769 copia-

176 2814 336 2864 mm,
365 2807 429 2854 ut
457 2800 700 2853 maximis
723 2799 925 2853 viribus
952 2796 1246 2853 Gothorum
1274 2795 1554 2851 conatibus
1577 2794 1788 2849 obviam

182 2887 389 2946 iretur.
436 2891 721 2955 Honorius,
756 2891 1029 2959 patefactis
1060 2889 1332 2945 Stiliconis
1368 2887 1642 2953 consiliis,
1677 2900 1790 2940 ma-

184 2990 354 3046 gnam
396 2985 623 3040 militum
652 2999 867 3040 manum
911 2985 978 3039 ad
1023 3000 1145 3039 eum
1177 2984 1380 3048 mittit,
1414 2983 1539 3038 dato
1565 2981 1792 3036 ducibus

189 3072 412 3125 occulte
450 3077 664 3144 negotio
688 3118 704 3145 ,
747 3086 806 3131 ut
842 3085 1145 3147 opportuno
1186 3078 1263 3131 rei
1304 3074 1523 3145 agendae
1552 3081 1793 3143 tempore

196 3172 436 3232 captato,
464 3165 774 3225 Stiliconem
798 3184 918 3225 cum
946 3170 1058 3225 filio
1079 3171 1417 3227 obtruncent.
1452 3170 1531 3224 Illi
1554 3183 1796 3223 commu-

1881 1973 2155 2030 vacarent,
2180 1964 2246 2018 ad
2274 1963 2573 2019 Asinariam
2597 1974 2804 2034 portam
2828 1965 3115 2032 advolent;
3149 1968 3469 2024 interfectis-

1881 2072 1987 2127 que
2013 2058 2304 2128 improviso
2324 2059 2524 2113 insultu
2547 2059 2878 2123 custodibus,
2904 2070 3112 2129 portam
3144 2062 3243 2116 sibi
3275 2073 3470 2131 prmsto

1883 2148 2078 2203 futuris
2098 2149 2362 2218 aperiant.
2386 2150 2591 2205 Interea
2614 2152 2771 2207 Gothi
2795 2167 2913 2206 cum
2938 2153 3165 2208 reditum
3189 2155 3293 2208 alia
3313 2166 3473 2223 atque

1885 2242 1988 2295 alia
2015 2241 2208 2297 deesse
2234 2242 2334 2297 sibi
2362 2242 2673 2298 simulantes
2703 2243 2979 2300 dilferrent
2999 2287 3013 2309 ,
3043 2249 3263 2301 trecenti
3294 2247 3368 2301 illi
3388 2248 3475 2317 ju-

1888 2348 2053 2389 venes
2083 2336 2368 2391 occasione
2396 2335 2608 2405 egregie
2638 2336 2718 2392 usi
2744 2380 2758 2403 ,
2799 2345 3007 2406 portam
3048 2347 3217 2393 strato
3247 2339 3333 2393 die
3364 2340 3475 2394 suis

1890 2428 2175 2497 aperiunt,
2208 2436 2262 2483 et
2302 2428 2640 2484 intromissus
2686 2429 2892 2484 Gothus
2943 2431 3143 2499 majore
3187 2433 3475 2501 ignominia

1889 2534 2048 2588 quam
2091 2518 2286 2574 damno
2331 2520 2518 2575 urbem
2580 2535 2793 2575 omnem
2840 2523 3144 2592 populatur.
3200 2526 3338 2579 Sunt
3386 2504 3477 2595 qui

1892 2611 2080 2664 Probae
2124 2610 2342 2666 illustris
2373 2611 2582 2666 feminae
2609 2623 2663 2666 et
2690 2613 3107 2682 npulentissimte
3138 2632 3296 2686 opera
3328 2629 3477 2688 pate-

1892 2703 2086 2759 factam
2108 2701 2297 2758 Gothis
2321 2711 2525 2771 portam
2556 2705 2877 2773 existiment,
2901 2723 3023 2762 cum
3055 2709 3262 2777 plebem
3286 2710 3479 2765 Roma-

1895 2810 2021 2850 nam
2052 2796 2253 2865 passim
2282 2796 2420 2849 fame
2447 2806 2500 2850 et
2531 2797 2733 2851 morbis
2778 2799 3041 2867 pecudum
3090 2816 3241 2855 more
3285 2803 3479 2857 caden-

1895 2896 2003 2941 tem
2025 2888 2393 2943 miseraretur.
2410 2887 2523 2943 Duo
2547 2892 2891 2959 suntcognitu
2916 2890 3479 2963 nonindignazunuin,

1896 2978 2131 3033 edictum
2178 2982 2244 3032 ah
2289 2980 2502 3033 Alarico
2534 2980 2694 3035 fuisse
2720 3024 2734 3047 ,
2770 2990 2824 3034 ut
2853 2982 3152 3052 quicunque
3200 2985 3252 3038 in
3285 2987 3481 3055 templa

1898 3072 2142 3128 divorum
2178 3072 2569 3142 confugerent,
2614 3074 2883 3143 praecipue
2915 3074 3058 3130 Petri
3085 3086 3139 3131 et
3175 3077 3367 3144 Pauli,
3402 3079 3483 3133 his

1901 3165 2043 3219 nulla
2074 3166 2154 3220 vis
2182 3165 2471 3220 inferretur
2500 3181 2514 3219 :
2546 3166 2684 3236 quod
2724 3175 2778 3221 et
2821 3183 3027 3222 summa
3055 3168 3161 3224 ﬁde
3189 3179 3478 3224 servatum.

206 3254 377 3310 nicato
408 3257 553 3310 inter
578 3271 636 3312 se
666 3261 888 3315 consilio
910 3304 925 3329 ,
968 3263 1161 3333 dieque
1191 3262 1457 3318 destinato
1494 3277 1601 3331 quo
1632 3262 1798 3330 impe-
1823 3255 1869 3318 C
1901 3254 2145 3311 Alterum
2173 3296 2188 3318 ,
2217 3255 2358 3325 quod
2399 3270 2518 3310 cum
2572 3266 2869 3312 nuntiatum
2913 3259 3147 3315 Honorio
3194 3272 3339 3317 esset
3385 3262 3484 3317 Ra-

205 3355 312 3399 rata
344 3348 611 3419 principis
639 3358 857 3408 strenue
888 3366 1224 3425 peragerent,
1256 3355 1453 3411 diversi
1480 3356 1793 3410 Stiliconem

202 3452 261 3492 ac
283 3438 455 3495 filium
478 3442 675 3510 adorti,
694 3454 747 3500 et
763 3462 856 3501 eos
879 3447 1043 3516 ipsos,
1066 3458 1120 3505 et
1140 3464 1207 3504 ex
1230 3449 1551 3504 necessariis
1592 3449 1794 3518 aliquot

201 3535 290 3600 qni
317 3540 430 3590 vim
464 3540 762 3610 parabant,
802 3541 989 3600 Romae
1017 3545 1072 3600 in
1115 3544 1233 3601 foro
1260 3545 1414 3601 Pacis
1444 3547 1789 3603 interficiunt.

208 3624 522 3697 Imprudens
552 3642 729 3690 tamen
759 3647 814 3692 et
840 3639 1062 3709 ignavus
1093 3641 1360 3710 princeps,
1394 3641 1531 3697 duce
1560 3642 1790 3708 sublato,

214 3718 264 3773 in
295 3722 407 3789 ejus
454 3726 630 3782 locum
662 3730 937 3787 neminem
978 3734 1289 3803 subrogavit
1321 3751 1334 3787 :
1368 3735 1531 3790 credo
1561 3750 1629 3791 ne
1654 3736 1796 3790 ullus

220 3823 391 3876 parem
422 3828 606 3873 nactus
636 3825 926 3890 potentiam
947 3865 962 3889 ,
988 3826 1183 3879 similia
1201 3825 1496 3882 moliretur.
1528 3827 1603 3881 Ita
1633 3842 1796 3882 exer-

221 3901 352 3955 citus
375 3905 487 3959 sine
522 3913 791 3983 prazcipuo
820 3916 999 3986 aliQuo
1035 3917 1172 3973 duce
1214 3920 1413 3974 misere
1439 3934 1469 3974 a
1498 3919 1685 3974 Gothis
1709 3920 1795 3974 fu-

221 4006 330 4059 sus,
360 4012 449 4065 per
474 4000 673 4054 multas
702 4002 881 4057 clades
912 4013 1172 4061 terrorem
1203 4009 1416 4065 Gotliici
1451 4011 1682 4065 nominis
1711 4011 1792 4066 in-

220 4094 421 4154 gentem
469 4090 697 4147 imbibit.
755 4091 913 4150 Gmhi
960 4098 1265 4165 superiores
1302 4102 1468 4169 facti,
1514 4104 1579 4157 ad
1613 4103 1796 4158 urbem

220 4175 435 4235 Romam
460 4182 608 4251 signa
638 4183 829 4239 infesta
856 4186 1057 4242 ducunt
1084 4230 1098 4255 ,
1132 4205 1358 4260 eamque
1386 4192 1667 4249 obsidione
1705 4193 1796 4249 diu

220 4281 447 4335 pressam
495 4273 749 4345 capiunt,
807 4277 1069 4349 diripiunt
1115 4283 1307 4353 majori
1357 4288 1589 4340 tumultu
1636 4296 1797 4358 atque

223 4365 528 4433 expilatione
548 4385 750 4436 rerum,
775 4387 934 4442 quam
960 4375 1195 4432 czedibus
1218 4386 1309 4433 aut
1326 4380 1548 4450 stupris,
1575 4382 1798 4451 aliisque

220 4460 373 4513 'etris
399 4475 457 4515 ac
480 4463 641 4519 fmdis
693 4464 1015 4522 facinoribus
1063 4486 1181 4539 quae
1227 4473 1451 4528 urbibus
1480 4474 1797 4543 expugnatis

228 4550 470 4607 comitti
509 4570 606 4625 per
644 4554 981 4613 insolentiam
1026 4563 1254 4617 militum
1299 4564 1495 4620 solent.
1549 4565 1796 4621 Alaricus

1901 3362 2089 3400 vennte
2113 3388 2129 3412 ,
2160 3346 2385 3402 Romam
2418 3348 2681 3418 perditam
2706 3390 2722 3412 .
2772 3349 2999 3406 credidit
3042 3352 3133 3407 ille
3160 3353 3227 3407 de
3263 3356 3485 3425 pugnaci

1901 3440 2055 3496 Gallo
2072 3444 2155 3496 cui
2176 3458 2370 3498 nomen
2396 3455 2512 3498 erat
2543 3445 2747 3512 Romze,
2773 3446 3126 3516 significatum
3155 3465 3293 3516 esse,
3318 3452 3486 3507 admi-

1898 3542 2181 3604 ratumque
2218 3536 2569 3589 vehementer
2600 3548 2705 3591 tam
2732 3538 2909 3592 subito
2938 3541 3164 3608 periisse
3206 3558 3327 3598 eum
3365 3546 3485 3612 qui-

1897 3640 2020 3680 cum
2052 3625 2211 3695 paulo
2250 3636 2374 3682 ante
2415 3626 2758 3684 festivissime
2804 3630 3023 3685 luserat.
3056 3613 3180 3687 Ilaec
3205 3633 3481 3705 Egnatius.

1899 3718 2007 3772 llas
2022 3731 2210 3773 omnes
2230 3717 2409 3772 clades
2432 3719 2934 3775 maledicentissima
2959 3731 3012 3775 et
3029 3721 3189 3792 impia
3211 3740 3342 3793 gens
3364 3726 3487 3780 reli-

1898 3810 2045 3880 gioni
2071 3809 2390 3863 Christianae
2419 3810 2738 3880 imputabat,
2765 3827 2962 3882 negans
2994 3813 3228 3869 futurum
3252 3826 3307 3869 ut
3333 3826 3485 3887 capta

1901 3918 2132 3973 unquam
2163 3912 2307 3959 esset
2338 3904 2542 3971 Roma,
2574 3907 2619 3960 si
2650 3906 2871 3961 deorum
2903 3908 3189 3977 religiones
3213 3925 3240 3963 a
3271 3913 3487 3980 majori—

1899 3999 2000 4052 bus
2050 3998 2220 4052 cultas
2267 3996 2600 4068 traditasque
2653 3998 2885 4067 posteris
2945 4000 3237 4056 tenuissent
3278 4018 3293 4055 :
3334 4006 3487 4073 quasi

1899 4106 2031 4146 vero
2058 4106 2164 4145 non
2194 4090 2439 4146 eamdem
2475 4092 2544 4147 ob
2573 4104 2786 4146 causam
2811 4132 2828 4158 ,
2860 4092 2985 4161 quia
3013 4093 3266 4148 violatum
3294 4106 3375 4150 est
3398 4098 3488 4165 jus

1900 4183 2193 4238 humanum
2218 4223 2235 4250 ,
2265 4182 2399 4237 Galli
2432 4184 2558 4237 olim
2585 4182 2885 4253 vigentibus
2910 4228 2923 4251 ,
2955 4191 3013 4238 ut
3041 4185 3230 4252 aiunt,
3259 4188 3488 4244 maxime

1901 4275 2081 4344 impiis
2121 4273 2227 4329 illis
2263 4273 2526 4343 insaniis,
2572 4273 2771 4330 Urbem
2818 4278 3061 4344 ceperint
3103 4287 3158 4332 et
3185 4279 3487 4346 diruerint;

1900 4382 1997 4421 ceu
2046 4382 2151 4422 non
2204 4368 2359 4421 multi
2406 4368 2759 4437 imperatores
2798 4366 3086 4423 Christiani
3133 4371 3336 4439 Optime
3373 4386 3488 4426 rem

1900 4461 2201 4531 gesserint,
2234 4470 2288 4515 et
2320 4469 2571 4528 tanquam
2601 4474 2708 4514 non
2736 4459 2850 4514 haec
2889 4461 3162 4515 inclinatio
3188 4462 3400 4531 imperii
3434 4471 3491 4518 et

1902 4552 2222 4607 manifestus
2258 4551 2325 4606 ad
2357 4534 2565 4605 ruinam
2594 4566 2749 4606 casus
2779 4552 3005 4621 coeperit
3031 4553 3131 4607 sub
3158 4554 3490 4622 imperatori-

226 4630 368 4685 enim
389 4635 560 4689 [11'me
590 4646 930 4716 ingressurus
956 4690 971 4715 ,
1020 4648 1129 4702 duo
1154 4656 1208 4702 ίη
1244 4656 1433 4710 castris
1459 4656 1631 4712 εάίοιε
1672 4672 1796 4728 pro-
1818 4625 1874 4689 Ῑ)
1901 4644 2001 4699 bus
2029 4644 2348 4714 gentilibus,
2382 4652 2436 4699 et
2462 4658 2567 4698 non
2601 4659 2697 4713 per
2725 4646 2968 4700 eamdem
3008 4647 3307 4701 socordiam
3342 4648 3489 4717 igna-

223 4732 467 4788 Ροευθηι
496 4745 508 4779 ε
540 4727 765 4782 alterum
789 4768 805 4793 .
849 4754 876 4789 τι
906 4738 1053 4794 cede
1081 4749 1136 4794 et
1178 4739 1470 4793 violatione
1520 4727 1794 4794 hominum

221 4813 561 4887 abstinerent,
590 4820 692 4875 sibi
714 4823 975 4890 ejusmodi
1006 4838 1095 4879 res
1121 4832 1514 4897 displicituras;
1545 4831 1794 4897 alterum,

221 4916 278 4960 ut
310 4910 526 4980 capitale
556 4923 729 4981 esset,
763 4917 808 4969 si
848 4917 967 4985 quis
1002 4932 1124 4973 eum
1162 4920 1253 4987 qui
1283 4920 1351 4975 ad
1379 4924 1575 4993 templa
1600 4925 1797 4995 princi-

221 5013 349 5065 pum
374 5004 729 5073 apostolorum
752 5005 1080 5077 confugisset
1126 5009 1367 5080 lzederet,
1397 5023 1487 5068 aut
1520 5015 1633 5083 ipsa
1664 5024 1799 5072 tem-

222 5094 309 5159 pla
358 5097 591 5154 violaret.
640 5098 806 5169 Capta
852 5110 936 5157 est
972 5116 1002 5155 a
1048 5103 1239 5160 Gothis
1282 5105 1450 5163 Roma
1492 5124 1634 5164 anno
1681 5120 1803 5180 post

222 5190 455 5246 eamdem
483 5193 754 5248 conditam
787 5194 957 5262 H64,
988 5196 1092 5251 cal.
1126 5198 1332 5269 April.,
1370 5198 1555 5256 Flavio
1582 5211 1638 5257 et
1663 5202 1800 5257 Var-

225 5293 356 5336 rone
377 5295 511 5339 coss.
556 5284 675 5351 Quo
701 5294 858 5356 pacto
887 5288 959 5341 sit
981 5298 1137 5358 capta
1174 5304 1363 5359 parum
1412 5292 1683 5362 explicant
1710 5310 1799 5350 re-

224 5387 342 5428 rum
363 5378 668 5447 scriptores.
698 5378 935 5449 Baptista
965 5381 1222 5452 Egnatius
1250 5396 1309 5437 se
1332 5384 1546 5439 modum
1573 5384 1689 5455 ejus
1717 5386 1797 5442 rei

226 5463 348 5521 dicit
374 5484 434 5523 ex
466 5470 730 5541 Procopio
758 5470 946 5528 Grzeco
972 5471 1186 5540 afferre,
1209 5475 1497 5547 mirarique
1526 5477 1794 5547 interpre-

226 5566 329 5614 tem
357 5561 437 5617 vel
460 5578 583 5618 eum
615 5563 789 5619 locum
831 5565 1088 5621 scientem
1135 5567 1558 5639 prudentemque
1601 5569 1796 5625 transi-

227 5645 395 5716 liisse;
439 5656 524 5712 vel
565 5656 611 5711 si
663 5658 715 5712 in
761 5660 1006 5713 mutilum
1054 5659 1242 5715 incidit
1277 5660 1554 5729 codicem,
1602 5676 1793 5731 parum

225 5742 655 5805 animadvertisse
702 5751 830 5820 quid
888 5750 1119 5809 deesset.
1176 5753 1497 5825 Procopium
1546 5752 1791 5812 Graecum

223 5837 453 5895 nondum
481 5834 589 5890 vidi
618 5850 634 5899 ;
686 5833 819 5891 ﬁdes
846 5844 948 5892 erit
981 5859 1144 5905 oenes
1182 5846 1485 5919 Egnatium,
1517 5847 1788 5907 hominem

495 5929 766 5990 Ρλτιοι.
816 5927 1085 6000 XLVII;

1904 4737 2149 4799 viamque
2177 4735 2445 4788 Honorius
2474 4735 2717 4791 amiserit
2741 4735 2987 4801 Romam,
3011 4750 3108 4805 per
3128 4751 3284 4806 quam
3313 4737 3489 4794 Galie-

1902 4835 2006 4876 nus
2031 4820 2346 4893 IEgyptum,
2378 4824 2592 4895 Asiam,
2623 4826 2871 4894 Galliam,
2902 4826 2968 4881 ad
2998 4842 3220 4896 quarum
3254 4829 3489 4897 perdita-

1902 4929 2021 4968 rum
2070 4929 2316 4971 rumores
2371 4916 2525 4972 dictis
2576 4919 2764 4974 luserit
2811 4920 3016 4974 facetis.
3073 4920 3344 4975 Adversus
3390 4922 3489 4977 hos

1903 5006 2065 5076 igitur
2094 5004 2340 5061 homines
2386 5017 2586 5063 sanctae
2616 5009 2919 5080 religionis,
2950 5010 3156 5065 etiamsi
3188 5013 3327 5065 nulla
3357 5028 3490 5066 con-

1905 5098 2113 5168 tigisset
2144 5098 2454 5166 calamitas,
2493 5102 2739 5157 inimicos
2765 5111 2820 5156 et
2848 5102 3118 5168 infensos,
3157 5104 3323 5159 libros
3358 5120 3490 5160 con-

1902 5188 2118 5258 scripsit
2146 5188 2474 5259 Augustinus
2515 5192 2652 5248 duos
2689 5201 2745 5247 et
2785 5193 3009 5264 viginti,
3055 5194 3336 5252 Civitatem
3369 5196 3488 5263 Dei,

1901 5282 2015 5339 hoc
2055 5293 2137 5340 est
2179 5283 2534 5341 Christianam
2586 5287 2899 5360 religionem
2946 5288 3204 5346 adversus
3249 5290 3490 5349 rabiosas

1900 5388 2058 5449 atque
2094 5380 2287 5450 impias
2324 5397 2510 5438 eorum
2537 5384 2785 5453 querelas
2811 5383 3108 5441 defendens

2358 5473 3008 5532 ANIMADVERSIONES

2274 5580 2327 5620 IN
2368 5580 2547 5620 LIBROS
2591 5582 2658 5620 DE
2702 5582 2950 5622 CIVITA’I‘E
2994 5585 3101 5624 DEI.

1968 5657 2132 5715 LIBRO
2157 5673 2195 5713 ι.
2227 5658 2359 5728 Cap.
2398 5659 2450 5714 Ι.
2491 5659 2571 5713 Αη
2613 5676 2716 5715 non
2753 5663 2905 5715 etiam
2940 5661 3022 5716 illi
3048 5663 3271 5719 Romani
3300 5663 3489 5721 Christi

1898 5753 2093 5807 nomini
2132 5753 2306 5823 infesti
2346 5762 2463 5807 sunt
2487 5794 2503 5821 ,
2542 5756 2727 5824 quibus
2753 5766 2961 5827 prapter
2993 5758 3248 5812 Christum
3286 5755 3483 5812 barbari

1898 5858 2245 5925 pepercerunt.
2294 5847 2563 5906 Testantur
2599 5849 2694 5905 hoc
2724 5860 3005 5918 martyrum
3039 5854 3152 5899 loca
3186 5854 3235 5900 et
3259 5844 3484 5928 ὸιιεὲίίρτᾳ

3104 5934 3180 5998 15
