3974 6356
576 303 680 392 iss

1463 327 2021 389 SUPPLEMENTUM
2060 329 2153 387 AD
2192 329 2423 388 OPERA
2462 331 2520 389 S.
2562 330 2939 392 AUGUSTINI
3670 342 3741 421 ιω

574 447 954 519 Apostolorum,
983 460 1096 518 qua:
1117 445 1171 501 in
1196 445 1289 501 illa
1314 444 1591 499 uastatione
1625 445 1775 500 Urbis
1803 445 1872 498 ad
1898 462 1951 499 se
1978 446 2159 515 confu—
2184 446 2240 509 Α
2266 456 2503 504 matores
2548 449 2747 505 ethnici
2800 449 2993 505 similia
3042 449 3098 505 in
3141 449 3454 513 Christianas
3493 461 3679 534 virgines
3708 488 3744 534 ει

573 543 758 613 gientes
783 556 899 593 suos
929 540 1220 610 alienasque
1247 534 1587 607 receperunt]
1634 536 1741 592 Sed
1769 552 1880 591 non
1907 545 2022 592 erat
2052 535 2165 589 dis-

573 632 930 688 simulandum
949 632 1113 687 hosce
1137 630 1393 685 barbaros
1412 628 1579 684 fuisse
1599 628 1953 697 Christianos,
1977 643 2166 699 quam-

572 726 653 781 vis
682 725 798 781 Arii
824 732 1028 780 sectam
1054 730 1428 794 sequerentur.
1473 720 1608 775 Vide
1650 720 1874 776 Paulum
1917 720 2163 776 Orosium

571 820 665 875 lib.
694 835 789 887 vn,
823 833 941 889 cap.
970 816 1025 885 6,
1057 818 1111 871 in
1144 817 1272 872 fine.
1315 815 1422 872 Sed
1452 813 1707 870 laudandi
1736 815 1963 870 fuissent
1993 815 2165 869 haere-

569 912 745 979 retici,
788 920 842 967 et
877 910 956 966 rei
998 908 1384 965 admirabilitas
1418 907 1742 975 minuenda;
1789 906 1930 978 quod
1961 907 2166 976 simpli-

569 1006 684 1059 cior
711 1004 930 1074 quidem
958 1003 1191 1072 scriptor
1220 1002 1401 1057 facere
1432 1001 1729 1072 potuisset,
1754 999 1849 1056 sed
1880 1014 1988 1055 non
2016 998 2165 1054 calli-

568 1097 668 1153 dus
694 1097 901 1153 rhetor.

638 1194 769 1263 Cap.
798 1192 851 1247 5.
897 1188 1029 1245 Ecce
1050 1190 1287 1262 qualibus
1307 1188 1403 1243 diis
1424 1188 1598 1242 urbem
1623 1187 1845 1243 Romani
1864 1187 2165 1242 servandam

568 1286 949 1342 commendasse
978 1284 1284 1357 gaudebant.
1332 1282 1376 1335 0
1406 1284 1620 1336 nimium
1651 1280 1995 1335 miserabilem
2023 1296 2165 1335 erro-

567 1379 709 1433 rem!
746 1375 885 1449 etc.]
934 1376 1126 1431 Irridet
1156 1389 1351 1445 nempe
1388 1374 1521 1429 deos
1557 1375 1645 1443 qui
1686 1388 1788 1428 nec
1816 1372 2014 1441 templa
2044 1386 2158 1439 sua,

570 1487 669 1527 nec
693 1481 895 1526 statuas
922 1484 1140 1524 servare
1169 1477 1475 1539 potuerant.
1522 1467 1667 1522 Idem
1705 1466 1829 1522 facit
1858 1466 2164 1521 Lactantius

569 1563 743 1618 Instit.
776 1562 953 1616 Divin.
983 1562 1075 1614 lib.
1110 1576 1171 1627 ιι,
1199 1575 1319 1629 cap.
1347 1561 1382 1614 4
1410 1570 1464 1614 et
1490 1559 1637 1612 alibi.
1666 1558 1810 1612 Idem
1840 1572 2052 1628 quoque
2072 1556 2165 1611 alii

568 1666 780 1710 veteres
803 1651 1127 1717 Christiani;
1152 1650 1270 1716 sed,
1289 1650 1393 1704 nisi
1418 1648 1599 1712 fallor,
1631 1648 2019 1728 imprudenter,
2043 1650 2187 1709 cum,

566 1747 756 1802 similia
785 1746 1121 1815 aliquatenus
1159 1743 1361 1800 ludatis
1408 1741 1566 1811 objici
1596 1750 1837 1811 possent,
1870 1741 1961 1812 qui
1987 1750 2165 1796 tamen

565 1853 755 1893 verum
798 1837 1047 1891 colebant
1076 1834 1266 1889 Deum.
1319 1832 1412 1889 Sic
1452 1842 1505 1886 et
1548 1832 1682 1887 alias
1712 1830 1960 1887 fecerunt
1986 1832 2166 1913 minus
2194 1842 2243 1905 Β
2272 1846 2568 1908 martyrum
2600 1838 2805 1894 'I‘heod.
2839 1839 3150 1907 Ruinartus,
3178 1842 3267 1896 ubi
3298 1844 3452 1897 etiam
3482 1846 3688 1913 quedam
3712 1850 3767 1902 In.

563 1930 858 2003 prudentes
899 1928 1225 1993 Christiani,
1268 1925 1499 1981 ethnicis
1539 1925 1857 1995 objicientes
1884 1910 2164 1996 quaeipsis

564 2026 633 2080 ab
661 2025 891 2081 ethnicis
918 2024 1129 2092 objecta
1159 2020 1409 2089 fuerant,
1438 2030 1499 2074 ut
1530 2020 1630 2074 viri
1655 2020 1797 2074 docti
1826 2020 2164 2075 animadver-

565 2127 763 2176 terunt.
817 2118 887 2172 At
937 2116 983 2171 si
1026 2114 1399 2185 prudentiores
1445 2114 1707 2181 fuissent,
1754 2114 1819 2167 iis
1858 2114 2035 2167 armis
2064 2128 2162 2184 pro

564 2215 825 2286 religione
853 2213 1153 2269 Christiana
1180 2210 1441 2266 utendum
1466 2210 1566 2264 l'uit
1596 2224 1715 2279 qua:
1743 2208 1862 2263 usui
1891 2223 2163 2278 nunquam

564 2310 799 2365 ethnicis
828 2307 1055 2362 fuissent
1083 2312 1176 2358 aut
1204 2317 1324 2359 esse
1353 2310 1609 2373 possent,
1639 2316 1760 2356 cum
1785 2300 2001 2355 veritati
2028 2300 2161 2355 nihil

563 2416 853 2459 commune
870 2401 939 2455 sit
967 2414 1085 2455 cum
1115 2397 1420 2453 mendacio.
1447 2396 1643 2451 Verum
1671 2394 1939 2461 rhetores,
1964 2395 2160 2450 verisi-

561 2497 768 2551 milium
798 2508 953 2565 aequo
989 2493 1261 2549 avidiores
1300 2498 1639 2561 captatores,
1678 2490 1805 2544 talia
1836 2489 2037 2545 monita
2064 2504 2160 2544 ne~

560 2604 823 2661 quaquam
852 2586 1220 2643 attendebant.

630 2682 761 2752 Cap.
787 2684 839 2739 5.
876 2681 1038 2749 Quem
1067 2696 1258 2735 morem
1286 2678 1439 2734 etiam
1466 2677 1639 2733 Cwsar
1664 2676 1819 2752 (sicut
1844 2676 2017 2731 scribit
2038 2676 2161 2733 Sal-

559 2776 742 2830 lustius
767 2815 783 2841 ,
828 2773 1091 2828 nobilitate
1128 2771 1356 2826 veritatis
1405 2767 1701 2837 historicus)
1757 2768 2005 2821 sententia
2042 2784 2155 2833 sua,

559 2884 715 2940 quam
734 2866 798 2921 de
826 2866 1111 2940 conjuratis
1132 2866 1184 2918 in
1210 2873 1391 2918 senatu
1412 2862 1607 2929 habuit,
1639 2876 2037 2915 commemorare
2056 2877 2159 2914 non

557 2956 953 3032 prwtermittit.]
987 2956 1285 3012 Credebam
1315 2956 1462 3010 illico
1482 2996 1497 3021 ,
1528 2968 1650 3009 cum
1680 2956 1794 3008 haec
1823 2953 2054 3025 primum
2080 2952 2157 3007 le-

558 3069 761 3125 gerem,
790 3052 876 3107 hic
896 3050 1183 3120 legendum
1213 3049 1532 3113 nobilitatus,
1558 3047 1653 3102 sed
1680 3047 1920 3117 inspecta
1944 3045 2157 3101 Erasmi

556 3146 795 3201 editione
816 3185 832 3210 ,
865 3143 978 3197 vidi
1008 3141 1260 3199 mendum
1290 3140 1395 3196 hoc
1420 3154 1541 3196 esse
1568 3139 2011 3211 typographicum
2032 3180 2046 3205 ,
2078 3138 2157 3194 Ie-

2269 540 2584 596 fervidiores
2632 551 2896 614 martyres
2938 542 3121 611 jacere
3168 558 3394 613 possent.
3440 550 3534 607 Sed
3576 557 3745 631 iniquior

2265 631 2365 727 fuit
2392 632 2624 727 ethnicis
2648 635 2916 727 omnibus,
2942 645 3062 705 post
3089 643 3465 697 controversias
3483 645 3744 727 Pelagianas;

2269 722 2390 791 quia
2438 724 2569 778 nihil
2618 726 2736 781 sine
2780 727 2971 796 gratia,
3006 727 3109 783 hoc
3154 740 3235 785 est
3263 732 3433 788 afflatu
3457 737 3611 796 divino
3632 722 3749 806 inusi.

2267 822 2377 869 tato
2403 857 2417 881 ,
2450 815 2648 871 bonum
2698 830 2817 873 esse
2845 818 3090 887 dicebat,
3140 822 3446 895 nolebatque
3473 843 3576 885 eam
3597 842 3750 905 gratiam

2266 908 2495 964 ethnicis
2525 910 2706 965 tribui.

2336 998 2465 1071 Cap.
2495 1001 2585 1056 26.
2631 1001 2879 1070 Quendam
2902 1013 3092 1060 sancta:
3119 1007 3338 1076 femina,
3367 1017 3569 1082 tempore
3589 1036 3757 1088 persecu-

2267 1096 2421 1151 tionis
2445 1136 2460 1159 ,
2493 1106 2547 1149 ut
2574 1096 2897 1152 insectatores
2924 1115 3032 1153 sua:
3072 1100 3331 1169 pudicitia:
3368 1107 3613 1163 devitarcnt
3634 1114 3677 1165 in
3707 1133 3760 1169 ra-

2266 1195 2473 1257 pturum
2502 1197 2650 1257 atque
2678 1196 2973 1243 necaturum
2996 1208 3050 1245 se
3073 1194 3287 1261 [luvium
3322 1200 3631 1267 proiecerunt,
3658 1220 3762 1272 eoque

2265 1277 2417 1332 modo
2454 1279 2711 1352 defuncta:
2738 1289 2879 1347 sunt,
2911 1299 3187 1355 earumque
3228 1289 3464 1355 martyria
3500 1289 3545 1341 in
3578 1294 3763 1349 catholica

2268 1367 2503 1425 Ecclesia
2523 1374 2842 1427 ueneratione
2868 1376 3192 1431 celeberrima
3233 1378 3637 1456 frequentatum]
3658 1385 3765 1443 Tales

2267 1460 2549 1517 Domninae
2596 1464 2719 1518 filia:
2760 1464 2983 1520 Bernicc
3033 1475 3085 1521 et
3114 1467 3399 1537 Prosdnce,
3432 1487 3630 1541 quarum
3666 1489 3765 1531 nata-

2266 1552 2375 1609 lem
2408 1556 2686 1611 celebrant
2715 1556 2888 1613 Grzeci
2919 1560 3006 1615 die
3032 1562 3064 1615 4
3093 1560 3338 1616 Octobris
3367 1573 3417 1618 et
3444 1565 3505 1619 de
3533 1568 3690 1636 quibus
3709 1586 3765 1624 ex-

2268 1657 2376 1703 stat
2405 1650 2625 1720 elegans
2655 1650 2873 1706 homilia
2895 1653 3120 1709 Joannis
3142 1654 3503 1726 Chrysostomi
3527 1663 3637 1715 tomi
3661 1664 3765 1731 primi

2269 1741 2360 1817 5i.
2411 1744 2541 1797 Eam
2592 1745 2781 1801 Latine
2827 1747 3052 1801 inseruit
3096 1752 3244 1803 Actis
3282 1750 3497 1806 sinceris
3537 1763 3585 1808 et
3620 1758 3766 1811 selectis

2266 1928 2377 1993 bet,
2409 1931 2549 1985 hanc
2576 1930 2629 1985 in
2658 1946 2793 1999 rem,
2827 1932 2879 1987 in
2912 1932 3129 2003 praefixa
3160 1934 3538 2005 admonitione,
3564 1936 3681 1992 lectu
3703 1953 3769 1992 non

2265 2024 2500 2095 indigna.

2334 2117 2468 2173 Ibid.
2500 2116 2580 2172 De
2623 2119 2702 2173 his
2744 2118 2877 2173 nihil
2923 2128 3107 2175 temere
3148 2122 3316 2178 audeo
3357 2125 3601 2199 judicare.
3645 2125 3773 2180 Utrum

2265 2208 2401 2262 enim
2424 2207 2669 2264 Ecclesia:
2698 2212 2953 2281 aliquibus
2982 2213 3084 2281 ﬁde
3112 2213 3283 2285 dignis
3310 2216 3721 2286 testiﬁcationibus,
3741 2226 3774 2270 ut

2264 2319 2441 2357 earum
2462 2306 2757 2359 memoriam
2784 2307 2857 2359 sic
2886 2306 3122 2370 hanoret,
3154 2309 3327 2362 divina
3348 2312 3631 2381 persuaserit
3654 2321 3777 2363 aucto-

2264 2396 2391 2449 ritas
2420 2394 2638 2469 nescio.]
2667 2397 2832 2452 Multo
2860 2399 3172 2455 credibilius
3202 2409 3287 2456 est
3318 2416 3344 2453 a
3376 2402 3557 2456 vicinis
3592 2402 3778 2457 Ecclesiis

2263 2487 2495 2557 primum
2538 2502 2630 2543 eas
2662 2490 2901 2559 virgines
2947 2491 3003 2545 in
3030 2492 3273 2548 ordinem
3306 2503 3587 2565 martyrum
3612 2494 3778 2557 relatas;

2264 2582 2407 2650 quod
2439 2582 2543 2636 hoc
2564 2624 2579 2649 ,
2623 2584 2879 2653 quidquid
2912 2583 3011 2639 fuit
3054 2587 3263 2656 peccati
3294 2628 3311 2651 ,
3345 2588 3475 2642 satis
3503 2588 3677 2642 elutum
3701 2600 3778 2640 esse

2264 2684 2587 2742 censerent,
2618 2677 2800 2732 animo
2828 2694 2934 2749 quo
2965 2679 3018 2734 in
3054 2680 3105 2734 id
3155 2681 3485 2750 inciderant,
3519 2681 3611 2737 hoc
3635 2693 3698 2736 est
3727 2682 3779 2735 in-

2264 2774 2540 2822 temerata:
2585 2770 2848 2825 castitatis
2893 2780 2948 2827 et
2990 2772 3265 2841 religionis
3300 2774 3607 2830 Christiana:
3631 2788 3771 2829 amore

2262 2857 2403 2914 Sane
2427 2862 2593 2915 multa
2639 2860 2946 2931 laudantur,
2982 2865 3034 2918 in
3062 2865 3258 2935 quibus
3286 2874 3468 2921 tantus
3507 2866 3685 2920 animus
3706 2873 3776 2911 non

2262 2952 2519 3018 emicuit,
2569 2962 2797 3024 quantus
2838 2955 2895 3010 in
2941 2956 3007 3011 iis
3051 2973 3170 3028 quae
3216 2959 3559 3014 excusatione
3586 2951 3775 3020 indigent.

2262 3044 2625 3112 Quamobrem
2666 3047 2721 3103 id
2750 3064 2936 3104 earum
2968 3051 3166 3106 factum
3202 3052 3428 3108 laudare
3457 3064 3559 3107 non
3585 3042 3777 3101 dubitarit

2260 3136 2681 3210 Chrysostomus
2708 3156 3012 3214 novumque
3040 3154 3095 3200 et
3122 3145 3436 3199 inusitatum
3465 3138 3698 3209 baptisma
3719 3150 3777 3189 ro-

556 3238 898 3311 gendumque
926 3236 1249 3302 nobilitatw,
1279 3233 1385 3289 hoc
1405 3242 1488 3288 est
1513 3275 1527 3301 ,
1575 3233 1858 3289 celebratae
1886 3232 2150 3288 veritatis.
2181 3231 2227 3293 C
2260 3245 2405 3288 care.
2454 3233 2584 3299 Quae
2628 3235 2681 3290 in
2740 3236 2979 3292 Ecclesia
3016 3238 3419 3293 constituuntur
3464 3249 3601 3307 saepe
3641 3230 3780 3288 sensim
3870 3230 3871 3259 π

555 3334 855 3390 Observant
883 3340 1062 3387 autem
1104 3330 1192 3385 hic
1218 3326 1591 3394 Benedictini,
1638 3326 1692 3381 in
1737 3326 1987 3382 omnibus
2017 3342 2150 3382 mss.

554 3425 657 3496 legi
686 3439 791 3479 non
824 3422 1017 3489 Cwsar,
1047 3422 1142 3478 sed
1165 3421 1309 3487 Cato,
1331 3436 1516 3476 verum
1542 3420 1665 3491 quia
1695 3419 1855 3474 verba
1880 3434 1997 3489 quae
2028 3434 2154 3488 pro-

554 3517 661 3573 fert
690 3525 877 3588 postea
908 3516 1238 3587 Augustinus
1268 3522 1395 3569 sunt
1434 3514 1491 3568 in
1519 3512 1760 3567 oratione
1797 3510 2015 3565 Ctesaris
2045 3524 2155 3566 non

555 3610 791 3676 Catonis,
823 3625 853 3664 a
878 3610 1077 3666 criticis
1106 3617 1370 3665 mutatum
1403 3621 1523 3662 esse
1549 3620 1767 3660 nomen.
1802 3606 2155 3675 SuSpicantur

554 3703 655 3773 ipsi
687 3702 927 3772 potuisse
959 3702 1073 3757 fieri
1103 3710 1163 3756 ut
1193 3699 1521 3769 Augustinus
1552 3698 1811 3753 memoria
1844 3698 2025 3766 lapsus
2057 3696 2150 3752 sit.

554 3793 622 3851 Iis
652 3810 718 3851 eo
749 3796 1003 3851 libentius
1026 3794 1384 3860 assentimur,
1423 3793 1564 3863 quod
1589 3791 1732 3846 aliud
1775 3806 1939 3861 agens
1969 3791 2153 3862 Augu-

554 3888 729 3942 stinus
749 3928 766 3954 ,
796 3896 854 3941 ut
883 3888 941 3941 fit
960 3927 975 3955 ,
1008 3887 1304 3957 vidensque
1334 3885 1451 3939 haec
1475 3883 1639 3939 verba
1669 3885 1839 3953 magis
1865 3882 2055 3939 fecisse
2084 3883 2151 3937 ad

554 3994 775 4049 scopum
806 3979 1065 4033 orationis
1104 3976 1314 4031 Catonis
1354 3990 1512 4045 quam
1543 3973 1761 4030 Ctesaris
1780 4015 1794 4040 ,
1825 3989 1889 4029 ea
1916 3974 2154 4043 potuerit

556 4080 835 4144 propterea
864 4071 1046 4127 Catoni
1068 4070 1325 4126 tribuere.
1352 4069 1507 4138 Saepe
1533 4068 1712 4150 animo
1738 4068 1791 4124 in
1819 4083 1935 4124 rem
1960 4082 2150 4138 quam-

555 4164 694 4234 piam
719 4164 861 4219 serio
888 4164 1115 4229 intento,
1136 4161 1396 4218 memoria
1426 4160 1602 4216 minus
1631 4160 1734 4215 fida
1762 4170 1865 4215 est.

623 4255 753 4325 Cap.
782 4254 835 4311 9.
884 4255 1007 4310 Sua:
1033 4255 1186 4322 fama:
1225 4270 1286 4307 ac
1314 4253 1471 4307 saluti
1501 4254 1837 4315 consulentes,
1869 4251 1993 4305 dum
2021 4250 2154 4305 iusi-

554 4348 666 4404 dias
691 4358 843 4421 atque
871 4350 1085 4420 impetus
1128 4348 1384 4401 malorum
1431 4344 1671 4417 timent.]
1704 4344 1913 4400 Dudum
1963 4344 2149 4401 obser-

554 4450 772 4497 vaverat
797 4440 952 4496 Joan.
986 4438 1138 4494 Frid.
1172 4438 1506 4504 Gronovius,
1542 4436 1826 4491 Observat.
1866 4436 1921 4491 in
1958 4439 2143 4508 script.

553 4533 975 4600 ecclesiasticos,
1005 4546 1125 4602 cap.
1162 4530 1252 4597 I7,
1282 4530 1335 4583 in
1363 4543 1496 4583 mss.
1530 4529 1720 4584 deesse
1747 4543 1935 4585 vocem
1963 4545 2149 4584 consu-

2260 3334 2317 3382 et
2360 3328 2480 3384 sine
2510 3337 2716 3384 matura
2764 3331 2868 3386 ulla
2901 3332 3291 3387 deliberatione
3334 3331 3389 3385 in
3418 3344 3533 3386 eam
3578 3328 3779 3394 irrepunl;

2259 3419 2501 3488 quinimo
2548 3429 2602 3474 et
2648 3421 2705 3475 in
2755 3422 2883 3492 ipsis
2927 3424 3212 3490 conciliis,
3243 3422 3338 3479 ubi
3385 3419 3638 3491 suffragiis
3660 3416 3777 3471 omnia
3870 3434 3871 3492 ξ

2258 3512 2709 3583 decernebantur,
2757 3532 2865 3573 non
2897 3520 3168 3575 doctiores
3188 3561 3203 3583 ,
3234 3520 3326 3588 qui
3356 3519 3511 3590 pauci
3541 3524 3706 3580 erant,
3728 3508 3781 3564 sed
3870 3520 3871 3590 ξ

2258 3607 2463 3675 plures,
2498 3608 2599 3665 hoe
2643 3620 2725 3666 est
2774 3611 3102 3669 induetiores
3132 3622 3224 3667 aut
3253 3623 3407 3668 certe
3450 3610 3730 3667 auctoritate
3749 3616 3785 3654 ac

2256 3700 2471 3756 dicendi
2502 3703 2757 3760 facultate
2784 3708 3093 3777 superiores
3138 3708 3537 3772 audiebantur,
3577 3713 3631 3758 ut
3656 3708 3786 3756 omnes

2257 3804 2474 3861 norunt,
2508 3811 2607 3852 nec
2640 3797 2919 3867 ignorabat
2948 3799 3066 3870 ipse
3095 3800 3452 3872 Augustinus.

2326 3889 2493 3944 LIBRO
2533 3906 2593 3945 ιι.
2626 3891 2752 3961 Cap.
2794 3892 2849 3947 5.
2889 3891 3147 3946 Memento
3176 3902 3346 3942 autem
3395 3903 3474 3941 me
3503 3886 3596 3941 ista
3622 3895 3787 3936 commc-

2254 3992 2539 4037 morantem
2581 3984 2750 4037 adhuc
2790 3991 2970 4037 contra
3017 3982 3283 4051 imperitos
3329 3997 3519 4052 agere,
3550 3994 3609 4032 ex
3630 3986 3788 4046 quorum

2254 4076 2512 4145 imperitia
2544 4075 2676 4130 illud
2718 4091 2918 4146 quoque
2946 4083 3117 4128 ortum
3145 4084 3219 4129 est
3251 4072 3469 4145 vulgare
3495 4070 3789 4145 proverbium:

2253 4164 2442 4221 Pluvia
2482 4167 2642 4234 defit,
2689 4181 2848 4222 causa
2878 4166 3193 4222 Christiani.
3227 4166 3367 4222 Sunt
3407 4181 3618 4233 namque
3641 4162 3789 4234 quieo-
3870 4162 3871 4219 l

2252 4275 2372 4313 rum
2406 4260 2591 4313 studiis
2622 4258 2913 4314 liberalibus
2940 4260 3157 4313 instituti
3184 4268 3363 4313 amant
3394 4259 3654 4314 historiast:
3674 4295 3687 4321 ,
3720 4266 3788 4321 qua

2255 4350 2501 4416 facillime
2548 4351 2645 4405 ista
2693 4358 2986 4415 noverunt;
3041 4350 3131 4405 sed
3182 4359 3237 4403 ut
3288 4351 3435 4405 nobis
3480 4348 3788 4404 ineruditorum

2254 4442 2429 4497 turbas
2473 4444 2835 4514 infestissimas
2876 4444 3137 4511 reddant,
3180 4461 3234 4498 se
3291 4460 3442 4498 nosse
3488 4434 3785 4496 dissimulem,

2253 4532 2381 4606 etc.]
2407 4533 2649 4600 Norant,
2682 4550 2876 4605 nempe
2900 4577 2916 4603 ,
2947 4535 3089 4600 quod
3128 4543 3285 4589 antea
3318 4535 3454 4589 dixit
3496 4518 3784 4591 Αυὸυείίηυεν

554 4626 739 4689 lentes,
781 4624 1025 4693 adeoque
1076 4622 1382 4677 delendam.
1428 4620 1518 4676 Sic
1548 4619 1691 4675 enim
1736 4635 1879 4691 saepe
1908 4620 2145 4690 loquitur
2172 4608 2229 4671 D
2254 4642 2361 4677 nnn
2388 4629 2566 4673 minus
2594 4635 2718 4675 allle
2746 4621 3050 4678 Christiana
3082 4632 3323 4697 tempora
3350 4659 3363 4683 .
3395 4632 3555 4688 quam
3587 4614 3790 4678 deinceps

552 4719 879 4790 Augustinus
903 4758 917 4783 ,
963 4726 1024 4771 ut
1070 4714 1208 4769 infra
1238 4729 1357 4784 cap.
1388 4714 1457 4768 50
1484 4730 1496 4767 :
1528 4709 1693 4766 Istam
1735 4708 1872 4762 vobis
1917 4718 2141 4761 metuens

552 4810 925 4873 calamitatem;
966 4815 1018 4862 et
1042 4821 1161 4876 cap.
1189 4805 1259 4861 52
1282 4823 1295 4859 :
1325 4803 1478 4859 Hanc
1502 4801 1768 4873 probitatis
1792 4809 1839 4853 et
1870 4795 2144 4852 honestatis

551 4903 859 4958 eversionem
878 4900 1017 4953 vobis
1032 4899 1208 4969 Scipio
1228 4898 1315 4951 ille
1339 4895 1610 4950 metuebat.
1636 4894 1785 4948 lianc
1806 4890 2145 4948 animadver-

550 4996 759 5050 sionem
784 4992 983 5064 judicio
1009 5005 1106 5045 suo
1128 4988 1520 5045 confirmarunt
1540 4985 1776 5041 editores
1788 4983 2140 5040 Parisienses.

621 5084 753 5155 Cap.
802 5083 893 5139 I7.
934 5085 1008 5137 Ac
1037 5099 1127 5152 per
1168 5081 1263 5135 hoc
1312 5090 1359 5134 et
1402 5095 1513 5149 qua:
1557 5095 1611 5133 se
1652 5076 1945 5131 occiderunt
1975 5075 2145 5146 (san-

551 5177 887 5235 ctimoniales
917 5190 985 5232 ne
1011 5176 1330 5230 vitiarentur
1358 5188 1388 5227 a
1420 5170 1720 5242 militibus)
1763 5186 1825 5224 ne
1867 5169 2147 5240 quidquam

553 5271 846 5343 hujusmodi
889 5279 1200 5341 paterentur,
1249 5266 1362 5337 quis
1408 5265 1664 5319 humanus
1710 5261 1994 5329 a/fectusei
2019 5260 2149 5314 nolit

466 5394 471 5401 -
552 5361 814 5435 ignosci?]
847 5360 957 5416 Hac
996 5361 1064 5417 de
1108 5376 1167 5415 re
1216 5358 1397 5414 multis
1427 5358 1538 5429 agit
1566 5357 1621 5414 in
1651 5352 2024 5425 sequentibus,
2056 5351 2147 5407 ubi

551 5456 743 5511 merito
787 5462 841 5510 et
897 5453 1066 5507 firmis
1108 5450 1405 5505 rationibus
1463 5452 1803 5524 αὐτοχειρίαν
1850 5452 2140 5515 oppugnat.

551 5549 657 5605 Sed
686 5548 831 5604 aliud
860 5556 944 5604 est
972 5546 1111 5603 velle
1141 5546 1346 5618 ignosci
1374 5545 1439 5599 iis
1464 5546 1555 5615 qui
1586 5546 1641 5599 in
1671 5552 1914 5599 extremo
1937 5554 2062 5596 casu
2086 5548 2142 5596 et

548 5642 725 5695 animo
773 5638 995 5711 periculi
1044 5639 1325 5694 atrocitate
1368 5636 1724 5708 perturbato,
1774 5634 1952 5689 simile
2008 5632 2139 5703 quid

551 5730 823 5795 fecerunt;
861 5734 1001 5790 aliud
1049 5732 1248 5788 factum
1294 5731 1543 5802 probare.
1594 5728 1803 5783 Vellem
1852 5736 2029 5782 tamen
2081 5733 2138 5780 ut

552 5822 809 5878 Lucretiae
834 5830 889 5877 et
912 5819 1101 5878 Catoni
1128 5825 1331 5885 aequior
1357 5831 1540 5878 noster
1568 5821 1780 5887 fuisset,
1808 5836 1929 5876 cum
1956 5818 2135 5875 decla-

2249 4707 2519 4765 siccitates
2563 4710 2805 4783 aliasque
2842 4713 2895 4771 id
2936 4726 3103 4776 genus
3143 4709 3482 4764 calamitates
3533 4704 3787 4773 contigisse.

2249 4799 2420 4855 Nemo
2443 4800 2711 4871 copiosius
2732 4798 3095 4867 objectionem
3128 4799 3330 4855 hancce
3374 4800 3606 4868 diduxit,
3637 4807 3685 4853 et
3708 4794 3790 4865 plu-

2249 4891 2399 4948 ribus
2430 4890 2729 4946 confutavit
2755 4907 2913 4961 quam
2946 4892 3211 4947 Arnobius
3243 4894 3339 4948 lib.
3370 4905 3593 4950 rcontra
3619 4892 3790 4947 Gentes.

2250 4984 2395 5040 Inter
2437 4983 2678 5038 eruditos
2723 4982 2845 5037 illos
2889 4999 3022 5054 quos
3068 4994 3331 5039 memorat
3361 4987 3793 5057 Augustinus,ac-
3870 5020 3871 5029 χ

2257 5074 2557 5131 censendus
2587 5075 2682 5129 fuit
2726 5074 3078 5146 Symmachus
3120 5076 3208 5133 ille
3240 5077 3371 5133 Urbi
3415 5076 3705 5148 praefectus,
3731 5069 3794 5139 qui

2255 5168 2382 5222 talia
2432 5165 2595 5221 habet
2637 5166 2693 5219 in
2741 5166 2998 5221 relatione
3040 5168 3216 5223 oblata
3248 5169 3647 5235 Valentiniano,
3692 5174 3796 5218 anno
3870 5206 3871 5209 η

2255 5262 2394 5330 584,
2427 5276 2583 5331 quam
2627 5261 2921 5317 cOnfutavit
2950 5263 3285 5318 Ambrosius.
3329 5263 3467 5319 Vide
3498 5244 3647 5318 num.
3680 5256 3733 5311 ll
3758 5254 3795 5305 in

2253 5354 2491 5409 editione
2529 5353 2906 5410 Ambrosiana.
2940 5354 3020 5409 Ad
3057 5371 3175 5409 eam
3205 5356 3530 5411 calumniam
3558 5349 3795 5408 confutan-

2256 5446 2400 5511 dam,
2430 5454 2616 5516 rogatu
2644 5446 2951 5516 Augustini,
2977 5447 3257 5502 historiam
3288 5449 3531 5505 scribere
3560 5450 3796 5517 aggressus

2252 5550 2333 5596 est
2360 5540 2553 5597 Paulus
2581 5542 2824 5609 Orosius,
2846 5552 2903 5597 ut
2932 5544 2984 5597 in
3014 5543 3325 5613 prmfatione
3349 5544 3469 5613 ipsa
3501 5540 3566 5596 ad
3590 5531 3795 5606 Augusti-

2247 5647 2375 5687 num
2408 5643 2655 5693 testatur.

2316 5725 2448 5799 Cap.
2497 5730 2547 5782 7.
2602 5728 2886 5801 Postquam
2928 5730 3270 5801 exprobravit
3312 5730 3447 5779 deos
3502 5718 3795 5777 ethnicorum

2246 5818 2393 5875 nulla
2430 5819 2645 5876 virtutis
2672 5832 2943 5885 praecepta
2970 5817 3269 5881 cultoribus
3297 5816 3410 5883 suis
3438 5812 3791 5886 suppeditasse.
