3974 6356
182 434 275 492 461

839 433 1190 492 VARIORUM
1223 433 1834 494 EXERCITATIONES
1872 433 1938 491 IN
1978 433 2032 491 S.
2078 432 2451 494 AUGUSTINI
2487 422 2739 495 OPEBA.

3248 480 3253 485 .
3331 431 3439 490 ιω

177 551 243 607 ita
268 551 430 622 pergit
465 569 481 605 :
515 553 594 608 An
620 551 761 607 nobis
804 552 937 623 forte
973 550 1395 622 philosophorum
1419 550 1620 605 scholas
1661 552 1747 605 di-
1773 558 1827 616 Α
1852 551 2089 607 latrones
2113 592 2129 617 ,
2176 551 2279 607 sibi
2325 553 2555 608 invicem
2594 552 2741 607 domi
2771 550 3039 616 inimicos,
3072 564 3171 605 nec
3201 566 3440 621 unquam

177 650 572 721 sputationesgue
600 649 1006 705 memorabunt?.
1028 689 1043 704 .
1068 689 1083 701 .
1105 688 1119 703 .
1142 687 1155 702 .
1174 688 1189 703 .
1224 648 1349 703 Non
1377 650 1589 703 deorum
1614 665 1745 717 prte-

175 750 310 811 cepta
331 756 468 811 sunt,
508 747 595 800 sed
621 746 884 803 hominum
912 745 1148 809 inventa,
1188 744 1277 813 qui
1300 753 1556 814 utcunque
1583 743 1751 797 conati

174 844 283 888 sunt
308 875 325 901 ,
361 838 574 909 ingeniis
603 838 908 895 acutissimis
955 838 1189 905 praediti,
1220 836 1579 891 ratiocinando
1598 835 1754 890 vesti-

174 943 289 994 gare
328 929 450 996 quid
491 930 544 989 in
575 945 745 983 rerum
767 937 955 985 natura
982 928 1248 993 latitaret,
1277 929 1400 998 quid
1427 928 1482 982 in
1526 928 1753 982 moribus

172 1020 502 1087 appetendum
525 1028 689 1087 esset,
716 1021 840 1091 quid
867 1020 1202 1090 fugiendum,
1230 1018 1362 1090 etc.]
1384 1019 1670 1084 Nimirum,
1699 1018 1756 1076 id

172 1110 311 1178 quod
362 1111 676 1181 religionem
734 1112 997 1171 vocabant
1046 1111 1246 1165 ethnici
1307 1119 1423 1165 erat
1473 1109 1758 1180 disciplina

171 1201 407 1271 quaedam
452 1203 829 1273 superstitiosa
867 1203 933 1261 de
969 1202 1164 1260 ritibus
1206 1208 1527 1269 sacrorum,
1559 1203 1759 1273 quibus

170 1294 295 1349 deos
330 1296 526 1364 placari
555 1296 846 1367 putabant,
877 1311 1047 1365 eaque
1078 1310 1110 1348 a
1138 1295 1511 1353 sacerdotibus
1541 1304 1596 1350 et
1623 1310 1758 1364 pun.

172 1386 394 1441 tiﬁcibus
436 1386 729 1453 discenda,
786 1402 890 1441 non
929 1402 959 1441 a
1004 1386 1359 1455 philosophis.
1398 1386 1468 1441 At
1510 1386 1755 1456 quisquis

180 1479 310 1534 scire
338 1480 588 1549 cupiebat
613 1480 742 1551 quid
769 1478 837 1535 de
865 1479 1096 1539 Numine
1121 1479 1460 1535 sentiendum
1488 1519 1503 1545 ,
1534 1489 1589 1534 et
1613 1493 1751 1549 quo-

175 1573 325 1629 modo
355 1588 538 1629 mores
582 1574 937 1644 instituendi,
987 1588 1110 1631 eum
1155 1573 1223 1629 ad
1248 1572 1602 1643 philosophos
1627 1587 1757 1627 con.

170 1664 307 1721 ferre
343 1680 405 1723 se
438 1666 745 1735 oportebat.
768 1665 1067 1723 Audiamus
1111 1664 1212 1723 hac
1250 1668 1316 1721 de
1354 1681 1413 1723 re
1443 1664 1755 1720 Latinorum

167 1755 381 1811 Patrum
426 1757 837 1819 disertissimum
890 1757 1225 1817 Lactantium
1252 1796 1266 1820 ,
1317 1756 1410 1813 lib.
1448 1772 1520 1821 tv,
1558 1771 1678 1826 cap.
1721 1756 1757 1812 5

165 1847 566 1905 Institutionum
618 1848 922 1903 divinarum
948 1888 963 1914 ,
1011 1864 1118 1917 quo
1147 1848 1200 1903 in
1232 1846 1371 1901 libro
1396 1848 1505 1917 agit
1530 1848 1598 1902 de
1628 1861 1756 1907 vera

1854 644 2273 709 consentientes,
2301 644 2402 697 nisi
2428 645 2494 697 ad
2527 644 2859 698 infestandos
2886 643 3183 698 latrociniis
3208 644 3437 698 vicinos.

1853 738 2006 806 Quod
2035 739 2081 795 si
2108 738 2347 794 nondum
2374 738 2585 795 deliciis
2612 737 2766 793 fracti
2791 746 2989 802 essent,
3022 739 3144 807 quia
3177 752 3442 807 pauperes

1854 833 2148 885 etiamnum
2198 839 2392 895 erant,
2439 841 2720 899 propterea
2769 832 3021 886 meliores
3070 830 3309 891 habendi
3334 847 3445 888 non

1854 923 2071 979 fuerunt
2106 938 2264 993 quam
2296 923 2387 977 ubi
2416 923 2782 993 sumptuosius
2806 933 2864 980 et
2903 924 3188 981 delicatius
3220 940 3447 994 peccare

1855 1027 2149 1085 cmperunt.
2182 1015 2312 1083 Quis
2356 1017 2500 1071 enim
2550 1016 2718 1085 pluris
2766 1015 2925 1071 faciat
2960 1017 3245 1072 barbaram
3294 1018 3447 1075 duri-

1855 1111 1980 1165 tiem
2013 1108 2337 1181 Scytharum
2359 1151 2375 1175 ,
2422 1124 2557 1181 quos
2604 1110 2763 1167 hodie
2794 1111 3044 1167 Moschus
3071 1119 3165 1165 aut
3192 1111 3451 1169 Tartarus

1854 1219 2152 1270 vocamus,
2204 1220 2359 1274 quam
2390 1204 2814 1261 meridianarum
2861 1204 3099 1273 gentium
3140 1204 3451 1260 molliorem.

1857 1296 2189 1365 nequitiam?
2233 1296 2427 1353 Fateor
2467 1310 2765 1364 pauperem,
2791 1295 2936 1351 illam
2967 1296 3273 1352 barbariem
3303 1297 3446 1352 bello

1856 1395 1912 1442 et
1940 1387 2318 1457 propulsandis
2348 1388 2591 1444 hostibus
2620 1388 2899 1444 meliorem
2947 1402 3100 1453 esse;
3140 1387 3236 1443 sed
3265 1404 3331 1442 an
3363 1396 3449 1445 est

1857 1479 2071 1545 melior,
2112 1480 2180 1534 ad
2227 1494 2407 1535 mores
2453 1480 2597 1550 quod
2647 1480 2878 1550 attinet,
2923 1480 3026 1537 boc
3066 1490 3185 1546 est,
3229 1481 3447 1550 justior,

1860 1574 2262 1643 temperantior,
2291 1575 2641 1644 prudentior?
2678 1575 2797 1630 Non
2837 1583 2986 1645 puto.
3028 1574 3327 1645 Utrobique
3366 1583 3453 1631 est

1858 1666 2137 1721 barbaries
2164 1676 2219 1722 et
2261 1666 2568 1721 immanitas
2592 1706 2607 1733 ,
2639 1667 2755 1721 sive
2799 1667 2870 1720 sit
2895 1681 3016 1721 cum
3038 1666 3284 1732 ‘deliciis,
3334 1666 3453 1722 sive

1860 1774 1980 1814 cum
2012 1761 2326 1828 pauperiore
2355 1761 2501 1815 cultu
2532 1775 2595 1814 ac
2621 1759 2765 1815 victu
2794 1760 3101 1827 conjuncta.
3136 1758 3240 1813 Sed
3276 1760 3459 1819 solent

1864 1849 2107 1906 homines
2130 1892 2146 1916 ,
2194 1852 2448 1906 vitiorum
2493 1868 2605 1906 sua:
2643 1851 2814 1908 aetatis
2844 1852 3059 1917 pertaesi
3090 1860 3248 1921 atque
3282 1852 3454 1920 impa-

160 1941 423 2008 sapientia
461 1958 471 1989 :
516 1940 737 1995 Deorum
777 1940 966 2007 cultus,
997 1941 1209 2011 inquit,
1236 1956 1337 1994 non
1366 1940 1512 1994 habet
1549 1941 1755 2011 sapien-
1784 1935 1833 1997 B
1861 1943 2057 1998 tientes
2084 1984 2099 2007 ,
2127 1944 2485 2013 praesentibus
2511 1958 2730 2013 semper
2758 1944 3013 2012 praeferre
3042 1955 3280 2011 tempora
3310 1958 3459 2012 prae-

158 2034 314 2097 tiam;
353 2051 457 2089 non
482 2034 637 2089 modo
656 2037 781 2105 quia
800 2035 1027 2091 divinum
1046 2035 1239 2091 animal
1265 2034 1517 2093 hominem
1547 2036 1759 2089 terrenis

159 2125 531 2198 fragilibusque
579 2128 888 2194 substernit;
925 2129 1015 2182 sed
1056 2128 1175 2195 quia
1215 2127 1348 2181 nihil
1386 2128 1455 2183 ibi
1493 2128 1757 2182 disseritur

160 2220 296 2289 quod
340 2220 580 2290 proﬁciat
624 2221 691 2279 ad
722 2237 887 2276 mores
908 2220 1215 2279 excolendos
1244 2220 1496 2290 uitamque
1523 2220 1757 2289 forman-

159 2315 306 2377 dam,
357 2330 452 2368 nec
495 2313 642 2369 habet
688 2314 1065 2384 inquisitionem
1106 2314 1335 2384 aliquam
1378 2313 1640 2378 veritatis,
1668 2313 1758 2369 sed

161 2405 518 2459 tantummodo
547 2405 705 2461 ritum
727 2405 928 2465 colendi
951 2449 967 2474 ,
1017 2405 1105 2473 qui
1134 2420 1239 2457 non
1263 2404 1425 2474 officio
1451 2405 1633 2458 mentis
1669 2404 1759 2458 sed

161 2498 442 2552 ministerio
465 2499 693 2568 corporis
734 2507 956 2553 constat.
985 2497 1053 2551 Et
1078 2497 1194 2550 ideo
1224 2513 1327 2552 non
1357 2507 1428 2553 est
1457 2497 1549 2551 illa
1578 2497 1759 2567 religio

162 2607 272 2645 rem
288 2591 607 2661 judicanda,
630 2592 755 2661 quia
784 2590 941 2647 nullis
972 2592 1194 2662 justitia:
1236 2591 1533 2660 virtutisque
1565 2604 1757 2659 prazce-

163 2682 255 2749 ptis
283 2682 739 2755 crudit,eﬂicitque
764 2683 1023 2739 meliores.
1047 2680 1231 2750 Itaque
1259 2681 1606 2751 philosOphia,
1636 2683 1773 2751 quia

163 2791 326 2828 rerum
352 2775 689 2845 religionem,
727 2775 780 2829 id
808 2783 883 2828 est
914 2789 1165 2829 summam
1189 2773 1429 2845 pietatem
1454 2789 1556 2827 non
1584 2772 1756 2851 habet,

166 2881 255 2921 non
299 2876 374 2923 est
403 2882 522 2919 uera
561 2866 816 2935 sapientia
842 2905 857 2933 ,
886 2873 993 2921 etc.
1029 2864 1282 2929 Quoniam
1313 2863 1496 2933 igitur,
1526 2871 1582 2917 ut
1613 2863 1759 2939 dixi,

170 2953 487 3025 philosophia
516 2967 565 3010 e-t
593 2958 774 3028 religio
805 2958 1017 3019 deorum
1060 2956 1322 3023 disiuncta
1362 2965 1481 3011 sunt
1511 2953 1758 3026 longeque

168 3053 351 3098 secreta
372 3086 390 3112 ,
431 3050 475 3105 si
509 3048 713 3118 quidem
741 3048 832 3101 alii
875 3056 991 3102 sunt
1021 3051 1336 3118 professores
1374 3046 1642 3114 sapientia:
1668 3062 1758 3116 per

176 3150 287 3202 quos
314 3137 490 3204 utique
504 3140 573 3192 ad
601 3141 721 3195 deos
743 3156 843 3193 non
866 3140 1060 3204 aditur,
1092 3139 1183 3192 alii
1212 3139 1479 3207 religionis
1506 3141 1757 3195 antistites

187 3241 264 3291 per
293 3243 411 3296 quos
454 3244 634 3299 sapere
672 3247 776 3284 non
816 3230 1064 3295 discitur;
1111 3241 1324 3300 apparet
1366 3246 1455 3285 nec
1479 3230 1625 3284 illam
1650 3245 1757 3285 esse

1864 2036 2070 2090 terita:
2109 2036 2300 2105 quibus
2329 2037 2376 2091 si
2403 2036 2682 2098 vixissent,
2730 2035 2937 2090 similes
2983 2036 3228 2105 querelas
3273 2034 3453 2103 profu~

1861 2130 2065 2186 dissent
2088 2172 2101 2195 ,
2136 2138 2189 2185 et
2233 2131 2288 2184 in
2319 2129 2712 2198 antiquioribus
2742 2128 2954 2182 saeculis
2984 2127 3242 2196 majorem
3283 2128 3453 2181 virtu-

1862 2234 1970 2279 tem
1997 2238 2059 2278 ac
2090 2222 2401 2286 felicitatem
2434 2220 2828 2290 quaesivissent.
2862 2220 2988 2276 Hmc
3028 2219 3074 2274 si
3104 2220 3167 2273 ad
3213 2218 3459 2278 anitnum

1863 2315 2005 2371 serio
2034 2322 2381 2371 revocassent
2409 2313 2741 2369 recentiores
2761 2311 3010 2377 Romani,
3039 2326 3199 2366 nemo
3227 2312 3454 2373 dixisset

1861 2424 1979 2464 cum
2010 2409 2252 2465 iuvenali
2276 2418 2375 2462 sat.
2403 2408 2473 2461 5:

1955 2525 2153 2575 Felices
2170 2529 2673 2587 proavorum_atavos,
2694 2520 2958 2587 feliciaque
2983 2518 3062 2568 illa

1954 2583 2296 2647 S:t:cula,'qu:e
2321 2584 2561 2647 quondam
2583 2585 2673 2631 sub
2696 2584 2911 2647 regibus
2926 2591 3075 2644 atque
3094 2583 3301 2647 tribunis

1954 2644 2319 2698 Viderunt—uno
2338 2644 2624 2695 contentam
2654 2658 2856 2693 carcere
2882 2644 3108 2693 Romani

1933 2756 2063 2831 Cap.
2094 2754 2183 2809 25.
2226 2753 2347 2807 Jam
2377 2754 2566 2807 multos
2606 2760 2829 2806 moverat
2859 2753 2995 2821 quod
3036 2752 3183 2806 miles
3222 2755 3454 2823 quidam,

1863 2850 1985 2902 dum
2015 2848 2179 2900 occiso
2216 2848 2381 2918 spolia
2411 2844 2696 2900 detraheret
2721 2887 2735 2910 ,
2766 2848 2979 2913 fratrem
3003 2885 3019 2909 ,
3076 2845 3267 2898 nudato
3299 2848 3456 2900 cada.

1860 2956 1974 2995 vere
1999 2982 2014 3007 ,
2046 2940 2247 3012 agnovit
2272 2981 2290 3004 ,
2322 2955 2381 2992 ac
2409 2940 2683 2991 detestatus
2730 2936 2861 2990 bella
2891 2937 3057 2989 civilia
3084 2978 3098 3002 ,
3139 2938 3358 3007 seipsutn
3385 2940 3456 2993 ibi

1861 3038 2112 3107 perimens
2139 3035 2365 3105 fraterno
2397 3034 2599 3101 corpori
2629 3030 2917 3102 adjunxit.]
2952 3026 3182 3087 Exstant
3209 3034 3262 3087 in
3298 3034 3455 3089 Vete-

1862 3143 1981 3195 rum
2000 3128 2281 3182 Poetarum
2326 3141 2356 3181 a
2381 3124 2617 3195 Josepbo
2646 3123 2917 3191 Scaligero
2961 3124 3118 3179 editis
3142 3124 3455 3192 Catalectis,

1860 3200 2257 3292 elegantissima
2300 3217 2407 3272 duo
2437 3219 2819 3287 epigrammata
2857 3218 2911 3269 in
2944 3215 3187 3271 Mtevium
3225 3220 3313 3288 qui
3341 3220 3456 3290 fra-

188 3332 329 3372 uram
372 3321 714 3391 sapientiam,
764 3338 855 3376 nec
910 3324 1042 3376 hanc
1088 3324 1394 3394 religionem
1417 3366 1432 3391 ,
1476 3332 1580 3379 etc,
1627 3322 1758 3393 Qum
1783 3319 1829 3384 (ζ
1863 3322 1988 3366 trem
2012 3312 2221 3382 ignarus
2252 3310 2542 3380 interfecit;
2569 3308 2663 3363 sed
2700 3307 2931 3362 refertur
2957 3308 3318 3364 miserandum
3347 3310 3452 3368 hoc

180 3406 390 3475 objectio
433 3411 698 3466 censenda
754 3421 873 3480 est,
933 3428 1054 3468 meo
1100 3414 1319 3483 quidem
1353 3413 1586 3483 judicio,
1618 3413 1758 3467 inter

174 3500 418 3555 maximas
463 3511 518 3556 et
571 3503 911 3560 ﬁrmissimas
962 3504 1159 3575 quibus
1204 3505 1417 3560 ethnica
1449 3505 1758 3575 superstitio

170 3588 470 3649 labefactari
501 3610 565 3650 ac
589 3596 794 3651 destrui
825 3597 1060 3666 penitus,
1093 3606 1148 3651 et
1179 3606 1364 3650 contra
1397 3595 1586 3664 religio
1600 3594 1758 3650 Chri-

169 3679 334 3736 stiana
359 3684 610 3740 illustrari
642 3695 699 3741 et
726 3688 1035 3742 confirmari
1068 3687 1260 3756 potuit,
1282 3687 1328 3741 si
1359 3687 1572 3757 quando
1591 3685 1755 3740 Chri-

168 3772 350 3829 stianis
372 3791 460 3831 res
490 3776 588 3831 fuit
617 3792 737 3831 cum
772 3778 930 3849 paqu
955 3777 1290 3833 doctioribus
1320 3777 1573 3837 ethnicis.

234 3863 361 3935 Cap.
390 3868 475 3921 Π.
512 3867 593 3921 An
624 3870 755 3940 forte
793 3867 984 3941 papula
1031 3869 1265 3923 Romano
1307 3878 1581 3941 propterea
1622 3867 1757 3937 leges

172 3970 269 4008 non
292 3966 407 4010 sunt
427 3974 459 4011 (ι
480 3963 773 4014 numinibus
803 3962 1110 4028 constitutae,
1133 3962 1275 4032 quia,
1307 3963 1438 4015 sicut
1469 3961 1756 4017 Sallustius

170 4047 363 4116 ait,jus
385 4050 690 4119 bonumque
714 4051 856 4121 apud
886 4067 980 4107 eos
1012 4069 1118 4106 non
1149 4052 1358 4122 legibus
1388 4052 1562 4123 magis
1592 4066 1753 4122 quam

167 4148 352 4195 natura
374 4142 618 4199 valebat?
658 4143 739 4197 Ea:
762 4143 859 4197 hoc
876 4145 1000 4214 jure
1024 4161 1085 4197 ac
1112 4144 1243 4200 bono
1271 4144 1419 4199 credo
1447 4156 1622 4215 raptas
1648 4159 1755 4199 esse

173 4232 412 4293 Sabinas.
440 4236 577 4304 Quid
607 4241 739 4291 enim
761 4238 955 4310 justius
986 4248 1033 4293 et
1060 4239 1237 4293 melius
1266 4254 1419 4309 quam
1462 4239 1601 4308 ﬁlias
1631 4238 1755 4291 alie-

163 4340 249 4379 nas
277 4328 455 4398 fraude
484 4331 760 4400 spectaculi
799 4329 1056 4396 inductas,
1100 4346 1202 4384 non
1245 4346 1277 4381 a
1319 4329 1618 4399 parentibus
1661 4344 1752 4381 ac-

163 4422 282 4491 cipi,
315 4426 401 4478 sed
431 4427 496 4488 vi,
529 4433 583 4479 ut
612 4425 823 4495 quisque
862 4433 1100 4493 poterat,
1130 4422 1388 4496 auferri?]
1428 4424 1618 4478 Merito
1643 4425 1753 4477 Au-

170 4517 400 4572 guﬁnus
430 4517 518 4572 hic
547 4527 602 4573 et
646 4519 699 4573 in
730 4518 1076 4593 sequentibus
1122 4518 1311 4573 irridet
1349 4519 1491 4588 quod
1524 4517 1751 4572 Romani

167 4596 431 4666 lauabat“
448 4609 519 4663 de
547 4609 746 4664 virtute
773 4608 1112 4663 conditorum
1142 4609 1453 4678 reipublicze
1494 4623 1606 4663 suae
1630 4650 1645 4675 ,
1699 4616 1752 4663 et

1862 3405 2073 3460 facinus
2120 3404 2186 3458 ad
2242 3402 2443 3458 bellum
2474 3403 2752 3456 Actiacum
2779 3440 2794 3464 ,
2844 3399 2985 3470 quod
3016 3405 3285 3470 Augustus
3330 3417 3454 3458 cum

1859 3499 2094 3554 Antonio
2132 3495 2334 3567 gessit;
2374 3495 2517 3564 quod
2553 3509 2683 3549 vero
2723 3493 2808 3547 hic
2846 3501 3095 3547 narratur
3122 3496 3357 3563 pertinet
3385 3495 3463 3557 ad,

1861 3592 2071 3648 initium
2095 3590 2220 3645 belli
2244 3589 2474 3659 Syllani,
2496 3586 2821 3656 contigitque
2845 3586 2898 3640 in
2930 3588 3117 3656 praelio
3144 3587 3284 3656 quod
3314 3598 3455 3643 com-

1859 3683 2005 3737 misit
2047 3683 2145 3737 Cn.
2192 3681 2479 3749 Pompeius
2510 3695 2629 3733 cum
2659 3678 2721 3733 L.
2756 3678 3006 3733 Cornelio
3031 3678 3223 3745 Cinna,
3252 3679 3320 3735 de
3348 3696 3457 3750 quo

1859 3777 2039 3832 Livius
2058 3776 2153 3831 lib.
2169 3791 2350 3831 Lxxu.
2370 3776 2458 3828 Bis
2477 3774 2617 3828 idem
2642 3774 2814 3843 potuit
2834 3775 3163 3844 contingere,
3180 3777 3450 3833 autetiam

1859 3879 2016 3938 poeta
2045 3867 2112 3921 ad
2144 3867 2289 3921 aliud
2320 3864 2518 3920 bellum
2545 3865 2686 3933 quod
2714 3864 2767 3918 in
2790 3865 2896 3918 alio
2926 3867 3223 3935 contigerat
3246 3868 3450 3924 retulit.

1983 3981 2095 4031 Exit
2119 3980 2168 4029 in
2190 3980 2477 4027 immensum
2499 3976 2707 4025 fecunda
2737 3977 2937 4025 licentia
2962 3982 3142 4037 vatum,

2045 4042 2246 4102 Obligat
2270 4041 2502 4088 historica
2526 4052 2619 4088 nec
2648 4051 2736 4086 sua
2761 4041 2911 4088 verba
2938 4041 3047 4088 fide.

1929 4145 2060 4216 Cap.
2089 4145 2181 4198 27.
2228 4142 2320 4197 Vir
2349 4144 2518 4214 gravis
2553 4152 2601 4195 et
2636 4143 3047 4211 philosOphaster
3081 4143 3286 4200 Tullius
3328 4146 3453 4200 tedi-

1860 4240 1922 4293 lis
1954 4239 2155 4305 futurus
2185 4233 2478 4299 clamabat,
2510 4233 2642 4304 etc.]
2673 4232 2930 4299 Quamvis
2958 4233 3229 4289 ethnicam
3280 4236 3453 4305 philo-

1855 4332 2100 4402 sopbiam
2140 4328 2419 4398 sapientia:
2445 4326 2766 4383 Christiana:
2794 4326 3043 4381 collatam
3074 4329 3268 4382 merito
3295 4345 3449 4398 sper-

1857 4432 2013 4479 neret
2041 4421 2366 4492 Augustinus
2392 4463 2406 4486 ,
2439 4429 2618 4475 tamen
2644 4434 2862 4489 semper
2892 4420 3112 4475 maximi
3143 4421 3268 4476 fecit
3300 4423 3452 4479 Cice-

1858 4534 2046 4573 ronem
2067 4557 2083 4582 ,
2130 4516 2535 4584 bonoriticeque
2565 4515 2763 4583 ubique
2791 4514 2859 4568 de
2888 4528 2953 4569 eo
2982 4514 3194 4569 locutus
3225 4524 3308 4570 est
3334 4557 3349 4581 ,
3395 4526 3451 4575 et

1856 4612 1993 4665 forte
2020 4610 2275 4679 pleraque
2306 4622 2425 4676 quae
2449 4606 2516 4660 de
2547 4605 2886 4675 philosophia
2913 4614 3068 4659 norat
3097 4606 3147 4660 ei
3178 4606 3441 4676 debebat;

170 4692 412 4756 PTOXime
456 4706 760 4755 seculmum
826 4701 944 4769 ejus
1004 4708 1246 4755 natatum.
1295 4700 1429 4754 Nam
1481 4716 1609 4754 sane
1634 4741 1649 4765 ,
1698 4710 1755 4755 ut
1780 4704 1835 4764 D
1860 4719 1982 4756 nam
2013 4702 2078 4755 ad
2110 4702 2419 4757 Grmcorum
2450 4699 2625 4753 fontes
2655 4714 2927 4770 nunquam
2952 4741 2967 4766 ,
3004 4710 3059 4754 ut
3085 4708 3270 4754 notum
3316 4713 3442 4772 est,

168 4785 399 4838 ostendit
425 4800 491 4840 ex
522 4785 800 4853 Sallustio,
832 4793 1287 4854 quemadmodum
1319 4794 1476 4847 etiam
1504 4808 1572 4847 ex
1603 4792 1753 4847 Livio

171 4875 528 4950 Dionysioque
559 4879 990 4944 Halicarnasseo,
1022 4890 1233 4934 constat
1262 4890 1473 4937 veteres
1498 4886 1620 4939 illos
1646 4884 1755 4939 Ro-

168 4984 350 5024 manos
382 4972 649 5041 perpetuis
693 4972 1083 5042 seditionibus,
1132 4988 1198 5027 ex
1228 4972 1555 5029 intolerabili
1598 4977 1752 5031 nobi-

167 5060 287 5114 lium
312 5061 567 5130 injustitia
592 5064 755 5131 natis,
786 5063 932 5117 domi
963 5064 1190 5135 agitatus
1222 5064 1421 5132 fuisse;
1464 5067 1593 5121 loris
1619 5082 1751 5123 vero

80 5146 86 5153 “
166 5151 310 5208 bellis
341 5156 541 5208 vicinos
586 5169 777 5210 omnes
807 5170 1031 5211 vexasse
1057 5197 1071 5223 ,
1122 5172 1238 5225 qum
1282 5157 1400 5212 sine
1427 5173 1637 5213 summa
1664 5159 1746 5212 in-

166 5244 355 5313 iustitia
377 5292 392 5316 ,
426 5249 816 5304 inhumanitate
852 5259 906 5303 et
930 5247 1249 5303 crudelitate
1279 5259 1429 5319 gesta
1462 5265 1566 5306 non
1596 5260 1743 5317 sunt,

169 5343 394 5405 quamvis
436 5344 504 5397 ab
549 5342 822 5397 biStoricis
880 5341 1141 5411 speciosis
1190 5342 1498 5397 nominibus
1542 5346 1744 5399 amoris

170 5430 396 5501 imperii,
424 5435 612 5505 patriae
642 5446 699 5489 et
728 5432 1053 5489 fortitudinis
1081 5434 1346 5489 velentur.
1404 5435 1459 5491 Si
1502 5438 1744 5490 conscri-

173 5519 371 5581 beretur
417 5525 640 5581 historia
684 5525 925 5581 Romana
973 5527 1090 5580 sine
1134 5527 1289 5593 fuco,
1343 5537 1398 5582 et
1443 5528 1735 5597 adhibitis,

176 5624 267 5667 non
311 5617 578 5673 rhetorum
628 5617 927 5684 coloribus,
976 5618 1170 5686 quibus
1198 5618 1384 5673 vitium
1418 5636 1512 5689 pro
1544 5622 1741 5677 virtute

178 5708 475 5777 vcnditatur,
500 5712 999 5782 prmconceptisque
1028 5721 1230 5767 temere
1259 5713 1619 5781 opinionibus,
1643 5716 1738 5770 sed

181 5810 319 5857 recte
357 5803 576 5857 rationis
619 5814 674 5855 et
702 5820 847 5859 verte
874 5805 1086 5869 virtutis
1128 5805 1419 5860 luminibus
1445 5850 1459 5876 ,
1508 5807 1740 5877 liqueret

184 5890 546 5952 laudatissimos
588 5894 711 5950 illos
755 5901 968 5951 veteres
1017 5898 1289 5952 Romanos
1337 5899 1506 5956 fuisse
1555 5915 1734 5958 meros

1858 4798 2006 4851 adiit.
2034 4795 2215 4863 Itaque
2236 4794 2366 4847 mihi
2396 4792 2721 4863 persuadere
2750 4808 2855 4847 non
2880 4806 3098 4862 possum
3127 4794 3446 4852 Ciceronem

1856 4888 1923 4941 ab
1952 4903 2017 4941 eo
2048 4885 2118 4939 ita
2148 4886 2496 4953 contemptim
2545 4885 2783 4939 habitum
2812 4925 2827 4951 ,
2879 4893 2934 4938 ut
2974 4885 3447 4954 philosophastrum

1856 4988 2092 5035 vocaret.
2126 4979 2371 5048 Plerique
2399 4992 2528 5032 mss.
2553 4979 2750 5033 habent
2778 4979 3117 5049 philosophus
3161 4981 3442 5043 tertullius.

1854 5078 1944 5132 alii
1967 5076 2241 5143 tertullius,
2262 5093 2400 5132 unus
2421 5076 2763 5132 Corbeiensis
2790 5077 3198 5147 philosophaster
3217 5078 3440 5147 Tullius,

1854 5170 2309 5241 quemadmodum
2370 5169 2653 5240 legendum
2713 5171 3024 5237 conjecerat
3072 5171 3207 5226 Lud.
3260 5173 3442 5233 Vives.

1850 5260 2187 5314 Crediderim
2215 5260 2267 5313 in
2292 5260 2678 5329 antiquissimis
2700 5258 2972 5315 codicibus
2995 5264 3249 5333 scriptum
3280 5264 3443 5321 fuisse

1853 5351 2329 5408 PHILOSOPHUS
2360 5352 2427 5405 Μ.
2461 5351 2772 5419 TULLIUS,
2802 5353 2997 5408 deinde
3028 5370 3123 5423 pro
3154 5356 3205 5411 Μ
3233 5371 3264 5409 a
3292 5356 3443 5413 femi-

1851 5454 2014 5500 nante
2045 5446 2265 5501 librario
2312 5445 2506 5499 lectum
2538 5453 2629 5497 aut
2668 5447 2923 5514 scriptum
2955 5447 3042 5511 III,
3071 5449 3211 5517 quod
3255 5460 3437 5520 postea

1850 5551 2163 5606 expressum
2206 5545 2318 5601 ter;
2356 5536 2497 5589 unde
2545 5536 2701 5590 nobis
2742 5545 2899 5591 natus
2938 5539 3274 5611 philosophus
3317 5542 3415 5598 Ter

1851 5628 2030 5682 tullius
2053 5669 2069 5693 ,
2112 5635 2204 5682 aut
2232 5637 2306 5682 ter
2333 5626 2537 5681 Tullius
2564 5669 2579 5694 ,
2622 5638 2715 5684 aut
2755 5630 2985 5700 denique
3026 5633 3438 5704 philosophnster

1848 5717 2056 5772 Tullius
2080 5761 2093 5784 ,
2142 5718 2311 5772 invito
2336 5759 2351 5783 ,
2398 5717 2503 5771 nisi
2545 5719 2723 5787 fallor,
2757 5722 3056 5791 Augustino
3081 5767 3094 5791 ,
3128 5726 3216 5793 qui
3249 5726 3437 5779 existi-

1847 5811 2026 5864 mabat
2052 5810 2119 5863 ab
2149 5823 2214 5864 eo
2242 5811 2295 5863 in
2320 5809 2506 5864 Latina
2530 5813 2704 5881 lingua
2745 5812 3115 5884 philosophiam
3138 5817 3429 5867 inchoatam

1845 5911 1891 5956 et
1917 5902 2216 5972 perfectam,
2248 5912 2433 5958 contra
2453 5902 2706 5958 Academ.
2726 5902 2817 5957 lib.
2841 5919 2875 5967 ι,
2898 5918 2953 5956 n.
2972 5902 3025 5955 8.
3049 5904 3124 5957 Ac
3151 5917 3300 5971 sane.
3324 5905 3428 5961 hoc
