3974 6356
511 330 620 389 ωδ

1402 326 1955 387 SUPPLEMENTUM
1997 329 2089 383 Al)
2128 327 2361 386 OPERA
2405 328 2462 383 S.
2507 323 2904 383 AUGUSTINI.

3639 341 3718 401 ιθι

510 447 631 517 ipso
654 448 705 504 in
728 448 867 515 loco,
889 462 992 506 vos
1019 462 1189 521 gravis
1220 444 1457 503 ostendit
1480 447 1835 515 Augustinum
1868 444 2103 501 voluisse
2133 453 2181 509 Α
2212 456 2374 501 esset.
2410 444 2654 511 Scriptor
2700 443 2767 497 de
2802 442 2950 497 Bello
2994 442 3248 498 Africano
3291 458 3404 514 cap.
3433 446 3495 500 47
3528 465 3539 501 :
3572 448 3723 526 l‘igitt'a

510 542 579 599 de
607 560 671 599 eo
702 544 997 601 honorilice
1025 543 1205 612 loqui,
1239 556 1338 596 nec
1366 542 1709 595 consentiunt
1736 554 1898 595 voces
1933 541 2101 610 gravis

511 647 561 692 et
583 637 1016 710 pltilosOpltaster.

583 730 748 785 Ltnno
781 747 858 785 ttt.
911 730 1043 797 Cap.
1092 729 1148 782 ι.
1209 726 1302 780 Vir
1346 724 1670 779 doctissimus
1718 740 1891 777 eorum
1937 722 2103 776 Varro

510 823 645 898 falsa
676 822 785 877 hate
818 837 947 884 esse,
980 820 1211 890 quamvis
1236 836 1337 872 non
1364 818 1631 881 audacter,
1677 833 1837 886 neque
1861 816 2098 884 ﬁdenter,

513 931 641 985 pene
670 924 838 968 tamen
880 918 1088 984 fatetur.
1117 912 1223 967 Sed
1262 912 1387 964 utile
1426 927 1529 965 esse
1564 908 1849 963 civitatibus
1876 907 2018 972 dicit,
2046 915 2105 959 ut

508 1025 567 1063 se
602 1009 695 1062 viri
722 1010 900 1078 fortes,
930 1006 1128 1059 etiamsi
1160 1006 1349 1073 falsum
1380 1005 1467 1070 sit,
1497 1002 1597 1055 diis
1637 1002 1828 1071 genitos
1856 1014 1964 1053 esse
1992 1014 2105 1052 cre-

509 1104 671 1161 dant:
702 1111 755 1155 ut
787 1118 844 1155 eo
873 1101 1024 1153 modo
1052 1100 1251 1151 animus
1274 1098 1550 1159 humanus,
1568 1094 1701 1147 velut
1724 1093 1907 1146 divina:
1929 1091 2104 1159 stirpis

505 1194 753 1263 ‘ﬁduciam
798 1209 1007 1263 gerens,
1052 1207 1131 1244 res
1179 1205 1392 1260 magnas
1423 1186 1789 1259 aggrediendas
1828 1192 2105 1257 praesumat

508 1286 776 1351 audacius,
809 1282 939 1353 etc.’]
968 1284 1138 1337 Nemo
1167 1282 1519 1352 philosophiae
1550 1279 1710 1349 paulo
1740 1278 1961 1348 peritior
1986 1290 2106 1331 cre-

508 1378 645 1433 didit
673 1389 931 1432 aeternuttt
972 1392 1168 1430 numen
1216 1376 1497 1430 mulierum
1541 1388 1732 1427 amore
1771 1386 1932 1442 posse
1957 1371 2103 1441 capi.

508 1469 693 1539 Itaque
718 1468 1019 1537 quaerenda:
1045 1468 1437 1523 cordatioribus
1462 1466 1609 1521 luere
1637 1480 1815 1519 causa:
1841 1480 1937 1518 cur
1964 1463 2107 1518 anti-

508 1562 766 1630 quissima
800 1561 938 1615 fama
961 1569 1042 1614 tot
1072 1560 1207 1613 lilios
1238 1559 1459 1614 deorum
1493 1558 1841 1629 praedicaret;
1875 1570 2103 1625 quarum

508 1654 776 1707 rationum
828 1646 984 1705 unam
1021 1652 1159 1705 hanc
1186 1651 1354 1705 Varro
1386 1650 1736 1719 prodiderat,
1769 1650 1823 1703 itt
1850 1650 2103 1718 quopiam

507 1741 646 1799 libro
675 1760 741 1799 ex
776 1746 839 1798 iis
867 1758 1003 1814 quos
1042 1753 1191 1797 tanto
1238 1758 1461 1796 numero
1492 1742 1784 1810 scripserat
1810 1750 1863 1795 et
1891 1742 1979 1810 qui
2010 1756 2105 1810 pe-

2212 539 2436 594 secunda
2465 539 2625 591 noctis
2645 578 2659 602 ,
2691 538 2890 591 nimbus
2916 554 3029 591 cum
3059 554 3228 593 sues
3259 554 3501 594 cassum
3527 554 3587 596 est
3613 563 3727 603 cur.

2212 643 2293 688 tus
2321 634 2522 703 ingens.
3524 640 3527 643 '
3600 702 3603 703 ν

2284 724 2418 779 Ibid.
2448 723 2792 778 Locustarum
2819 724 2956 778 enim
2982 725 3035 778 in
3064 724 3244 795 Africa
3275 727 3621 783 multitudinem
3641 750 3730 803 pro.

2213 818 2341 889 digii
2364 818 2583 871 similem
2615 818 2792 888 fuisse,
2810 834 2927 872 cum
2940 820 3055 888 jam
3076 828 3206 873 esset
3233 820 3407 890 populi
3433 820 3629 878 Romani
3647 844 3735 892 pro-

2213 912 2383 966 vincia
2407 953 2422 977 ,
2466 910 2649 964 litteris
2688 908 3108 982 mandaverunt.]
3153 911 3255 979 Qui
3304 912 3414 968 haec
3453 915 3738 977 multitudine

2214 1005 2583 1074 exemplorum
2628 1004 2895 1059 illustrata
2926 1004 3110 1059 videre
3153 1006 3365 1073 avehit,
3403 1008 3549 1063 adeat
3573 1023 3741 1076 Oportet

2214 1098 2519 1155 Samuelem
2551 1098 2912 1163 Bochartum,
2970 1097 3268 1153 Hierozoici
3320 1106 3454 1167 part.
3501 1101 3551 1164 2,
3582 1101 3660 1157 lib.
3686 1119 3740 1171 lt’,

2215 1204 2309 1245 sex
2358 1189 2543 1259 primis
2588 1188 2887 1255 capitibus;
2940 1196 2995 1242 et
3038 1188 3260 1244 Joannis
3307 1189 3494 1245 Clerici
3540 1192 3746 1248 disserta-

2215 1282 2417 1335 tionem
2455 1280 2525 1334 de
2550 1287 2724 1334 statua
2754 1278 2922 1334 salina
2952 1278 3149 1335 Genesi
3186 1280 3255 1335 ab
3284 1296 3350 1336 eo
3377 1281 3630 1336 illustratte
3652 1284 3748 1339 sub-

2212 1374 2431 1444 jectam.

2288 1465 2421 1520 Ibid.
2456 1466 2598 1519 Tunc
2628 1464 2795 1521 Uticae
2815 1482 2877 1520 ea:
2904 1465 3115 1536 triginta
3135 1465 3361 1518 millibus
3381 1466 3750 1536 juniorum,qttte

2213 1557 2283 1611 ibi
2320 1566 2464 1611 erant
2496 1558 2666 1611 decem
2708 1558 3008 1612 remansisse
3053 1556 3413 1627 conﬁrmant]
3443 1557 3599 1613 Recte
3622 1561 3751 1613 anim-

2214 1650 2563 1705 adverterunt
2612 1650 2942 1705 Benedictini
2972 1652 3203 1722 iuniores
3244 1650 3417 1706 dictos
3447 1650 3752 1719 praesidiarios

2216 1744 2437 1799 milites.
2485 1744 2639 1810 Quod
2694 1744 2938 1814 pluribus
2984 1745 3247 1813 exemplis
3298 1744 3654 1799 conﬁrmatum
3694 1747 3752 1801 in-

507 1837 731 1891 rierunt.
771 1835 1147 1890 Verumtamen
1194 1832 1470 1888 fraudibus
1510 1833 1853 1887 sacerdotum
1898 1841 1953 1886 et
1980 1848 2104 1886 tnu-
2138 1838 2400 1904 nvenies
2446 1838 2586 1906 apud
2634 1836 2844 1893 Justum
2888 1837 3128 1907 Lipsium
3174 1836 3405 1907 Epistol.
3452 1836 3752 1905 qttzestiouum

505 1927 850 1986 Iiel‘culat'um
898 1937 991 1981 aut
1036 1927 1386 1995 deceptarum
1415 1968 1428 1991 ,
1463 1937 1555 1977 aut
1584 1933 1776 1993 sponte
1808 1923 2107 1993 impudica-

506 2036 629 2077 rnm
656 2062 669 2084 ,
700 2020 837 2075 filios
870 2020 990 2073 illos
1020 2019 1241 2073 deorum
1271 2017 1481 2071 debitos
1506 2058 1520 2081 ,
1568 2016 1800 2069 maxima
1831 2030 1898 2071 ex
1932 2024 2105 2086 parte,

507 2115 895 2170 existimarint.
927 2114 1061 2168 Cum
1100 2112 1369 2165 libidinosi
1416 2111 1730 2164 sacerdotes
1754 2111 2017 2179 virginem
2050 2111 2105 2164 in

508 2206 715 2273 templo
759 2217 849 2260 aut
895 2205 1015 2259 luco
1060 2205 1294 2259 numinis
1341 2202 1639 2272 cujuspiam
1672 2203 1957 2270 vitiarant,
2007 2217 2109 2258 nec

509 2313 695 2353 eorum
721 2299 974 2352 intererat
1001 2298 1199 2351 ducere
1225 2310 1343 2350 eam
1375 2310 1597 2351 uxorem
1622 2336 1638 2363 ,
1670 2305 1728 2350 ut
1753 2295 1869 2365 ejus
1915 2295 2109 2351 honori

513 2392 897 2455 consulerent,
947 2406 1011 2443 ex
1062 2391 1177 2459 ipso
1221 2389 1442 2443 nomine
1488 2399 1672 2442 natum
1706 2404 1931 2457 puerum
1962 2389 2109 2445 dice-

510 2484 671 2546 bant;
715 2497 812 2536 nec
857 2481 1052 2551 puellae
1100 2496 1396 2550 eorumque
1443 2482 1733 2550 prapinqui
1779 2496 1894 2537 rem
1942 2498 2108 2553 nega-

512 2577 664 2639 bant,
695 2590 815 2629 cum
849 2574 1039 2629 honori
1071 2574 1375 2628 vitiatarum
1406 2588 1470 2627 ea
1496 2572 1683 2627 fraude
1712 2575 2107 2633 consuleretur.

510 2668 916 2738 Antiquissimis
964 2667 1297 2736 temporibus
1347 2666 1508 2721 rudes
1556 2666 1824 2732 homines,
1858 2684 1961 2724 nec
1988 2669 2111 2724 ullis

512 2763 706 2817 studiis
752 2761 977 2832 expoliti
1035 2761 1161 2814 talia
1210 2760 1311 2815 sibi
1361 2759 1673 2829 persuaderi
1746 2762 1907 2816 stulte
1964 2762 2113 2832 passi

509 2865 657 2908 sunt.
690 2852 941 2907 Pluribus
974 2851 1074 2905 hac
1101 2850 1169 2905 de
1198 2866 1259 2906 re
1290 2851 1399 2920 egit
1424 2851 1583 2906 Joan.
1614 2848 1854 2907 Clericus
1883 2853 1937 2907 in
1968 2852 2110 2909 notis

511 2945 575 2999 ad
606 2943 972 3013 Theogoniam
1000 2942 1238 2996 Hesiodi.

583 3036 715 3104 Cap.
763 3034 848 3091 10.
890 3037 970 3088 An
1009 3036 1318 3102 respondent
1356 3035 1491 3106 quod
1520 3036 1620 3090 nisi
1665 3036 1887 3091 assiduis
1916 3036 2113 3109 sibique

512 3130 749 3182 continuo
788 3126 1173 3181 succedentibus
1214 3126 1357 3180 bellis
1389 3128 1680 3182 Romanum
1708 3129 1979 3199 imperium
2006 3138 2111 3184 tam

513 3219 662 3290 longe
690 3218 888 3285 lateque
918 3234 1020 3271 non
1052 3226 1217 3286 posset
1256 3220 1465 3287 augeri,
1517 3230 1561 3273 et
1595 3230 1698 3273 tam
1728 3221 1912 3290 grandi
1942 3220 2113 3291 gloria

515 3309 859 3382 di/famari?]
897 3311 1063 3365 Recte
1089 3311 1393 3365 observavit
1420 3310 1470 3365 J.
1503 3310 1654 3366 Frid.
1687 3311 1997 3367 Gronovius
2028 3313 2117 3369 hic

514 3406 773 3472 di/famari
819 3405 1043 3475 perinde
1083 3419 1201 3458 esse
1231 3418 1293 3458 ac
1321 3404 1617 3466 celebrari,
1668 3420 1897 3476 eamque
1925 3421 2113 3462 vocem

514 3502 567 3557 in
600 3514 880 3571 utramque
928 3509 1131 3570 partem
1179 3500 1340 3565 sumi,
1373 3500 1517 3569 quod
1566 3515 1632 3555 ex
1661 3500 1833 3555 Nonio
1863 3502 2116 3557 Marcello

514 3594 727 3665 probat.
779 3592 941 3647 Addit
988 3592 1329 3647 membranas
1374 3607 1505 3647 mss.
1540 3594 1789 3663 ignorare
1836 3598 1893 3650 τὸ
1942 3613 2115 3650 succe-

515 3684 774 3749 dentibus,
797 3683 1190 3753 legendumque
1220 3691 1372 3753 pulat
1397 3685 1619 3737 assiduis
1648 3684 1843 3756 sibique
1863 3688 2117 3747 continuis

514 3782 678 3837 bellis.
705 3782 987 3837 Observat.
1026 3783 1120 3837 lib.
1157 3799 1212 3837 ttt
1233 3824 1247 3848 ,
1276 3798 1397 3851 cap.
1428 3782 1516 3837 16.
1551 3783 1712 3835 Miror
1738 3781 2118 3836 Benedictinos

513 3875 672 3945 hujus
707 3876 871 3929 variae
903 3875 1149 3929 lectionis
1198 3892 1303 3929 non
1338 3876 1671 3932 meminisse.
1719 3874 1873 3941 Quod
1925 3874 2119 3928 attinet

516 3971 584 4025 ad
614 3985 796 4024 vocem
825 3969 1099 4036 diﬂ‘amare
1121 4010 1136 4037 ,
1193 3969 1246 4023 in
1282 3968 1474 4023 bonam
1520 3979 1723 4038 partem
1758 3984 1863 4023 non
1894 3983 2020 4023 raro
2047 3967 2117 4022 ab

517 4062 817 4132 Augustino
848 4062 1092 4125 sumitur,
1123 4072 1180 4113 ut
1212 4059 1368 4130 hujus
1398 4060 1516 4113 libri
1550 4076 1666 4130 cap.
1709 4061 1797 4116 51.
1830 4059 1996 4113 Multo
2026 4076 2118 4112 au-

518 4163 619 4207 tem
649 4155 817 4205 minus
858 4168 1034 4204 eorum
1064 4168 1208 4204 voces
1252 4153 1609 4215 tolerarentur,
1659 4160 1909 4221 quantum
1936 4150 2117 4203 attinet

521 4247 589 4299 ad
623 4246 879 4299 Romanos
904 4285 919 4309 ,
973 4244 1013 4297 si
1047 4242 1353 4296 Cltristiamc
1400 4244 1659 4313 religionis
1690 4244 2029 4308 receptionem
2072 4250 2119 4294 et

522 4337 951 4404 di/famationem,
985 4334 1063 4389 vel
1092 4336 1314 4403 irruptio
1338 4333 1430 4387 illa
1466 4332 1759 4398 Gallorum,
1784 4333 1860 4385 vel
1895 4331 2119 4384 Tiberini

522 4430 749 4500 [luminis
784 4428 1079 4499 igniumque
1117 4428 1209 4480 illa
1252 4424 1617 4495 depopulatio,
1660 4422 1738 4475 vel
1770 4422 1908 4493 quod
1934 4432 2118 4476 cuncta

522 4526 662 4579 mala
693 4523 951 4592 praecedit,
978 4522 1111 4575 bella
1137 4520 1306 4573 civilia
1331 4527 1676 4588 sequerentur.

596 4618 725 4687 Cup.
762 4616 848 4670 18.
892 4616 1057 4670 Sarra
1082 4615 1174 4666 illa
1204 4612 1407 4681 fatalia,
1434 4616 1677 4682 qurejam
1704 4618 1823 4673 tres,
1852 4608 1903 4662 in
1934 4608 2118 4679 quibus

520 4716 745 4785 fuerant,
779 4717 1067 4781 presserant
1093 4707 1321 4759 civitates
1489 4704 1727 4756 Metellus
1755 4705 1986 4772 pontifex
2011 4720 2117 4757 sua:

517 4810 743 4880 quodam
803 4805 952 4858 modo
997 4802 1179 4855 salutis
1224 4801 1406 4851 oblitus
1432 4839 1446 4863 ,
1490 4799 1692 4850 irruens
1732 4794 2115 4849 semiustulatus

520 4900 791 4971 abripuit.]
816 4898 1053 4968 'I‘rojaut,
1086 4893 1381 4946 Lanuvium
1414 4901 1468 4945 et
1498 4890 1686 4945 Album
1718 4900 1864 4945 recte
1891 4890 2112 4959 intelligi

521 4997 759 5049 ostendit
807 4992 989 5045 Justus
1036 4987 1289 5056 Lipsius,
1339 4986 1701 5056 Syntagmatis
1743 4986 1810 5039 de
1850 4984 2011 5040 Vesta
2060 4994 2115 5039 et

519 5088 815 5141 vestalibus
844 5097 962 5151 cap.
996 5080 1031 5133 2
1054 5123 1067 5145 ,
1101 5079 1189 5133 ubi
1219 5078 1403 5133 multis
1446 5078 1586 5132 hunc
1615 5078 1897 5148 Augustini
1936 5077 2113 5131 locum

520 5181 770 5234 illustrat.

596 5272 722 5339 Cap.
759 5267 847 5324 51.
890 5266 1018 5320 Cum
1059 5265 1189 5334 pluit
1237 5273 1407 5330 terra,
1453 5279 1569 5317 cum
1619 5262 1746 5334 pluit
1789 5272 1954 5331 creta,
2002 5278 2118 5315 cum

522 5363 654 5434 pluit
685 5360 960 5429 lapidibus,
1002 5372 1103 5410 non
1136 5373 1188 5409 ttt
1214 5356 1415 5423 grando
1456 5355 1707 5424 appellari
1743 5354 1871 5408 solet
1901 5356 1996 5407 Itoc
2026 5370 2118 5407 no-

524 5458 660 5509 mine
683 5496 697 5517 ,
729 5453 815 5505 sed
845 5451 1051 5504 omnino
1082 5448 1379 5518 lapidibus;
1426 5448 1531 5499 Ita'c
1562 5449 1789 5517 profecto
1814 5448 1969 5499 etiam
1996 5463 2118 5516 gra-

524 5545 649 5597 viter
693 5542 879 5595 ltrdere
908 5545 1226 5612 potueram:
1254 5538 1390 5591 Cum
1424 5535 1690 5605 lapidibus
1733 5536 1931 5604 pluisse
1962 5535 2110 5590 dice—

524 5640 676 5700 bant,
709 5638 925 5691 omnino
957 5634 1217 5702 majorem
1247 5632 1561 5702 grandinem
1594 5631 1919 5684 intellectam
1948 5628 2118 5683 fuisse

528 5732 803 5792 existimo.
838 5742 957 5784 cum
1004 5730 1300 5797 prtesemm
1335 5726 1664 5792 Augustinus
1710 5724 2012 5792 grandinem
2042 5719 2114 5773 ita

529 5820 722 5877 dictam
772 5819 1056 5882 observet,
1112 5820 1154 5873 si
1203 5832 1358 5886 ante,
1406 5816 1696 5880 nimirum,
1748 5814 1907 5868 solito
1939 5812 2111 5889 major

2212 1929 2306 1985 lib.
2342 1945 2380 1997 ι,
2416 1930 2575 1998 epist.
2608 1930 2657 1983 1.

2285 2023 2450 2077 Ltntto
2478 2038 2549 2077 tv.
2579 2022 2708 2090 Cap.
2742 2021 2796 2077 4.
2840 2020 3055 2077 Remota
3091 2022 3297 2093 justitia
3325 2021 3447 2090 quid
3483 2030 3591 2075 sunt
3616 2037 3753 2092 regna,

2214 2116 2316 2171 nisi
2335 2132 2523 2185 magna
2554 2115 2859 2179 latrocinia;
2902 2115 3022 2185 quia
3044 2124 3091 2168 et
3113 2115 3225 2184 ipsa
3252 2113 3520 2167 latrocinia
3541 2113 3651 2183 quid
3668 2127 3755 2167 sunt

2214 2211 2315 2263 nisi
2363 2223 2522 2278 parva
2548 2207 2771 2279 regna?]
2814 2208 3023 2262 Mollius
3069 2207 3261 2262 ﬂueret
3287 2207 3459 2261 oratio
3488 2206 3532 2261 si
3560 2222 3644 2276 pro
3667 2210 3757 2277 quia

2215 2303 2519 2372 legeremus
2548 2302 2671 2372 quin
2696 2341 2710 2365 ,
2759 2300 3044 2370 praeposita
3093 2299 3527 2369 interrogationis
3554 2308 3679 2352 nota.
3703 2298 3758 2353 De

2214 2410 2277 2450 re
2309 2395 2422 2463 ipsa
2456 2391 2721 2462 permulta
2755 2391 2917 2446 habet
2945 2392 3212 2461 elegantia
3252 2399 3309 2446 et
3337 2406 3463 2447 vera
3500 2389 3758 2445 Lactantius

2216 2487 2313 2542 lib.
2344 2503 2379 2539 v
2409 2484 2807 2541 lnstitutionum
2839 2486 3169 2541 divinarum.

2288 2580 2419 2651 Cap.
2454 2580 2507 2635 8.
2552 2580 2734 2651 Neque
2788 2581 2921 2634 enim
2965 2580 3019 2633 in
3064 2579 3161 2633 hoc
3224 2588 3330 2633 tam
3373 2577 3610 2651 praclaro
3650 2588 3760 2646 apere

2220 2676 2242 2747 (
2264 2676 2595 2745 prolatorum
2626 2674 2837 2745 imperii
2866 2673 3091 2727 Romani
3118 2672 3303 2727 ﬁnium
3330 2670 3350 2743 )
3382 2680 3428 2725 et
3451 2681 3595 2725 tanta:
3612 2670 3761 2737 plenis-

2216 2770 2346 2823 sinto
2394 2768 2663 2839 dignitatis
2710 2767 2901 2819 audent
2940 2764 3142 2834 aliquas
3188 2774 3362 2832 partes
3411 2764 3515 2817 dea:
3560 2758 3761 2815 Cloacina

2219 2862 2479 2928 tribuere,
2533 2870 2620 2914 aut
2658 2859 2926 2927 Volupiaz;
2977 2868 3066 2912 aut
3102 2857 3390 2924 Vaticano,
3436 2857 3519 2928 qui
3558 2858 3758 2924 infantum

2216 2954 2470 3023 vagitibus
2506 2952 2780 3023 praesidet;
2824 2958 2913 3004 aut
2935 2949 3168 3014 Cuninw,
3196 2965 3315 3019 qua:
3345 2964 3501 3001 cunas
3532 2958 3681 3006 eorum
3695 2940 3758 2991 ad.

2218 3042 2536 3115 ministrat]
2568 3044 2858 3098 Testantur
2908 3041 3138 3096 Parisini
3184 3040 3427 3095 editores
3476 3052 3575 3092 non
3603 3043 3760 3087 tantum

2220 3139 2274 3193 in
2306 3138 2634 3193 editionibus
2681 3136 2920 3206 aliquot,
2967 3134 3060 3189 sed
3090 3143 3145 3189 et
3175 3134 3228 3187 in
3255 3147 3391 3187 mss.
3426 3144 3541 3186 esse
3571 3143 3664 3181 non
3691 3124 3762 3177 l‘a-

2142 3232 2189 3297 C
2221 3234 2410 3296 ticano,
2445 3230 2541 3285 sed
2573 3229 2863 3300 Vagitano:
2902 3226 3046 3298 quod
3077 3241 3176 3281 cur
3204 3226 3260 3280 in
3298 3232 3501 3279 textum
3533 3235 3629 3276 non
3652 3230 3763 3273 rece-

2218 3325 2399 3397 perint
2446 3338 2551 3377 non
2600 3321 2867 3390 intelligo,
2921 3336 3043 3375 cum
3095 3328 3289 3373 czetera
3337 3316 3557 3371 deorum
3597 3310 3765 3366 nomint

2218 3416 2512 3472 ostendant
2541 3413 2702 3482 hujus
2732 3414 2893 3467 etiam
2922 3410 3240 3465 vocabulum
3263 3423 3295 3462 a
3325 3408 3497 3480 vagitu
3517 3402 3628 3459 duci
3649 3414 3767 3469 Opor-

2220 3510 2410 3563 tuisse.
2428 3506 2565 3561 Vide
2594 3514 2648 3561 et
2673 3519 2791 3576 cap.
2819 3504 2910 3558 21.
2952 3504 3076 3560 Scio
3106 3503 3284 3557 locum
3307 3498 3561 3553 Varronis
3587 3490 3768 3567 proferri

2220 3599 2289 3653 ab
2316 3599 2454 3654 Aulo
2482 3597 2656 3653 Gellio
2687 3597 2783 3651 lib.
2821 3611 2933 3658 xvt,
2974 3610 3095 3665 cap.
3124 3595 3215 3661 17,
3248 3593 3342 3664 qui
3374 3592 3578 3647 videtur
3602 3581 3769 3641 lectioni

2226 3690 2467 3744 Vaticani
2512 3689 2736 3757 favere,
2784 3687 2881 3743 sed
2926 3702 3046 3743 cum
3079 3688 3150 3743 sit
3196 3686 3430 3740 absurda
3476 3677 3767 3753 etymologia.

2219 3784 2381 3855 vulgo
2413 3784 2588 3852 potius
2616 3782 2928 3853 Vagitanum
2951 3783 3152 3835 dictum
3186 3780 3356 3835 fuisse
3386 3779 3627 3835 existimo

2293 3874 2425 3943 Cap.
2455 3875 2510 3930 9.
2553 3874 2711 3929 Hune
2742 3873 3012 3945 (Jovem)
3044 3874 3209 3928 Varro
3252 3874 3415 3927 credit
3449 3872 3596 3925 etiam
3630 3863 3683 3917 ab
3716 3860 3769 3913 ltis

2222 3970 2321 4023 coli
2355 3970 2442 4040 qui
2481 3985 2643 4022 unum
2674 3967 2838 4021 Deum
2880 3969 3047 4021 solum
3083 3969 3268 4035 absque
3313 3963 3583 4018 simulacro
3616 3956 3768 4017 colunt,

2220 4064 2311 4117 sed
2342 4062 2445 4116 alio
2468 4062 2671 4115 nomine
2697 4058 3032 4130 nuncupari.]
3064 4060 3139 4113 De
3164 4059 3265 4113 hac
3294 4058 3549 4127 Opinione
3565 4048 3769 4107 Varronis

2221 4155 2345 4209 vide
2373 4170 2494 4225 qua:
2525 4154 2833 4209 observavit
2861 4153 3096 4208 Joannes
3136 4152 3375 4206 Clericus
3423 4148 3563 4203 Artis
3601 4144 3770 4199 Critias

2222 4256 2376 4317 parte
2405 4249 2461 4311 2,
2489 4255 2623 4301 sect.
2658 4246 2709 4314 1,
2733 4260 2852 4316 cap.
2873 4244 2961 4300 15.

2294 4339 2425 4409 Cap.
2456 4340 2543 4394 10.
2586 4339 2713 4407 Quis
2740 4339 2874 4393 enim
2900 4339 3030 4409 ferat
3060 4338 3200 4407 quod
3237 4352 3353 4389 cum
3390 4344 3584 4389 tantum
3610 4325 3771 4383 honoris

2224 4440 2270 4486 et
2296 4432 2443 4502 quasi
2465 4432 2714 4485 castitatis
2738 4432 2845 4501 igni
2868 4430 3165 4495 tribuerint,
3189 4428 3470 4498 aliquando
3490 4424 3676 4480 Vestam
3696 4434 3769 4502 no3

2224 4527 2520 4580 erubescant
2550 4527 2702 4578 etiam
2741 4523 2989 4577 Venerem
3027 4518 3271 4591 dicere?]
3312 4520 3481 4575 Recto
3515 4501 3769 4573 obser"am

2145 4611 2197 4671 Ι)
2223 4618 2407 4672 Justus
2453 4617 2665 4686 Lipsius
2696 4616 2749 4669 in
2780 4615 3127 4687 Syntagmate
3155 4612 3223 4667 de
3251 4611 3414 4666 Vesta
3441 4620 3492 4657 ot
3526 4593 3769 4687 vestalibus

2223 4725 2344 4779 cap,
2370 4708 2436 4770 2,
2471 4710 2564 4761 vix
2594 4708 2838 4777 exempla
2880 4707 3107 4761 inveniri
3137 4705 3313 4751 Vestae
3345 4694 3557 4749 nomine
3586 4685 3768 4744 Veneris

2223 4801 2528 4870 appellata,
2557 4815 2652 4851 nec
2684 4800 2801 4863 ejus
2829 4798 2903 4846 rei
2931 4791 3062 4845 satis
3094 4788 3348 4858 liquidam
3376 4802 3497 4842 esse
3526 4784 3749 4839 rationem

2224 4894 2324 4947 nisi
2374 4894 2509 4945 forte
2540 4888 2740 4943 amoris
2769 4894 2934 4939 aestus
2983 4898 3104 4938 cum
3150 4882 3273 4952 igne
3313 4881 3631 4936 conferatur.
3661 4873 3752 4926 Eun

2220 4984 2365 5045 vide,
2397 4984 2441 5037 si
2470 4990 2640 5035 vacat.

2298 5076 2429 5145 Cap.
2469 5074 2555 5128 1'5.
2600 5072 2660 5128 Si
2700 5080 2870 5124 autem
2914 5070 3029 5123 sola
3065 5066 3305 5121 animalia
3352 5061 3638 5125 rationalia,
3666 5057 3770 5110 sicut

2226 5178 2344 5223 sunt
2370 5167 2620 5230 homines,
2662 5173 2832 5234 partes
2868 5159 2965 5215 Dei
3001 5176 3108 5215 esse
3147 5160 3489 5222 contendunt;
3525 5170 3618 5207 non
3656 5146 3769 5201 vidw

2225 5261 2429 5331 quidem
2455 5262 2496 5312 si
2528 5268 2661 5311 totus
2684 5256 2902 5309 mundus
2929 5265 2998 5306 est
3027 5252 3165 5306 Deus
3184 5292 3199 5315 ,
3237 5250 3491 5321 quomodo
3530 5244 3694 5299 bestias
3722 5239 3769 5287 ab

2226 5356 2338 5425 ejus
2361 5351 2586 5422 partibus
2611 5346 2891 5418 separent.]
2916 5344 3166 5413 lntelligit
3192 5342 3420 5408 Stoicos,
3446 5339 3529 5410 qui
3553 5332 3765 5425 mundqu

2229 5418 2396 5499 ﬁcum
2428 5457 2547 5497 esse
2569 5441 2841 5495 dicebant.
2884 5437 3017 5491 Vide
3045 5436 3255 5491 Justum
3290 5434 3522 5503 Lipsium
3564 5418 3763 5496 Pbysiol.

2226 5538 2527 5593 Stoicorum
2559 5534 2655 5588 lib.
2690 5549 2734 5598 t,
2761 5532 2893 5586 diss.
2922 5531 2978 5586 8.

2296 5627 2428 5696 Cap.
2467 5628 2550 5681 16.
2585 5626 3033 5678 Vocaverunt......
3064 5622 3211 5675 deam
3238 5619 3510 5679 Martium,
3538 5625 3638 5681 qua:
3663 5615 3764 5674 pm“

2227 5730 2301 5773 trr
2323 5722 2527 5771 modum
2556 5724 2773 5771 moveret
2806 5731 2865 5766 ac
2897 5716 3083 5783 faceret
3110 5714 3387 5778 hominem,
3411 5718 3463 5763 ut
3491 5706 3559 5755 ait
3578 5699 3763 5760 PomPo'

2227 5812 2365 5883 πίνει
2398 5809 2704 5874 ἠιινείάειντι,
2738 5808 2793 5861 id
2835 5816 2905 5860 est
2942 5807 3091 5861 nimis
3140 5804 3442 5855 desidiosum
3491 5802 3534 5847 et
3572 5792 3759 5843 inactuo-
