3974 6356
233 446 323 501 465

887 444 1239 500 VARIURUM
1279 439 1877 499 EXEBCITATIONES
1919 438 1982 493 IN
2028 440 2084 494 S.
2126 438 2503 496 AUGUSTINI
2545 437 2799 495 OPERA.

3365 436 3474 494 ‘66

233 562 370 631 sum]
402 561 764 616 Tertullianus
790 561 859 615 de
886 561 1218 629 Spectaculis
1246 574 1365 627 cap.
1397 558 1430 613 8
1479 577 1491 611 :
1534 556 1787 609 Murciam
1817 562 1872 620 Α
1896 555 2273 608 constituuntur
2296 555 2541 607 humana.
2576 556 2702 619 Qua:
2721 553 2763 605 si
2787 561 3053 621 propterea
3076 552 3343 621 quisquam
3365 552 3478 621 fata

232 657 363 709 deam
382 656 640 731 omarcoris
667 652 865 718 volunt,
890 654 970 707 cui
997 654 1050 707 in
1081 651 1174 706 illa
1226 662 1370 721 parte
1412 648 1572 703 cedem
1592 663 1789 701 vovere.

231 747 311 802 Sic
346 747 487 801 enim
528 746 813 815 legendum
842 786 857 811 ,
890 761 993 799 non
1039 744 1327 809 marmoris,
1358 752 1451 796 aut
1478 742 1686 805 amoris,
1735 748 1793 793 ut

231 840 500 896 emendant
520 840 784 894 nonnulli.
816 839 1091 908 Nusquam
1121 847 1335 893 veteres
1366 836 1620 891 Murciam
1646 834 1793 888 illam

229 933 412 988 amoris
442 933 593 988 deam
617 947 739 988 esse
770 932 1145 1002 prodiderunt,
1176 931 1272 987 sed
1319 928 1578 985 marcoris
1620 937 1671 982 et
1710 931 1790 995 ig-

229 1024 415 1089 naviae;
436 1040 555 1079 nam
571 1040 776 1078 marcus
790 1024 1061 1079 veteribus
1078 1025 1219 1078 idem
1236 1022 1377 1093 quod
1400 1023 1640 1091 ignavus.
1658 1020 1793 1074 Hinc

228 1116 472 1171 extremis
502 1117 805 1172 Latinitatis
827 1117 1181 1185 temporibus,
1224 1130 1432 1169 murcos
1456 1113 1795 1183 appellabant

223 1206 525 1276 ioculariter
549 1210 639 1277 qui
668 1208 772 1263 sibi
804 1209 1026 1278 pollices
1057 1208 1443 1277 praeciderant,
1493 1222 1562 1261 ne
1592 1205 1794 1259 militize

224 1313 409 1352 nomen
439 1301 647 1355 darent.
673 1301 990 1356 Ammianus
1025 1300 1360 1355 Marcellinus
1391 1317 1405 1353 :
1457 1297 1567 1352 Nec
1620 1312 1797 1352 eorum

226 1388 495 1457 aliquando
516 1392 747 1460 quisque,
779 1401 836 1443 ut
862 1392 914 1444 in
948 1390 1131 1454 Italia,
1170 1406 1353 1444 munus
1392 1388 1645 1443 Martium
1680 1403 1799 1460 per-

230 1484 477 1535 timescens
500 1483 738 1552 pollicem
768 1484 863 1536 sibi
893 1482 1174 1553 prtescidit,
1214 1498 1343 1554 quos
1373 1481 1617 1554 jocaliter
1656 1495 1798 1533 mur-

229 1588 299 1625 cos
322 1573 609 1642 appellant.
668 1573 891 1629 Desides
911 1585 966 1629 et
993 1575 1211 1642 ignavos
1250 1581 1303 1628 et
1330 1572 1574 1627 imbelles
1604 1571 1675 1627 ita
1699 1585 1797 1626 vo-

226 1675 423 1720 carunt.
453 1664 689 1734 Murcus,
715 1667 997 1732 nturcidus,
1031 1674 1089 1721 ut
1128 1668 1337 1734 fiaccus,
1378 1665 1643 1735 ﬂaccidus.
1694 1664 1798 1719 Fe-

225 1763 356 1810 stus:
374 1758 681 1824 murcidum,
712 1760 975 1829 ignavum,
1006 1759 1261 1824 stultum;
1283 1759 1504 1813 Plautus
1528 1775 1542 1812 :
1568 1757 1799 1811 murcide

225 1847 386 1915 homo,
416 1849 615 1920 ignave,
644 1852 799 1905 iners.
842 1851 976 1906 Male
1009 1851 1064 1907 in
1112 1851 1273 1907 editis
1314 1851 1611 1919 murricide,
1654 1850 1796 1920 quod

1898 648 2095 715 tribuit,
2116 648 2235 718 quia
2273 648 2439 717 ipsam
2471 646 2570 699 Dei
2598 646 2907 700 voluntatem
2952 646 3031 699 vel
3058 654 3354 717 potestatem
3383 644 3479 715 fati

1896 740 2099 793 nomine
2133 739 2381 809 appellat,
2419 742 2719 793 sententiam
2745 746 2934 803 teneat,
2964 738 3195 807 linguam
3232 738 3478 809 corrigat.

1898 828 2001 885 Cur
2046 830 2179 883 enim
2229 844 2331 882 non
2355 826 2450 881 hoc
2504 828 2726 897 primum
2782 828 2925 893 dicit,
2969 827 3107 897 quod
3167 836 3341 897 postea
3398 826 3480 878 di-

1897 937 2072 976 cturus
2117 934 2240 989 est,
2283 937 2399 974 cum
2446 921 2508 972 ab
2562 919 2655 973 illo
2702 919 2969 989 quisquam
3025 919 3282 990 quaesierit
3351 916 3477 987 quid

1897 1015 2083 1069 dixerit
2139 1011 2385 1085 fatum?]
2429 1011 2790 1067 Pulcherrima
2844 1010 3084 1081 profecto
3129 1011 3394 1067 sententia
3426 1016 3483 1064 et

1898 1100 2058 1178 digna
2106 1123 2225 1179 qua:
2289 1106 2468 1160 aureis
2537 1106 2727 1160 litteris
2806 1105 3135 1160 inscribatur
3198 1104 3483 1160 auditoriis
3574 1164 3575 1167 η

1898 1200 2338 1270 philosuphorum
2367 1207 2421 1253 et
2452 1196 2851 1267 theologorum,
2884 1208 2941 1251 ut
2961 1197 3171 1252 discant
3194 1197 3339 1252 illico
3366 1212 3484 1267 per-
3570 1206 3588 1275 ζ

1900 1290 2084 1358 spicue
2130 1288 2312 1358 loqui;
2358 1302 2464 1357 quo
2507 1286 2888 1357 compendium
2936 1287 3194 1356 temporis
3234 1287 3347 1353 liat,
3393 1300 3485 1338 ex-
3578 1279 3596 1293 '

1899 1380 2146 1450 pulsione
2177 1388 2251 1434 tot
2282 1378 2520 1433 inanium
2549 1378 2861 1442 verborum,
2890 1393 3009 1447 quae
3041 1377 3485 1447 explicationibus

1902 1473 2129 1542 prolixis
2180 1471 2454 1541 indigent;
2510 1482 2564 1527 et
2605 1472 2797 1541 quibus
2839 1471 3061 1537 auditis,
3100 1472 3229 1526 nihil
3271 1472 3484 1541 quidem

1901 1566 2045 1630 novi,
2073 1564 2137 1619 ad
2164 1579 2251 1620 res
2281 1566 2423 1633 ipsas
2444 1564 2588 1634 quod
2617 1564 2831 1632 attinet,
2868 1563 3145 1628 discimus,
3190 1562 3284 1618 sed
3332 1564 3485 1619 intel-

1903 1658 2121 1729 ligimus
2158 1657 2417 1711 duntaxat
2461 1656 2769 1711 scholastici
2813 1655 3079 1711 sermonis
3117 1670 3292 1709 usum.
3338 1655 3486 1711 lianc

1902 1761 2078 1807 autem
2112 1750 2535 1805 admonitionem
2572 1751 2640 1805 de
2675 1750 2780 1819 fato
2806 1748 3183 1805 necessariam?
3208 1747 3372 1801 luisse
3401 1763 3486 1800 in-

1904 1846 2111 1915 telliget
2132 1844 2375 1914 quisquis
2404 1845 2545 1914 leget
2574 1842 3011 1898 dissertationem
3036 1841 3105 1896 12
3123 1849 3175 1895 et
3195 1849 3485 1910 sequentes

222 1938 461 2010 Scaliger
507 1943 808 2012 exponebat
852 1945 1154 2014 μυοκτόνον,
1197 1944 1304 1998 hoc
1346 1953 1429 1998 est
1454 1943 1792 1997 muricidam.
1827 1934 1879 1995 Β
1904 1936 1995 1992 lib.
2028 1952 2046 1991 ι
2075 1936 2429 2006 Pbysiologite
2462 1934 2766 1991 Stoicorum
2797 1949 2827 1988 a
2857 1933 3011 1988 Justo
3040 1932 3222 2002 Lipsio
3251 1933 3491 1987 conscri~

221 2032 489 2086 Arnobius
522 2050 536 2087 :
571 2031 798 2101 Murcia,
821 2036 1050 2104 segnium
1080 2035 1195 2089 dea.
1228 2034 1353 2089 Haec
1392 2034 1602 2102 aliaque
1637 2034 1799 2088 habet

222 2122 409 2180 Claud.
436 2123 726 2181 Salmasius
756 2128 812 2183 in
849 2125 1094 2187 Solinum
1142 2140 1264 2195 pag.
1300 2126 1406 2182 636
1440 2125 1528 2182 ed.
1571 2124 1799 2195 Ultraje-

225 2217 396 2272 ctinae.

292 2309 421 2379 Cap.
460 2310 548 2365 l9.
577 2309 799 2366 Tantum
823 2329 947 2367 sane
975 2313 1114 2378 huic,
1141 2313 1279 2367 velut
1300 2318 1522 2377 nummi,
1550 2312 1801 2377 tribuunt,

216 2417 373 2471 quam
404 2400 693 2458 Fortunam
720 2415 923 2469 vocant,
963 2415 1019 2460 ut
1054 2406 1387 2459 simulacrum
1424 2408 1557 2477 ejus,
1597 2406 1731 2474 quod
1772 2420 1805 2457 a

217 2495 472 2548 matronis
510 2495 801 2551 dedicatum
830 2507 928 2563 est,
979 2500 1131 2551 etiam
1161 2497 1391 2551 locutum
1414 2514 1522 2552 esse
1548 2498 1806 2552 memoria:

213 2584 708 2652 commendaueriut,
729 2596 883 2658 atque
909 2589 1100 2643 dixisse
1140 2606 1245 2643 non
1274 2589 1448 2655 semel,
1481 2591 1568 2643 sed
1597 2591 1803 2657 iterum,

212 2677 359 2744 quod
386 2693 500 2730 eam
518 2679 615 2732 rite
637 2688 886 2734 matronae
913 2681 1302 2753 dedicaverint.]
1353 2682 1593 2737 Valerius
1641 2682 1807 2738 Maxi-

214 2782 344 2821 mus
373 2768 473 2825 lib.
499 2784 538 2836 l,
561 2784 678 2841 cap.
710 2771 744 2823 ὃ
776 2771 1021 2843 Exempl.
1056 2768 1212 2828 Rom.
1241 2774 1299 2839 4,
1328 2789 1398 2828 ex
1432 2774 1809 2830 emendatione

215 2857 363 2914 Justi
384 2859 552 2929 Lipsii
587 2880 599 2913 :
632 2860 754 2916 Non
782 2862 934 2918 semel
964 2866 1054 2919 sed
1078 2867 1152 2919 bis
1182 2867 1408 2919 locutum
1427 2865 1807 2936 (simulacrum)

216 2954 472 3019 constitit,
508 2955 587 3009 his
617 2957 760 3027 prius
801 2958 963 3012 verbis
992 2975 1013 3014 :
1050 2975 1174 3014 lil'l‘E
1206 2976 1300 3027 ita,
1340 2976 1627 3028 ιιΑτιιοΜε,
1671 2977 1810 3017 Vtut-

220 3056 365 3109 sris;
401 3045 629 3103 deinde:
656 3048 792 3103 Rm:
820 3066 1073 3106 DICAS‘I'IS.
1115 3052 1244 3119 Qua:
1276 3069 1403 3109 vera
1446 3063 1528 3109 est
1551 3054 1732 3120 lectio,
1755 3063 1812 3110 et

229 3150 339 3204 ιιι-ω
365 3139 540 3195 oculis
563 3142 862 3212 AuguStino
889 3144 1056 3201 fuisse
1080 3146 1313 3201 videtur.

310 3229 429 3301 Cap.
471 3233 563 3290 2t.
594 3235 738 3292 Diva:
770 3234 1106 3310 Fructesete.]
1144 3240 1343 3310 Scripti
1381 3241 1594 3298 codices
1622 3242 1808 3312 Augu-

249 3322 354 3375 stini
379 3326 565 3392 (verba
597 3337 722 3381 sunt
745 3329 936 3384 Claud.
966 3306 1214 3387 Salmasii
1242 3306 1310 3387 ad
1335 3334 1579 3389 Solinum
1602 3306 1735 3404 pag:
1743 3334 1813 3389 50
1842 3306 1889 3371 Ο

246 3412 323 3465 ed.
368 3415 674 3490 Ultraject.)
700 3435 837 3491 quos
862 3421 916 3475 in
950 3420 1235 3479 Germania
1271 3424 1402 3479 olim
1434 3425 1685 3493 vidimus,
1720 3424 1816 3479 ba-

248 3506 447 3577 bebant,
476 3522 628 3584 atque
672 3516 774 3585 ipsi
810 3519 1032 3574 maxime
1058 3520 1186 3575 dicte
1228 3517 1415 3576 Frutes
1446 3521 1581 3587 Seaz,
1613 3523 1666 3577 in
1693 3522 1814 3577 aliis

251 3611 375 3666 erat,
397 3601 686 3663 Frutissete.
712 3606 1006 3679 Scripsisse
1026 3613 1380 3683 Augustinum
1404 3614 1598 3683 Opinor
1627 3632 1640 3669 :
1670 3615 1817 3671 Divce

254 3690 425 3764 frugis,
457 3696 611 3752 δεὶω.
644 3699 822 3755 Sciam
849 3704 933 3758 vel
960 3703 1119 3759 Seam
1142 3716 1299 3761 vocat
1324 3707 1479 3761 deam
1508 3708 1694 3778 frugis,
1726 3709 1816 3764 cui

254 3786 463 3840 maxime
487 3790 734 3857 agricolae
752 3792 1121 3862 supplicabant
1140 3806 1193 3850 ut
1220 3796 1521 3852 ubertatem
1544 3798 1815 3853 fructuum

252 3876 573 3933 secundaret.
606 3881 756 3935 Hanc
786 3883 926 3938 idem
954 3886 1282 3955 Augustinus
1313 3887 1407 3942 lib.
1434 3903 1647 3959 tv,cap.
1672 3889 1727 3956 8,
1751 3905 1819 3945 ex

256 3961 477 4023 Varrone
503 3970 637 4026 dicit
664 3975 938 4043 segetibus
961 3980 1299 4048 prazpositam
1329 3980 1496 4034 fuisse
1521 4025 1536 4049 ,
1581 3982 1820 4050 quanditt

244 4058 341 4112 sub
388 4073 522 4117 terra
570 4056 774 4122 essent.
831 4070 1037 4126 Plinius
1079 4088 1109 4127 a
1148 4073 1381 4130 serendo
1416 4076 1592 4131 Sciam
1622 4077 1819 4134 dictam

244 4159 476 4207 autumat
504 4154 598 4209 lib.
626 4173 776 4225 xvut,
804 4175 923 4231 cap.
956 4161 1011 4217 2.
1216 4182 1217 4185 ‘

311 4238 433 4310 Cap.
460 4244 551 4299 51.
577 4245 714 4302 Dicit
746 4252 879 4304 idem
902 4262 1083 4307 auctor
1124 4258 1446 4312 acutissimus
1474 4259 1698 4331 (Varro)
1736 4269 1820 4314 at-

242 4347 338 4399 que
360 4336 681 4395 doctissimus
721 4347 857 4410 quod
898 4347 951 4400 lii
979 4349 1079 4402 soli
1106 4350 1152 4402 ei
1183 4351 1453 4405 videantur
1494 4354 1821 4408 animadver-

242 4424 362 4477 tisse
388 4430 507 4491 quid
532 4442 660 4485 esset
690 4433 849 4501 Deus,
880 4439 969 4507 qui
988 4440 1311 4495 crediderunt
1331 4459 1447 4496 eum
1468 4458 1576 4496 esse
1595 4446 1823 4498 animum

248 4525 385 4605 Motu
409 4537 466 4573 ac
489 4524 688 4578 ratione
713 4529 963 4581 mundum
987 4532 1398 4605 gubernantem]
1425 4534 1534 4590 Vox
1561 4548 1723 4602 motu,
1742 4538 1824 4592 in-

244 4603 363 4693 quit
384 4608 558 4667 Justus
592 4615 808 4685 Lipsius
862 4619 1216 4693 Physiologize
1266 4603 1571 4680 Stoicorum
1619 4628 1713 4681 lib.
1763 4644 1821 4693 ιι,

1905 2039 2029 2099 ptas,
2060 2029 2149 2084 ubi
2188 2028 2356 2082 fatum
2395 2028 2487 2083 ille
2530 2026 2805 2083 contendit
2843 2026 3090 2081 ell'ectum
3141 2039 3260 2080 esse
3307 2025 3486 2095 provi.

1904 2121 2103 2176 dentiae
2133 2120 2351 2187 divina,
2398 2118 2542 2191 quod
2588 2128 2642 2175 et
2687 2128 2899 2175 veteres
2950 2118 3149 2173 multos
3193 2117 3492 2175 credidisse

1910 2212 2175 2268 ostendit.

1978 2304 2109 2374 Cap.
2135 2304 2224 2360 10.
2250 2305 2536 2375 Postquam
2564 2320 2682 2374 cap.
2709 2304 2743 2358 9
2766 2303 3047 2374 proposuit
3068 2302 3489 2372 argumentatio-

1908 2413 2032 2453 nem
2061 2396 2361 2465 Ciceronis,
2393 2413 2498 2468 qua
2522 2399 2748 2466 probare
2776 2397 3093 2462 conabatur,
3121 2396 3168 2451 si
3197 2394 3322 2464 quid
3352 2404 3495 2450 esset

1910 2491 1965 2545 in
1998 2501 2179 2547 nostra
2210 2500 2494 2563 potestate,
2538 2491 2588 2545 id
2624 2508 2652 2545 a
2693 2491 2804 2545 Deo
2842 2501 2990 2545 certo
3040 2504 3147 2543 non
3190 2488 3494 2558 praevideri,

1910 2584 2034 2653 quia
2057 2592 2266 2652 poterat
2287 2599 2390 2638 non
2411 2584 2753 2652 contingere;
2781 2592 2873 2636 aut
2894 2583 2938 2637 si
2963 2582 3142 2636 omnia
3163 2596 3192 2634 a
3216 2582 3326 2636 Deo
3348 2589 3497 2635 certo

1912 2677 2358 2753 pmviderentur,
2410 2677 2544 2731 nihil
2581 2690 2704 2731 esse
2731 2678 2782 2730 in
2814 2686 2996 2731 nostra
3039 2685 3325 2746 potestate,
3367 2675 3497 2745 quia

1912 2770 2220 2823 necessario
2245 2784 2423 2823 omnia
2456 2770 2667 2823 ﬁerent.
2700 2769 2882 2839 Capite
2913 2770 2980 2824 10
3003 2769 3293 2841 respondet
3316 2768 3497 2839 Augu-

1914 2862 2086 2915 stinus
2112 2901 2128 2927 ,
2180 2861 2275 2916 sed
2308 2862 2379 2915 ita
2416 2871 2474 2915 ut
2497 2862 2605 2914 vim
2634 2861 2952 2929 objectionis
2981 2878 3086 2917 non
3119 2862 3373 2926 sensisse,
3406 2870 3499 2916 aut

1914 2951 2307 3020 dissimulasse,
2363 2954 2407 3008 si
2455 2953 2642 3015 sensit.
2688 2954 2949 3008 videatur.
2981 2953 3102 3008 Non
3129 2969 3269 3023 ergo,
3302 2952 3498 3022 inquit,

1916 3054 2187 3117 propterea
2217 3045 2348 3099 nihil
2374 3054 2444 3098 est
2470 3046 2523 3099 in
2546 3054 2722 3099 nostra
2751 3047 3029 3112 voluntate,
3054 3046 3178 3116 quia
3205 3040 3346 3099 Deus
3371 3060 3500 3111 prce.

1915 3139 2062 3193 scivit
2101 3138 2224 3206 quid
2268 3142 2499 3209 futurum
2526 3148 2650 3192 esset
2690 3139 2743 3191 in
2780 3146 2954 3192 nostra
2986 3139 3262 3191 voluntate.
3308 3137 3379 3191 At
3416 3136 3501 3190 Cia

1917 3244 2044 3287 cero
2074 3230 2281 3285 dixerat
2318 3230 2366 3283 in
2393 3241 2566 3285 nostra
2596 3238 2861 3300 potestate,
2898 3230 2999 3284 hoc
3031 3238 3134 3295 est,
3164 3227 3307 3299 quod
3349 3238 3503 3296 pcte-

1922 3337 2103 3377 ramus
2133 3323 2277 3377 nolle
2301 3331 2393 3376 aut
2422 3322 2594 3385 velle;
2628 3322 2698 3375 ita
2724 3331 2781 3375 ut
2809 3320 2874 3375 ad
2903 3321 3042 3377 alter
3069 3330 3247 3375 utrum
3282 3334 3387 3374 non
3417 3333 3502 3373 cs-

1920 3423 2005 3470 set
2031 3416 2340 3469 necessario
2365 3413 2558 3468 inﬂexa
2589 3413 2870 3479 voluntas;
2922 3412 3371 3482 quemadmodttm
3422 3415 3505 3465 est

1922 3518 2110 3563 natura
2137 3522 2234 3561 sua
2255 3508 2325 3563 ita
2359 3506 2568 3572 all'ecta,
2602 3519 2659 3562 ut
2686 3508 2899 3562 veritati
2921 3506 3217 3562 manifestae
3241 3504 3505 3581 assentia-

1923 3612 2033 3667 tur,
2057 3611 2220 3672 utque
2252 3600 2635 3655 beatitudinem
2667 3609 2836 3670 optet.
2868 3599 3201 3669 Augustinus
3232 3599 3339 3659 hic,
3367 3604 3425 3650 ut
3450 3602 3506 3649 et

1923 3693 2075 3758 alibi,
2108 3693 2453 3747 uoluntarium
2478 3704 2533 3746 et
2562 3693 2776 3746 liberant
2806 3690 3104 3755 confundit,
3137 3705 3255 3760 quae
3287 3691 3341 3742 in
3386 3703 3507 3742 ont-

1925 3787 2073 3838 nium
2116 3784 2390 3838 hominum
2416 3798 2664 3838 sermone
2691 3783 2942 3837 distincta
2968 3792 3123 3848 sunt;
3162 3796 3285 3836 nam
3313 3780 3510 3835 volun-

1926 3884 2034 3929 tate
2071 3874 2287 3944 quidem
2326 3874 2654 3929 assentimur
2693 3873 2931 3929 evidenti
2980 3872 3371 3937 euuntiationi,
3411 3871 3508 3925 sed

1927 3984 2035 4023 non
2066 3967 2271 4033 libere;
2304 3978 2358 4022 et
2382 3968 2656 4022 voluntate
2706 3968 2956 4023 similiter
3004 3967 3253 4036 cupimus
3279 3966 3509 4020 felicita-

1926 4070 2034 4116 tem
2060 4100 2077 4124 ,
2135 4059 2231 4114 sed
2284 4074 2390 4113 non
2425 4058 2627 4125 libere;
2663 4074 2838 4128 neque
2883 4060 3025 4114 enim
3058 4074 3338 4129 possumus
3368 4058 3510 4114 nolle

1928 4151 2269 4208 evidentibus
2296 4152 2547 4207 assentiri
2575 4161 2665 4206 aut
2714 4152 2860 4208 nolle
2903 4168 3026 4208 esse
3070 4152 3275 4221 felices,
3313 4162 3404 4207 aut
3445 4152 3512 4207 de

1929 4246 2077 4300 hisce
2102 4245 2427 4300 deliberare.
2459 4242 2651 4300 Subdit
2674 4261 2691 4300 :
2717 4244 2839 4299 Non
2864 4247 2995 4299 enim
3018 4247 3104 4315 qui
3125 4246 3219 4300 hoc
3242 4245 3511 4311 praesciuit,

1927 4337 2061 4391 nihil
2084 4338 2360 4408 prwscivil.
2393 4336 2591 4393 Verum
2622 4352 2729 4392 non
2755 4339 2970 4409 negavit
2996 4339 3188 4395 Cicero
3229 4339 3392 4393 Deum
3415 4336 3513 4393 ali-

1928 4428 2055 4498 quid
2080 4428 2357 4498 prtescire,
2402 4428 2498 4483 sed
2522 4430 2785 4484 duntaxat
2808 4444 2927 4499 quae
2951 4439 3075 4485 sunt
3103 4431 3291 4487 libera.
3322 4428 3511 4495 Porro,

1928 4520 2003 4574 ait
2029 4521 2381 4589 Augustinus,
2412 4521 2459 4573 si
2485 4521 2575 4574 ille
2597 4522 2723 4591 quid
2751 4522 3001 4591 praesciuit
3024 4522 3146 4591 quid
3174 4526 3407 4593 futurum
3436 4527 3521 4574 es-'

1928 4622 2002 4666 set
2051 4612 2105 4664 in
2153 4622 2327 4665 nostra
2356 4613 2637 4682 voluntate,
2668 4629 2768 4666 non
2796 4615 2970 4683 utique
3018 4614 3166 4680 nihil,
3198 4614 3288 4667 sed
3315 4612 3515 4683 aliquid

179 4778 182 4783 ἢ
246 4691 457 4751 dissert.
480 4697 564 4764 10,
589 4716 693 4754 non
720 4686 1318 4780 υιηηίηοᾙίεεοῖινεηίι,
1349 4719 1536 4783 [δίδοτ’
1560 4726 1616 4771 ει
1642 4686 1823 4773 νει-ίυέ
1850 4686 1905 4749 Ῐ)
1932 4706 2185 4775 prescioit
2226 4706 2452 4775 profecto
2477 4715 2522 4759 et
2542 4705 2634 4759 illo
2665 4707 2987 4775 prtesciente,
3015 4716 3085 4760 est
3114 4707 3311 4776 aliquid
3336 4708 3388 4760 in
3415 4723 3511 4759 no-

247 4794 425 4841 tamen
461 4792 673 4846 credam
715 4807 901 4850 mente.
946 4799 1162 4865 Cicero,
1204 4805 1223 4855 Ι
1269 4807 1431 4860 Acad.
1470 4808 1538 4861 de
1577 4808 1819 4864 Stoicis:

249 4873 499 4933 Mundam
520 4894 706 4937 natura
733 4889 981 4942 sentiente
1007 4893 1189 4959 teneri,
1217 4894 1271 4947 in
1298 4912 1400 4963 qua
1428 4899 1561 4951 ratio
1599 4902 1825 4969 per‘ecta

248 4977 393 5033 insit,
440 4989 551 5040 quae
586 4977 651 5029 sit
700 4980 876 5033 eadem
913 4985 1240 5052 sempiterna.
1288 4988 1456 5054 Quam
1477 4994 1574 5044 vim
1592 4995 1825 5047 animum

251 5073 357 5112 esse
378 5062 546 5117 dicunt
563 5070 760 5137 mundi,
787 5075 1112 5143 eamdemque
1131 5093 1239 5131 esse
1256 5089 1477 5135 mentem
1497 5086 1801 5154 sapientiam

254 5166 349 5217 que
375 5158 663 5228 perfectam,
706 5180 860 5232 quam
888 5165 1053 5222 Deum
1096 5173 1289 5228 dicunt.
1348 5175 1490 5230 Nihil
1539 5188 1715 5235 tamen
1776 5182 1831 5235 in

258 5245 463 5313 vulgata
507 5252 737 5310 lectione
783 5260 1091 5317 mutandum
1121 5279 1221 5333 ego
1263 5268 1479 5333 quidem
1507 5285 1724 5336 censeo,
1756 5275 1835 5329 sic

260 5340 396 5431 enim
425 5341 586 5398 ferme
616 5345 825 5403 locutus
851 5362 934 5405 est
955 5354 1224 5423 Manilius,
1252 5375 1357 5413 non
1383 5366 1566 5431 procul
1589 5366 1657 5422 ab
1676 5367 1831 5423 initio

262 5426 381 5483 libri
409 5447 463 5496 ιι,
491 5435 578 5489 ubi
618 5437 749 5493 dicit
777 5444 881 5497 sibi
910 5449 1260 5506 constitutum
1290 5426 1413 5510 esse
1440 5470 1639 5514 canere
1671 5458 1835 5516 Deum

264 5525 431 5577 omnia
461 5530 827 5589 moderantem

385 5637 650 5712 lutumque
674 5646 866 5698 alterno
888 5664 1125 5704 consensu
1148 5658 1319 5707 vivere
1355 5664 1583 5712 mundum

458 5717 667 5779 altricis-is
684 5712 772 5779 agi
787 5726 933 5779 nuru,
963 5729 1073 5764 cum
1096 5699 1439 5779 spiri'titsvttiius

391 5762 478 5810 Per
498 5769 676 5815 vinctas
702 5762 883 5822 babitet
912 5762 1211 5837 [Salii-{iiii

340 5861 491 5921 Llutto
522 5885 570 5923 ν.
599 5870 723 5943 Cap.
754 5872 798 5929 l.
836 5874 1077 5949 ⁸Ριονειιρ
1108 5882 1277 5937 divina
1324 5888 1642 5954 providentia
1682 5907 1838 5965 regna

1933 4807 2041 4851 stra
2083 4794 2364 4850 uoluntate.
2400 4796 2598 4851 Verum
2631 4807 2730 4862 est,
2770 4799 2863 4853 sed
2888 4797 3080 4854 Cicero
3110 4809 3357 4869 negasSet
3386 4800 3515 4854 illud

1932 4888 2075 4958 quod
2097 4889 2150 4943 in
2178 4898 2361 4943 nostra
2394 4889 2667 4943 voluntate
2700 4890 2932 4944 futurum
2966 4894 3175 4960 prmscit
3205 4892 3366 4957 Deus,
3396 4908 3517 4948 esse

1935 4981 1990 5035 in
2020 4988 2199 5034 nostra
2247 4989 2525 5051 potestate;
2572 4981 2748 5050 qualia
2797 4992 2923 5037 sunt
2963 4995 3149 5053 optare
3179 4985 3513 5052 felicitatem,

1939 5074 2342 5144 perspicuisque
2371 5074 2656 5139 assentiri;
2687 5090 2806 5144 quae
2836 5087 2957 5130 sunt
2986 5077 3196 5145 quidem
3241 5076 3292 5130 iu
3330 5079 3518 5132 volnn~

1941 5176 2050 5223 tate
2081 5177 2287 5233 nostra,
2332 5169 2574 5223 volentes
2604 5169 2745 5224 enim
2799 5170 3123 5225 assentimur
3158 5179 3212 5225 et
3249 5172 3518 5240 cupimus,

1938 5260 2035 5316 sed
2064 5275 2168 5314 non
2196 5262 2250 5314 in
2271 5271 2445 5315 nostra
2470 5268 2739 5331 potestate,
2765 5276 2885 5316 cum
2912 5262 2962 5316 in
2998 5265 3266 5319 contraria
3295 5265 3376 5319 ire
3411 5281 3519 5321 non

1944 5353 2235 5422 possimus.

2020 5445 2272 5509 Quocirca
2300 5445 2444 5499 nullo
2469 5448 2619 5500 modo
2648 5438 2897 5516 cogimur,
2947 5448 3118 5518 inquit
3169 5450 3523 5520 philosophus

1947 5534 2171 5599 Penus,
2214 5544 2305 5588 aut
2345 5544 2543 5589 retenta
2568 5537 2888 5604 prwscientia
2910 5535 3006 5592 Dei
3031 5540 3208 5594 tollere
3252 5542 3524 5596 voluntatis

1945 5626 2213 5680 arbitrium
2244 5627 2362 5696 (cur
2389 5642 2494 5681 non
2527 5628 2674 5683 addit
2696 5631 2907 5683 liberum
2927 5630 2995 5700 ?),
3024 5641 3113 5686 aut
3132 5644 3322 5689 retento
3342 5636 3497 5688 volun
3526 5673 3532 5679 ς

1945 5716 2063 5769 tatis
2087 5718 2300 5770 arbitrio
2314 5717 2638 5784 (addendum
2664 5730 2777 5774 erat
2796 5722 2976 5786 libero,
3008 5724 3110 5778 hoc
3138 5734 3221 5779 est
3244 5726 3295 5779 in
3322 5737 3495 5778 utram

1944 5820 2050 5874 que
2080 5816 2286 5873 partem
2336 5806 2547 5878 ﬂexili),
2604 5808 2791 5881 Deum,
2835 5814 2972 5879 quod
3021 5815 3166 5883 nefas
3211 5826 3302 5880 est,
3350 5833 3525 5887 negari

1944 5894 2229 5976 messium,
2274 5896 2589 5977 futurorum.
2644 5901 2756 5962 Sed
2824 5914 3095 5977 utrumque
3152 5907 3526 5979 amplectimur,
