3974 6356
497 288 590 346 467

1379 282 1929 345 SUPPLEMENTUM
1967 286 2058 343 AD
2107 284 2338 342 OPERA
2377 285 2434 341 S.
2475 283 2868 344 AUGUSTINI.

3627 291 3711 349 468

497 414 770 477 utrumque
793 405 1010 476 ﬁdeliter
1031 413 1076 460 et
1096 404 1335 459 veraciter
1361 405 1693 473 conﬁtemur;
1720 403 1851 458 illud
1874 412 1927 457 ut
1947 402 2069 455 bene
2094 407 2151 466 Α
2172 404 2470 458 redderetur
2503 418 2694 458 merces
2743 402 2887 454 bonis
2942 398 3136 453 artibus
3183 414 3356 454 eorum
3379 439 3397 468 ,
3449 403 3500 453 id
3552 415 3614 458 est
3634 408 3715 460 bir-

498 500 809 566 credamus;
844 500 940 553 Itoc
966 508 1018 552 ut
1042 498 1172 553 bene
1210 498 1458 551 vivamus.
1512 496 1652 551 Male
1681 508 1848 551 autem
1875 497 2076 559 vivitur,

2182 496 2370 547 tatibus
2393 494 2575 562 quibus
2595 493 2663 546 ad
2683 502 2879 546 tantam
2899 491 3115 562 gloriam
3137 491 3393 559 pervenire
3413 491 3714 570 nitebantr.]

498 592 542 642 si
575 589 638 642 de
661 588 770 643 Deo
822 606 921 643 non
947 590 1070 643 bene
1109 590 1353 643 creditur.
1398 588 1673 643 Postrema
1709 589 1824 643 haec
1851 588 2079 642 libenter
2179 588 2354 641 Antea
2380 594 2557 641 tamen
2588 584 2824 640 ostendit
2852 598 2943 638 eas
2973 582 3201 637 virtutes
3226 581 3396 637 fuisse
3416 597 3559 639 mera
3576 586 3714 656 vitia;

499 679 896 747 amplectimur,
928 680 1021 733 sed
1048 680 1094 733 si
1116 679 1305 734 Cicero
1335 680 1597 734 excitatus
1618 695 1684 733 ex
1712 694 1841 733 orco
1864 678 2076 744 fuisset,

498 778 591 822 aut
621 769 665 823 si
692 768 1074 824 Ciceronianus
1116 770 1309 839 aliquis
1348 771 1699 839 philosophus
1752 771 2082 835 reposuisset

498 861 822 929 Augustino,
853 870 1103 929 negasset
1140 861 1207 915 ah
1240 861 1537 929 Augustino
1582 861 1805 915 retineri
1851 860 2079 915 liberum

499 950 809 1016 arbitrium;
842 952 985 1020 quod
1008 966 1106 1007 nec
1128 952 1216 1007 ille
1242 952 1518 1017 dillitetur,
1551 967 1672 1007 cum
1693 961 1843 1007 extra
1868 963 2084 1025 contro-

499 1041 695 1097 versis:
725 1051 913 1097 aestum
944 1044 1200 1113 loquitur.
1232 1043 1369 1099 Vide
1392 1044 1736 1100 Enchiridion
1760 1044 1829 1100 ad
1848 1044 2083 1099 Lauren-

500 1136 631 1189 tium
654 1152 775 1206 cap.
808 1137 893 1202 30,
923 1139 974 1192 in
1005 1148 1150 1193 tome
1174 1139 1259 1195 Vl.

570 1227 751 1300 Pergit
786 1248 798 1282 :
826 1230 1055 1286 Proinde
1081 1249 1183 1287 non
1208 1234 1402 1302 frustra
1427 1243 1547 1289 sunt
1578 1233 1734 1304 leges,
1770 1233 2086 1306 objurgatio-

500 1337 613 1390 nes,
653 1324 1052 1389 exhortationes,
1109 1325 1287 1380 laudes
1337 1335 1383 1380 et
1432 1326 1858 1397 vituperationes;
1889 1325 2011 1396 quia
2040 1333 2089 1379 et

503 1418 641 1486 ipsas
670 1419 873 1485 futuras
900 1435 1006 1473 esse
1031 1420 1283 1484 prtescivit
1305 1428 1351 1472 et
1377 1420 1545 1474 valent
1587 1419 1886 1490 plurimum,
1925 1434 2091 1485 quan-

510 1521 618 1564 tum
646 1528 731 1565 eas
758 1512 1004 1567 valituros
1042 1529 1152 1567 esse
1188 1514 1473 1583 praesciuit,-
1518 1522 1567 1566 et
1608 1528 1776 1581 preces
1814 1512 1981 1565 valent
2020 1511 2089 1565 ad

506 1620 573 1657 ea
602 1605 953 1673 impetranda;
1001 1621 1116 1675 qua:
1143 1622 1197 1658 se
1230 1607 1554 1675 precantibus
1592 1621 1956 1660 concessurum
1984 1618 2091 1658 esse

506 1697 791 1765 prtescivit;
818 1706 868 1750 et
883 1696 1261 1768 juste'prazmia
1285 1700 1428 1753 bonis
1452 1698 1625 1768 factis,
1648 1708 1698 1752 et
1729 1698 1947 1768 peccatis
1972 1714 2093 1768 sup-

2181 693 2328 742 nam,
2353 687 2407 730 ut
2434 678 2508 731 ait
2530 692 2648 745 cap.
2680 678 2770 742 15,
2800 692 2954 729 causa
2987 674 3220 737 honoris,
3267 674 3438 728 laudis
3474 685 3519 729 et
3556 677 3723 747 gloria,

2182 769 2547 823 consuluerunt
2568 769 2768 834 patrita,
2782 768 2839 821 in
2867 783 2970 837 qua
2990 766 3157 836 ipsum
3181 765 3400 835 gloriam
3421 768 3725 839 requirebant,

2183 860 2503 931 salutemque
2520 862 2633 925 eius
2662 859 2820 913 saluti
2845 859 3029 929 patria:
3057 874 3354 929 prcpouere
3380 876 3482 912 non
3502 859 3731 918 dubitass-

2183 961 2335 1017 runt;
2364 968 2458 1022 pro
2488 953 2584 1005 isto
2610 967 2712 1006 uno
2734 952 2873 1012 vitio,
2916 951 2970 1004 id
3002 959 3074 1004 est
3108 966 3283 1003 amore
3308 949 3502 1016 laudis,
3541 957 3732 1020 pecunia

2185 1042 2515 1111 cupiditatem
2561 1050 2612 1095 et
2669 1042 2833 1096 multa
2880 1042 2987 1095 alia
3034 1042 3156 1095 vitia
3201 1042 3601 1111 comprimentes.
3640 1045 3728 1101 Sed

2189 1142 2478 1204 propterea
2502 1134 2643 1188 Deus
2657 1133 2723 1187 iis
2740 1133 3019 1187 mercedem
3036 1147 3142 1187 non
3153 1132 3359 1197 debuit,
3374 1142 3728 1204 praestaretque

2188 1225 2367 1281 dicere
2389 1226 2554 1281 Deum
2579 1240 2795 1295 passum
2816 1239 2954 1290 esse,
2979 1225 3250 1279 autetiam
3266 1228 3433 1280 certis
3458 1224 3525 1278 de
3548 1228 3734 1281 rationi.

2187 1319 2312 1389 bus,
2339 1319 2433 1375 sed
2458 1318 2617 1374 nobis
2636 1319 2856 1388 ignotis,
2890 1319 3127 1375 voluisse
3152 1327 3214 1373 ut
3239 1331 3422 1373 rerum
3453 1319 3737 1388 potirentur,
3774 1328 3778 1385 ῖ

2194 1409 2370 1479 potius
2394 1425 2553 1480 quam
2580 1409 2717 1464 alius
2739 1409 2985 1479 populus.
3018 1409 3135 1463 Duo
3158 1418 3423 1477 przeterea
3453 1408 3520 1462 ad
3548 1411 3653 1464 haec
3669 1425 3741 1464 ac-

2192 1501 2387 1557 cedunt
2411 1542 2426 1567 ,
2470 1516 2703 1571 quorum
2726 1501 2876 1571 prius
2913 1510 2999 1556 est
3042 1502 3292 1571 antiquos
3342 1500 3607 1555 Romanos
3632 1503 3741 1559 tales

2194 1608 2300 1649 non
2336 1591 2501 1647 fuisse
2537 1592 2721 1661 quales
2759 1592 3049 1662 aliquando
3079 1608 3110 1645 a
3141 1592 3429 1663 nepotibus
3455 1592 3739 1648 describun-

2197 1695 2302 1751 tur,
2345 1685 2487 1755 quod
2524 1685 2916 1743 demonstravit
2961 1685 3078 1755 ipse
3123 1687 3459 1755 Augustinus
3492 1686 3584 1742 lib.
3613 1702 3667 1755 ιι,
3690 1689 3742 1743 ad

508 1788 667 1855 plicia
689 1790 967 1843 constituta
995 1800 1133 1845 sunt.
1188 1791 1425 1860 Utraque
1478 1801 1659 1847 essent
1697 1792 1893 1860 injuste
1913 1829 1929 1854 ,
1978 1791 2022 1844 si
2060 1805 2090 1845 a
2123 1780 2173 1842 Β
2198 1780 2563 1863 αυειιιοθιὶαιη
2613 1780 2815 1849 aliquid
2858 1795 2924 1836 ea
2949 1779 3021 1836 de
3049 1795 3109 1836 re
3130 1781 3394 1835 diximus.
3420 1782 3652 1837 Alteru
3677 1796 3744 1838 est

506 1879 663 1934 bonis
690 1879 846 1937 lactis
866 1889 921 1936 et
953 1883 1186 1950 peccatis
1205 1882 1478 1939 abstinere
1495 1899 1601 1938 non
1626 1883 1794 1953 magis
1816 1897 2096 1952 possemus

508 1986 669 2041 quam
708 1973 773 2027 ab
812 1980 1039 2029 assensu
1082 1976 1377 2045 praebendo
1422 1975 1661 2031 evidenti
1710 1975 2093 2038 enuntiationi,

509 2072 604 2117 aut
630 2079 661 2118 a
683 2066 1115 2135 concupiscenda
1146 2068 1499 2126 beatitudine.
1530 2068 1759 2136 Reliqua
1789 2070 1951 2124 etiam
1974 2067 2096 2124 ideo

517 2170 629 2209 non
663 2155 864 2211 frustra
889 2168 1037 2226 sunt,
1066 2160 1210 2229 quod
1246 2160 1490 2215 homines
1520 2160 1629 2215 sint
1661 2159 1839 2226 liberi,
1870 2161 1971 2213 hoc
1991 2169 2091 2223 est,

508 2261 619 2302 non
669 2255 875 2302 tantum
923 2249 1148 2305 volentes
1196 2261 1440 2319 peccent,
1476 2266 1631 2306 mens
1668 2252 1814 2306 enim
1869 2252 2097 2305 humana

509 2351 621 2392 non
642 2337 799 2393 aliter
823 2355 985 2408 quam
1010 2342 1242 2397 volendo
1268 2344 1396 2413 agit,
1422 2343 1517 2399 sed
1539 2344 1705 2398 etiam
1726 2344 1916 2409 libere,
1946 2344 2015 2397 ita
2041 2353 2099 2397 ut

510 2429 656 2485 nolle
681 2432 955 2500 potuerint
986 2434 1126 2503 quod
1151 2437 1455 2501 voluerunt,
1486 2444 1542 2491 et
1561 2435 1703 2491 velle
1741 2436 1884 2506 quod
1912 2436 2099 2489 nolue-

508 2530 656 2575 runt.
699 2522 903 2592 Legum
935 2540 1067 2594 quas
1106 2525 1248 2581 Deus
1290 2527 1395 2583 fert
1443 2528 1710 2584 creaturis
1760 2528 1944 2583 liberis
1987 2543 2095 2582 non

508 2622 592 2666 est
623 2615 759 2670 ratio
789 2616 1123 2684 praescientia
1144 2657 1159 2683 ,
1200 2617 1295 2674 sed
1337 2618 1638 2675 sanctitatis
1663 2619 1759 2675 Dei
1790 2628 1845 2675 et
1886 2627 2099 2675 creatu-

507 2715 691 2757 rarum
720 2704 965 2761 libertas.

579 2791 762 2865 Neque
794 2798 927 2852 enim
950 2798 1066 2854 ideo
1096 2809 1269 2872 peccat
1292 2802 1468 2867 homo,
1500 2804 1622 2871 quia
1642 2801 1781 2856 Deus
1803 2802 1951 2856 illum
1972 2818 2095 2870 ,pec-

508 2894 745 2941 saturum
775 2906 883 2944 esse
908 2893 1181 2961 prtzscivit.
1220 2894 1459 2949 Melioris
1489 2904 1631 2952 notas
1675 2896 1907 2962 codices,
1936 2904 1993 2952 ut
2023 2905 2099 2952 te-

509 2989 723 3035 stantur
761 2983 1130 3057 Benedictini,
1196 2988 1396 3045 habent
1437 2989 1525 3047 hic
1557 3009 1569 3042 :
1613 2989 1796 3062 Neque
1824 2993 1956 3045 enim
1983 2992 2100 3045 ideo

506 3088 611 3126 non
638 3086 830 3145 peccat.
867 3078 973 3133 Sed
1001 3080 1201 3149 duplex
1232 3082 1348 3138 hasc
1385 3085 1599 3153 negatio
1627 3086 1748 3154 plus
1785 3100 1897 3139 non
1938 3085 2089 3141 vide-

2196 1872 2399 1926 vicinas
2449 1884 2636 1942 gentes
2684 1873 2872 1939 Italize,
2922 1884 3015 1928 aut
3041 1874 3205 1929 etiam
3241 1872 3487 1938 Graecia,
3518 1874 3742 1944 aliasque,

2199 1980 2330 2034 quas
2361 1981 2664 2021 memorare
2691 1966 2825 2021 nihil
2854 1967 3065 2032 attinet,
3112 1976 3449 2036 nequaquam
3486 1967 3744 2023 deteriores

2198 2058 2361 2112 fuisse
2382 2072 2538 2127 quam
2562 2068 2770 2113 veteres
2793 2058 3085 2123 Romanos,
3102 2058 3176 2113 ad
3206 2073 3387 2113 mones
3410 2058 3551 2128 quod
3569 2060 3743 2123 attinet,

2197 2164 2261 2205 ac
2292 2148 2518 2219 proinde
2552 2148 2663 2204 Deo
2690 2149 3011 2219 ingratiores
3039 2164 3147 2208 non
3180 2150 3368 2204 fuisse.

2268 2244 2399 2313 Cap.
2430 2245 2516 2299 17.
2544 2242 2798 2313 Nunquid
2828 2260 2929 2299 non
2958 2244 3109 2298 multi
3134 2254 3398 2299 senatores
3426 2244 3631 2311 sunt,itt
3653 2244 3745 2297 aliis

2199 2336 2369 2398 terris,
2401 2335 2488 2401 qui
2514 2335 2737 2391 Romam
2765 2354 2825 2391 ne
2854 2336 2985 2405 facie
3007 2338 3213 2406 quidem
3246 2336 3495 2409 nonani]
3531 2334 3636 2390 Non
3670 2351 3745 2389 no-

2199 2442 2323 2483 vum
2355 2427 2457 2483 hoc
2485 2428 2586 2483 iuit
2618 2438 2862 2498 tempore
2905 2430 3210 2498 Augustini,
3235 2430 3345 2499 iam
3374 2427 3747 2498 tempore-Clan-

2202 2521 2295 2587 dii,
2330 2535 2452 2576 cum
2475 2521 2664 2577 Callias
2689 2521 2929 2577 Comata
2952 2523 3146 2578 incolas
3176 2522 3416 2579 honores
3429 2520 3532 2579 sibi
3557 2522 3745 2577 concedi

2200 2615 2388 2670 Romae
2416 2615 2772 2683 postularent,
2807 2616 2964 2685 vulgo
2992 2615 3110 2669 Itali
3138 2616 3478 2685 quaerebant,
3506 2617 3582 2669 Att
3602 2629 3749 2683 parum

2199 2710 2337 2778 quod
2371 2708 2550 2764 Veneti
2572 2720 2619 2763 et
2650 2707 2891 2763 Insubres
2920 2708 3131 2762 Curiam
3160 2710 3471 2780 irruperittl,
3513 2709 3605 2763 nisi
3625 2718 3748 2760 cactus

2202 2801 2609 2871 alienigenarum
2655 2802 2814 2857 veluti
2860 2802 3128 2871 captivitas
3190 2802 3522 2872 inferretur?
3567 2799 3749 2854 Tacitus

2201 2893 2398 2950 Annal.
2425 2894 2516 2951 lib.
2553 2911 2633 2961 λι,
2656 2910 2777 2963 cap.
2812 2895 2904 2950 25.
3554 2965 3558 2970 ,

2275 2988 2439 3043 Lmae
2468 3003 2539 3042 v1.
2574 2987 2705 3057 Cap.
2740 2988 2793 3052 1,
2837 2988 2868 3058 §
2906 2988 2962 3041 2.
3004 2990 3084 3041 An
3123 3002 3241 3042 vero
3276 2986 3360 3041 illi
3407 2984 3684 3057 peritissimi
3711 2992 3747 3035 et

2204 3083 2486 3136 acutissimi
2513 3082 2631 3148 viri,
2675 3082 2765 3149 qui
2804 3096 2858 3137 se
2895 3098 2986 3151 pro
3009 3097 3199 3151 magno
3225 3081 3472 3150 beneﬁcio
3500 3079 3748 3146 conscripta

507 3171 595 3218 tur
620 3167 797 3223 valere
839 3184 997 3238 quam
1032 3187 1166 3239 una;
1193 3188 1296 3241 qua
1327 3174 1395 3229 de
1422 3191 1480 3231 re
1510 3176 1634 3231 vide
1673 3176 1901 3231 Gerard.
1931 3176 2088 3234 Joan.
2119 3158 2166 3223 ο
2199 3179 2431 3235 docuisse
2454 3178 2747 3248 gloriantur
2776 3176 2996 3249 (Varro,
3040 3176 3110 3230 de
3134 3189 3240 3244 quo
3266 3176 3381 3245 egit
3413 3175 3507 3230 lib.
3546 3189 3613 3241 iv,
3652 3186 3747 3238 cap.

505 3253 780 3327 Vossium,
815 3260 882 3316 de
909 3263 1043 3318 Arte
1067 3269 1415 3335 grammatica
1451 3268 1547 3322 lib.
1580 3285 1673 3335 vn,
1695 3285 1813 3340 cap.
1848 3269 1939 3325 61.
1986 3270 2094 3326 Aut

504 3356 591 3403 est
616 3349 783 3405 altera
808 3355 1025 3424 negatio
1054 3361 1303 3427 ponenda
1331 3360 1383 3414 in
1415 3362 1789 3431 sequentibus,
1811 3364 1935 3431 quia
1959 3363 2094 3419 Deus

504 3441 654 3496 illum
676 3462 779 3500 non
805 3459 1133 3519 peccaturum
1169 3469 1275 3506 esse
1305 3456 1578 3523 prazscivit.
1614 3456 1961 3512 Verissimum
1990 3457 2095 3514 hoc

504 3540 611 3599 est,
636 3538 731 3590 sed
763 3541 1094 3608 reposuisset
1122 3543 1509 3601 Ciceronianus
1544 3547 1687 3613 ideo,
1718 3564 1785 3604 ex
1808 3548 2094 3618 Augustini

502 3629 778 3684 sententia
809 3630 1081 3688 hominem
1130 3650 1373 3705 peccare,
1416 3642 1556 3707 quod
1592 3655 1698 3694 non
1728 3642 1961 3708 potuerit
1986 3657 2094 3697 non

501 3729 751 3791 peccare,
772 3716 1067 3797 eademque
1087 3726 1155 3782 de
1171 3744 1330 3784 causa
1348 3731 1449 3785 hoc
1462 3732 1710 3800 praescire
1726 3731 1926 3799 Deum;
1950 3733 2094 3803 quod

503 3812 704 3883 alioqui
730 3831 834 3871 non
870 3821 1167 3887 prassciret,
1200 3824 1244 3876 si
1271 3823 1494 3878 liberum
1521 3834 1683 3879 esset.
1704 3826 1813 3880 Nec
1836 3825 2096 3881 evaderet

500 3904 611 3959 vim
639 3911 939 3976 argumenti
963 3912 1321 3977 Ciceroniani,
1353 3915 1701 3985 sequentibus
1721 3917 1899 3973 verbis
1931 3935 1945 3971 :
1975 3915 2093 3970 Ima

501 3993 616 4049 ideo
641 4013 742 4051 non
789 4000 1053 4055 dubitatur
1099 4004 1267 4074 ipsum
1292 4023 1503 4076 peccare
1529 4048 1546 4073 ,
1575 4023 1692 4061 cum
1740 4019 1941 4077 peccat,
1972 4010 2093 4079 quia

502 4084 591 4139 ille
617 4090 765 4157 cuius
786 4093 1111 4160 prwscientia
1137 4094 1253 4164 falli
1280 4113 1381 4149 non
1410 4106 1595 4167 potest,
1626 4115 1730 4152 non
1764 4102 1954 4169 fatum,
1988 4116 2092 4154 non

501 4176 786 4248 fortunam,
814 4198 915 4235 non
962 4185 1159 4256 aliquid
1206 4186 1372 4252 aliud,
1417 4189 1506 4242 sed
1544 4191 1720 4259 ipsum
1763 4202 2093 4261 peccaturum

503 4284 613 4323 esse
638 4274 908 4341 prwscivit.
939 4275 1072 4331 Nam
1105 4292 1293 4332 verum
1317 4294 1424 4335 non
1452 4290 1558 4347 est,
1597 4281 1721 4337 ideo
1744 4297 1842 4337 nos
1866 4283 2093 4339 credere

500 4371 728 4429 peccare
751 4366 1019 4434 homines,
1047 4371 1171 4441 quia
1190 4370 1334 4426 Deus
1365 4373 1467 4428 hoc
1498 4376 1799 4442 prasscivit;
1830 4375 1953 4430 ideo
1973 4391 2095 4431 cre-

501 4452 679 4512 dimus
702 4461 823 4528 quia
852 4461 1097 4519 videmus
1118 4464 1186 4518 ab
1213 4465 1280 4519 iis
1310 4466 1455 4536 leges
1483 4466 1692 4522 divinas
1722 4468 2002 4538 perfringi,
2036 4479 2094 4524 et

2197 3255 2314 3341 22),
2347 3280 2400 3325 ut
2436 3271 2654 3323 sciretur
2673 3282 2831 3339 quare
2865 3270 3046 3338 cuique
3074 3270 3167 3321 deo
3198 3266 3591 3338 supplicandum
3629 3271 3747 3325 esset,

2196 3363 2323 3433 quid
2353 3380 2385 3416 a
2420 3378 2617 3433 quoque
2648 3372 2775 3415 esset
2803 3361 3097 3433 petendum,
3141 3376 3209 3414 ne
3255 3358 3572 3414 absurditate
3596 3354 3750 3424 turpis-

2197 3460 2352 3521 sima,
2380 3457 2547 3525 qualis
2563 3456 2869 3527 joculariter
2892 3457 2950 3509 in
2971 3456 3127 3508 mimo
3154 3456 3270 3523 fieri
3289 3454 3439 3520 solet,
3473 3460 3699 3525 peteretur
3728 3462 3751 3499 α

2196 3547 2381 3603 Libero
2402 3563 2554 3615 aqua,
2578 3566 2608 3601 a
2631 3546 2879 3616 Lymphis
2904 3548 3110 3610 vinum;
3129 3556 3367 3600 auctores
3388 3554 3538 3600 erunt
3563 3542 3749 3610 cuipiam

2198 3641 2469 3695 hominum
2490 3642 2590 3695 diis
2615 3640 2989 3695 immortalibus
3016 3640 3357 3708 supplicanti,
3382 3648 3437 3693 ut
3458 3651 3570 3691 cum
3589 3652 3618 3687 a
3632 3633 3751 3701 Lym-

2198 3733 2316 3801 phis
2344 3732 2548 3803 petierit
2577 3733 2780 3799 vinum,
2826 3734 2969 3801 eique
3012 3732 3420 3801 responderint:
3453 3729 3562 3784 Nos
3598 3737 3749 3795 aquam

2197 3822 2460 3890 habemus,
2491 3824 2585 3879 hoc
2613 3842 2645 3879 a
2671 3825 2856 3879 Libero
2897 3834 3049 3895 pete;
3084 3827 3242 3892 possit
3286 3836 3423 3879 recte
3462 3825 3621 3877 dicere
3656 3832 3675 3872 :
3704 3814 3750 3870 Si

2196 3917 2373 3971 vinum
2398 3933 2503 3971 non
2532 3917 2751 3984 habetis,
2778 3923 2961 3972 saltem
2984 3919 3104 3970 date
3151 3919 3281 3971 mihi
3310 3920 3465 3972 vitam
3491 3906 3748 3981 wternamﬂ

2200 4006 2343 4062 Editi
2373 4007 2496 4064 libri
2521 4008 2792 4064 habebant
2837 4008 3119 4080 Nymphis,
3171 4010 3265 4065 sed
3308 4026 3441 4066 mss.
3480 4012 3750 4064 constanter

2198 4096 2470 4169 Lymphis,
2515 4108 2570 4153 ut
2590 4100 2884 4154 observant
2918 4101 3272 4157 Benedictini.
3308 4103 3413 4157 Eas
3450 4115 3604 4157 voces
3630 4109 3748 4164 saepe

2199 4192 2417 4247 misceri
2449 4194 2502 4247 in
2530 4192 2764 4262 antiquis
2787 4192 2942 4248 libris
2975 4204 3307 4249 monuerunt
3341 4195 3443 4250 viri
3493 4184 3748 4247 doctissimi

2199 4284 2453 4341 Nicotaus
2504 4285 2781 4354 Heinsius,
2828 4287 2896 4342 ad
2943 4287 3101 4358 epist.
3154 4288 3397 4345 (Enonae
3438 4287 3503 4343 ad
3538 4282 3746 4340 Paridem

2199 4392 2343 4435 vers.
2374 4378 2464 4444 5i,
2506 4387 2560 4433 et
2587 4379 2761 4434 Janus
2812 4379 3165 4435 Brmkhusius
3202 4382 3266 4436 ad
3304 4379 3634 4450 Propertium
3673 4370 3747 4425 lib.

2198 4486 2279 4536 ιιι,
2311 4470 2452 4539 eleg.
2488 4470 2579 4535 14,
2606 4469 2661 4524 4.
2694 4470 2793 4525 llic
2838 4482 3011 4527 tamen
3042 4483 3171 4541 puto
3209 4486 3409 4528 revera
3435 4465 3744 4539 Augustinum

500 4552 699 4605 conscii
735 4552 894 4609 nobis
938 4571 1147 4624 sumus,
1181 4557 1249 4612 ab
1284 4557 1351 4612 iis
1396 4558 1639 4629 potuisse
1668 4574 1777 4615 non
1806 4561 2089 4632 perfringi,
2118 4547 2175 4610 D
2198 4564 2488 4632 scripsisse
2540 4561 2804 4632 Lgmphas
2833 4602 2849 4629 ,
2899 4564 3023 4632 quia
3067 4578 3189 4619 cum
3235 4562 3493 4634 Nympha.
3540 4553 3747 4607 αἰοπιιίυτ

498 4641 697 4711 quippe
726 4646 819 4715 qui
840 4646 1080 4716 ejusdem
1112 4649 1378 4705 libertatis
1402 4652 1689 4721 participes
1713 4662 1837 4707 sunt
1872 4668 1937 4709 ac
1964 4669 2088 4711 nos.

505 4734 608 4800 Qui
629 4736 674 4788 si
695 4738 841 4805 nolit,
874 4738 1049 4810 inquit
1080 4742 1293 4795 tandem
1323 4741 1630 4797 Carneades
1678 4751 1882 4811 noster,
1914 4745 2091 4813 utique

498 4840 602 4878 non
627 4837 833 4898 peccat;
856 4830 944 4885 sed
970 4833 1015 4887 si
1041 4847 1250 4900 peccare
1270 4832 1511 4900 noluerit,
1541 4835 1699 4889 etiam
1725 4836 1821 4890 hoc
1842 4835 1931 4891 ille
1951 4853 2089 4907 praso

496 4916 665 4972 scivit.
717 4918 877 4975 Certe
900 4923 945 4975 si
976 4923 1101 4976 nolit
1144 4922 1327 4987 homo,
1357 4939 1463 4979 non
1508 4937 1720 4994 peccat;
1749 4928 1846 4983 sed
1875 4938 2093 4997 Oportet

496 5017 557 5062 ut
580 5012 749 5079 possit
776 5013 915 5069 velle
945 5029 1008 5068 ac
1033 5014 1195 5081 nolle,
1227 5025 1284 5069 ut
1312 5018 1385 5071 sit
1419 5021 1624 5087 peccati
1655 5036 1855 5091 capax;
1902 5033 2090 5078 osten-

496 5097 839 5172 dendumque
884 5104 1077 5171 fuerat,
1126 5116 1312 5162 contra
1347 5107 1687 5179 Ciceronem,
1726 5112 1894 5168 Deum
1926 5129 2089 5181 posse

496 5196 753 5260 praescire
782 5195 833 5249 id
866 5195 1104 5252 futurum
1136 5198 1280 5269 quod
1324 5203 1524 5270 poterit
1552 5204 1695 5261 nolle
1727 5205 1773 5258 is
1803 5206 1895 5273 qui
1927 5208 2091 5262 lactu-

493 5296 590 5338 rus
618 5295 716 5341 est.
754 5285 887 5341 llinc
915 5286 1120 5357 liquere
1163 5300 1341 5360 potest
1380 5303 1636 5361 quantum
1685 5295 1756 5348 sit
1783 5294 2086 5351 discrimen
2148 5284 2159 5296 ’

495 5376 640 5432 inter
686 5378 982 5451 rhetoricas
1010 5384 1248 5454 argutias
1276 5393 1331 5440 et
1359 5386 1759 5457 philosophicas
1787 5388 2084 5442 ratiocina-

494 5469 689 5528 tiones.

563 5560 695 5632 Cap.
727 5570 812 5617 rs.
861 5564 937 5619 De
974 5565 1252 5624 Romanis.
1296 5569 1490 5636 Quibus
1518 5588 1637 5643 ergo
1672 5588 1776 5628 non
1805 5584 1911 5629 erat
1943 5576 2087 5630 Deus.

494 5652 709 5708 daturus
754 5658 907 5711 vitam
942 5668 1221 5727 teternam;
1246 5666 1415 5718 .....si
1441 5681 1603 5734 neque
1643 5668 1772 5719 hanc
1812 5668 1885 5721 eis
1918 5678 2083 5721 terre-

496 5758 612 5798 nam
655 5748 869 5817 gloriam
915 5752 1322 5813 escellentissimi
1358 5755 1561 5829 imperii
1588 5759 1919 5830 concederet,
1971 5778 2077 5819 non

2197 4657 2361 4713 etiam
2394 4656 2653 4722 Oreades,
2686 4666 2743 4711 et
2771 4657 3194 4729 Hamadryadas.
3221 4668 3327 4707 non
3355 4650 3594 4707 videntur
3618 4642 3745 4696 dicta:

2198 4748 2485 4820 Lymphte,
2516 4748 2618 4802 nisi
2651 4764 2731 4804 ese
2762 4762 2884 4816 qua:
2908 4746 3059 4814 aquis
3105 4753 3394 4813 praeerant,
3438 4737 3663 4811 quamvis
3688 4741 3745 4820 rea

2197 4819 2307 4897 vox
2336 4819 2457 4894 sua
2499 4837 2782 4909 Nymphis,
2808 4836 3113 4891 mutatione
3138 4835 3181 4889 N
3212 4835 3268 4889 in
3294 4834 3337 4889 L
3381 4832 3617 4888 deducta.
3664 4819 3746 4875 rc-

2199 4942 2317 4990 stus
2352 4951 2365 4987 :
2407 4932 2657 5003 Lgmpha:
2685 4931 2835 4986 dicta:
2855 4938 2975 4984 sunt
3014 4948 3047 4983 α
3083 4926 3365 4997 Nymphis.
3412 4923 3574 4995 Vulgo
3609 4924 3746 4970 autem

2198 5029 2460 5083 memoria:
2500 5027 2763 5097 proditum
2810 5034 2906 5092 est,
2945 5025 3231 5095 quicunque
3269 5025 3483 5093 speciem
3512 5012 3745 5088 quamdam

2198 5138 2227 5176 e
2249 5122 2406 5191 fonte,
2450 5122 2506 5173 id
2534 5130 2609 5174 est
2634 5120 2847 5190 efﬁgiem
2887 5118 3146 5189 Nympha:
3174 5119 3413 5185 viderint,
3446 5108 3632 5185 [tuendi
3667 5116 3745 5196 tant

2198 5213 2379 5283 fecisse
2409 5213 2586 5281 linem,
2605 5227 2733 5281 quos
2766 5208 2932 5265 Graeci
2952 5210 3337 5283 νυμφολήπτους
3373 5213 3564 5269 vocant,
3603 5193 3742 5251 Latini

2197 5305 2492 5374 lymphatos
2512 5304 2797 5374 appellant.
2835 5302 2967 5358 Vide
2988 5301 3205 5358 Aineid.
3236 5302 3329 5357 lib.
3362 5317 3456 5366 vn,
3483 5295 3596 5352 577.

2172 5445 2179 5462 _.
2275 5397 2407 5465 Cap.
2438 5397 2493 5463 9,
2530 5396 2557 5467 §
2593 5397 2643 5450 1.
2677 5395 2921 5449 Liberum
2941 5412 2972 5447 a
3002 5395 3332 5448 liberamento
3361 5387 3650 5463 appellatum
3673 5392 3741 5427 υσ-

2201 5490 2334 5555 lunt,
2383 5490 2521 5559 quod
2571 5505 2738 5542 mares
2791 5489 2846 5541 in
2895 5488 3161 5552 coeundo,
3204 5503 3293 5557 per
3327 5487 3436 5552 eius
3472 5470 3739 5565 bene/ieiuni,

2197 5557 2402 5634 emissis
2419 5582 2698 5635 seminibus
2727 5576 3051 5649 liberentur.]
3105 5577 3185 5632 Eo
3208 5576 3427 5646 respicit
3452 5574 3633 5628 Seneca
3664 5557 3736 5608 “b-

2197 5688 2255 5727 IV
2283 5673 2352 5728 de
2388 5673 2689 5740 Beneﬁciis,
2722 5686 2844 5741 cap.
2878 5674 2910 5725 8
2958 5686 2972 5723 :
3027 5669 3185 5723 Hunc
3233 5668 3467 5723 Liberum
3501 5665 3669 5731 patrem
3702 5649 3739 5696 ει

2203 5762 2474 5821 Herculem
2490 5780 2547 5821 ac
2565 5761 2883 5819 Mercurium
2905 5761 3062 5821 nostri
3084 5769 3289 5834 putant.
3303 5758 3534 5818 Liberum
3552 5749 3734 5820 patrem:
