3974 6356
213 336 325 395 469
940 324 1289 388 V'ARIORUII
1317 317 1846 382 EXERCITATIONI

1956 316 2008 373 lN
2045 314 2104 373 S.
2143 309 2518 373 AUGUSTIN!
2549 310 2780 369 OPERA
3390 291 3499 361 470

213 461 339 531 quia
356 471 580 513 omnium
600 466 786 522 parens
809 452 896 518 sit,
924 450 1061 522 quod
1108 449 1172 503 ab
1212 463 1275 502 eo.
1321 445 1545 518 primum
1585 442 1792 495 inventa
1823 442 1881 501 Α
1903 432 2282 502 conﬁtentibus,
2314 430 2450 486 Deus
2478 447 2581 486 non
2599 429 2720 500 est.]
2752 426 2918 483 Miror
2948 437 3057 481 non
3100 420 3348 479 timuisse
3384 422 3497 476 Au-

214 553 464 607 seminum
482 549 555 603 vis
579 554 671 611 est,
701 511 1001 600 consultura
1024 559 1115 614 per
1140 511 1472 612 voluptatem.
1514 536 1629 602 Qua
1664 539 1718 588 et
1743 545 1809 586 re
1911 525 2181 597 gustinum
2212 539 2280 579 ne
2304 523 2405 579 sibi
2449 522 2771 591 objiceretur
2798 517 2940 588 quod
2991 515 3192 583 passim
3234 512 3397 568 habet
3422 511 3501 568 de

212 639 757 714 etetymologia,quid
772 604 1057 694 absurdius
1073 634 1195 705 tingi
1210 604 1444 704 potuerit
1461 628 1672 693 nescio;
1707 623 1804 681 sed
1920 617 2118 683 Verbo;
2144 630 2268 670 nam
2298 614 2491 670 similis
2518 612 2750 683 obiectio
2782 610 2951 681 potuit
2977 608 3096 665 ﬁeri
3124 651 3140 679 ,
3192 604 3505 679 resnonsio-

209 706 564 793 Varronianae
586 706 923 807 etgmologia:
941 731 1189 786 meliores
1209 736 1332 783 sunt
1362 725 1477 795 ejus
1508 720 1805 790 theologia.
1912 726 2017 783 que
2042 708 2329 780 Augustini
2353 707 2550 791 pariter
2571 706 2692 761 elud

164 910 169 915 θ
292 832 420 901 Cap.
442 832 525 899 10,
559 833 586 903 §
725 791 858 886 Sun:
878 842 991 899 quae
1014 823 1211 879 lunoni
1230 830 1277 877 et
1308 791 1551 875 Minerva:
1576 813 1803 883 capillos
1988 803 2120 873 Cap.
2154 800 2245 855 21.
2289 797 2357 853 In
2385 797 2555 852 Italica
2613 805 2845 865 compitis
2914 795 3151 865 quaedam
3184 791 3312 845 dicit
3356 804 3508 844 sacra

1559 911 1569 915 -
1670 906 1680 915 .
1926 897 1997 915 ru
2030 914 2033 915 ,
2075 897 2086 915 ,-
2119 895 2363 915 _,LL_.._._
2420 909 2525 915 --μμ
2566 899 2708 915 ιηηι..
2741 888 2946 915 Ιὲρηηιιι.
2986 885 3318 915 ι......;....η..ε.
3372 893 3425 915 ..ο
3452 884 3502 915 ἐκ

215 922 517 993 disponant,
563 926 710 995 longe
750 940 787 978 a
820 921 1030 991 templo,
1070 934 1173 972 non
1212 924 1408 970 tantum
1451 929 1483 964 a
1526 906 1805 964 simulacro
1915 897 2087 954 Liberi
2106 895 2386 959 celebrata,
2412 909 2528 946 cum
2564 899 2709 943 tanta
2736 888 2947 943 licentia
2983 885 3337 958 turpitudinis,
3372 893 3425 936 ut
3452 884 3505 936 in

564 974 703 995 --.νγ
755 974 783 978 η
824 974 858 976 κ-
921 974 943 991 τ
1016 974 1029 985 .

213 1027 410 1077 “an,”
454 1018 639 1089 digito,
670 1025 885 1081 movent,
917 1012 1209 1068 ονηαηιίηηι
1236 1005 1433 1076 ,ποιέω
1461 1002 1613 1060 Talia
1643 1001 1811 1057 habet
1916 993 2029 1063 ejus
2056 988 2300 1043 honorem
2328 985 2569 1055 pudenda
2594 982 2764 1037 virilia
2790 982 3100 1046 colerentur,
3132 977 3262 1050 etc.]
3298 974 3507 1032 Similia

218 1108 429 1166 Seneca
454 1112 614 1166 etiam
646 1108 802 1179 epist.
831 1106 923 1162 95.
981 1106 1097 1160 Hoc
1142 1112 1333 1158 autem
1372 1112 1566 1153 munus
1602 1096 1807 1151 dictum
1914 1086 2120 1143 ﬁebant
2146 1084 2201 1137 in
2243 1082 2415 1136 sacris
2446 1078 2696 1144 Osiridis,
2728 1086 2787 1132 ut
2812 1076 2969 1130 docet
2996 1072 3264 1128 Diodorus
3292 1070 3507 1126 Siculus

219 1204 537 1258 curationem
566 1203 732 1271 facere
761 1202 918 1256 docet
951 1198 993 1254 Τ
998 1196 1311 1253 ertullianus
1336 1192 1476 1246 libro
1515 1185 1812 1256 delejunio

221 1309 342 1364 cap.
380 1296 467 1350 16.
501 1295 603 1361 Qui
626 1295 679 1351 in
707 1293 863 1348 idolis
886 1288 1143 1345 contendis
1182 1297 1229 1341 et
1256 1286 1311 1338 in
1338 1284 1443 1337 aris
1472 1279 1741 1342 ornandis,
1765 1284 1814 1331 et

226 1390 292 1443 ad
318 1388 552 1458 singulas
590 1387 744 1443 horas
779 1383 1069 1441 salutandis
1096 1423 1112 1449 ,
1162 1380 1477 1436 curationem
1516 1378 1683 1445 facere
1727 1371 1813 1424 di-

236 1492 434 1537 cuntur.
564 1510 617 1553 ,ᾖ
650 1540 655 1545 ,

296 1574 436 1630 Ibid.
477 1574 667 1631 Sedent
704 1573 939 1644 quwdam
976 1572 1033 1625 in
1081 1565 1339 1639 Capitolio
1375 1578 1490 1632 quae
1540 1577 1594 1616 se
1630 1576 1663 1612 α
1692 1557 1818 1612 Jove

232 1669 396 1723 amari
425 1677 646 1736 putant,-
676 1685 768 1722 nec
796 1666 1021 1721 Iunonis
1057 1664 1281 1734 quidem,
1324 1661 1367 1716 si
1408 1659 1613 1713 credere
1653 1654 1817 1725 poetis

231 1763 381 1825 velis,
408 1762 823 1816 iracundissimae
839 1767 1072 1831 respectu
1094 1755 1388 1827 terrentur.]
1412 1754 1487 1808 Ita
1513 1754 1719 1809 Seneca
1739 1750 1819 1805 lo-

1918 1176 2269 1233 Bihliotheca:
2298 1174 2393 1229 lib.
2417 1189 2459 1243 ι,
2485 1172 2575 1243 qui
2605 1185 2669 1226 ea
2698 1168 2766 1224 ab
2788 1166 3055 1239 Egyptiis
3082 1164 3148 1220 ad
3165 1162 3381 1219 Graecos
3403 1168 3483 1215 tra

1918 1271 2082 1328 ducta
2108 1283 2232 1324 esse
2258 1275 2430 1337 putat.

1995 1364 2126 1431 Cap.
2159 1361 2247 1414 26.
2272 1358 2348 1412 De
2394 1357 2628 1411 mallibus
2654 1354 2815 1410 eidem
2862 1350 3022 1405 Matri
3066 1348 3291 1420 Magnes,
3334 1357 3512 1399 contra

1924 1472 2122 1510 onmem
2142 1456 2368 1508 virorum
2388 1452 2757 1517 mulierumque
2782 1444 3155 1508 verecundiam,
3185 1439 3515 1507 consecratis,

1922 1552 2009 1615 qui
2032 1566 2186 1618 usque
2202 1550 2256 1603 in
2281 1548 2572 1602 hesternum
2593 1544 2726 1598 diem
2746 1540 2963 1596 madidis
2985 1536 3207 1607 capillis,
3228 1534 3359 1605 facie
3376 1531 3515 1587 deal-

1924 1642 2059 1709 bata,
2091 1640 2369 1712 fluentibus
2410 1637 2665 1702 membris,
2698 1636 2897 1689 incessu
2933 1631 3171 1702 femineo,
3205 1644 3295 1699 per
3322 1625 3520 1694 plateas

1924 1739 2152 1807 vicosque
2172 1733 2521 1804 Carthaginis,
2553 1732 2706 1785 etiam
2727 1745 2760 1781 a
2789 1726 3014 1796 populis,
3052 1722 3184 1777 unde
3216 1718 3430 1791 turpiter
3448 1716 3523 1770 vi-

230 1855 499 1925 quebatur
520 1856 575 1910 in
598 1854 959 1924 pulcherrimo
982 1852 1119 1908 libro
1136 1851 1203 1905 de
1224 1812 1642 1918 sumi-stitione,
1663 1856 1820 1912 quem
1849 1824 1901 1885 Β
1926 1841 2094 1889 ver-ent
2121 1830 2410 1902 exigebant,
2447 1827 2578 1881 nihil
2609 1824 2773 1879 Varro
2814 1822 2979 1876 dicere
2996 1818 3173 1884 voluit,
3206 1830 3297 1869 nec
3319 1812 3525 1882 uspiam

232 1961 361 2016 ego,
404 1948 581 2017 potius
603 1962 762 2016 quam
790 1954 869 2000 tot
896 1944 1119 2013 frigidas
1162 1940 1434 2006 homilias,
1470 1954 1501 1993 a
1546 1933 1825 1991 monachis

231 2040 569 2110 exscriptum
597 2038 789 2095 vellem
819 2047 875 2094 et
902 2037 968 2093 ad
992 2050 1091 2091 nos
1121 2035 1407 2105 diligenter
1430 2029 1824 2087 transmissum.

234 2131 530 2201 lmpudicar
562 2132 891 2186 muliercula:
925 2128 1110 2184 mditui
1153 2130 1290 2183 forte
1328 2140 1511 2180 amore
1551 2132 1743 2192 captaa,
1770 2119 1828 2174 in

240 2225 510 2297 Capitolio
537 2225 819 2292 sedebant,
855 2232 913 2278 ut
951 2222 999 2278 si
1044 2224 1184 2277 forte
1226 2218 1459 2292 gravidae
1509 2217 1723 2283 ﬁerent,
1772 2227 1831 2268 se

234 2336 301 2376 ex
325 2320 464 2377 Jove
494 2319 768 2389 peperisse
832 2316 992 2371 fatuis
1025 2314 1435 2385 persuaderent.
1465 2308 1595 2364 Nota
1626 2315 1709 2362 est
1751 2304 1832 2359 hi-

231 2417 410 2472 storia
440 2414 619 2469 Mundi
640 2423 695 2468 et
715 2412 973 2477 Paulinae,
999 2410 1139 2479 apud
1162 2408 1473 2476 Josephum.
1498 2401 1605 2459 Sed
1636 2409 1690 2455 et
1708 2397 1834 2453 vide

230 2524 360 2578 quas
407 2506 476 2564 de
521 2507 743 2562 deorum
796 2504 921 2559 liliis
956 2501 1163 2557 notavit
1204 2499 1438 2555 Joannes
1481 2493 1723 2551 Clericus
1766 2488 1834 2546 ad

228 2598 615 2670 Theogoniam
647 2596 890 2653 Hesiodi.

302 2693 448 2763 Cap.
482 2694 570 2749 11.
607 2690 777 2762 Usque
807 2707 866 2744 eo
899 2686 1295 2744 sceleratissimus
1331 2682 1494 2753 gentis
1519 2676 1836 2733 consuetudo

224 2787 529 2854 convaluit,
578 2793 636 2839 ut
683 2801 773 2856 per
814 2799 983 2837 omnes
1025 2781 1141 2850 jam
1177 2787 1339 2832 terras
1360 2783 1562 2845 recepta
1587 2771 1689 2837 sit;
1718 2767 1841 2822 victi

230 2880 517 2933 victoribus
546 2879 678 2949 leges
699 2873 993 2944 dederunt.]
1017 2874 1152 2929 Sunt
1176 2870 1343 2926 verba
1370 2865 1670 2923 inconsulta
1710 2876 1842 2917 sane

234 2970 476 3027 Seneca:
506 2972 577 3026 de
607 2970 828 3036 ludatis,
860 2968 928 3023 ad
952 2982 1071 3037 quae
1104 2963 1416 3034 respexisse
1443 2959 1655 3015 videtur
1691 2954 1844 3013 Ruti-

246 3064 353 3120 lius
378 3064 734 3120 Numatianus
760 3064 815 3117 in
844 3060 1127 3116 ltinerario
1147 3073 1291 3114 vers.
1327 3055 1450 3111 595.

372 3165 536 3226 Atque
562 3168 746 3214 utinam
766 3176 1015 3226 nunquam
1037 3162 1063 3211 J
1069 3162 1214 3226 udara
1223 3159 1425 3226 subacta
1442 3156 1633 3219 fuisset,

435 3222 660 3290 Pompeii
683 3227 827 3275 hellis
846 3222 1152 3290 imperioque
1176 3222 1303 3272 Titi!

380 3290 539 3339 Latius
562 3287 744 3339 excisas
771 3290 920 3349 pestis
936 3287 1158 3346 contagia
1179 3289 1405 3349 serpunt,

436 3348 899 3414 Victoresque’suos
916 3352 1045 3399 natio
1070 3352 1196 3399 victa
1213 3348 1411 3411 premit.

339 3444 487 3501 lasao
509 3460 607 3500 vn.
625 3445 758 3514 Cap.
788 3444 841 3499 t.
872 3442 986 3508 Qua
1012 3442 1068 3494 in
1094 3455 1149 3493 re
1173 3455 1275 3493 non
1306 3438 1446 3503 dico,
1472 3433 1609 3505 quod
1632 3431 1847 3503 facetius

278 3536 342 3589 ait
361 3536 696 3592 Tertullianus
726 3537 946 3606 fortasse
967 3550 1123 3603 quam
1146 3532 1314 3586 verius
1341 3546 1359 3583 :
1386 3528 1443 3584 Si
1483 3526 1559 3582 dii
1605 3526 1846 3595 seligun-

281 3635 355 3681 tnr
378 3637 431 3682 ut
454 3628 625 3696 bulbi,
650 3628 837 3698 utique
872 3625 1054 3682 caeteri
1091 3623 1311 3693 reprobi
1338 3615 1697 3691 judicantur.]
1738 3616 1851 3671 Ad-

281 3731 516 3777 uolat-unt
532 3721 593 3775 in
614 3721 856 3791 margine
877 3716 1215 3774 Benedictini
1236 3714 1411 3769 simile
1433 3710 1706 3781 quidpiam
1729 3721 1850 3763 esse

280 3812 328 3865 in
354 3814 692 3884 Apologetico
737 3827 859 3881 cap.
914 3811 1001 3866 15.
1056 3808 1126 3863 At
1180 3808 1294 3878 ipsa
1334 3803 1497 3861 verba
1548 3807 1764 3856 exstant
1794 3798 1850 3852 in

280 3921 427 3977 opere
449 3918 634 3964 contra
660 3907 920 3962 Nationes
952 3904 1049 3960 lib.
1078 3918 1139 3970 ιι,
1167 3916 1288 3970 cap.
1320 3900 1382 3965 9,
1409 3898 1496 3953 ubi
1523 3895 1633 3951 Nic.
1663 3891 1850 3962 Rigal-

281 4000 394 4066 tius,
422 4003 502 4057 vir
522 3999 894 4063 doctissimus,
932 3995 1187 4052 observat
1220 3990 1289 4046 ab
1318 3988 1616 4060 Augustino
1646 3985 1851 4039 dictum

277 4090 372 4147 hoc
392 4092 705 4149 Tertulliani
732 4091 873 4147 male
901 4088 1071 4160 carpi.
1113 4088 1194 4143 Ac
1218 4099 1349 4139 sane
1377 4084 1433 4139 in
1454 4096 1544 4146 eo,
1584 4078 1727 4149 quod
1758 4090 1853 4131 vo-

278 4196 421 4242 catur
442 4187 617 4253 Deus,
655 4186 801 4241 nulla
830 4193 1009 4255 potest
1055 4196 1178 4238 esse
1212 4177 1457 4243 selectio,
1500 4170 1854 4244 quemadmo-

279 4280 393 4336 dum
425 4284 477 4337 in
506 4280 812 4337 hominibus
841 4294 871 4332 a
895 4277 1089 4347 quiihus
1120 4271 1365 4341 exempla
1402 4280 1685 4338 perperam
1722 4260 1856 4332 petit

278 4380 628 4449 Augustinus;
661 4392 788 4432 nam
811 4390 1002 4432 omnes
1032 4373 1107 4429 dii
1140 4370 1320 4429 omnia
1344 4382 1508 4440 posse
1534 4365 1754 4429 debent,
1796 4368 1857 4416 ut

278 4471 411 4528 idem
435 4474 709 4528 observat.

342 4562 473 4630 Cap.
495 4566 552 4619 2.
586 4563 611 4617 1
621 4564 670 4617 bi
695 4562 866 4627 Liber,
894 4560 981 4631 qui
1014 4573 1207 4612 marem
1236 4554 1398 4623 effuso
1423 4552 1614 4607 semine
1648 4549 1853 4603 liberat.

279 4654 357 4708 Ibi
376 4653 580 4721 Libera,
595 4671 749 4723 quam
773 4662 821 4709 et
856 4653 1099 4708 Venerem
1117 4649 1319 4713 volunt,
1350 4660 1463 4717 qua:
1492 4642 1589 4697 hoc
1614 4640 1753 4695 idem
1775 4639 1861 4692 be-

278 4746 509 4815 neﬁcium
536 4748 766 4813 conferat
795 4745 1015 4812 (mxima,
1054 4750 1112 4796 ut
1159 4741 1315 4794 etiam
1356 4738 1491 4808 ipsa,
1540 4734 1725 4788 emisso
1771 4746 1858 4785 se-

280 4838 425 4902 mine,
453 4834 736 4905 liberetur.’]
767 4834 891 4889 Haec
922 4832 1110 4887 habuit
1150 4846 1269 4899 cap.
1297 4830 1329 4884 9
1368 4827 1490 4882 libri
1536 4823 1857 4895 superioris.

281 4928 437 4985 Miror
457 4938 634 4984 autem
657 4928 989 4997 episcopum,
1013 4933 1068 4978 et
1087 4922 1302 4993 quidem
1324 4934 1539 4991 gravem
1561 4933 1624 4972 ac
1644 4929 1857 4982 senem,

282 5034 575 5091 quanquam
614 5019 744 5075 ol-ilt
790 5017 1112 5073 adolescens
1160 5022 1244 5069 sat
1284 5011 1633 5078 libidinosam
1691 5007 1860 5061 vitam

285 5111 518 5181 duxerat,
547 5122 654 5168 tam
689 5125 832 5181 saepe
858 5114 975 5187 περὶ
1000 5115 1091 5164 τοῦ
1121 5110 1418 5181 σπέρματος
1454 5103 1616 5159 verba
1656 5099 1858 5165 facere,

292 5203 342 5260 in
368 5222 528 5276 opere
556 5208 660 5260 hoc
686 5204 846 5259 etiam
893 5219 926 5257 a
966 5200 1281 5256 mulieribus
1328 5207 1384 5253 et
1426 5192 1862 5251 adolescentibus

234 5322 237 5323 ν
295 5296 523 5369 legendo.
555 5299 680 5355 Scio
722 5296 1057 5352 ethnicorum
1090 5292 1189 5347 has
1231 5290 1398 5345 fuisse
1425 5286 1731 5359 spurcitias,
1763 5282 1863 5339 sed

299 5394 563 5461 prmstabat
588 5388 1013 5461 generalioribus
1049 5384 1226 5440 verbis
1253 5397 1345 5438 eas
1375 5381 1661 5451 attingere,
1701 5390 1862 5447 quam

300 5484 359 5540 ad
376 5496 633 5542 castarum
657 5484 866 5540 aurium
900 5480 1168 5535 fastidium
1199 5485 1467 5547 repetere.
1496 5472 1634 5528 Vide
1664 5480 1720 5527 et
1741 5483 1865 5539 qua:

303 5577 441 5636 habet
464 5581 651 5637 eodem
679 5577 851 5648 capite
887 5576 958 5631 de
1000 5574 1220 5641 Subigo,
1254 5570 1323 5625 de
1366 5570 1582 5632 Prema,
1632 5573 1688 5619 et
1733 5563 1863 5617 Per-

304 5674 462 5729 tunda.
517 5676 621 5731 Sed
662 5672 769 5728 alia
807 5669 933 5726 alibi
970 5684 1077 5725 non
1111 5665 1421 5721 honestiora
1452 5657 1868 5718 observabimus

308 5768 352 5820 in
372 5783 425 5822 re
451 5766 714 5837 graviore.

366 5863 483 5935 Cap.
516 5863 603 5920 M.
635 5860 697 5919 Si
726 5854 1018 5915 Mercurius
1044 5855 1156 5925 ipse
1194 5867 1360 5911 sermo
1399 5856 1496 5919 est,
1538 5845 1689 5903 etiam
1732 5842 1863 5915 ipsis
1887 5912 1925 5930 ﬂ

1928 1942 2007 1978 me
2024 1924 2205 1994 legisse
2220 1920 2539 1976 commemini
2549 1917 2586 1990 .]
2606 1918 2767 1972 Miror
2789 1929 2910 1969 cum
2940 1906 3209 1965 innumeri
3231 1904 3527 1974 scriptores

1926 2018 1997 2075 de
2020 2018 2085 2073 iis
2106 2018 2213 2072 sint
2235 2015 2418 2083 locuti,
2452 2027 2679 2082 quorum
2702 2010 2819 2064 loca
2841 2007 2992 2078 plura
3020 2001 3278 2059 indicabit
3297 1994 3526 2054 Gérard.

1930 2112 2164 2168 Joannes
2190 2107 2412 2163 Vossius
2432 2105 2611 2176 operis
2642 2102 2709 2157 de
2734 2100 2952 2171 Origine
2984 2107 3039 2153 et
3083 2096 3376 2165 Progressu
3408 2088 3530 2143 ido-

1932 2202 2154 2259 lolatria)
2191 2200 2286 2255 lib.
2320 2216 2400 2268 ιιι,
2435 2212 2554 2267 cap.
2590 2195 2680 2250 53.
2706 2193 2811 2250 Adi
2853 2202 2908 2247 et
2942 2188 3139 2244 Catulli
3169 2198 3359 2256 poema
3385 2177 3531 2251 quod

1935 2298 2068 2351 Attis
2099 2292 2428 2358 inscribitur,
2456 2298 2511 2346 et
2532 2287 2599 2342 ad
2622 2286 2675 2341 id
2702 2280 3155 2353 interpretes,qui
3177 2277 3379 2332 aliatim
3404 2289 3533 2344 sup-

1949 2387 2269 2460 peditabunt
2316 2383 2457 2453 quod
2507 2381 2596 2435 hic
2623 2377 2921 2449 Augustino
2952 2376 3123 2431 deest.
3147 2372 3535 2447 Μητραγύρται

1940 2480 2270 2536 vocabantur
2318 2473 2627 2531 sacerdotes
2674 2471 2773 2541 illi,
2804 2485 2909 2540 qua
2946 2466 3301 2535 inscriptione
3329 2474 3538 2523 comm:

1940 2572 2083 2627 diam
2132 2568 2421 2639 scripserat
2448 2563 2758 2628 Menander,
2791 2576 2911 2631 quae
2942 2558 3146 2613 utinam
3178 2552 3446 2610 exstaret!

2012 2669 2146 2737 Cap.
2178 2667 2268 2720 27.
2293 2664 2477 2719 Totam
2498 2661 2560 2715 de
2582 2659 2674 2713 hoc
2702 2656 3016 2711 Euhemerus
3036 2651 3217 2721 pandit
3246 2648 3538 2703 Historiam

1943 2778 2096 2829 quam
2134 2757 2336 2813 Ennius
2364 2758 2417 2810 in
2445 2753 2685 2808 Latinum
2732 2750 2875 2803 vertit
2924 2746 3219 2815 eloquium;
3249 2741 3386 2796 unde
3415 2742 3540 2811 quia

1940 2842 2171 2926 plurima
2201 2856 2499 2921 posuerunt,
2530 2847 2617 2917 qui
2660 2852 2838 2898 contra
2867 2839 3159 2906 huiusmodi
3187 2851 3382 2891 errores
3422 2842 3543 2887 ante

1946 2965 2040 3003 nos
2070 2947 2147 3001 vel
2182 2943 2362 2999 Gra’co
2388 2956 2615 2995 sermone
2653 2935 2730 2991 vel
2763 2934 2948 2989 Latino
2986 2930 3321 3001 scripserunt,
3358 2943 3458 2981 non
3485 2924 3545 2979 in

1948 3058 2006 3096 eo
2033 3039 2156 3094 mihi
2186 3037 2378 3110 placuit
2398 3027 2709 3101 immorari.]
2734 3026 3067 3084 Lactantium
3094 3024 3304 3079 videtur
3326 3017 3547 3091 potissi-

1952 3151 2098 3191 mum
2130 3131 2453 3203 intelligere,
2487 3127 2576 3198 qui
2615 3126 2707 3181 lib.
2738 3141 2755 3179 1
2786 3122 3183 3177 lnstitutionum
3239 3116 3547 3171 divinarum

1870 3209 1923 3277 (ἶ
1955 3236 2039 3283 sat
2079 3224 2284 3296 prolixa
2315 3201 2478 3277 nobis
2521 3216 2757 3272 servavit
2786 3210 3077 3269 Euhemeri
3117 3208 3445 3278 fragmenta;
3478 3201 3548 3260 de

1952 3334 2060 3391 quo
2103 3316 2394 3385 scriptores
2423 3306 2667 3366 nonnulli
2711 3304 2911 3362 ethnici
2953 3301 3076 3356 ideo
3106 3298 3245 3354 male
3266 3296 3545 3367 judicant,

1954 3412 2095 3484 quod
2142 3408 2457 3478 religionem
2506 3418 2691 3461 eorum
2724 3400 2881 3472 plane
2927 3396 3273 3458 inlamasset;
3303 3389 3548 3462 quamvis

1955 3481 2252 3575 cmteroqui
2279 3502 2476 3557 nollem
2505 3497 2685 3553 omnia
2709 3501 2970 3565 praestare
3000 3503 3119 3560 quae
3161 3484 3414 3540 habebat.
3446 3481 3550 3536 Mi-

1955 3618 2049 3659 ror
2067 3616 2099 3655 a
2114 3598 2433 3655 Christianis
2447 3594 2633 3650 Graece
2655 3598 2748 3646 aut
2769 3588 2957 3643 Latine
2977 3599 3085 3640 non
3106 3596 3225 3639 esse
3253 3587 3549 3636 servatum.

2019 3695 2149 3763 Cap.
2173 3691 2261 3747 54.
2293 3687 2561 3745 Terentius
2588 3684 2798 3757 quidam
2848 3698 2963 3736 cum
2992 3679 3199 3732 haberet
3225 3675 3295 3729 ad
3331 3671 3552 3727 Ianicu-

1958 3789 2066 3843 lum
2098 3762 2328 3855 ifundum
2350 3791 2398 3836 et
2438 3779 2681 3833 bubulcus
2709 3779 2821 3847 ejus
2838 3774 3001 3844 juxta
3026 3769 3319 3839 sepulcrum
3362 3762 3555 3819 Numte

1958 3876 2207 3946 Pompilii
2225 3874 2483 3943 trajiciens
2498 3878 2729 3923 aratrum
2756 3865 2969 3920 eruisset
2995 3877 3057 3916 ea;
3078 3869 3213 3913 terra
3238 3856 3396 3911 libros
3418 3857 3551 3926 ejus,

1958 3973 2047 4027 ubi
2074 3983 2340 4025 sacrorum
2371 3965 2719 4020 institutorum
2759 3959 2965 4028 scripta:
2986 3964 3133 4009 erant
3158 3966 3350 4015 causas,
3383 3951 3439 4004 in
3463 3965 3554 4003 ur-

1962 4067 2071 4120 bem
2092 4061 2300 4133 pertulit
2328 4059 2397 4112 ad
2412 4065 2701 4129 praetorem.
2733 4052 2801 4106 At
2823 4050 2909 4103 ille
2938 4063 3054 4102 cum
3074 4046 3378 4115 inspexisset
3410 4043 3554 4111 prin-

1963 4160 2120 4231 cipia,
2146 4173 2253 4212 rem
2284 4164 2479 4209 tantum
2513 4148 2697 4204 detulit
2727 4147 2795 4200 ad
2822 4155 3072 4199 senatum.
3100 4138 3199 4194 Ubi
3225 4154 3343 4193 cum
3365 4136 3555 4210 primo-

1962 4270 2044 4307 res
2083 4250 2332 4320 quasdam
2377 4261 2556 4299 causas
2605 4241 2868 4313 legissent,
2905 4252 2995 4290 cur
3032 4233 3254 4303 quidque
3304 4232 3359 4285 in
3397 4228 3556 4284 sacris

1962 4323 2123 4419 fuerit
2154 4345 2471 4406 institutum,
2514 4336 2704 4392 Numa:
2747 4341 2959 4406 mortuo.
2975 4338 3179 4384 senatus
3218 4330 3454 4380 assensus
3481 4329 3559 4376 est

1967 4416 2151 4509 eosque
2171 4438 2349 4501 libros,
2383 4443 2628 4500 tanquam
2647 4423 2897 4498 religiosi,
2924 4432 3093 4492 patres
3108 4416 3403 4488 conscripti,
3427 4429 3560 4486 prte-

1971 4544 2051 4589 tor
2072 4508 2136 4586 ut
2162 4529 2481 4585 combureret
2506 4512 3174 4589 censuerunt.]P|iniuslib.
3196 4525 3311 4577 xm,
3330 4523 3448 4578 cap.
3472 4508 3559 4572 15,

1881 4599 1940 4662 D
1973 4626 2253 4684 dominum
2298 4620 2410 4691 agri
2456 4618 2512 4672 in
2560 4630 2666 4685 quo
2686 4611 2807 4668 libri
2839 4606 3040 4671 ell'ossi,
3072 4611 3229 4659 vocat
3265 4600 3427 4656 etiam
3458 4598 3559 4653 Cn.

1972 4716 2310 4779 Terentium,
2336 4688 2408 4765 *ιιι
2432 4716 2488 4764 et
2512 4706 2705 4762 Festus
2744 4703 2799 4758 in
2835 4714 2970 4754 voce
2998 4696 3243 4752 Numam.
3275 4694 3344 4746 At
3381 4688 3563 4744 Livius

1972 4812 2071 4868 lib.
2103 4826 2197 4875 ιι,
2226 4820 2347 4874 cap.
2379 4803 2469 4867 29,
2499 4809 2554 4856 et
2583 4795 2831 4853 Valerius
2867 4791 3136 4846 Maximus
3161 4785 3255 4840 lib.
3282 4798 3322 4875 ι,
3353 4796 3472 4850 cap.
3508 4781 3561 4845 l,

1970 4911 2170 4961 vocant
2196 4901 2257 4956 L.
2284 4889 2743 4953 Petillium.Unde
2768 4895 2873 4942 stet
2900 4898 3084 4939 verum
3111 4878 3233 4949 quis
3262 4874 3439 4930 dicat?
3466 4886 3567 4927 nec

1975 5013 2107 5057 sane
2137 4994 2362 5051 multum
2387 4989 2636 5043 interest.
2658 4980 2769 5039 Sed
2798 4975 3059 5034 credibile
3094 4984 3176 5027 εει
3206 4968 3391 5024 Numa:
3419 4980 3567 5020 com-

1976 5087 2274 5150 mentarios
2304 5078 2655 5149 contemptim
2683 5074 2857 5145 egisse
2893 5070 2961 5125 de
2987 5061 3371 5137 superstitione
3396 5056 3566 5129 plebis

1976 5188 2239 5243 Romanae
2268 5189 2429 5248 atque
2452 5171 2624 5238 Italae,
2656 5166 2808 5237 cuius
2839 5162 3017 5233 palato
3044 5155 3357 5226 religionem
3384 5159 3570 5221 aptare

1976 5285 2201 5337 coactus
2231 5245 2424 5328 fuerat.
2454 5262 2594 5320 Nihil
2634 5260 2780 5316 enim
2809 5263 2955 5310 vetat
2999 5250 3125 5322 quin
3172 5262 3293 5303 cum
3334 5245 3572 5316 philoso-

1978 5334 2103 5443 phis
2131 5368 2201 5424 de
2224 5366 2336 5421 Deo
2358 5358 2609 5421 senserit,
2635 5345 3088 5423 quemadmodum
3112 5339 3307 5397 Matius
3329 5334 3573 5395 Scaevola

1976 5426 2038 5522 et
2067 5457 2434 5517 M.Terentius
2454 5451 2645 5512 Varro,
2667 5445 2734 5500 de
2761 5441 2955 5514 quibus
2983 5436 3108 5493 vide
3127 5433 3222 5489 lib.
3247 5445 3455 5499 1v,cap.
3631 5440 3677 5513 “fg

1974 5567 2037 5615 et
2060 5571 2135 5621 vr,
2158 5568 2279 5622 cap.
2309 5549 2363 5614 5,
2395 5553 2450 5601 et
2478 5557 2581 5598 una
2614 5552 2734 5595 cum
2766 5533 2873 5591 illis
2894 5546 3014 5588 sese
3054 5523 3370 5584 inconsultae
3393 5518 3574 5575 multi-

1980 5612 2157 5706 tudini
2206 5612 2595 5708 attemperarit.
2624 5626 2954 5699 Augustinus
2992 5629 3174 5678 autem
3221 5632 3285 5673 ex
3326 5612 3573 5667 Varrone

1984 5741 2114 5799 dicit
2143 5743 2389 5793 senatum
2425 5736 2629 5784 mortuo
2655 5722 2846 5780 Numa:
2876 5735 2984 5775 esse
3010 5726 3292 5775 assensum,
3324 5703 3487 5778 quod,
3509 5708 3574 5755 ut

1981 5834 2157 5890 Numa
2185 5830 2469 5888 curaverat
2496 5832 2590 5879 eos
2610 5817 2777 5875 libros
2810 5826 2993 5872 secum
3020 5802 3347 5881 sepeliri,ne
3372 5791 3573 5870 pupulo
