3974 6356
553 304 649 364 νη

1441 295 1990 357 SUPPLEMENTUM
2036 295 2122 350 AD
2162 290 2393 347 ()PERA
2435 292 2493 346 S.
2535 288 2903 348 AUGUSTINI
3664 301 3731 358 ιη

553 425 988 487 inualescerent;
1027 418 1104 474 sic
1135 425 1421 475 censuerat
1450 430 1545 472 eos
1587 412 2006 479 comburendos,
2040 423 2134 465 ea-
2164 411 2221 472 Α
2246 418 2347 461 tate
2376 417 2657 473 certarunt,
2687 416 2793 463 etc.
2832 406 2959 474 Quis
2984 413 3156 458 autem
3178 406 3368 459 audiuit
3387 410 3629 481 aliquando
3647 421 3735 485 ﬁde-

553 518 675 572 dem
707 517 775 573 de
797 528 981 570 causa.

625 610 788 663 Ltsno
816 620 927 661 vut.
952 604 1079 675 Cap.
1110 604 1163 659 9.
1194 604 1427 657 Aliarum
1448 620 1648 675 quoque
1676 602 1922 673 gentium,
1946 599 2031 671 qui
2054 614 2140 652 sa-
2178 620 2179 623 η

553 701 748 768 pientes
790 698 866 752 vel
905 696 1198 767 philosophi
1242 695 1403 748 habiti
1447 704 1597 764 sunt,
1628 692 1899 759 Atlantici,
1932 690 2136 760 Libyci,

552 790 828 863 Egyptii,
854 786 1004 853 Indi,
1047 786 1244 853 Persae,
1276 786 1532 851 Chaldwi,
1565 783 1792 855 Scythae,
1834 780 1995 845 Galli,
2030 779 2139 834 Hi-

550 883 719 949 spani,
750 880 941 950 aliique
963 878 1305 950 reperiuntur,
1336 876 1476 949 etc.]
1500 876 1685 931 Justus
1712 875 1923 945 Lipsius
1950 873 2139 928 Manu-

549 972 815 1027 ductianis
849 971 918 1026 ad
961 970 1196 1026 Stoicam
1226 969 1618 1039 philosophiam
1648 967 1740 1023 lib.
1768 982 1807 1033 ι,
1831 965 2047 1038 dissert.
2081 962 2137 1031 5,

548 1068 732 1121 multis
758 1068 900 1122 hunc
930 1066 1107 1121 locum
1133 1065 1385 1129 illustrat,
1406 1074 1459 1119 et
1485 1062 1780 1118 Atlanticas
1807 1058 2139 1115 Mauritania:

548 1163 821 1232 sapientes
846 1162 1115 1232 intelligit,
1144 1163 1279 1217 duce
1310 1162 1525 1216 Atlante
1554 1175 1621 1216 ea
1646 1158 1873 1214 delatas.
1905 1156 2137 1226 Libycos

547 1266 641 1310 aut
680 1256 873 1327 Libyas
919 1256 1276 1310 intellexerim
1324 1254 1459 1310 alios
1484 1262 1577 1309 aut
1607 1251 1880 1307 interioris
1928 1248 2136 1320 Libyas,

549 1357 643 1404 aut
669 1348 785 1417 ejus
815 1365 935 1419 qua:
960 1348 1196 1419 Egypto
1226 1348 1418 1403 vicina.

620 1444 749 1511 Cap.
784 1442 870 1497 19.
897 1441 1162 1496 Postremo
1182 1442 1291 1511 ipse
1313 1442 1557 1509 Apuleius
1573 1441 1807 1510 nunquid
1829 1441 1970 1512 apud
1983 1440 2135 1511 judi-

549 1551 629 1587 ces
659 1533 975 1587 Christianos
996 1533 1060 1587 de
1082 1533 1293 1603 magicis
1314 1534 1510 1586 artibus
1530 1541 1801 1585 accusatus
1824 1531 1962 1601 est?j
1983 1531 2134 1587 Unde

545 1624 786 1695 liquebat
814 1641 921 1681 non
946 1640 1104 1694 posse
1134 1623 1457 1693 reprehendi
1488 1625 1823 1679 Christianos
1846 1624 1989 1693 quod
2010 1623 2135 1677 Pla-

547 1719 757 1773 tonicos
794 1717 985 1788 magiae
1034 1716 1432 1783 insimularent,
1477 1731 1597 1771 cum
1650 1718 1791 1787 apud
1839 1715 2129 1771 Maximum

2242 503 2367 557 lium
2399 510 2615 556 stantem
2640 501 2958 556 sacerdotem
2997 499 3065 552 ad
3094 499 3272 566 altare,
3319 503 3461 556 etiam
3494 523 3615 577 super
3652 530 3737 570 san.

2240 608 2375 650 ctum
2404 612 2589 666 corpus
2610 597 2868 666 martyris,
2903 593 2972 647 ad
2991 593 3089 648 Dei
3109 593 3348 649 honorem
3380 596 3635 671 cultumque
3654 623 3739 662 con.

2239 697 2489 745 structum
2517 690 2685 743 dicere
2711 689 2764 743 in
2795 688 3029 758 precibus
3053 704 3074 743 :
3120 687 3322 757 θίγεπο
3358 690 3441 746 tibi
3481 697 3739 770 sacriﬁcium,

2246 783 2420 851 Petre,
2451 784 2530 838 vel
2552 783 2738 852 Paule,
2767 784 2845 839 vel
2874 783 3153 856 Cypriane,
3179 794 3282 840 etc.
3298 784 3341 856 i]
3370 789 3435 841 At
3462 802 3630 859 pompa
3668 811 3741 864 qua

2242 876 2551 934 ferebantur
2598 879 2859 948 reliquiae,
2905 878 3081 935 honor
3104 878 3195 950 qui
3239 879 3302 934 iis
3328 895 3543 950 genuum
3568 884 3745 946 ﬂexione

2239 973 2604 1040 deferebatur,
2632 974 2998 1030 invocationes
3019 982 3324 1029 sanctarum
3346 975 3488 1044 quasi
3509 991 3667 1045 preces
3683 996 3747 1035 au-

2240 1067 2440 1133 dirent,
2462 1068 2614 1137 cujus
2645 1068 2723 1123 rei
2756 1066 3062 1138 exemplum
3094 1066 3378 1122 habuimus
3404 1077 3546 1124 antea
3570 1070 3627 1125 ad
3651 1082 3745 1128 tom.

2238 1156 2309 1225 ν,
2339 1173 2394 1228 p.
2428 1156 2554 1227 152,
2589 1158 2695 1214 col.
2738 1160 2794 1226 2,
2844 1157 3243 1229 persuadebant
3286 1157 3505 1213 ethnicis
3544 1170 3753 1233 martyres

2238 1251 2342 1307 cali
2364 1252 2515 1322 quasi
2537 1251 2806 1323 quoddam
2828 1266 2997 1323 genus
3026 1249 3337 1306 inferiorum
3356 1250 3591 1315 deorum;
3613 1270 3707 1321 nec,
3724 1257 3756 1312 si

2240 1361 2383 1402 nunc
2412 1346 2625 1402 tandem
2647 1346 2764 1401 sine
2790 1345 3218 1400 dissimulatione
3246 1344 3390 1415 loqui
3412 1343 3549 1413 licet,
3576 1348 3754 1404 multum

2240 1453 2273 1493 a
2298 1454 2427 1493 vero
2455 1440 2795 1502 aberrabant,
2830 1453 2952 1492 nam
2984 1448 3038 1493 et
3074 1438 3405 1493 ChriStianas
3430 1441 3682 1494 nonnullos
3702 1442 3757 1496 ol-

2239 1528 2491 1585 lendehat
2517 1545 2730 1600 quoque
2760 1530 3063 1599 hujusmodi
3091 1530 3287 1585 cultus.
3313 1528 3498 1601 Liquet
3524 1531 3615 1585 hac
3637 1547 3688 1587 ex
3711 1535 3757 1588 li-

2238 1622 2382 1679 bella
2406 1624 2739 1695 Hieronymi,
2774 1640 2880 1694 qua
2903 1623 3062 1678 homo
3092 1623 3385 1679 vehemens
3413 1624 3647 1677 conviciis
3669 1641 3758 1681 exa-

2236 1716 2370 1787 gitat
2395 1717 2761 1787 Vigilantium,
2786 1732 2941 1786 quem
2970 1716 3093 1770 talia
3123 1715 3434 1786 gravissime
3463 1714 3757 1771 offenderant.

543 1810 854 1874 Claudium,
874 1808 1112 1878 iudicem
1142 1809 1438 1876 ethnicum,
1461 1820 1744 1865 accusatus
1765 1808 1956 1865 luisset
1984 1808 2131 1878 Apu-
2161 1799 2211 1862 Β
2236 1811 2419 1881 Itaque
2460 1813 2546 1867 hic
2585 1821 2770 1866 noster
2798 1810 3074 1867 rhetorum
3129 1824 3279 1865 mare
3321 1807 3616 1877 respondet,
3644 1808 3760 1864 dissi-

541 1901 703 1969 leius,
734 1901 961 1957 celebris
988 1900 1315 1957 Platonicus.

534 1998 542 2005 ’
614 1994 746 2063 Cap.
774 1994 865 2049 22.
901 1994 1081 2049 Restat
1109 2004 1166 2048 ut
1185 1996 1330 2050 nullo
1356 2001 1511 2051 modo
1538 1997 1846 2051 credendum
1887 1997 1954 2050 sit
1998 1995 2135 2065 quod

542 2087 786 2157 Apuleius
807 2089 1115 2158 persuadere
1139 2088 1340 2157 nititur,
1369 2098 1416 2143 et
1436 2090 1724 2159 quicunque
1771 2088 1863 2142 alii
1903 2088 2134 2159 philoso-

543 2183 634 2251 phi
663 2190 780 2236 sunt
814 2182 1045 2254 ejusdem
1086 2183 1367 2247 sententiae,
1400 2184 1471 2236 ita
1495 2198 1603 2238 esse
1642 2182 1840 2237 medios
1880 2181 2135 2235 dtemones

542 2279 675 2331 inter
713 2277 833 2331 deos
878 2286 926 2331 et
971 2276 1222 2345 homines,
1249 2287 1496 2348 tanquam
1523 2277 1863 2332 internuntios
1895 2287 1941 2328 et
1979 2277 2137 2328 inter-

541 2381 727 2440 pretes,
758 2371 845 2439 qui
874 2371 993 2426 hinc
1017 2373 1185 2443 [erant
1218 2372 1482 2441 petitiones
1504 2380 1726 2439 nostras,
1755 2372 1875 2425 inde
1911 2372 2137 2441 referant

541 2462 753 2517 deorum
779 2461 1096 2535 suppetias.]
1127 2464 1185 2519 Si
1210 2465 1311 2520 hac
1341 2465 1410 2520 de
1441 2465 1910 2520 cacadaemonibns
1938 2463 2135 2518 intelli-

540 2570 658 2624 gas,
689 2570 875 2610 verum
904 2565 988 2611 881.
1014 2570 1109 2612 60$
1142 2572 1246 2611 llOll
1294 2572 1415 2612 esse
1465 2573 1563 2611 nec
1593 2570 1715 2611 esse
1758 2570 1920 2625 posse
1964 2555 2134 2609 illle-

537 2647 759 2702 nuntios
797 2647 940 2703 inter
969 2647 1135 2702 Deum
1168 2658 1223 2704 et
1264 2648 1541 2714 homines;
1573 2647 1668 2702 sed
1709 2661 1816 2701 non
1845 2646 2003 2701 video
2025 2647 2136 2701 Au-

539 2741 809 2810 gustinum
839 2741 908 2797 de
929 2741 1086 2796 bonis
1115 2741 1451 2795 daemonibus
1480 2739 1810 2795 contrarium
1851 2738 2131 2809 probasse,

539 2833 789 2901 quamvis
814 2833 1193 2890 taediosissime
1215 2833 1318 2888 hac
1346 2833 1413 2888 de
1442 2849 1501 2888 re
1522 2841 1665 2904 agat.
1687 2831 1941 2899 Quinima
1971 2831 2133 2887 hodie

534 2936 664 2994 pars
697 2941 802 2982 non
833 2927 1023 2996 exigua
1052 2927 1485 2984 Christianarum
1519 2928 1624 2983 tale
1662 2927 1936 2997 quidpiam
1967 2926 2134 2982 sentit

538 3019 606 3077 de
633 3022 857 3093 angelis.
884 3022 1154 3080 Interdum
1181 3024 1451 3094 vitilitigat
1471 3022 1828 3093 Hipponensis
1845 3021 2132 3092 episcopus

538 3132 660 3171 cum
688 3116 997 3184 Platonicis,
1028 3118 1484 3189 quemadmodum
1528 3126 1581 3173 et
1606 3130 1729 3172 cum
1770 3116 1892 3170 aliis
1938 3114 2132 3171 adver-

536 3211 714 3268 sariis.

609 3301 845 3373 Cap.23.
861 3302 1074 3360 Diversa
1096 3307 1159 3360 de
1188 3304 1293 3359 illis
1314 3303 1403 3360 ille
1430 3302 1647 3359 Hermes
1676 3301 1960 3375 /Egyptius
1982 3315 2132 3371 quem

538 3393 927 3468 Trismegistum
951 3407 1151 3461 vocant,
1193 3399 1351 3453 sensit
1381 3405 1427 3451 et
1457 3394 1716 3467 scripsit.]
1743 3394 1920 3449 Multis
1950 3402 2132 3448 osten-

538 3486 617 3542 dit
668 3489 880 3544 lsaacus
929 3489 1278 3545 Casaubonus
1331 3489 1663 3545 exercitati
1700 3488 1751 3542 in
1800 3488 2129 3558 Apparatunt

538 3582 823 3638 Annalium
860 3584 1152 3640 cardinalis
1193 3585 1431 3651 Baronii,
1456 3585 1640 3639 ﬁctum
1673 3583 1816 3638 hunc
1847 3598 1968 3638 esse
1997 3582 2125 3637 Her-

536 3685 732 3730 metem
777 3691 807 3729 a
851 3676 1162 3732 Christiana
1202 3676 1473 3747 quadam,
1505 3676 1594 3746 qui
1644 3674 1923 3745 religionis
1969 3672 2129 3729 Chri-

535 3769 724 3823 stianae
746 3767 994 3838 dogmata
1018 3769 1135 3838 ejus
1158 3770 1501 3835 auctoritate,
1525 3768 1649 3822 dolo
1672 3768 1816 3822 malo
1837 3775 1892 3822 et
1910 3766 2131 3835 indigno

532 3858 758 3915 homine
789 3860 1030 3916 veritatis
1069 3870 1305 3929 amante,
1354 3860 1679 3916 conﬁrmare
1728 3860 1934 3925 valuit;
1986 3858 2130 3929 quod

535 3949 673 4004 adeo
699 3950 1044 4006 manifestum
1075 3960 1177 4017 est,
1217 3961 1275 4005 ut
1319 3952 1514 4005 mirum
1548 3951 1619 4007 sit
1648 3951 1836 4006 Patres
1860 3948 2131 4019 ejusmodi

535 4043 693 4111 nugis
719 4058 879 4097 ausas
916 4059 1038 4099 esse
1076 4044 1175 4099 uti.
1207 4043 1461 4100 Fortasse
1486 4060 1597 4099 nan
1627 4044 2001 4114 intelligebant
2027 4041 2131 4112 ipsi

535 4132 801 4202 fraudem,
831 4138 1076 4207 quamvis
1104 4138 1176 4191 sit
1202 4138 1333 4193 satis
1360 4148 1545 4207 aperta
1568 4155 1582 4204 ;
1615 4138 1710 4192 sed
1742 4138 1935 4191 mirum
1978 4150 2071 4191 eas
2099 4149 2130 4188 a

535 4228 898 4285 nasutiarihus
942 4230 1174 4285 ethnicis
1223 4248 1331 4285 non
1379 4232 1545 4287 luisse
1594 4230 1928 4286 exsibilatos.
1968 4230 2132 4287 Certe

536 4317 684 4387 digni
710 4328 863 4374 erant
889 4323 979 4391 qui
1024 4324 1160 4377 albis
1203 4324 1456 4379 dentibus
1482 4324 1861 4391 irridereutur,
1893 4324 1981 4394 qui
2019 4333 2130 4380 tam

535 4411 693 4465 avide
738 4427 907 4482 usque
936 4414 1073 4469 adeo
1103 4415 1244 4470 male
1274 4423 1534 4470 cansutas
1581 4415 1736 4470 dolos
1773 4414 2127 4483 arripiebant,

535 4506 583 4561 si
613 4506 908 4562 credebant
927 4508 1238 4579 suppositos
1269 4509 1390 4564 illas
1418 4508 1586 4564 libros
1617 4523 1805 4564 eorum
1834 4522 1956 4563 esse
1995 4522 2131 4579 quo-

526 4606 655 4656 rum
674 4602 887 4657 nomina
908 4603 1286 4674 praeferebant.
1303 4604 1457 4671 Quod
1472 4604 1517 4659 si
1541 4604 1780 4661 fraudem
1808 4606 2024 4677 quidem
2050 4606 2132 4660 in-

533 4695 844 4764 telligebant
869 4739 885 4765 ,
914 4697 1055 4768 quod
1086 4713 1283 4769 negare
1313 4698 1512 4753 nollem
1545 4740 1562 4767 ,
1592 4713 1841 4769 magnam
1879 4701 2132 4769 injuriam

534 4789 746 4843 veritati
787 4789 1074 4857 faciebant,
1100 4806 1260 4860 quam
1294 4792 1541 4861 turpibus
1568 4793 1861 4849 mendaciis
1889 4794 2132 4864 adjutnm

534 4881 704 4945 ibant,
737 4880 1206 4952 impediebantque
1237 4898 1305 4937 ne
1332 4884 1668 4938 ethnicorum
1698 4886 1939 4956 reliquiae
1972 4885 2131 4941 ﬁdem

536 4972 832 5042 Evangelia
857 4973 1133 5029 haberent.
1163 4975 1407 5045 Denique
1434 4992 1541 5030 nan
1587 4991 1871 5046 possumus
1894 4993 2039 5032 nunc
2062 4977 2132 5033 de

534 5065 599 5118 iis
628 5064 782 5117 aliter
814 5063 1061 5132 judicare
1090 5080 1248 5135 quam
1284 5066 1456 5122 fuisse
1483 5078 1574 5121 aut
1604 5068 1869 5137 pessimos
1891 5068 2134 5135 criticas,

533 5166 625 5207 unt
649 5170 755 5210 non
777 5157 907 5211 satis
931 5157 1035 5211 vim
1074 5158 1315 5212 veritatis
1347 5158 1698 5225 intellexisse,
1732 5174 1853 5228 quae
1885 5157 2131 5227 profecto

531 5247 801 5314 ejusmodi
851 5248 1125 5304 fraudibus
1176 5266 1283 5305 non
1333 5251 1579 5320 indiget;
1624 5266 1724 5307 nec
1772 5265 1943 5321 usque
1990 5251 2131 5306 adeo

536 5343 800 5398 mendacii
819 5343 1064 5399 inimicos
1083 5343 1243 5400 fuisse
1261 5361 1419 5416 quam
1439 5346 1588 5401 libris
1606 5344 1767 5400 editis
1789 5345 2134 5401 simulabant.

607 5432 739 5502 Cap.
762 5432 851 5488 27.
890 5435 1000 5489 Nec
1032 5447 1202 5490 tamen
1233 5455 1328 5492 nos
1354 5439 1542 5492 eisdem
1570 5438 1882 5503 martyribus
1919 5441 2131 5508 templa,

532 5526 845 5594 sacerdotia,
879 5544 1024 5580 sacra
1067 5538 1115 5583 et
1161 5532 1415 5599 sacriﬁcia
1464 5531 1858 5597 constituimus;
1887 5532 2131 5600 quoniam

529 5636 639 5671 non
668 5619 789 5689 ipsi.
822 5622 911 5674 sed
941 5620 1075 5677 Deus
1109 5641 1285 5677 eorum
1320 5623 1466 5677 nobis
1497 5635 1569 5677 est
1600 5623 1764 5679 Deus.
1796 5623 2134 5681 Honoramus

533 5726 656 5763 sane
689 5714 955 5767 memorias
998 5730 1194 5783 eorum,
1232 5725 1476 5782 tanquam
1524 5726 1814 5770 sanctorum
1864 5718 2134 5772 hominum

538 5801 654 5877 Dei,
679 5806 762 5875 qui
792 5822 945 5878 usque
972 5808 1039 5866 οιιί
1065 5825 1279 5866 inertem
1307 5824 1575 5879 corporum
1616 5827 1824 5868 suorum
1868 5829 1963 5889 pro
1997 5814 2133 5869 veri.

2238 1904 2458 1960 mulatis
2486 1904 2554 1959 iis
2586 1920 2705 1974 quae
2736 1904 2803 1958 ab
2830 1902 3061 1958 ethnicis
3088 1900 3495 1971 objiciebantur,
3522 1909 3574 1957 et
3593 1913 3763 1970 praeter-

2237 1999 2409 2055 missa
2431 2000 2576 2054 cultu
2606 1999 2695 2069 qui
2719 2012 2907 2053 revera
2945 1995 3185 2067 reliquiis
3216 2006 3507 2068 martyrum
3534 1995 3763 2052 exhibeba-

2240 2103 2347 2159 tur,
2380 2102 2435 2148 et
2466 2092 2659 2147 merita
2681 2090 2984 2147 aﬁ'endebat
3009 2089 3274 2144 ethnicos.

2311 2186 2476 2240 Ltnno
2502 2201 2574 2239 Ix.
2608 2184 2739 2254 Cap.
2774 2183 2864 2237 15.
2898 2180 3010 2235 Nec
3037 2191 3202 2235 tamen
3225 2181 3286 2235 ob
3311 2181 3407 2232 hoc
3446 2178 3677 2234 Mediator
3695 2189 3762 2244 eu,

2239 2284 2358 2349 quia
2391 2281 2655 2345 Verbum;
2686 2279 2907 2333 maxime
2948 2276 3137 2347 quippe
3163 2272 3473 2342 immortale,
3517 2283 3563 2327 et
3595 2275 3767 2327 maxime

2241 2376 2439 2429 beatum
2479 2374 2697 2428 Verbum
2737 2372 2887 2442 longe
2912 2386 2944 2422 a
2970 2368 3270 2422 mortalibus
3315 2367 3531 2421 miseriis
3557 2366 3677 2438 (non
3696 2365 3767 2418 mi-

2239 2466 2417 2539 seris)
2456 2468 2545 2523 sed
2572 2467 2822 2521 mediator
2866 2481 2956 2535 per
2978 2463 3116 2535 quod
3155 2459 3369 2532 homo.]
3401 2459 3553 2527 Vere,
3585 2474 3688 2513 nam
3721 2456 3769 2511 ad

2240 2564 2407 2619 Deum
2429 2561 2570 2632 quod
2603 2560 2815 2625 attinet,
2844 2573 2952 2613 non
2987 2556 3187 2626 indiget
3208 2556 3326 2624 ipse
3346 2553 3641 2620 Mediatare,
3658 2549 3769 2618 cujus

2238 2670 2400 2727 opera
2426 2654 2704 2711 nobiscum
2727 2660 2881 2724 agat;
2909 2650 3001 2706 sed
3024 2663 3122 2705 nos
3150 2648 3215 2702 ad
3243 2655 3445 2701 tantam
3468 2645 3768 2714 majestatetn,

2238 2751 2356 2805 sine
2382 2747 2678 2804 mediatore
2709 2754 2761 2802 et
2797 2744 3013 2816 quidem
3055 2740 3226 2800 nostri
3264 2737 3502 2813 generis,
3523 2736 3607 2792 vix
3632 2751 3769 2791 assur-

2236 2860 2363 2917 gere
2392 2858 2677 2915 possumus

2307 2934 2438 3006 Cap.
2468 2933 2558 2988 22.
2586 2934 2664 2990 De
2690 2932 2918 3003 angelis.
2947 2929 3078 2985 Ideo
3104 2928 3295 2983 certius
3329 2938 3483 2982 etiam
3524 2918 3771 2993 temporalia

2240 3039 2288 3085 et
2315 3029 2584 3083 mutabilia
2610 3028 2708 3081 ista
2728 3032 3009 3091 nouerunt;
3030 3026 3155 3095 quia
3174 3038 3354 3077 eorum
3380 3016 3673 3093 principales
3689 3030 3772 3068 cas-

2236 3138 2322 3177 sas
2342 3123 2396 3176 in
2430 3120 2593 3176 Verbo
2627 3118 2724 3175 Dei
2745 3119 3083 3190 conspiciunt,
3115 3132 3205 3188 per
3231 3114 3370 3185 quod
3396 3117 3558 3184 factus
3576 3118 3643 3165 est
3665 3124 3773 3162 mun-

2158 3186 2205 3253 C
2241 3215 2376 3281 dus;
2404 3215 2586 3286 quibus
2616 3214 2785 3267 causis
2813 3186 3048 3281 quadam
3078 3186 3627 3276 probantur,quaedam
3642 3214 3775 3270 repro-

2240 3305 2481 3379 bantun]
2503 3307 2645 3361 Ante
2673 3303 2852 3359 omnia
2882 3302 3073 3358 vellem
3105 3300 3245 3355 scire
3269 3314 3338 3353 an
3360 3298 3451 3368 qui
3479 3296 3600 3351 talia
3628 3293 3685 3348 de
3709 3305 3776 3344 an-

2237 3400 2373 3471 gelis
2400 3408 2455 3454 et
2486 3397 2665 3453 Verba
2686 3394 2956 3451 afﬁrmant
2985 3393 3116 3449 satis
3154 3390 3459 3461 intelligant
3482 3386 3605 3459 quid
3623 3384 3776 3446 velint;

2237 3509 2359 3549 nam
2396 3493 2459 3547 ad
2494 3505 2581 3545 me
2605 3489 2822 3560 quidem
2850 3488 2993 3559 quod
3035 3488 3244 3552 attinet,
3265 3500 3376 3541 non
3402 3482 3682 3552 intelligere
3716 3492 3779 3532 me

2238 3585 2409 3639 lateor
2439 3581 2708 3654 quomoda
2735 3580 2911 3650 angeli
2950 3579 3160 3650 possint
3190 3586 3413 3632 aeterna:
3456 3571 3682 3629 Rationis
3706 3583 3777 3624 no-

2237 3678 2411 3732 tiones
2456 3684 2513 3731 et
2557 3672 2912 3746 cogitationes
2959 3671 3169 3736 Videre,
3200 3671 3271 3724 ita
3305 3675 3365 3722 ut
3386 3683 3452 3723 ex
3482 3667 3595 3736 ejus
3618 3672 3780 3718 natura:

2238 3771 2694 3840 contemplatione
2724 3768 2897 3824 sciant
2931 3766 3058 3836 quid
3081 3763 3195 3819 ﬁeri
3225 3762 3377 3829 velit,
3411 3759 3535 3831 quid
3562 3756 3705 3818 nolit;
3724 3761 3777 3820 et,

2237 3874 2296 3921 ut
2318 3880 2505 3921 verum
2534 3862 2811 3933 proﬁtear,
2832 3876 2861 3915 a
2884 3858 3101 3915 nemine
3131 3865 3259 3926 puto
3282 3854 3530 3923 intelligi,
3558 3850 3641 3922 qui
3664 3861 3779 3902 crea-

2241 3969 2381 4014 turae
2419 3965 2657 4014 mentem
2680 3954 2977 4017 Creatoris,
3010 3964 3169 4021 quam
3214 3962 3324 4003 non
3373 3945 3779 4006 revelavit,asse-

2238 4062 2470 4123 quantur
2518 4051 2631 4106 sola
2688 4048 2804 4118 ejus
2854 4042 3329 4112 contemplatione.
3378 4036 3580 4093 Deinde
3630 4029 3779 4088 vellem

2236 4146 2377 4204 scire
2399 4144 2539 4200 unde
2568 4142 2674 4198 hac
2717 4140 2953 4195 habeant
2985 4134 3242 4204 theologi,
3273 4147 3341 4188 ex
3372 4124 3782 4201 philosophicisne

2234 4234 2766 4297 ratiocinationibus,
2795 4246 2862 4285 an
2889 4245 2956 4285 ex
2984 4227 3294 4296 Scriptura;
3329 4236 3455 4277 nam
3496 4220 3562 4275 ad
3588 4213 3780 4283 Scriptu-

2238 4276 2766 4297 .α..υυ.......υ....,...,,
2795 4276 2862 4285 μ..
2892 4276 2956 4285 ν..
2985 4276 3262 4296 ηνγημ
3282 4276 3294 4289 ,
3698 4276 3709 4283 _
3888 4276 3889 4299 χ

2233 4347 2354 4389 ram
2398 4329 2617 4401 quidem
2650 4327 2795 4398 quod
2842 4324 3057 4391 attinet,
3090 4319 3261 4375 ausim
3307 4315 3579 4371 afﬁrmare
3624 4307 3786 4401 nullum
3888 4314 3889 4375 ξ

2238 4441 2361 4482 esse
2392 4399 2593 4489 locum,
2622 4421 2710 4490 qui
2742 4418 2956 4488 quidem
2997 4414 3066 4470 sit
3111 4410 3450 4482 perspicuus,
3487 4421 3554 4462 ex
3598 4399 3788 4496 qualtvc

2240 4514 2610 4573 verisimiliter
2630 4510 2823 4567 deduci
2852 4507 3053 4579 possit;
3076 4499 3464 4574 philosophicis
3494 4511 3627 4585 vero
3663 4493 3788 4585 ratio-

2242 4605 2601 4666 cinationibus
2623 4601 2894 4672 quomoda
2922 4597 3046 4653 talia
3070 4594 3279 4665 possint
3299 4590 3484 4657 colligi
3526 4582 3683 4639 multo
3715 4582 3789 4672 mi:

2172 4700 2177 4705 ’
2244 4716 2347 4756 nus
2395 4711 2676 4767 assequar.
2710 4697 2959 4749 Attamen
3009 4688 3113 4744 hac
3144 4682 3473 4752 Augustinus
3516 4691 3619 4732 nan
3660 4666 3790 4726 semel

2244 4792 2498 4855 afﬁrmat,
2519 4766 2672 4859 quasi
2695 4783 2979 4852 theologia:
2999 4777 3317 4834 Christianae
3338 4773 3554 4842 dogma,
3578 4774 3631 4824 et
3649 4766 3709 4820 ita
3723 4774 3791 4859 se-

2242 4900 2375 4941 cure
2393 4855 2592 4953 profert
2608 4878 2756 4951 quasi
2777 4892 2864 4933 res
2881 4882 3024 4932 esset
3037 4872 3333 4941 explorata,
3349 4881 3411 4921 ac
3432 4861 3655 4931 theologi
3670 4855 3794 4953 scho-

2245 4946 2423 5032 lastici
2452 4946 2645 5044 magna
2665 4984 2931 5026 consensu
2959 4965 3320 5034 arripuerunt.
3355 4959 3618 5026 Videquie
3646 4953 3730 5007 hac
3745 4946 3795 5001 de

2249 5083 2314 5124 re
2337 5066 2550 5137 collegit
2575 5062 2859 5134 Dionysius
2891 5057 3135 5113 Petavius
3156 5052 3579 5122 theologicorum

2252 5174 2369 5217 tum
2400 5130 2531 5215 tam.
2578 5158 2622 5226 Ι,
2667 5130 2765 5214 lib.
2798 5171 2873 5223 tv,
2902 5168 3020 5223 cap.
3070 5150 3139 5216 2;
3167 5157 3223 5205 et
3245 5155 3380 5203 tam.
3411 5144 3506 5211 ΙΙΙ,
3530 5142 3595 5197 de
3619 5130 3798 5204 Angelis

2252 5253 2550 5323 lib.t,cap.
2577 5250 2632 5305 4.
3149 5337 3174 5339 Α
3216 5337 3224 5339 Α
3321 5335 3351 5339 _
3491 5332 3505 5339 ,
3668 5322 3712 5339 ν.

2325 5346 2459 5417 caP-
2480 5344 2616 5417 93.§
2648 5345 2701 5399 l.
2725 5342 2873 5397 Illud
2889 5356 3004 5395 vero
3014 5339 3101 5393 ubi
3122 5337 3309 5391 dicitur
3320 5331 3798 5390 Deusdeorum.'ﬂ0n

2255 5446 2423 5510 potest
2461 5435 2681 5507 intelligi
2729 5431 2868 5488 Deus
2922 5429 3326 5493 daemoniorum;
3371 5434 3424 5479 et
3474 5436 3567 5478 rex
3618 5421 3799 5509 magna!

2256 5545 2423 5599 super
2459 5541 2648 5582 anmes
2688 5525 2841 5588 deos,
2873 5522 3004 5576 absit
3038 5529 3094 5574 ut
3122 5520 3323 5573 dicatur
3362 5516 3473 5570 Rea:
3501 5526 3644 5581 super
3665 5514 3799 5560 omnia

2258 5617 2571 5691 dwmonia.]
2602 5616 2756 5687 Apud
2786 5615 3062 5682 Hebraeos,
3093 5622 3150 5666 ut
3172 5611 3272 5666 viri
3321 5607 3462 5664 docti
3508 5602 3707 5691 dudum,
3731 5606 3799 5647 os-

2262 5689 2572 5776 tenderunt,
2607 5726 2710 5763 vox
2739 5692 2917 5766 ambs:
2947 5705 3135 5760 elohim
3164 5704 3431 5773 signiﬁcat
3474 5689 3711 5767 quidquid
3732 5698 3797 5785 ca

2262 5810 2412 5876 titur,
2446 5804 2684 5875 σέϐασμα
2729 5814 2823 5858 seu
2852 5800 2903 5858 in
2934 5797 3073 5856 cado
3103 5795 3229 5853 illud
3279 5795 3369 5861 sit,
3416 5792 3529 5849 sive
3573 5788 3622 5843 in
3654 5791 3797 5841 tetris.
