3974 6356
182 325 278 384 475

848 328 1198 387 VARIORUM
1238 327 1830 386 EXERCITATIONES
1870 330 1934 385 IN
1971 332 2028 387 S.
2075 330 2441 392 AUGUSTINI
2481 332 2728 390 OPERA.
3338 334 3425 391 ω

180 448 349 516 Itaque
374 444 585 515 quando
618 445 757 500 Deus
775 460 936 502 verus
962 446 1156 503 dicitur
1180 446 1317 501 Deus
1340 448 1572 510 deorum,
1606 462 1734 515 per-
1768 450 1821 509 Α
1918 447 2079 503 Ltano
2107 466 2160 503 x.
2203 449 2333 520 Cap.
2365 452 2414 517 Ι,
2452 452 2478 524 §
2507 453 2561 506 2.
2593 452 2695 506 llic
2736 461 2808 505 est
2845 454 2981 507 enim
3026 453 3291 508 Divinitati
3327 458 3430 525 uel,

181 539 295 593 inde
326 548 406 593 est
428 554 492 593 ac
525 539 569 593 si
596 538 869 594 diceretur
882 542 1121 596 omnium
1142 556 1330 595 eorum
1363 555 1498 611 quos
1519 541 1751 597 colimus

179 632 619 688 eminentissimus
636 649 651 689 :
681 640 739 687 ut
764 633 1033 687 Canticum
1045 632 1375 689 Canticorum
1393 634 1589 689 dicitur
1610 634 1750 703 quod

178 728 226 782 in
249 743 343 783 suo
369 743 564 798 genere
590 728 973 791 esteximium.
998 728 1111 782 Etsi
1131 739 1253 783 sunt
1276 730 1365 799 qui
1386 731 1625 783 dicantur
1652 730 1750 795 dii,

177 820 248 874 ait
297 821 487 875 Paulus
516 819 537 874 Ι
563 820 689 875 Cor.
719 836 833 889 vui,
872 822 924 886 5,
959 822 1061 875 sive
1104 821 1158 875 in
1187 822 1333 889 caslo,
1361 823 1466 876 sive
1512 822 1568 875 in
1616 830 1753 876 terra

177 914 457 986 (siquidem
476 924 595 968 sunt
617 915 688 968 dii
718 913 867 969 multi
893 923 941 969 et
971 915 1167 970 domini
1189 913 1388 986 multi),
1407 915 1552 970 nobis
1584 925 1755 971 tamen

176 1022 305 1061 unus
328 1007 462 1062 Deus
489 1006 670 1074 Pater,
700 1024 763 1062 ea:
790 1024 890 1077 quo
913 1010 1109 1075 omnia,
1126 1020 1230 1064 etc.
1256 1002 1345 1065 Sic
1372 1017 1428 1064 et
1450 1008 1582 1078 psal.
1608 1023 1751 1075 χειν,

175 1099 205 1153 3
234 1116 245 1151 :
279 1098 414 1153 Deus
440 1116 657 1171 magnus
678 1098 953 1168 Dominus,
995 1109 1043 1154 et
1066 1100 1179 1155 Rea:
1204 1117 1418 1171 magnus
1444 1116 1600 1170 super
1638 1116 1751 1153 om-

175 1207 257 1244 nes
281 1193 400 1246 deos
414 1209 433 1258 ;
462 1192 685 1263 perinde
720 1201 804 1249 est
830 1208 896 1249 ac
942 1191 1057 1249 Rex
1108 1208 1317 1265 regum,
1347 1201 1442 1249 aut
1492 1190 1753 1248 Dominus

176 1283 529 1340 dominorum.

180 1408 183 1411 λ
238 1378 371 1433 Ibid.
390 1378 493 1434 Sed
512 1378 743 1435 homines
765 1395 964 1450 quoque
982 1377 1038 1433 in
1059 1380 1249 1451 populo
1275 1379 1373 1434 Dei
1386 1379 1562 1435 eadem
1573 1376 1754 1449 Scrip-

190 1479 289 1523 tura
316 1471 438 1525 deos
461 1472 709 1540 appellat.
742 1471 877 1542 Ego,
908 1472 1101 1542 inquit,
1128 1471 1238 1526 dixi
1272 1489 1285 1524 :
1319 1470 1401 1527 Dii
1426 1472 1556 1527 estis
1577 1480 1634 1527 et
1657 1471 1753 1526 lilii

194 1562 383 1618 Excelsi
412 1579 622 1620 omnes.
657 1563 833 1619 Potest
871 1566 1042 1635 itaque
1086 1565 1305 1638 intelligi
1328 1565 1511 1619 horum
1537 1568 1753 1621 deorum

196 1654 329 1719 Deus,
360 1656 448 1727 qui
477 1657 644 1711 dictus
668 1664 740 1711 est
764 1656 909 1713 Deus
939 1658 1185 1722 deorum,
1217 1668 1265 1711 et
1295 1672 1458 1726 super
1486 1658 1578 1712 hos
1619 1658 1753 1715 deos

198 1744 291 1801 Rex
312 1745 593 1818 magnus]
624 1748 770 1803 Nihil
798 1747 979 1805 verius
1011 1748 1111 1804 hac
1138 1750 1441 1819 posteriore
1467 1749 1752 1821 Augustini

1854 543 1898 593 si
1945 543 2231 611 expressius
2253 543 2520 597 dicendum
2546 554 2638 611 est,
2659 543 2851 597 Deitati
2870 545 3068 600 debitus
3090 545 3277 611 cultus,
3316 565 3433 617 pro-

1854 640 1965 700 pter
1992 649 2141 699 quens
2170 618 2438 687 uno‘verbo
2459 636 2879 705 signiﬁcandum,
2901 638 3143 707 quoniam
3168 639 3293 691 mihi
3313 641 3437 694 satis

1854 724 2095 777 idoneum
2124 740 2225 778 non
2253 727 2477 780 occurrit
2502 724 2979 797 Latinum,Grteco,
3004 730 3090 783 ubi
3115 746 3314 784 necesse
3344 741 3440 798 est,

1853 818 2058 871 insinuo
2082 818 2204 887 quid
2230 820 2379 872 velim
2400 819 2588 874 dicere.
2619 826 2869 899 Λατρείαν
2894 823 3080 892 quippe
3120 823 3303 889 nostri,
3334 824 3441 876 ubi-

1855 926 2053 980 cunque
2062 921 2358 965 sanctarum
2374 912 2765 984 Scripturarum
2783 917 3000 985 positum
3013 924 3109 981 est,
3127 917 3442 987 interpretati

1854 1014 1975 1057 sunt
2002 1005 2313 1058 seruitutem.
2331 1004 2437 1059 Sed
2451 1021 2512 1060 ea
2539 1007 2752 1070 servitus
2773 1023 2888 1079 quia
2908 1007 3116 1063 debetur
3133 1010 3442 1075 hominibus,

1856 1096 2132 1149 secundum
2163 1112 2315 1164 quam
2337 1097 2566 1167 praecipit
2583 1099 2881 1169 Apostolus,
2905 1114 3072 1154 servos
3099 1100 3322 1154 dominis
3338 1101 3444 1154 suis

1855 1187 2086 1243 subditos
2113 1205 2221 1243 esse
2250 1190 2450 1259 debere,
2485 1189 2593 1245 alio
2623 1191 2827 1245 nomine
2853 1188 3033 1246 Greece
3053 1194 3341 1263 nuncupari
3362 1210 3443 1247 so-

1853 1276 1979 1349 let.]
2008 1280 2258 1351 Intelligit
2280 1296 2466 1336 vocem
2497 1280 2717 1338 δουλεία.
2748 1284 3003 1350 Quamvis
3024 1284 3235 1360 λατρεία
3259 1300 3325 1339 ex
3344 1300 3443 1338 vo-

1855 1372 1935 1427 cis
1982 1373 2199 1442 pr0prio
2243 1374 2542 1443 signiﬁcatu
2606 1390 2715 1429 non
2770 1375 2942 1444 magis
2993 1374 3256 1446 signiticet
3304 1375 3444 1444 apud

1857 1464 2076 1520 Graecos
2108 1466 2203 1520 Dei
2226 1480 2385 1532 quam
2416 1465 2692 1521 hominum
2724 1467 3025 1533 cultum,ut
3048 1476 3194 1522 recte
3217 1467 3283 1521 ad
3305 1468 3445 1523 hunc

1856 1556 2031 1612 locum
2082 1558 2462 1613 animadvertit
2488 1558 2643 1614 Joan.
2673 1559 2807 1615 Lud.
2834 1559 3033 1625 Vives;
3081 1568 3320 1615 attamen
3373 1575 3446 1615 ex

1858 1666 1955 1707 usu
1998 1651 2141 1707 LXX
2173 1653 2525 1724 interpretum
2555 1663 2609 1709 et
2642 1654 2774 1709 Novi
2806 1654 3158 1719 Testamenti,
3192 1661 3249 1707 ut
3275 1654 3327 1707 in
3356 1668 3447 1709 se-

1857 1746 2147 1813 quentibus
2170 1745 2331 1800 habet
2360 1747 2710 1817 Augustinus,
2742 1748 2951 1821 λατριία
2971 1746 3211 1801 divinum
3242 1746 3446 1800 cultum

203 1839 663 1907 animadversione;
696 1840 792 1897 sed
818 1842 960 1912 quod
1001 1842 1132 1897 dicit
1181 1843 1408 1897 homines
1453 1844 1509 1897 in
1562 1845 1755 1913 populo

1863 1846 2044 1904 sonat;
2072 1846 2127 1892 at
2144 1852 2247 1893 vox
2274 1837 2473 1894 δουλεία
2502 1838 2804 1907 promiscue
2826 1853 2924 1907 pro
2940 1847 3169 1908 utroque
3192 1836 3442 1902 sumitur,

208 1930 279 1985 Dei
299 1931 394 1986 dici
439 1931 600 2000 deos,
633 1949 739 1989 non
770 1943 851 1989 est
891 1943 975 1989 sat
1019 1942 1269 1990 accurate
1312 1935 1381 1989 ab
1422 1950 1488 1990 eo
1517 1934 1753 2001 dictum;

206 2037 303 2077 nam
326 2036 424 2077 non
472 2022 652 2093 quivis
695 2024 941 2080 homines
977 2041 1009 2081 e
1040 2026 1239 2096 populo
1276 2027 1371 2082 Dei
1402 2026 1652 2083 dicuntur
1682 2029 1757 2082 dii

208 2114 317 2182 psal.
346 2129 523 2181 LXXXI,
549 2115 613 2180 6;
644 2116 739 2170 sed
771 2125 976 2171 tantum
1007 2131 1163 2187 reges
1183 2125 1238 2172 et
1259 2117 1491 2186 judices,
1523 2133 1621 2174 seu
1651 2134 1757 2175 ma-

209 2207 445 2277 gistratus.
478 2206 840 2274 Quamobrem
885 2210 1024 2265 male
1052 2210 1213 2266 etiam
1243 2222 1502 2281 concepta
1545 2219 1630 2267 est
1665 2226 1756 2267 ca-

205 2298 307 2370 pitis
329 2299 474 2367 hujus
500 2300 800 2369 inscriptio,
831 2316 951 2370 quae
978 2301 1058 2357 sic
1078 2302 1238 2357 habet
1269 2320 1283 2359 :
1320 2302 1523 2357 Nomen
1545 2304 1756 2358 deorum

206 2393 316 2463 falso
334 2392 507 2446 ascribi
530 2392 634 2447 diis
649 2394 895 2465 gentium,
920 2396 1059 2465 quod
1085 2405 1254 2450 tamen
1277 2406 1325 2450 et
1347 2398 1543 2468 angelis
1565 2399 1755 2452 sanctis

204 2492 241 2537 et
255 2483 517 2537 hominibus
543 2484 718 2555 iustis,
753 2502 815 2540 ea:
834 2486 1127 2542 divinarum
1158 2486 1551 2558 Scripturarunt
1577 2498 1755 2544 aucto-

206 2576 331 2629 ritate
357 2591 613 2630 commune
651 2586 744 2631 est.
775 2576 911 2632 Nam
951 2578 1006 2633 in
1037 2579 1315 2649 Scriptura
1358 2597 1619 2652 nusquam
1653 2582 1755 2638 hoc

207 2679 272 2726 est
293 2679 471 2726 nomen
494 2671 773 2728 hominum
798 2673 1067 2743 justorum
1086 2715 1102 2743 ,
1128 2676 1226 2732 sed
1260 2688 1463 2732 tantum
1491 2678 1557 2732 ad
1592 2678 1756 2733 hono-

208 2777 278 2818 res
314 2763 611 2833 reipublicae
662 2777 1000 2834 evectorum,
1027 2769 1334 2839 quicunque
1364 2770 1473 2825 sint
1519 2772 1755 2841 alioquin

208 2868 362 2910 eorum
390 2871 603 2923 mores;
633 2872 738 2914 non
767 2858 912 2915 enim
949 2861 1115 2918 virtus
1154 2862 1211 2918 in
1240 2862 1305 2920 iis
1332 2872 1626 2935 spectatur,
1659 2866 1755 2922 sed

209 2944 424 3015 dignitas.
1200 2966 1211 2977 '
1680 3023 1687 3033 ‘

265 3039 397 3111 lbid.,
426 3042 452 3114 §
481 3044 538 3099 2.
578 3044 957 3115 Verumtamen,
1009 3065 1124 3104 cum
1166 3066 1198 3103 a
1246 3051 1391 3105 nobis
1437 3053 1686 3121 quaeritur
1710 3053 1756 3108 si

215 3130 394 3189 homines
416 3136 541 3191 dicti
579 3148 698 3193 sunt
727 3140 820 3207 dii,
846 3141 982 3211 quod
1012 3142 1066 3196 in
1088 3141 1278 3213 populo
1311 3142 1408 3197 Dei
1434 3153 1572 3209 sunt,
1606 3160 1755 3215 quem

222 3244 287 3296 per
308 3232 493 3301 angelos
522 3235 601 3289 uel
632 3252 721 3305 per
768 3206 996 3293 homines
1042 3206 1325 3311 alloquitur
1365 3206 1754 3312 [leua-quanto
1783 3206 1828 3270 Ο

222 3322 339 3389 magis
354 3325 664 3381 immortales
693 3344 752 3381 eo
772 3332 975 3384 nomine
996 3332 1137 3401 digni
1162 3341 1281 3385 sunt
1310 3333 1401 3401 qui
1426 3349 1486 3386 ea
1508 3335 1755 3405 fruuntur

210 3412 476 3471 beatitudine
500 3418 570 3470 ad
598 3434 754 3489 quam
802 3422 966 3475 Deum
1008 3423 1224 3477 colendo
1270 3425 1484 3495 cupiunt
1527 3427 1757 3481 homines

200 3508 459 3571 pervenire?
492 3509 632 3575 Quid
675 3515 1113 3583 respondebimus,
1158 3517 1261 3570 nisi
1303 3535 1404 3572 non
1456 3520 1654 3589 frustra
1700 3521 1758 3573 in

196 3595 451 3668 Scripturis
471 3603 679 3670 sanctis,
699 3608 985 3675 expressius
1009 3608 1238 3662 homines
1268 3619 1596 3680 nuncupatos
1611 3613 1755 3677 deos,

189 3706 325 3758 quam
353 3695 463 3751 illos
488 3699 803 3755 immortales
822 3712 867 3755 et
895 3702 1085 3769 beatos,
1105 3704 1285 3772 quibus
1310 3722 1401 3758 nos
1422 3705 1645 3776 aequales
1670 3707 1759 3776 [u-

186 3794 313 3841 taros
332 3789 384 3843 in
402 3794 774 3848 resurrectione
808 3795 1155 3862 promittitur;
1187 3814 1273 3863 ne,
1304 3797 1521 3864 scilicet,
1544 3809 1757 3870 propter

177 3879 376 3935 illorum
418 3884 789 3952 excellentiam,
817 3888 1040 3957 aliquem
1066 3906 1244 3944 eorum
1280 3892 1423 3945 nobis
1450 3894 1759 3948 constituere

173 3973 318 4028 deum
341 3978 561 4045 inﬁdelis
583 3980 795 4035 auderet
834 3983 1149 4061 inﬁrmitqs?
1174 3986 1331 4052 Quod
1359 3987 1414 4039 in
1443 3986 1649 4041 homine
1674 3992 1759 4059 fa-

168 4065 263 4117 cile
303 4078 378 4122 est
401 4071 643 4143 euitare.]
671 4072 780 4128 Nos
808 4077 1070 4145 vero,qui
1101 4091 1208 4131 non
1241 4092 1306 4131 ex
1336 4077 1563 4132 turbidis
1595 4078 1746 4146 rivis,

165 4155 260 4209 sed
290 4174 357 4213 ex
385 4162 500 4229 ipso
549 4164 699 4220 fonte
745 4164 909 4222 hasce
935 4182 1100 4237 aquas
1131 4170 1431 4238 hausimus,
1463 4171 1610 4226 aliud
1642 4186 1761 4228 res-

164 4251 553 4329 pondebimus;
589 4257 865 4326 nimirum,
892 4261 1113 4329 angelos
1134 4261 1492 4318 disertissime
1511 4266 1632 4320 deos
1659 4280 1756 4322 seu

167 4328 357 4405 utn‘nz
382 4347 483 4403 dici
509 4350 647 4418 psal.
680 4366 798 4419 vm,
832 4353 886 4416 6,
914 4328 1003 4408 ubi
1033 4354 1294 4411 Hebraica
1326 4357 1526 4414 habent
1556 4358 1624 4415 de
1660 4359 1759 4415 ho-

163 4432 312 4490 mine
342 4453 355 4490 :
382 4423 611 4499 iambum
658 4452 801 4506 iam
842 4451 1112 4511 imorum,
1144 4458 1191 4501 et
1232 4450 1395 4519 fecisti
1436 4466 1552 4504 eum
1599 4452 1757 4521 paulo

164 4524 409 4581 minorem
430 4531 565 4597 diis;
600 4533 689 4586 ubi
717 4533 859 4589 LXX
890 4535 1236 4606 interpretes,
1257 4541 1577 4602 Ἧλαττὼσας·
1604 4543 1753 4597 αὐτὸν

162 4616 352 4689 βραχύ
380 4642 428 4675 τι
454 4624 854 4701 παρ’ἁγγέλους.
882 4627 975 4684 Sic
1012 4638 1067 4685 et
1094 4630 1374 4687 Chaldaeus
1398 4647 1494 4701 pro
1524 4618 1755 4695 utn‘nu:

162 4708 331 4765 habet
371 4698 663 4783 κωκὸὴω,
692 4720 1135 4793 mimmalachajo,
1167 4739 1324 4794 quam
1354 4698 1551 4793 angeli.
1582 4725 1673 4782 Sic
1700 4735 1756 4782 et

163 4804 400 4873 scriptor
424 4809 490 4863 ad
514 4808 771 4867 Hebrreos
793 4828 914 4884 cap.
942 4832 1026 4881 xi,
1055 4817 1109 4870 7.
1134 4817 1343 4872 Pariter
1364 4818 1508 4873 Psal.
1529 4834 1677 4886 xcvn,
1697 4821 1752 4891 7,

166 4908 231 4947 ex
263 4897 526 4956 divisione
567 4900 775 4969 Graeca,
806 4914 892 4961 est
917 4908 1059 4977 apud
1083 4907 1225 4963 LXX
1250 4910 1593 4980 interpretes,
1625 4934 1756 4987 προ·

170 4995 453 5048 σκυνήσατε
474 4996 613 5070 αὐτῷ
637 4998 824 5059 πάντες
846 4996 1045 5073 ἄγγελοι
1072 5003 1249 5067 αὐτοῦ,
1264 5013 1319 5057 et
1349 5006 1666 5074 scriptorem
1686 5006 1756 5060 ad

177 5077 425 5139 Ilebrmos
445 5101 566 5156 cap.
593 5104 629 5153 ι,
654 5092 709 5155 6,
741 5090 832 5144 ubi
862 5091 1123 5148 Hebraica
1152 5094 1316 5149 verba
1352 5095 1553 5151 habent
1582 5116 1593 5148 :
1627 5096 1757 5153 ado-

182 5182 284 5224 rate
306 5191 436 5243 eum,
467 5194 642 5233 omnes
665 5181 761 5244 dii,
791 5166 990 5242 amb».
1019 5183 1135 5239 Non
1178 5185 1439 5241 addemus
1468 5188 1571 5241 alia
1613 5188 1755 5256 loca,

189 5262 277 5315 sed
311 5266 707 5324 observabimus
738 5272 1102 5341 periculosum
1139 5291 1261 5331 esse
1301 5278 1636 5335 comminisci
1669 5295 1757 5335 ra-

193 5353 352 5412 tiones
382 5377 503 5418 usus
550 5365 817 5420 sermonis
861 5369 1023 5437 sacri,
1056 5379 1341 5442 antequam
1383 5373 1541 5442 plane
1570 5375 1642 5429 sit
1666 5390 1759 5433 ex-

200 5446 443 5518 ploratus;
465 5470 588 5509 nam
614 5456 767 5512 facile
797 5468 879 5513 est
903 5463 1221 5518 commentis
1241 5464 1347 5519 falli
1373 5474 1428 5521 et
1455 5466 1755 5537 indulgere,

208 5546 628 5607 quemadmodum
677 5550 762 5605 hic
794 5550 919 5607 facit
957 5556 1304 5623 Augustinus,
1336 5559 1440 5612 nisi
1492 5559 1678 5614 Grieca
1703 5569 1761 5615 et

211 5631 435 5695 Hebraica
464 5644 745 5713 diligenter
774 5647 1086 5717 legerimus.
1127 5650 1416 5708 Possemus
1443 5652 1577 5711 hanc
1610 5664 1757 5723 pote-

212 5740 373 5787 statem
396 5738 542 5791 vocis
564 5735 703 5793 Deus
725 5740 968 5808 pluribus
997 5744 1340 5808 conﬁrmare,
1365 5746 1459 5803 sed
1483 5747 1567 5801 adi
1598 5746 1754 5803 Joan.

210 5825 368 5883 Clerici
401 5840 581 5889 Artem
628 5834 866 5891 criticmu
911 5848 1045 5907 part.
1081 5838 1100 5893 l
1137 5851 1271 5897 sect.
1307 5843 1362 5909 2,
1391 5858 1507 5915 cap.
1546 5842 1596 5897 5.

1860 1943 1919 1986 ut
1950 1932 2218 1987 docebunt
2259 1929 2595 1987 Concordiae.
2628 1932 2791 2003 Igitur
2818 1931 2921 1987 etsi
2948 1932 3156 2006 λατρεία
3186 1930 3240 1985 in
3278 1929 3447 1986 sacris

1859 2023 2035 2078 Libris
2054 2023 2323 2093 signiﬁcat
2342 2024 2544 2080 cultum
2572 2023 3041 2089 excellentiorem;
3065 2025 3322 2079 continuo
3340 2038 3447 2077 non

1859 2117 2104 2186 sequitur
2128 2130 2261 2173 voce
2290 2116 2492 2173 δουλεία
2531 2116 2711 2171 minus
2737 2114 3093 2172 excellentem
3131 2114 3443 2185 signiﬁcari,

1860 2209 2000 2279 quod
2034 2209 2199 2279 probe
2234 2208 2651 2264 observandum.

1930 2304 2059 2370 Cap.
2096 2304 2184 2368 11,
2219 2303 2247 2375 §
2275 2303 2327 2357 1.
2357 2300 2441 2356 lbi
2464 2303 2673 2374 quidem
2718 2320 2888 2357 omnes
2918 2303 3146 2357 homines
3186 2303 3446 2371 reprobat,

1857 2412 1982 2467 quos
2004 2396 2129 2449 dicit
2149 2395 2209 2448 ob
2236 2394 2637 2466 imprudentiam
2666 2397 2865 2449 trahere
2892 2393 3162 2448 humidum
3182 2410 3445 2464 uaporem,

1859 2499 1909 2543 et
1938 2489 2051 2543 ideo
2082 2505 2185 2543 non
2212 2489 2264 2541 in
2292 2488 2501 2555 esthere,
2528 2488 2618 2543 sed
2646 2488 2700 2541 in
2730 2504 2847 2542 aere
2876 2504 2983 2542 esse
3007 2490 3097 2542 sub
3129 2489 3271 2551 luna,
3296 2499 3447 2559 atque

1859 2583 1912 2635 in
1933 2582 2045 2653 ipso
2069 2582 2204 2636 (ante
2220 2580 2415 2653 globo.]
2432 2580 2511 2635 Ex
2540 2581 2638 2635 hac
2661 2580 2999 2650 philosophia
3015 2580 3262 2635 Lucanus
3287 2581 3380 2635 lib.
3395 2594 3447 2635 ix

1858 2673 1926 2729 ab
1957 2674 2131 2739 initio,
2165 2672 2233 2727 de
2264 2672 2443 2727 animo
2473 2670 2574 2726 Cn.
2598 2671 2839 2741 Pompeii
2870 2670 3046 2740 Magni
3074 2671 3153 2726 sic
3181 2671 3444 2741 loquitur:

1984 2809 2049 2858 At
2073 2820 2167 2856 non
2192 2807 2241 2855 in
2262 2807 2439 2856 Pharia
2461 2804 2628 2856 Manes
2644 2804 2847 2867 iacuere
2872 2805 3045 2867 favilla,

1985 2870 2087 2920 Nec
2112 2871 2235 2919 cinis
2258 2870 2471 2929 exiguus
2489 2876 2669 2918 tantam
2694 2871 2991 2930 compescuit
3012 2869 3260 2930 umbram;

1980 2932 2215 2981 Prosiluit
2235 2934 2402 2991 busto,
2430 2939 2744 2993 semustaque
2767 2933 2985 2993 membra
3013 2930 3320 2993 relinquens,

1979 2994 2615 3057 Degeneremque_rogum,
2641 2992 2867 3054 sequitur
2886 3006 3104 3057 convexa
3128 2992 3390 3042 Tonantis'

1984 3055 2089 3119 Qua
2113 3060 2255 3119 niger
2277 3055 2517 3105 astriferis
2539 3056 2843 3119 connectitur
2862 3056 3039 3103 axibus
3059 3067 3164 3117 aer,

1984 3116 2187 3181 Quaqué
2213 3125 2345 3179 patet
2367 3125 2523 3181 terras
2543 3120 2670 3167 inter
2687 3116 2913 3178 lunmque
2943 3124 3150 3181 meatus.

1984 3180 2202 3229 Semidei
2226 3181 2397 3229 Manes
2422 3180 2660 3236 habitant,
2684 3192 2808 3242 quos
2830 3180 2975 3239 ignea
2999 3180 3152 3227 virtus

1984 3243 2221 3292 Innocuos
2241 3246 2349 3291 vitae
2374 3244 2620 3303 patientes
2641 3242 2842 3289 zelheris
2863 3243 2951 3290 imi

1982 3304 2123 3355 Fecit
2145 3310 2197 3355 et
2216 3313 2430 3355 aeternos
2451 3306 2666 3353 animum
2688 3304 2890 3364 collegit
2911 3304 2959 3351 in
2983 3314 3147 3352 ornes.

1860 3435 1967 3491 Sed
1998 3434 2066 3489 de
2095 3435 2196 3489 hac
2222 3449 2280 3489 re
2326 3434 2549 3502 copiose
2592 3432 2699 3504 egit
2728 3432 2989 3502 Apuleius
3030 3430 3359 3493 Platonicus,
3394 3429 3449 3485 in

1860 3528 2045 3584 libello
2067 3528 2135 3583 de
2169 3527 2277 3582 Deo
2298 3526 2558 3583 Socratis

1931 3620 2065 3688 Cap.
2089 3620 2178 3689 16,
2211 3620 2240 3691 §
2272 3621 2323 3673 1.
2362 3618 2729 3690 Respondeant
2764 3616 2995 3689 theurgi,
3057 3616 3135 3670 vel
3164 3615 3335 3686 potius
3362 3629 3450 3667 Pn-

1861 3730 2060 3783 nlunct,
2088 3714 2182 3768 hoc
2195 3715 2328 3767 enim
2339 3722 2457 3767 sunt
2472 3712 2575 3766 illic
2596 3722 2733 3765 artes
2754 3710 3000 3765 uocabulo
3021 3706 3322 3779 digniorem]
3347 3708 3452 3759 Au-

1866 3807 2098 3874 diverat,
2152 3815 2211 3860 ut
2260 3804 2478 3874 quidem
2518 3803 2762 3867 videtur,
2793 3803 3120 3872 Augustinus
3167 3799 3236 3853 ab
3276 3799 3454 3868 aliquo

1862 3901 2049 3958 Graece
2074 3899 2281 3954 sciente
2308 3898 2543 3966 magicas
2575 3896 2693 3951 illas
2722 3905 2867 3951 artes
2892 3897 3165 3970 περιέργοις
3197 3890 3326 3956 dici,
3354 3890 3455 3944 hoc

1862 4001 1968 4054 est.
2002 4005 2275 4059 perperam
2303 3989 2571 4050 curiosas;
2600 4000 2831 4056 cumque
2852 3985 3059 4039 videret
3095 3981 3332 4051 theurgos
3367 3995 3457 4035 vo-

1861 4083 1995 4149 cari,
2028 4082 2316 4138 vacillante
2343 4079 2626 4145 memoria,
2649 4093 2743 4133 eos
2786 4077 3055 4147 periurgos
3084 4072 3261 4129 vocari
3292 4086 3455 4143 opor-

1868 4186 1984 4232 tere
2008 4176 2298 4245 dixit,qute
2310 4189 2412 4229 vox
2439 4183 2618 4227 tamen
2650 4186 2757 4226 non
2778 4178 2863 4225 est
2885 4169 3111 4234 usitata;
3130 4182 3254 4223 nam
3277 4178 3458 4235 quam-

1863 4272 1945 4326 vis
1971 4270 2181 4325 dicatur
2199 4268 2456 4344 θεουργός,
2477 4281 2507 4320 a
2527 4265 2750 4321 vocibus
2770 4264 2881 4325 θεὸς·
2897 4272 2953 4319 et
2974 4261 3141 4335 ἔργον,
3162 4267 3222 4314 ut
3242 4278 3459 4332 κακουρ-

1861 4366 1972 4439 γὸς,
2001 4363 2309 4440 πανωργὸς,
2342 4360 2669 4438 χειρωργός,
2701 4368 2756 4414 et
2780 4358 2995 4423 similia,
3030 4362 3311 4425 propterea
3352 4365 3460 4405 non

1863 4458 2107 4528 sequitur
2132 4472 2198 4512 ex
2238 4459 2357 4531 περὶ
2396 4462 2451 4509 et
2490 4452 2633 4529 ἔργον
2663 4452 2779 4507 ﬁeri
2804 4450 3132 4527 περιουρσγόν,
3182 4455 3242 4502 ιιι
3266 4451 3461 4501 norunt

1863 4565 1994 4606 usus
2023 4558 2078 4605 et
2102 4548 2364 4619 analogiae
2384 4546 2567 4618 periti.
2588 4547 2661 4600 De
2693 4559 2825 4600 voce
2852 4543 3135 4619 περιιργόν,
3160 4540 3213 4595 in
3263 4536 3460 4593 malam

1862 4655 2070 4716 partem
2120 4654 2358 4711 sumpta,
2398 4640 2518 4695 vide
2567 4638 2707 4707 Hug.
2762 4635 3002 4691 Grotium
3043 4633 3110 4687 ad
3164 4632 3283 4686 Act.
3333 4645 3458 4697 xix,

1864 4737 1951 4792 19.
1978 4736 2203 4791 Veteres
2234 4733 2437 4788 Glossa:
2462 4750 2475 4785 :
2504 4734 2795 4807 περίεργος,
2823 4729 3073 4789 curiosus,
3096 4738 3332 4778 vesanus.
3358 4720 3461 4775 Be-

1863 4828 2083 4899 sychius
2126 4845 2140 4882 :
2170 4832 2435 4901 Περίεργον
2478 4824 2589 4895 (sic
2617 4824 2758 4877 enim
2790 4818 3074 4890 legendum
3103 4815 3339 4871 ostendit
3376 4827 3461 4868 se-

1865 4920 1972 4976 ries
1999 4920 2299 4975 litterarum
2328 4934 2433 4973 non
2458 4914 2982 4993 πιριερὸν)περιττόν,
3023 4911 3053 4970 ἦ
3080 4907 3340 4983 στρεϐλόν.
3370 4917 3461 4961 Πι-

1867 5016 2065 5089 ριερσγία
2114 5013 2248 5079 (non
2286 5010 2567 5087 nsptspsia)
2619 5010 2884 5083 meapaia,
2919 5013 3011 5058 aut
3051 5002 3231 5071 potius
3276 5001 3461 5073 κάθαρ-

1864 5129 1970 5173 σις,
1998 5105 2087 5160 vel
2114 5107 2183 5161 τὰ
2210 5107 2486 5179 καθάρσια,
2520 5103 2625 5158 hoc
2664 5111 2749 5157 est
2776 5098 3145 5168 superstitiosa
3194 5092 3457 5158 lustratio,

1863 5197 2111 5267 qualibus
2156 5196 2316 5266 plena
2363 5204 2518 5251 erant
2568 5194 2911 5263 theurgorum
2956 5202 3142 5254 sacra,
3173 5186 3240 5241 de
3268 5183 3460 5254 quibus

1863 5290 2199 5360 potissimum
2243 5291 2350 5359 egit
2401 5287 2755 5349 Jamhlichus,
2815 5286 2866 5339 in
2918 5283 3057 5338 libro
3085 5282 3153 5336 de
3196 5276 3461 5351 Mysteriis

1864 5382 2261 5455 Egyptiorum.
2317 5383 2451 5437 Vide
2502 5391 2554 5437 et
2582 5381 2933 5450 Augustinum
2971 5377 3107 5432 infra
3166 5376 3218 5429 in
3248 5374 3350 5427 hoc
3399 5370 3462 5425 lic

1865 5478 1966 5533 bro
2008 5492 2126 5545 cap.
2168 5476 2239 5529 2‘2
2286 5484 2341 5529 et
2367 5475 2457 5529 27.
2491 5475 2652 5544 Igitur
2676 5485 2958 5542 perperam
3005 5468 3199 5539 quierit
3226 5468 3307 5521 vir
3332 5478 3461 5518 sane

1864 5570 2109 5625 eruditus
2156 5568 2312 5623 Joan.
2348 5567 2480 5622 Lud.
2542 5566 2701 5621 Vives
2763 5580 2831 5619 an
2874 5562 3099 5634 periurgi
3135 5560 3382 5615 dicantur
3429 5571 3460 5609 a

1864 5663 2205 5734 perurgendo,
2241 5677 2307 5714 an
2340 5661 2545 5731 perurgi
2572 5677 2597 5712 τι
2628 5659 2934 5731 perurendo.
2962 5657 3071 5712 Nec
3102 5665 3280 5709 tamen
3311 5648 3461 5705 audi-

1862 5754 2033 5809 verim
2061 5752 2401 5807 Leonardum
2446 5751 2759 5820 Coquceum,
2801 5750 2889 5822 qui
2910 5747 3231 5818 conjiciebat
3273 5743 3458 5810 legen-

1861 5848 1987 5904 dum
2015 5846 2235 5921 periergi
2252 5861 2271 5912 ;
2304 5860 2426 5906 nam
2474 5845 2574 5904 hoc
2600 5844 2896 5914 corrumpit
2924 5838 3205 5898 sllusionis
3237 5833 3458 5906 elegan-
