3974 6356
524 257 628 318 ιτο

1415 258 1975 319 SUPPLEMENTUM
2011 258 2104 315 AD
2142 257 2379 317 OPERA
2414 256 2479 315 S.
2518 254 2918 316 AUGUSTINI.

3629 270 3708 345 οδ

525 380 674 445 tiam,
707 391 809 435 nec
856 390 1080 436 necesse
1127 386 1213 435 est
1260 377 1616 451 Augustinum
1646 395 1835 437 vocem
1864 380 2108 437 Csaream
2138 391 2194 453 Α
2217 377 2555 435 sublimitates
2574 385 2623 433 et
2650 379 2973 447 ﬁrmamenta
2998 373 3241 443 caelestia,
3262 377 3376 433 uitia
3393 388 3617 448 estotltm
3637 395 3711 457 tua.

525 484 777 529 accurate
804 474 1065 528 tenuisse;

596 566 728 636 Cap.
751 566 840 620 23.
874 567 949 621 De
978 566 1277 638 Porphyrio
1304 584 1320 621 :
1352 566 1492 623 Dicit
1518 569 1653 623 enim
1702 568 1869 624 Deum
1904 569 2115 623 Patrem

526 669 573 715 et
600 658 759 712 Deum
781 656 998 723 Filium,
1028 675 1180 730 quem
1216 658 1393 717 Grace
1430 663 1659 734 appellat
1704 674 1989 733 paternum
2028 665 2115 719 in-

526 752 819 819 tellectum,
834 754 910 805 uel
924 761 1205 823 paternam
1236 764 1469 811 mentem
1491 758 1760 834 (πατρικὸν
1778 766 1892 813 νοῦν
1907 774 1973 813 ex
1993 774 2115 813 ora-

526 844 661 899 culis
691 843 1049 916 Chaldaicis),
1082 848 1151 900 de
1171 846 1377 917 Spiritu
1405 858 1577 905 autem
1613 860 1811 917 sancto,
1843 860 1934 903 aut
1957 851 2115 918 nihil,

525 945 615 991 aut
638 954 741 991 non
760 950 936 1008 aperite
961 938 1157 1010 aliquid
1187 942 1329 996 dicit.
1351 943 1591 1008 Quamvis
1608 960 1757 1014 quem
1784 945 1949 997 alium
1978 943 2121 996 dicat

525 1027 711 1083 horum
722 1033 946 1086 medium
962 1049 1064 1088 non
1084 1034 1339 1109 intelligo.
1354 1036 1417 1092 Si
1435 1041 1570 1091 enim
1592 1038 1818 1103 tertiam,
1840 1039 1969 1091 sicut
1992 1019 2121 1091 Pio-

527 1124 695 1190 tinus,
728 1125 815 1179 ubi
842 1126 909 1180 de
930 1128 1095 1183 tribus
1121 1129 1499 1201 principalibus
1536 1131 1833 1187 substantiis
1861 1132 2117 1201 disputat,

526 1217 713 1273 anima
743 1230 980 1275 naturam
1024 1224 1180 1277 etiam
1224 1225 1320 1279 iste
1354 1225 1503 1280 uellet
1544 1226 1786 1296 intelligi,
1812 1242 1914 1281 non
1945 1227 2122 1297 utique

527 1313 719 1371 diceret
739 1316 922 1372 horum
940 1321 1257 1389 medium,id
1284 1333 1381 1392 est,
1408 1322 1585 1379 Patris
1616 1335 1663 1379 et
1687 1324 1815 1380 Filii
1847 1322 2118 1398 medium]

525 1409 645 1467 Non
689 1416 868 1469 omnia
917 1414 1203 1487 Porphyrii
1242 1430 1407 1489 Opera
1453 1418 1646 1475 Latine
1686 1428 1845 1475 versa
1890 1419 2121 1476 habebat

526 1505 880 1575 Augustinus,
904 1521 1027 1564 nam
1045 1514 1333 1582 cieteroqui
1352 1511 1425 1568 de
1448 1514 1616 1570 tribus
1644 1512 1923 1585 principiis
1943 1513 2121 1570 diser-

527 1597 733 1653 tissime
774 1601 985 1656 locutus
1005 1604 1182 1657 fuerat
1212 1603 1566 1675 philosophus
1594 1606 1823 1678 Tyrius,
1853 1607 1906 1661 in
1940 1605 2121 1676 philo-

530 1695 750 1764 sophica
776 1696 1030 1765 Historia,
1065 1710 1131 1753 ex
1160 1716 1266 1770 qua
1293 1700 1408 1755 hzec
1432 1702 1596 1757 habet
1623 1702 1856 1772 Cyrillus
1886 1702 2122 1757 Alexan-

2218 490 2392 541 mana,
2422 484 2477 527 ut
2505 482 2708 544 possent
2738 472 2825 525 Dii
2872 472 3026 527 vestri
3073 470 3295 542 tlteurgis
3335 483 3618 546 pronuntiare
3655 490 3713 547 di.

2218 567 2379 640 υεηα.]
2398 567 2679 632 Nimirum,
2693 566 2932 621 Chaldrei
2948 564 3205 636 putabant
3229 565 3351 621 deos
3368 571 3510 627 minis
3530 584 3577 630 et
3594 587 3717 638 terro-

2220 663 2369 718 ribus
2392 662 2645 718 adhibitis
2664 661 2783 731 cogi
2802 661 2984 717 dicere
3004 676 3121 731 quae
3136 672 3389 730 cuperent
3407 668 3528 724 scire
3545 670 3718 746 theurgi.

2222 754 2357 810 Vide
2383 770 2545 824 supra
2574 770 2729 823 capp.
2758 754 2792 808 9
2813 764 2868 809 et
2898 755 2986 809 11.
3016 758 3265 810 Attamen
3297 772 3360 811 ne
3379 760 3494 828 quid
3532 764 3721 824 dissimu-

2222 846 2327 902 lem
2346 888 2361 913 ,
2393 846 2723 902 Jamblichus
2753 847 2805 901 in
2837 846 2974 903 libro
3002 846 3071 901 de
3102 847 3362 917 Mysteriis
3407 863 3527 908 sect.
3553 855 3598 921 6,
3620 875 3657 913 c.
3681 862 3723 931 7,

2223 948 2382 1009 negat
2407 939 2687 995 Chaldaeos
2716 940 2796 994 uti
2824 940 3019 994 talibus
3059 939 3261 994 minis:
3312 946 3446 1018 Παρὰ
3489 946 3729 1021 Χαλδαίοις,

2222 1033 2347 1109 παρ’
2370 1030 2441 1095 οἷς
2465 1032 2781 1109 διακέκριται
2808 1034 3025 1106 καθαρὸς·
3053 1032 3078 1088 ὅ
3101 1035 3234 1107 πρὸς
3274 1034 3447 1104 μόνους
3487 1040 3590 1098 τοὺς
3630 1045 3731 1106 θεοὺς

2222 1123 2627 1198 λόγοι-,σῦδαμοῦ
2642 1126 2818 1185 ἀπειλὴ
2838 1126 3058 1199 λέγεται.
3082 1125 3345 1199 Αἰγύπτιοι
3364 1126 3414 1182 δέ
3436 1137 3735 1203 supper-dm;

2226 1220 2336 1291 ἅμα
2359 1222 2489 1292 μετὰ
2536 1228 2634 1275 τῶν
2684 1220 2827 1273 θείων
2882 1220 3208 1291 συνθημάτων
3242 1224 3321 1274 καὶ
3369 1224 3480 1282 τοὺς
3516 1221 3738 1293 δαιμονίως

2224 1318 2423 1392 λόγους,
2441 1325 2673 1394 χρῶνται
2684 1315 2823 1373 ἔστιν
2835 1314 2919 1372 ὅτι
2948 1319 3036 1371 καὶ
3059 1324 3173 1377 ταῖς
3194 1317 3419 1377 ἀπειλαῖς
3445 1331 3462 1373 ζ
3486 1317 3615 1388 Apud
3629 1319 3741 1373 Chal-

2227 1414 2384 1478 dazos,
2414 1412 2553 1483 apud
2582 1428 2710 1482 quos
2732 1410 2973 1465 distincta
2995 1418 3069 1466 est
3088 1428 3220 1478 pura
3238 1411 3307 1463 ad
3332 1412 3461 1466 solos
3481 1413 3585 1465 deos
3603 1416 3740 1480 oratio,

2225 1521 2478 1572 nusquam
2502 1507 2691 1560 nscntio
2721 1506 2779 1575 ﬁt
2823 1505 3112 1572 minarum;
3142 1504 3377 1576 nggptii
3402 1510 3625 1578 vero,qui
3663 1526 3743 1563 can

2226 1600 2468 1671 symbolis
2491 1599 2707 1654 deorum
2733 1600 3043 1669 permiscent
3069 1614 3129 1653 ea
3157 1598 3309 1653 etiam
3324 1615 3433 1670 qut?
3452 1601 3513 1652 ad
3548 1602 3744 1656 demanat
3784 1600 3789 1601 ⁷

2227 1694 2507 1763 pertinent,
2560 1692 2715 1746 minis
2740 1694 2897 1747 etiam
2941 1692 3225 1763 aliquando
3271 1704 3496 1749 utuntur.
3533 1694 3625 1750 Sed
3665 1698 3746 1761 quis

531 1785 719 1841 drinus
744 1827 761 1853 ,
799 1795 981 1844 contra
1005 1789 1276 1845 lulianum
1302 1791 1398 1846 lib.
1428 1807 1550 1847 vni:
1578 1795 1764 1867 Γράφει
1802 1795 1968 1848 τοίνυν
1997 1804 2122 1872 Πορ-
2152 1796 2202 1860 Β
2234 1787 2384 1842 illam
2408 1786 2687 1842 hominum
2715 1786 3211 1855 superstitiosorum
3240 1794 3296 1841 et
3317 1787 3625 1842 mendacium
3646 1803 3742 1841 nsa-

527 1880 703 1954 φῦριος
728 1883 777 1935 ἓν
805 1882 985 1954 βιϐλίῳ
1012 1884 1247 1960 τετάρτῳ
1277 1885 1543 1959 Φιλοσόφου
1568 1888 1843 1963 ’ἶστορὶαςο
1868 1894 1999 1942 AXPI
2020 1890 2121 1963 γὰρ

525 1979 677 2047 τριῶν
720 1975 1050 2030 ὑποστάσεων
1081 1974 1171 2048 ἔφη
1212 1976 1418 2033 Πλάτων
1448 1985 1537 2039 τὴν
1585 1986 1671 2035 τοῦ
1700 1982 1812 2034 θεοῦ
1865 1981 2124 2053 προελθεῖν

526 2065 719 2118 οὐσίαν
752 2062 878 2122 εἶναι
907 2065 961 2121 δὲ
1003 2070 1089 2123 τὸν
1119 2071 1209 2141 μὲν
1239 2072 1497 2127 ἀνώτατον
1518 2073 1646 2125 Θεὸν
1688 2069 1736 2126 τ’
1755 2071 1985 2145 Ἀγαθὸν,
2011 2068 2124 2143 μετ’

525 2159 678 2213 αὐτὸν
728 2158 781 2214 δὲ
836 2165 919 2215 καὶ
965 2161 1197 2239 δεύτερον
1237 2167 1324 2220 τὸν
1364 2165 1692 2242 Δημιουργὸν,
1742 2166 1918 2238 τρῖτην
1948 2164 2002 2220 δὲ
2030 2171 2121 2221 τοῦ

526 2250 717 2323 κόσμου
740 2259 943 2326 Ψυχὴν
978 2252 1115 2330 ἄχρι
1144 2258 1243 2332 γὰρ
1280 2257 1463 2328 ψυχῆς
1488 2264 1578 2317 τήν
1602 2255 1816 2316 θεότητα
1839 2258 2122 2335 προελθεῖν,

526 2341 693 2402 λοιπὸν
712 2346 767 2403 δέ
796 2351 854 2403 τὸ
896 2347 1035 2405 ἄθεον
1064 2352 1165 2405 ἀπὸ
1192 2360 1284 2412 τῆς
1314 2361 1610 2423 σωματικῆς
1652 2353 1904 2425 ἒνῆρχθαι
1946 2350 2125 2425 diaco-

528 2442 627 2511 ρᾶς
655 2456 670 2493 :
704 2438 895 2495 Scribit
925 2456 1047 2512 ergo
1065 2439 1413 2513 Porphyrius,
1431 2442 1485 2497 in
1512 2442 1642 2497 libro
1662 2457 1715 2497 tv
1738 2442 2127 2513 Philosophiae

529 2527 796 2588 Historiae.
854 2530 1025 2599 Usque
1050 2532 1183 2586 enim
1236 2533 1304 2587 ad
1333 2542 1431 2588 tres
1462 2536 1761 2606 hypostases
1794 2532 1951 2589 Plato
1995 2536 2126 2590 dixit

530 2618 755 2674 divinam
777 2624 1050 2677 essentiam
1077 2626 1349 2695 progredi;
1375 2644 1481 2683 esse
1500 2644 1613 2681 vero
1639 2645 1936 2699 supremum
1957 2628 2127 2684 Deum

526 2708 753 2780 Bonum,
784 2724 898 2783 post
921 2730 1035 2770 eum
1075 2718 1357 2773 secundum
1381 2718 1693 2788 Creatorem,
1743 2723 1951 2777 tertium
1991 2724 2125 2777 Ani-

528 2819 668 2873 mam
696 2807 909 2873 mundi;
936 2824 1058 2861 nam
1087 2826 1247 2881 usque
1276 2813 1344 2865 ad
1373 2813 1612 2868 Animam
1661 2818 1905 2886 progredi
1939 2816 2124 2871 Deita-

528 2903 651 2959 tem,
684 2906 869 2952 cetera
899 2899 1186 2957 divinitatis
1225 2906 1457 2975 expertia
1505 2907 1729 2978 incipere
1767 2926 1803 2963 ιι
1831 2907 2127 2977 differentia

526 3003 793 3059 corporea.
816 2989 913 3046 Hic
941 2992 1098 3062 plane
1117 3003 1201 3049 est
1227 2996 1368 3067 quod
1400 2997 1613 3053 volebat
1630 2998 1984 3071 Augustinus.
2006 3001 2127 3056 Pla-

501 3082 671 3168 ‘tonis
698 3090 752 3136 et
774 3081 973 3140 Plotini
997 3083 1139 3154 loca,
1167 3102 1286 3145 eam
1330 3090 1384 3145 in
1414 3105 1552 3158 rem,
1580 3092 1771 3148 eodem
1813 3092 1935 3149 loco
1964 3092 2126 3150 habet

532 3170 787 3243 Cyrillus.

597 3263 731 3319 Ibid.
763 3264 850 3333 Et,
879 3268 1142 3337 nimirum,
1186 3270 1285 3325 hoc
1326 3272 1483 3341 dixit,
1537 3283 1594 3328 ut
1614 3274 1805 3344 potuit,
1828 3276 1934 3331 sive
1954 3284 2010 3331 ut
2038 3292 2127 3330 oo-

527 3354 645 3421 luit,
676 3358 813 3426 quod
834 3374 928 3414 nos
967 3360 1224 3432 Spiritum
1275 3374 1513 3419 sanctum
1559 3381 1651 3421 nec
1676 3366 1855 3423 Patris
1902 3375 2123 3439 tantum,

527 3468 618 3506 nec
643 3450 773 3510 Filii
795 3465 1012 3524 tantum,
1041 3459 1131 3513 sed
1161 3462 1422 3531 utriusque
1447 3461 1706 3531 Spiritum
1750 3464 1991 3519 dicimus.
2034 3464 2129 3519 Li-

530 3544 662 3600 beris
681 3548 820 3602 enim
833 3552 994 3605 verbis
1024 3553 1302 3621 loquamur
1326 3553 1640 3627 philosOpIti,
1683 3572 1777 3611 nec
1802 3558 1858 3611 in
1876 3557 2029 3612 rebus
2058 3557 2129 3611 ad

527 3640 917 3714 intelligendum
939 3647 1250 3716 diﬁiciltimis
1276 3648 1610 3717 oﬂ'ensionem
1651 3652 2011 3723 religiosorum
2033 3668 2132 3707 au-

527 3734 665 3789 rium
697 3738 1082 3807 pertimescunt.
1125 3739 1294 3797 Nobis
1338 3752 1513 3798 autem
1548 3746 1620 3797 ad
1658 3754 1850 3799 certam
1898 3745 2136 3816 regulam

529 3827 669 3900 loqui
693 3831 775 3899 [as
805 3841 897 3899 est,
920 3849 987 3888 ne
1014 3836 1282 3891 verborum
1302 3836 1507 3893 licentia
1539 3840 1690 3894 etiam
1719 3841 1784 3895 de
1834 3841 1983 3895 rebus
2022 3852 2137 3910 qua:

529 3922 608 3976 his
635 3923 1016 3995 signiﬁcantur,
1046 3928 1259 3999 impiam
1308 3933 1485 4003 gignat
1538 3931 1874 4006 opinionem]
1902 3932 2135 4003 Dignum

527 4025 645 4072 erat
669 4025 879 4085 notatu,
916 4035 984 4075 ne
1006 4022 1243 4091 imperiti
1270 4023 1629 4083 similitudine
1658 4025 2139 4095 fallerentur,phi-

527 4100 788 4181 losophos
818 4114 943 4169 illos
968 4115 1148 4172 verbis
1178 4118 1394 4188 quidem
1431 4120 1601 4176 videri
1629 4122 1879 4177 assentiri
1894 4121 2138 4189 Scriptu-

527 4217 604 4259 rte
621 4218 809 4273 sacrae,
824 4209 919 4264 sed
928 4210 1009 4264 rei
1019 4224 1109 4277 psa
1120 4211 1522 4270 diversissimos
1538 4216 1707 4272 abire.
1724 4216 2139 4272 Contendebant

528 4297 674 4352 enim
716 4296 981 4356 Platonici
1009 4309 1118 4358 tres
1143 4319 1264 4360 esse
1291 4307 1643 4376 substantias,
1672 4322 1872 4379 eampse
1894 4308 2138 4377 tumqua-

529 4384 631 4459 les,
659 4390 801 4461 quod
832 4392 989 4449 facile
1012 4394 1280 4468 intelliget
1304 4400 1547 4471 quisquis
1575 4410 1781 4458 attente
1800 4401 1994 4469 legerit
2017 4399 2141 4455 Plo-

530 4481 632 4535 tini
656 4481 752 4538 lib.
785 4485 1158 4555 ut,Enneadis
1182 4504 1259 4557 is,
1286 4499 1341 4546 et
1358 4502 1508 4548 recte
1528 4493 1962 4548 animadversum
1992 4501 2079 4548 est
2105 4507 2139 4547 a

532 4682 685 4724 num.
716 4668 967 4729 Pluribus
992 4676 1152 4731 etiam
1174 4678 1285 4749 egit
1309 4694 1373 4734 ac
1419 4679 1489 4734 de
1531 4693 1591 4733 re
1628 4679 1863 4735 Joannes
1890 4677 2135 4739 Clericus

532 4762 680 4817 Artis
698 4761 914 4820 Criticae
932 4775 1064 4823 tom.
1084 4769 1337 4842 lll,epist.
1357 4770 1413 4825 7.
1438 4772 1692 4827 Attamen
1710 4788 1816 4829 non
1834 4774 1951 4830 sine
1970 4790 2137 4833 causa

528 4854 873 4914 liberioribus
902 4862 1079 4919 verbis
1106 4864 1456 4933 philosophos
1505 4865 1581 4919 uti
1613 4865 1748 4921 dixit
1773 4868 2131 4939 Augustinus,

532 4964 657 5004 nam
685 4950 759 5006 illi
785 4960 896 5008 tres
917 4955 1049 5011 deos
1068 4966 1253 5026 aperte
1280 4969 1401 5013 esse
1420 4958 1673 5015 dicebant
1697 4968 1808 5015 tres
1852 4962 1969 5017 illas
1995 4964 2138 5031 prin-

528 5042 720 5112 cipales
747 5045 1089 5111 substantias;
1118 5047 1261 5117 quod
1282 5048 1392 5115 alii,
1418 5051 1509 5121 qui
1563 5065 1656 5108 eas
1704 5066 1925 5123 prorsus
1972 5068 2132 5123 pares

532 5148 653 5190 csse
674 5128 953 5207 putabant,
971 5138 1459 5211 solebantnegare;
1493 5158 1598 5200 non
1630 5155 1736 5200 tam
1748 5147 1891 5217 quod
1909 5146 2011 5202 hoc
2034 5147 2132 5202 fal-

533 5244 651 5284 sum
684 5240 847 5300 esset,
880 5247 944 5288 ex
968 5234 1206 5303 ipsorum
1224 5239 1511 5306 sententia,
1559 5240 1605 5295 si
1650 5241 1868 5311 proprie
1913 5243 2031 5311 quis
2056 5243 2137 5298 lo-

533 5322 624 5392 qui
652 5325 834 5393 vellet,
869 5340 1028 5396 quam
1085 5330 1227 5399 quod
1277 5332 1726 5403 pertimescerent
1777 5335 2131 5392 offensionem

534 5417 743 5473 aurium
783 5419 1181 5490 reiigiosarum,
1211 5438 1330 5495 qua:
1356 5442 1527 5498 passae
1552 5444 1660 5484 non
1682 5439 1865 5484 essent
1887 5429 1990 5484 dici
2015 5430 2133 5500 plu-

534 5524 623 5564 res
648 5526 770 5567 esse
797 5512 961 5583 deos',
1014 5526 1200 5572 contra
1253 5529 1571 5590 perpetuum
1626 5520 1791 5577 totius
1840 5521 2135 5592 Scriptum

536 5617 862 5664 sermonem.

606 5698 741 5771 Cap.
770 5703 859 5759 27.
906 5700 984 5758 Tu
1011 5712 1181 5759 autem
1206 5703 1431 5761 didicisti
1453 5707 1547 5761 hac
1581 5722 1683 5761 non
1714 5724 1747 5762 a
1766 5704 2011 5777 Platone,
2043 5706 2134 5761 sed

534 5806 569 5848 δ
591 5791 845 5853 Chaldaeis
861 5798 1137 5871 magistris,
1156 5807 1221 5866 ,ιιι
1243 5800 1298 5857 in
1325 5798 1569 5859 (ethereas
1582 5800 1661 5859 uel
1678 5815 1939 5875 empyreas
1955 5800 2135 5860 mundi

2228 1881 2466 1936 nientem
2526 1878 2849 1949 sapientiam
2908 1880 2963 1934 in
2984 1879 3329 1934 concordiam
3363 1881 3589 1950 redigere
3612 1881 3749 1936 curet!

2300 1974 2466 2030 Ltsno
2507 1988 2585 2028 XI.
2610 1972 2741 2042 Cap.
2771 1972 2824 2028 5.
2870 1972 2934 2027 Si
2968 1972 3171 2041 inﬁnita
3210 1973 3377 2044 spatia
3416 1974 3634 2043 temporis
3673 1983 3753 2025 ante

2226 2068 2481 2120 mundum
2509 2067 2755 2137 cogitant,
2787 2067 2844 2120 in
2868 2065 3049 2135 quibus
3070 2066 3141 2120 eis
3177 2081 3281 2119 non
3323 2065 3517 2118 videtur
3566 2062 3681 2118 Deus
3711 2067 3752 2118 si

2230 2170 2380 2227 opere
2400 2174 2601 2212 cessare
2625 2158 2871 2228 potuisse,
2897 2157 3133 2212 similiter
3147 2158 3369 2228 cogitent
3388 2167 3528 2211 eastra
3558 2157 3755 2211 mundun

2228 2252 2436 2321 inﬁnita
2461 2252 2628 2320 spatia
2647 2252 2909 2317 locorum;
2929 2250 2984 2304 in
3008 2251 3188 2321 quibus
3210 2252 3255 2304 si
3274 2250 3537 2321 quisquam
3555 2249 3671 2302 dicat
3688 2264 3759 2302 non
3856 2266 3857 2269 ‘

2232 2345 2457 2415 potuisse
2473 2358 2655 2398 vacare
2681 2343 3119 2412 Omnipotentem,
3134 2358 3306 2397 nonne
3326 2357 3614 2411 consequens
3637 2342 3711 2393 erit
3722 2351 3761 2394 st

3862 2424 3874 2511 Ἰ

2230 2439 2631 2493 innumerabiles
2649 2437 2868 2491 mundos
2884 2452 3004 2490 cum
3021 2435 3254 2507 Epicuro
3273 2436 3525 2489 somniare
3546 2434 3764 2502 cogantur?

2232 2532 2366 2604 etc.]
2389 2532 2500 2588 Sed
2528 2532 2576 2587 si
2605 2532 2727 2602 quis
2746 2530 3073 2587 concederet
3099 2544 3196 2599 per
3238 2528 3498 2582 inﬁnitam
3526 2525 3683 2580 mundi
3704 2539 3767 2577 ex-

2230 2628 2537 2683 tensionem
2564 2638 2686 2681 esse
2737 2624 2933 2695 ubique
2960 2623 3139 2678 varias
3166 2622 3441 2677 variarum
3489 2627 3633 2687 atque
3656 2618 3767 2671 innu-

2232 2721 2577 2776 merabilium
2604 2729 2977 2776 creaturarum
3002 2717 3386 2785 habitationes,
3417 2713 3581 2785 qualis
3602 2723 3673 2769 est
3690 2713 3768 2766 hac

2232 2822 2417 2869 nostra
2444 2821 2613 2879 terra,
2642 2821 2699 2867 et
2734 2811 2924 2880 quales
2963 2809 3199 2881 majores
3249 2809 3327 2863 illi
3358 2808 3578 2877 planetae
3604 2807 3679 2877 qui
3702 2818 3768 2859 no-

2232 2906 2441 2963 biscum
2469 2892 2931 2961 volvuntur‘circa
2978 2904 3151 2960 solem
3199 2912 3475 2967 nostrum;
3531 2916 3629 2985 non
3673 2905 3771 2954 esset

2234 3012 2333 3056 cur
2354 3000 2514 3054 valde
2550 3000 2651 3055 sibi
2680 3014 2710 3054 a
2740 2998 3185 3068 philosophorum
3240 2995 3568 3067 argumentis
3588 2996 3769 3056 timeret;

2232 3102 2290 3150 et
2314 3094 2381 3148 ad
2413 3093 2694 3164 theologos
2714 3092 2934 3163 quidem
2966 3090 3111 3161 quod
3134 3090 3351 3157 attinet,
3404 3098 3605 3144 tacente
3623 3085 3774 3141 reveh-

2152 3188 2201 3256 C
2231 3192 2402 3257 tione,
2432 3190 2563 3245 nihil
2593 3198 2677 3244 est
2697 3190 2837 3259 quod
2883 3189 2986 3243 hac
3010 3188 3079 3243 de
3106 3202 3171 3243 re
3205 3194 3579 3242 asseveranter
3622 3182 3772 3237 dicant

2232 3281 2599 3340 Contenderet
2627 3281 2720 3337 ille
2740 3296 2834 3336 eos
2855 3281 2923 3336 de
2943 3280 3058 3336 Deo
3086 3280 3246 3335 nimis
3260 3280 3480 3335 exiliter
3490 3276 3689 3341 sentire,
3712 3273 3775 3341 qui

3864 2320 3873 2359 Ἴ

2230 3376 2438 3433 incolas
2484 3376 2540 3430 in
2570 3375 2673 3429 hac
2728 3383 2932 3428 tantum
2956 3374 3156 3443 exigua
3184 3382 3346 3427 terrae
3368 3369 3600 3442 glebula,
3631 3376 3780 3433 eosque
3872 3404 3873 3445 ξ

2232 3480 2317 3527 sat
2344 3469 2572 3524 miseros
2600 3467 2940 3533 collocasset,
2974 3481 3075 3522 nec
3105 3466 3400 3535 quidquam
3422 3462 3584 3527 aliud,
3611 3474 3695 3531 per
3716 3457 3781 3510 im-

2234 3576 2422 3618 mensa
2450 3561 2636 3617 mundi
2670 3562 2865 3631 spatia,
2908 3559 3136 3615 rationis
3162 3558 3456 3629 particeps,
3483 3551 3700 3623 exceptis
3721 3563 3783 3601 ιιι-
3872 3552 3873 3631 ξ

2238 3656 2392 3727 gelis,
2423 3660 2692 3718 creasset;
2722 3663 2911 3710 contra
2934 3667 3063 3709 vero
3090 3665 3181 3707 eos
3236 3650 3403 3721 digne
3438 3649 3504 3705 de
3527 3648 3628 3701 Deo
3650 3640 3784 3711 loqui,

2239 3752 2328 3821 qui
2346 3751 2541 3807 inﬁniti
2561 3751 2768 3822 opificis
2788 3748 2995 3807 infinita
3014 3763 3238 3805 numero
3253 3763 3422 3819 opera
3441 3760 3559 3803 esse
3578 3744 3785 3799 dicerent.

2238 3844 2358 3901 Huc
2387 3846 2708 3901 accederent
2735 3859 2854 3917 quae
2888 3844 3231 3899 doctissimus
3269 3857 3336 3898 ac
3384 3836 3788 3911 ingeniosissimus

2239 3937 2653 3993 mathematicus
2694 3952 2756 3994 ac
2810 3937 3063 4008 physicus
3116 3934 3461 3992 Christianus
3510 3925 3788 4002 Huygenius,

2243 4028 2300 4085 in
2320 4043 2420 4085 suo
2439 4028 2853 4096 Cosmotheoro,
2876 4029 3085 4084 dicitde
3096 4028 3439 4097 planetarum
3450 4025 3725 4081 vicinorum
3738 4019 3792 4071 in~

2244 4124 2401 4180 coﬁs.
2433 4123 2517 4178 Ad
2547 4125 2887 4177 durationem
2908 4135 3039 4176 vero
3067 4121 3209 4192 quod
3259 4130 3474 4190 spectat
3499 4119 3702 4178 diceret,
3721 4123 3792 4165 non

2244 4232 2367 4273 esse
2396 4215 2535 4271 hanc
2566 4225 2765 4271 terram
2798 4214 3029 4284 primum
3045 4212 3414 4267 habitaculum
3438 4202 3795 4277 intelligentiam
3872 4222 3873 4284 ξ

2244 4323 2557 4367 naturarum
2584 4325 2615 4364 a
2639 4310 2748 4366 Deo
2774 4318 3037 4373 creatum,
3057 4322 3157 4363 nec
3180 4306 3476 4378 quidquam
3496 4305 3796 4365 obstarqu

2244 4405 2441 4472 minus,
2483 4414 2541 4460 ut
2580 4402 2625 4458 si
2688 4417 2868 4458 rerum
2918 4401 3329 4455 universitatem
3387 4399 3620 4452 lustrare
3659 4399 3799 4461 aggre'

2245 4499 2521 4565 dercmur,
2554 4511 2826 4568 nunquam
2850 4492 3337 4566 perveniremusad
3353 4492 3598 4545 ultimum
3622 4493 3799 4552 operum
3872 4498 3873 4568 Ε

530 4574 759 4647 Cyrillo,
786 4578 906 4636 loco
935 4590 1091 4638 antea
1123 4596 1423 4641 memorato
1448 4586 1567 4641 libri
1611 4602 1703 4640 vnt
1726 4596 1915 4642 contra
1960 4586 2135 4642 Julia-
2161 4570 2220 4636 Ῑ)
2242 4591 2547 4646 divinorum

2240 4698 2540 4754 nem,qu:e
2572 4681 2727 4737 initio
2776 4680 2971 4744 caruit,
3017 4676 3376 4745 contemplati
3428 4673 3609 4728 animo
3661 4677 3803 4737 posse-

2236 4792 2382 4843 mus,
2416 4786 2470 4831 et
2492 4776 2629 4831 scire
2659 4788 2779 4844 quae
2810 4772 2862 4827 in
2892 4786 2955 4827 ea
2977 4780 3126 4840 gesta
3161 4770 3270 4825 sint
3308 4784 3337 4822 a
3370 4768 3509 4834 Deo,
3559 4762 3697 4819 nulla
3729 4772 3802 4814 un-

2242 4882 2405 4939 quam
2454 4874 2699 4922 creatura
2726 4863 2881 4919 nobis
2928 4859 3355 4933 regredientibus
3382 4861 3439 4914 in
3500 4853 3805 4927 praeterlasz

2246 4961 2446 5018 srecula
2493 4968 2740 5016 occurret
2791 4971 2912 5028 qua
2962 4956 3138 5026 prima
3196 4953 3441 5009 omnium
3495 4950 3600 5007 dici
3644 4948 3806 5016 posset.

2236 5055 2356 5111 Nec
2402 5055 2595 5109 mirum
2629 5061 2729 5116 est,
2765 5051 2811 5106 si
2839 5050 2927 5105 hic
2948 5057 3074 5105 sunt
3101 5047 3472 5113 difficultates,
3513 5058 3630 5099 cum
3667 5048 3810 5093 sermo
3850 5092 3853 5095 _

2243 5148 2316 5204 sit
2336 5147 2407 5203 de
2432 5145 2678 5210 inﬁnito;
2713 5143 2803 5198 sed
2831 5149 3055 5213 przestat
3075 5139 3316 5210 cogitare
3370 5138 3439 5193 de
3486 5133 3673 5191 ofﬁciis
3718 5138 3809 5193 qusi

2243 5240 2400 5297 nobis
2426 5239 2673 5309 imposita
2703 5252 2734 5290 a
2756 5235 2871 5290 Deo
2897 5242 3042 5300 sunt,
3070 5248 3229 5304 quam
3258 5231 3326 5287 de
3355 5232 3419 5285 iis
3444 5244 3587 5300 qure,
3618 5241 3675 5280 ex
3694 5218 3809 5292 judi-

2240 5335 2328 5390 cio
2358 5308 2543 5389 nostro
2576 5330 2884 5395 vacillante,
2915 5329 3077 5398 Deus,
3111 5328 3158 5383 si
3186 5327 3260 5381 ita
3294 5324 3443 5395 loqui
3498 5323 3579 5376 fas
3616 5326 3707 5381 est,
3751 5308 3811 5365 fa-

2242 5442 2370 5485 cere
2394 5426 2580 5482 debuit
3454 5507 3481 5510 _
3760 5498 3771 5510 θ

2320 5522 2450 5591 Cap.
2481 5522 2537 5576 8.
2568 5515 3049 5574 Convenientissime
3072 5517 3263 5585 itaque,
3278 5527 3392 5566 cum
3444 5507 3610 5562 Deum
3651 5507 3812 5602 requie.

2245 5616 2376 5670 uisse
2403 5612 2701 5686 praphetica
2723 5618 2901 5663 narrat
2928 5609 3205 5663 auctoritas
3224 5647 3242 5673 ,
3284 5604 3607 5677 signiﬁcatur
3652 5604 3811 5694 requie:

2243 5722 2424 5763 eorum
2453 5706 2540 5777 qui
2557 5705 2610 5758 in
2630 5703 2723 5758 illo
2751 5703 3093 5773 requiescunt,
3122 5708 3169 5755 et
3196 5714 3319 5768 quos
3349 5697 3476 5768 facit
3519 5696 3626 5765 ipse
3649 5697 3812 5783 γεφαί-

2246 5816 2406 5858 scere.
2434 5774 2619 5872 ]’Nibil
2648 5795 2825 5868 putuit
2874 5794 3046 5866 magis
3093 5801 3339 5852 coactum
3376 5787 3531 5859 ﬁngi,
3570 5782 3633 5842 ad
3673 5774 3815 5847 expli-

2605 4607 2619 4643 :
2675 4590 2754 4645 sic
2810 4602 3023 4657 quoque
3092 4586 3145 4640 si
3210 4585 3544 4655 praeteritam
3606 4572 3802 4632 duratio-
