3974 6356
171 283 250 345 177
816 281 1174 340 VARIORUM
1210 279 1814 348 EXERCITATIQNES
1852 283 1920 340 IN
1957 283 2017 343 S.
2060 286 2433 347 AUGUSTINI
2473 289 2723 349 OPERA.

3301 292 3413 356 47B

168 397 353 457 caudam
373 398 607 468 quietem
627 396 840 467 septimi
866 398 973 455 diei
989 440 1006 467 ,
1027 414 1147 471 qua:
1176 414 1282 455 non
1327 405 1507 470 potest
1552 406 1711 454 auter
1736 400 1793 461 Δ
1816 399 2139 471 interpretes
2157 405 2510 461 ostenderunt
2528 407 2609 477 agi
2623 419 2810 462 revera
2840 404 2950 463 illic
2967 420 3074 462 non
3086 404 3154 463 de
3174 422 3408 478 persona

161 491 352 561 intelligi
370 504 533 560 quam
550 490 618 545 de
642 489 942 546 cessatione
993 492 1304 560 creationis,
1354 490 1428 546 ita
1471 497 1531 544 ut
1571 492 1715 548 nulla

159 586 375 654 deinceps
402 596 538 637 nova
560 597 741 638 rerum
767 596 964 652 genera
1001 586 1265 641 creaverit
1304 585 1476 656 Deus;
1500 597 1557 643 ut
1588 601 1718 642 con-

155 685 242 733 stat
266 690 327 730 ex
356 689 414 729 re
444 675 556 743 ipsa
600 683 659 730 et
686 675 1009 744 optimorum
1060 691 1397 749 quorumque
1442 682 1713 750 interpre-

155 779 245 825 tum
267 782 550 822 consensu.
573 766 652 823 Eo
699 768 915 823 devenit
961 768 1291 839 Augustinus
1340 779 1398 825 ut
1418 773 1716 842 responde-

150 870 220 919 ret
242 860 518 930 objectioni
547 860 885 916 ethnicorum
911 862 1348 931 philos0phorutn
1382 907 1398 932 ,
1444 866 1534 935 qui
1561 865 1718 920 dicti-

150 957 309 1013 tabant
343 954 658 1010 indecorum
701 972 823 1012 esse
851 956 964 1012 Deo
989 949 1292 1027 quiescere,
1313 960 1465 1030 quasi
1492 960 1711 1017 fessum.

149 1049 352 1109 [iutilius
371 1048 721 1104 Numatianus
734 1049 1000 1105 ltinerarii
1020 1065 1165 1106 vers.
1190 1050 1314 1107 591.

120 1154 137 1221 1

250 1163 463 1274 Septima
484 1175 695 1224 qumque
718 1162 824 1213 dies
853 1166 985 1226 turpi
998 1164 1220 1214 damnata
1237 1170 1465 1231 veterno,

307 1226 316 1239 '
348 1238 555 1274 annuam
579 1226 739 1274 lassati
757 1225 917 1274 mollis
940 1230 1104 1274 imaao
1132 1228 1245 1274 Dei.

348 1238 555 1287 anquam
579 1226 739 1277 lassati
757 1225 917 1276 mollis
939 1225 1104 1290 imago
1132 1228 1245 1277 Dei.

156 1328 457 1389 Atdesinere
478 1342 615 1399 opus
653 1329 923 1400 quoddam
973 1330 1150 1386 lacere
1203 1346 1324 1386 cum
1362 1339 1445 1387 est
1493 1331 1711 1388 absolu-

160 1436 265 1487 tum,
286 1420 539 1475 indicium
563 1428 648 1476 est
667 1420 972 1490 sapientiae,
1007 1438 1114 1477 non
1143 1421 1571 1492 defatigationis;
1620 1437 1716 1480 ne-

166 1529 245 1587 que
264 1513 397 1569 enim
437 1513 578 1568 idem
610 1513 772 1570 debet
798 1528 1014 1584 semper
1052 1514 1188 1579 ﬁeri.

214 1607 327 1677 Cap.
360 1607 444 1662 11.
471 1606 713 1670 Quamvis
742 1624 845 1662 non
886 1609 1137 1679 quidquid
1189 1620 1434 1665 teternum
1473 1612 1714 1668 continuo

156 1702 325 1754 beatum
348 1698 409 1752 sit
458 1698 667 1770 (dicitur
702 1702 835 1754 enim
868 1701 1023 1755 etiam
1056 1701 1270 1771 paenulis
1298 1704 1429 1771 ignis
1448 1705 1711 1777 (stemus),

1821 494 1927 548 ulla
1950 508 2098 563 vera,
2130 498 2225 552 sed
2253 502 2383 555 κατὰ
2412 501 2827 578 προσωποποιίαν
2870 499 2942 556 de
2982 502 3262 571 sapientia,
3289 518 3409 573 qua:

1822 586 2016 643 divinae
2042 591 2293 646 essentia:
2322 603 2404 648 est
2428 594 2765 651 attributum.
2800 600 3050 651 Attamen
3091 596 3183 651 illa
3233 599 3408 654 ambia

1820 681 2022 748 guitate
2052 682 2203 737 multi
2232 682 2418 741 Patres
2448 694 2572 741 sunt
2596 689 2766 743 abusi.
2815 689 2948 745 Vide
2999 689 3217 762 Dionys.
3248 691 3408 747 Peta-

1821 773 1962 827 νὶοω
1993 773 2182 844 Dogm.
2217 778 2500 848 theologic.
2527 789 2655 835 tom.
2681 781 2764 848 ll,
2801 782 2905 837 ‘lib.
2939 799 3013 847 Vl,
3036 799 3152 853 cap.
3188 784 3241 840 9.
3302 783 3411 840 Sed

1819 866 2111 919 notandum
2134 867 2485 937 Augustinum
2501 870 2681 926 dicere
2698 873 2954 941 Spiritum
2975 885 3216 928 sanctum
3243 876 3411 945 ipsum

1819 966 2015 1027 quoque
2044 959 2375 1014 substantiam
2400 975 2542 1026 esse,
2566 963 2708 1017 unde
2733 963 2899 1033 liquet
2925 964 3159 1035 singulos
3189 964 3323 1021 alios
3344 967 3412 1021 ab

1819 1065 1885 1105 eo
1902 1050 2132 1106 creditos
2156 1067 2277 1108 esse
2292 1053 2602 1109 substantias
2631 1055 2934 1124 distinctas,
2983 1058 3226 1127 quamvis
3254 1073 3411 1128 pares

1818 1149 1874 1197 et
1901 1143 2388 1212 conjunctissimas.

1888 1234 2017 1305 Cap.
2052 1236 2141 1291 29.
2167 1236 2196 1289 Ι
2204 1237 2261 1291 lli
2288 1238 2472 1309 quippe
2492 1239 2661 1308 angeli
2688 1239 2854 1293 sancti
2900 1255 3001 1293 non
3044 1252 3134 1311 per
3151 1241 3303 1295 verba
3331 1256 3415 1295 so-

1818 1333 1995 1384 nantia
2024 1329 2190 1384 Deum
2210 1332 2456 1403 discunt]
2486 1332 2665 1389 Facile
2710 1333 2811 1389 hoc
2856 1337 3258 1401 concesserim;
3316 1335 3413 1391 sed

1817 1424 2079 1480 rationem
2105 1439 2210 1495 qua
2238 1425 2329 1480 Dei
2362 1427 2583 1495 imperia
2618 1429 2881 1497 accipiant
2930 1428 3139 1498 ignoro.
3163 1430 3234 1484 At
3257 1437 3415 1485 norat

1819 1517 2168 1587 Augustinus,
2202 1519 2291 1587 qui
2321 1518 2401 1573 sic
2428 1519 2742 1589 pergittsed
2770 1536 2859 1590 per
2879 1521 3045 1592 ipsam
3086 1523 3414 1591 praesentiam

1817 1606 2152 1662 immutabilis
2178 1610 2421 1675 veritatis,
2452 1608 2549 1663 hoc
2570 1620 2663 1678 est,
2686 1611 2894 1664 verbum
2915 1613 3028 1682 ejus
3070 1613 3411 1683 unigenitum.

1822 1702 1959 1759 Sunt
1989 1703 2203 1772 quidem
2235 1700 2350 1757 haec
2373 1708 2536 1758 verba
2576 1714 2630 1759 et
2661 1719 2845 1772 voces,
2893 1704 2989 1760 sed
3029 1706 3223 1775 quibus
3255 1716 3415 1775 quam

155 1802 298 1847 tamen
320 1793 363 1846 si
387 1809 500 1847 uere
528 1794 846 1865 perfectaque
877 1794 1021 1849 beata
1036 1797 1139 1850 vita
1166 1798 1369 1851 nonnisi
1400 1809 1590 1852 aeterna
1619 1810 1713 1866 est,
1745 1791 1792 1851 B
1819 1803 2138 1863 potestatem
2170 1794 2457 1865 subjiceret
2504 1796 2735 1865 scriptor
2788 1798 2902 1866 ipse
2938 1798 3047 1865 vix,
3101 1807 3160 1851 ut
3203 1795 3416 1866 opinor,

154 1903 239 1949 non
259 1893 363 1939 erat
387 1883 505 1938 talis
522 1887 736 1940 istorum
749 1887 1061 1959 quandoque
1089 1888 1335 1955 desitura,
1366 1900 1413 1943 et
1450 1902 1718 1961 propterea

150 1995 237 2031 non
257 1985 457 2043 acterna,
501 1977 605 2032 sive
628 1978 683 2031 id
704 1979 911 2047 scirent,
943 1980 1046 2034 sive
1076 1981 1350 2035 nescientes
1383 1982 1525 2035 aliud
1567 1991 1718 2054 puta-

146 2069 285 2143 rent.]
314 2070 498 2125 Nescio
525 2086 621 2126 cur
648 2073 859 2128 inanem
889 2073 1029 2130 hanc
1058 2076 1409 2145 quaestionem
1436 2077 1599 2147 agitet
1630 2077 1717 2132 hic

145 2163 469 2235 Augustinus.
505 2164 611 2219 Sed
632 2166 885 2233 libenter,
917 2176 975 2221 ut
1024 2169 1454 2225 animadvertent
1494 2171 1718 2239 quicun-

144 2272 239 2327 que
257 2256 364 2325 ejus
380 2271 540 2327 opera
568 2258 765 2327 lcgent,
794 2274 888 2312 sua
917 2259 1084 2328 ipsius
1111 2261 1326 2330 repetit.
1351 2259 1485 2316 Vide
1506 2263 1560 2316 in
1581 2272 1712 2317 tom.

144 2349 203 2403 lll
220 2362 346 2418 opus
364 2348 426 2404 de
446 2348 642 2404 Genesi
666 2348 733 2403 ad
756 2350 1013 2417 litteram,
1044 2350 1140 2406 lib.
1168 2367 1244 2417 st,
1267 2366 1388 2422 cap.
1414 2350 1504 2420 l6,
1527 2360 1715 2424 etquae

148 2442 241 2497 illic
259 2441 643 2496 adnotavimus.

204 2532 326 2604 Cap.
352 2536 433 2590 l5.
470 2534 621 2601 Quod
643 2534 706 2588 ab
736 2534 885 2589 initio
917 2534 1149 2590 diabolus
1172 2545 1367 2605 peccat,
1401 2552 1502 2590 non
1531 2535 1594 2589 ab
1616 2534 1718 2589 ini-

154 2631 209 2680 tio
234 2642 292 2681 es;
311 2643 404 2697 quo
420 2638 618 2682 creatus
646 2638 720 2682 est
745 2645 955 2699 peccare
980 2630 1237 2700 putandus
1252 2637 1325 2683 est
1346 2645 1365 2694 ;
1404 2628 1493 2683 sed
1517 2629 1579 2682 ab
1619 2630 1717 2683 ini-

158 2720 210 2771 tio
231 2720 424 2787 peccati,
450 2720 590 2789 quod
617 2720 680 2774 ab
709 2722 874 2791 ipsius
891 2723 1131 2793 superbia
1153 2725 1356 2791 carperit
1388 2737 1493 2777 esse
1542 2739 1719 2793 pecca-

160 2822 260 2864 tum.
276 2809 292 2882 ]
307 2811 493 2877 Quidni
515 2812 584 2868 ab
605 2812 760 2869 initio
781 2815 989 2881 mundi,
1015 2824 1075 2869 ut
1096 2815 1323 2869 innuere
1339 2815 1549 2870 videtur
1562 2814 1717 2869 Chri-

161 2912 250 2958 stus
297 2903 511 2960 Joannis
567 2922 678 2973 Vlll,
706 2904 798 2972 44,
854 2922 960 2977 quo
1008 2909 1169 2962 etiam
1202 2908 1399 2976 respici
1429 2909 1496 2961 ab
1528 2908 1717 2962 eodem

164 2999 365 3067 apostolo
392 2998 599 3054 Joanne
629 2994 646 3053 l
680 3000 854 3069 Epist.
883 3017 964 3068 ll],
990 3002 1043 3069 8,
1079 3015 1185 3056 non
1237 3003 1419 3070 inepte
1454 3000 1718 3056 credide-

165 3092 250 3145 ris?
270 3089 344 3146 Sic
369 3091 596 3147 sumitur
620 3095 827 3147 initium
856 3110 964 3151 non
993 3095 1188 3163 semel,
1249 3096 1391 3165 apud
1433 3094 1711 3149 Joannem.

170 3180 277 3237 Vide
293 3182 478 3254 Evang.
508 3199 628 3255 cap.
655 3201 696 3252 ι,
732 3187 784 3242 1.

224 3272 319 3345 Cap.
350 3278 435 3333 19.
468 3276 593 3333 Νοη
617 3274 741 3333 mihi
772 3272 969 3334 videtur
1018 3280 1081 3335 ab
1129 3281 1365 3351 operibus
1398 3277 1498 3337 Dei
1530 3281 1716 3358 absur-

162 3367 212 3418 da
233 3367 371 3437 (forte
389 3369 606 3440 absona)
635 3374 907 3438 sententia,
931 3372 975 3425 si
997 3389 1113 3426 cum
1143 3373 1235 3427 tua:
1257 3372 1352 3426 illa
1374 3375 1545 3445 printa
1580 3374 1720 3443 facta

151 3467 222 3525 est,
247 3462 400 3531 angeli
432 3464 589 3516 creati
609 3463 985 3533 intelliguntur,
1040 3474 1088 3519 et
1117 3466 1250 3519 inter
1287 3475 1490 3521 sanctos
1545 3484 1712 3537 ange—

148 3553 209 3605 los
226 3562 267 3606 et
292 3556 583 3611 immundos
600 3559 757 3628 fuisse
778 3560 1072 3626 discretum,
1095 3558 1179 3613 ubi
1198 3561 1390 3615 dictum
1408 3570 1481 3616 est
1499 3556 1614 3615 z-Et
1641 3562 1721 3616 di-

142 3648 245 3702 visit
274 3648 411 3704 Deus
440 3652 578 3707 inter
600 3652 772 3707 lucem
798 3662 851 3707 et
872 3653 1155 3719 tenebras;
1209 3666 1262 3709 et
1314 3656 1525 3710 vocavit
1570 3654 1717 3710 Deus

136 3739 291 3796 lucem
343 3742 507 3811 diem,
569 3754 620 3800 et
676 3744 931 3801 tenebras
973 3746 1188 3801 vocavit
1242 3745 1517 3818 noctem.]
1574 3746 1719 3802 Nihil

131 3835 247 3889 mihi
261 3836 490 3892 alienius
507 3852 628 3893 esse
646 3839 856 3894 videtur
873 3840 974 3893 hoc
990 3839 1469 3908 interpretamento
1490 3853 1520 3893 a
1539 3849 1719 3894 mente

129 3940 176 3987 et
200 3934 381 3989 verbis
402 3935 565 3989 Mosis
583 3951 597 4000 ;
618 3950 717 3991 nec
737 3950 888 4002 sane,
911 3936 954 3990 si
980 3947 1223 4005 negetur,
1244 3935 1348 3990 ulla
1366 3935 1574 3990 ratione
1599 3949 1719 4003 pro-

128 4024 233 4081 bari
259 4028 477 4095 p0terit.
506 4028 709 4082 Sensus
748 4027 910 4081 Mosis
938 4027 1185 4082 litteralis
1233 4027 1468 4097 optimus
1495 4034 1548 4081 et
1605 4024 1720 4094 pul-

126 4117 419 4174 cherrimus
440 4127 545 4186 est,
577 4117 744 4173 Deum
769 4118 1016 4174 divisisse
1038 4134 1200 4174 omne
1225 4128 1432 4188 tempus
1461 4119 1516 4173 in
1544 4118 1718 4172 lucem

124 4220 170 4265 et
196 4213 476 4277 tenebras,
507 4227 611 4281 qua
640 4212 707 4267 de
737 4228 795 4267 re
824 4213 931 4283 egit
958 4212 1193 4267 Joannes
1214 4211 1455 4267 Clericus
1479 4212 1533 4266 in
1558 4210 1720 4266 Cont-

124 4313 284 4360 ment.
317 4305 658 4377 PliilOlOgico
680 4306 745 4360 ad
777 4303 976 4362 Genes.
1001 4322 1038 4371 ι,
1066 4307 1120 4360 4.
1141 4304 1257 4359 Tali
1284 4319 1449 4359 sensu
1474 4305 1715 4370 invento,

126 4397 204 4465 qui
251 4413 313 4455 se
356 4407 551 4469 sponte
606 4412 702 4453 sua
759 4398 937 4454 animo
967 4399 1259 4470 legentium
1303 4399 1494 4469 ingerit
1555 4396 1715 4453 alium

126 4503 360 4558 quaerere
385 4502 533 4549 esset
562 4492 816 4547 delirare.

184 4583 321 4654 Cap.
346 4585 443 4640 at.
478 4585 662 4639 Utrum
685 4592 853 4639 autem
882 4586 999 4638 boni
1026 4582 1199 4639 Patris
1219 4595 1266 4639 et
1295 4585 1412 4639 boni
1440 4583 1569 4641 Filii
1586 4587 1713 4657 8ρὶ·
1740 4564 1793 4625 D

129 4675 248 4731 ritus
266 4687 503 4743 sanctus,
534 4678 652 4748 quia
680 4678 964 4732 communis
986 4678 1231 4733 ambobus
1253 4688 1347 4746 est,
1392 4691 1529 4735 recte
1576 4680 1718 4735 boni-

131 4775 197 4819 tas
234 4768 340 4822 dici
382 4769 545 4839 possit
578 4768 839 4822 amborum
863 4786 965 4823 non
995 4771 1158 4825 audeo
1188 4771 1505 4824 temerariam
1534 4772 1720 4843 praeci-

132 4860 283 4925 pitare
322 4862 653 4929 sententiam,
700 4873 1043 4918 verumtamen
1091 4864 1355 4919 amborum
1399 4881 1514 4919 eum
1553 4866 1720 4922 dicere

137 4956 438 5010 sanctitatem
467 4956 675 5028 facilius
700 4973 856 5011 ausus
900 4958 1064 5027 fuero,
1098 4975 1202 5012 non
1262 4958 1524 5012 amborum
1573 4960 1721 5030 quasi

141 5046 439 5115 qualitatem,
468 5049 560 5103 sed
582 5050 750 5119 ipsum
795 5066 995 5122 quoque
1034 5050 1388 5116 substantiam,
1422 5061 1470 5105 et
1513 5052 1715 5106 tertiam

145 5136 186 5189 in
215 5137 457 5197 Trinitate
484 5137 797 5214 personam.]
828 5142 935 5197 llas
962 5141 1328 5197 incommodas
1383 5143 1712 5207 locutiones.

151 5243 260 5297 quas
287 5233 487 5289 invenit
511 5232 862 5303 Augustinus,
890 5249 985 5289 cur
1011 5234 1065 5288 in
1097 5234 1418 5305 theologiam
1442 5235 1713 5290 intromis-

157 5336 226 5377 sas
248 5336 457 5397 cuperet
508 5342 617 5383 non
646 5327 920 5397 intelligo;
966 5342 1087 5383 cum
1143 5328 1258 5397 ipse
1314 5327 1542 5382 fateatur
1591 5344 1713 5385 esse

161 5417 415 5490 ambiguas,
464 5430 518 5477 et
558 5421 851 5490 Scriptura:
897 5420 1127 5492 ignotas.
1188 5421 1282 5476 Est
1329 5430 1505 5475 autem
1553 5420 1714 5491 plane

166 5513 279 5572 abuti
301 5532 565 5585 sermone,
593 5531 713 5571 cum
742 5517 858 5570 sine
875 5515 1215 5580 necessitate,
1238 5518 1291 5568 in
1318 5530 1379 5569 re
1404 5530 1498 5583 per
1523 5528 1581 5568 se
1609 5513 1712 5568 dif-

172 5605 379 5679 ﬁcillima,
402 5611 667 5681 ambiguae
697 5609 1360 5667 locutionesadhibentur.
1408 5608 1601 5662 Fateor
1629 5606 1712 5662 fa-

169 5696 352 5759 bricatas
374 5704 469 5760 has
508 5703 671 5757 tuisse
696 5702 763 5756 ad
791 5698 1076 5770 'exemplar
1126 5701 1241 5770 ejus
1272 5714 1374 5769 qua
1427 5698 1521 5752 Dei
1548 5698 1714 5755 Filius

170 5805 371 5858 censetur
381 5796 483 5854 dici
498 5794 853 5856 Proverbmn
864 5794 979 5867 ejus
993 5795 1278 5867 sapientia;
1296 5792 1394 5855 sed
1408 5791 1716 5853 doctissimi

1821 1887 2065 1944 dixisset.
2100 1888 2235 1943 Vide
2259 1897 2439 1944 notata
2463 1890 2527 1943 ad
2560 1889 2653 1945 lib.
2687 1905 2761 1955 ix,
2794 1904 2915 1960 cap.
2967 1889 3055 1944 22.

1890 1981 2024 2037 lbid.
2051 1981 2281 2053 Eamque
2322 1998 2428 2037 esse
2448 1979 2837 2051 inseparabilem
2872 1982 3200 2050 Trinitatem,
3236 1988 3416 2052 singu-

1822 2072 1995 2143 lasque
2015 2073 2069 2125 in
2094 2090 2154 2127 ea
2174 2088 2419 2143 personas
2438 2088 2548 2128 esse
2574 2086 2740 2127 unum
2786 2074 3147 2140 substantiam,
3174 2081 3227 2127 et
3253 2082 3417 2127 tamen

1822 2178 1993 2219 omnes
2021 2181 2123 2218 non
2152 2174 2253 2219 tres
2276 2166 2418 2231 deos,
2450 2165 2538 2220 sed
2576 2178 2756 2231 unum,
2804 2168 2875 2218 ita
2924 2174 3191 2233 noverunt,
3242 2173 3300 2218 ut
3344 2164 3420 2218 eis

1820 2257 1984 2329 magis
2012 2257 2109 2309 ista
2137 2273 2289 2326 quam
2319 2273 2411 2311 nos
2436 2257 2539 2329 ipsi
2558 2258 2746 2328 cogniti
2774 2256 2995 2329 sumus.]
3046 2258 3101 2313 Si
3156 2269 3419 2327 unaquae-

1820 2362 1924 2421 que
1948 2364 2175 2420 persona
2205 2357 2289 2406 est
2339 2365 2445 2403 una
2493 2349 2800 2414 substantia,
2853 2350 3076 2405 totidem
3128 2358 3255 2403 sunt
3292 2347 3419 2403 sub-

1820 2441 2031 2499 Stantite
2060 2452 2188 2514 quot
2218 2456 2504 2513 personat:
2540 2454 2640 2496 nec
2698 2440 3025 2496 dilﬁtebatur
3064 2440 3417 2509 Augustinus.

1822 2532 1955 2589 Vide
1976 2533 2042 2589 ad
2067 2547 2184 2603 cap.
2218 2533 2288 2587 24
2319 2542 2373 2589 et
2402 2534 2622 2604 Dionys.
2670 2533 2945 2595 Petavium
2998 2532 3190 2601 Dogm.
3243 2530 3419 2585 Theo-

1820 2629 2116 2697 logicorum
2141 2640 2271 2682 tom.
2304 2626 2368 2690 ll,
2396 2627 2495 2682 lib.
2524 2642 2596 2691 tv,
2629 2640 2749 2695 cap.
2783 2624 2837 2679 4.
2869 2625 3122 2680 Attamen
3162 2638 3305 2692 saepe
3332 2621 3418 2677 af-

1764 2713 1771 2723 ’
1820 2721 1999 2775 ﬁrmat
2029 2734 2187 2774 unam
2208 2736 2317 2774 esse
2340 2718 2700 2785 substantiam,
2730 2732 2850 2773 cum
2875 2731 3054 2772 sermo
3074 2706 3159 2771 εει
3206 2715 3274 2769 de
3300 2714 3418 2769 uni~

1820 2823 1929 2870 tate
1955 2813 2226 2884 specitica,
2270 2822 2327 2867 ut
2374 2814 2663 2883 loquuntur
2684 2812 3016 2873 scholastici,
3052 2825 3157 2865 non
3187 2810 3254 2864 de
3304 2809 3418 2864 uni-

1822 2916 1931 2964 tate
1951 2909 2249 2963 numerica.
2282 2906 2500 2962 Planius
2524 2908 2625 2962 hac
2654 2907 2721 2961 de
2754 2920 2816 2961 re
2846 2906 2964 2976 ipse
2990 2902 3319 2975 Augustinus
3364 2903 3419 2959 in

1822 3002 1975 3058 libris
2004 3001 2073 3056 de
2095 3000 2382 3056 Trinitate.

1894 3095 2058 3149 Liuno
2095 3110 2188 3149 xu.
2218 3090 2347 3164 Cap.
2381 3093 2637 3165 7.!Nemo
2687 3094 2846 3165 igitur
2872 3102 3065 3163 quterat
3112 3092 3407 3162 efficientem

1740 3174 1787 3239 C
1821 3204 2029 3244 causam
2052 3190 2186 3243 male
2212 3190 2523 3256 voluntatis;
2552 3205 2653 3243 non
2680 3189 2814 3243 enim
2864 3188 3101 3258 efﬁciens,
3152 3186 3240 3240 sed
3289 3185 3420 3253 deﬁ-

1823 3288 1997 3352 ciens;
2020 3286 2141 3356 quia
2166 3300 2254 3339 nec
2275 3282 2475 3352 eﬂ'ectio
2506 3292 2597 3353 est,
2659 3283 2747 3338 sed
2769 3279 3033 3354 defectio.]
3053 3280 3203 3336 Mala:
3226 3280 3421 3334 volitio—

1823 3379 1924 3448 nis,
1952 3393 2075 3432 nam
2102 3377 2173 3431 ita
2202 3391 2322 3431 cum
2353 3376 2726 3445 scholasticis,
2785 3375 3017 3431 vitandae
3061 3371 3422 3445 ambiguitatis

1822 3470 2013 3540 gratia,
2045 3468 2256 3538 loquar,
2289 3481 2449 3523 causa
2477 3466 2717 3523 efﬁciens
2737 3468 2821 3523 est
2848 3466 3118 3532 voluntas,
3145 3470 3238 3520 aut
3267 3472 3421 3519 mens

1822 3564 2020 3630 libera;
2044 3579 2163 3634 quae
2186 3563 2511 3632 ignorantia,
2542 3561 2919 3633 imprudentia,
2954 3571 3043 3617 aut
3072 3560 3265 3616 all'ectu
3292 3574 3418 3629 pec-

1824 3676 1949 3717 care
1970 3670 2166 3730 potest.
2192 3659 2415 3714 Peccata
2444 3659 2586 3715 enim
2619 3674 2726 3714 non
2773 3667 2897 3714 sunt
2921 3656 3077 3726 nihil,
3134 3655 3229 3711 sed
3278 3668 3422 3710 verre

1824 3756 2063 3809 actiones
2086 3752 2311 3818 mentis;
2341 3768 2473 3823 quas
2522 3768 2853 3825 unaquaeque
2890 3768 3064 3820 mens,
3120 3750 3371 3805 facultate
3391 3764 3421 3806 a

1824 3846 1937 3902 Deo
1963 3856 2203 3914 accepta,
2232 3845 2393 3900 edere
2426 3854 2620 3914 potest.
2672 3844 2864 3900 lnanes
2907 3852 3033 3899 sunt
3087 3841 3421 3900 subtiliorum

1825 3953 1979 4007 aequo
2008 3937 2450 4007 philosophorum
2508 3936 2968 4001 ratiocinationes,
3022 3934 3217 4004 quibus
3268 3930 3421 3986 nobis

1824 4030 2150 4099 persuadere
2167 4030 2364 4085 vellent
2390 4028 2446 4084 id
2474 4042 2579 4083 non
2608 4043 2728 4084 esse
2750 4026 2891 4099 quod
2916 4026 2969 4081 in
2988 4026 3142 4081 nobis
3172 4022 3273 4094 ipsi
3301 4038 3421 4079 sen~

1826 4121 2008 4176 timus.
2030 4120 2164 4177 Vide
2192 4130 2346 4177 notas
2373 4121 2439 4175 ad
2462 4130 2594 4177 tom.
2628 4119 2690 4177 Vl
2715 4123 2767 4176 in
2796 4118 3167 4175 Eucbiridium
3189 4115 3257 4172 ad
3277 4115 3421 4172 Lau-

1823 4217 2056 4271 rentium
2084 4230 2205 4285 cap.
2240 4217 2327 4271 11.

1894 4309 2026 4378 Cap.
2062 4309 2204 4380 lO,§
2243 4306 2297 4362 εὶ.
2350 4304 2564 4361 Fallunt
2603 4307 2689 4362 eos
2736 4308 2973 4375 qutedam
3018 4304 3421 4361 mendacissimus

1826 4402 2027 4467 litteris,
2060 4417 2187 4472 quas
2216 4400 2498 4470 perhibent,
2542 4403 2594 4453 in
2640 4399 2857 4455 historia
2908 4410 3209 4471 temporum,
3260 4399 3421 4453 multa

1825 4509 2078 4548 annorum
2110 4492 2272 4545 millia
2294 4496 2582 4558 continere;
2613 4509 2730 4547 cum
2749 4510 2814 4548 ea:
2833 4492 3041 4547 Litteris
3070 4492 3227 4547 sacris
3255 4492 3316 4545 ab
3345 4492 3421 4544 in-

1820 4588 2061 4642 situtione
2080 4586 2298 4639 hominis
2329 4586 2557 4639 nondum
2586 4584 2839 4654 completa
2863 4601 3112 4639 annorum
3140 4600 3230 4638 sea:
3255 4582 3420 4637 millia

1822 4676 2214 4751 computemus.|
2244 4677 2501 4749 Respicit.
2537 4687 2595 4732 ut
2626 4678 2857 4745 videtur,
2889 4676 3223 4747 Augustinus
3250 4675 3420 4745 potis-

1821 4774 2019 4830 simum
2096 4772 2302 4827 litteras
2367 4770 2750 4841 Egyptiacas,
2823 4785 2956 4841 quas
3029 4767 3417 4839 antiquissimis

1824 4867 2156 4938 temporibus
2182 4882 2286 4921 non
2319 4864 2755 4937 chronologicum
2804 4865 3089 4931 calculum,
3121 4862 3217 4918 sed
3243 4871 3418 4916 astro-

1823 4961 2092 5015 nomicam
2123 4960 2399 5028 periodum
2418 4960 2695 5016 continere
2727 4971 2885 5015 acute
2931 4968 3092 5027 atque
3138 4958 3417 5026 ingeniose

1823 5055 2061 5109 ostendit
2081 5054 2316 5110 Joannes
2344 5055 2697 5121 Marshamus,
2730 5054 2784 5108 in
2813 5060 3205 5131 προκατασκευῇ
3247 5048 3417 5105 Chro-

1823 5148 1928 5202 nici
1959 5146 2211 5202 Canonis.
2245 5147 2349 5203 Sed
2382 5155 2537 5202 antea
2559 5159 2840 5217 perperam
2870 5156 3110 5213 tempora
3127 5156 3257 5198 vere
3277 5157 3416 5213 pro:-

1824 5239 2056 5308 terlapsa
2078 5253 2140 5293 ea
2167 5239 2388 5307 periodo
2417 5237 2681 5293 contineri
2705 5250 3019 5306 persuasum
3061 5242 3197 5290 erat.

1894 5330 2025 5400 Cap.
2062 5329 2149 5384 1'2.
2174 5327 2369 5384 Contra
2397 5344 2491 5384 eos
2521 5329 2611 5397 qui
2641 5328 2799 5382 nimis
2824 5334 3100 5383 recentem
3153 5324 3414 5380 mundum

1822 5437 1944 5479 esse
1970 5422 2361 5491 querebantur:
2398 5418 2459 5475 Si
2513 5420 2724 5475 breuitas
2762 5436 2847 5474 eos
2890 5418 3101 5486 o/fendit
3148 5416 3410 5485 temporis,

1821 5518 1957 5588 quod
1987 5525 2089 5569 tam
2112 5517 2263 5586 pauci
2298 5517 2367 5569 eis
2390 5516 2623 5569 videntur
2651 5515 2791 5581 anni,
2817 5530 2881 5569 ea:
2921 5531 3022 5584 quo
3038 5512 3299 5567 institutus
3321 5513 3414 5566 lto-

1820 5627 1904 5663 mo
1932 5610 2115 5664 nostris
2146 5610 2531 5663 auctoritatibus
2559 5609 2774 5679 legitur;
2796 5608 3115 5663 considerent
3151 5606 3280 5659 nihil
3309 5620 3414 5659 esse

1820 5704 2140 5767 diuturnum,
2167 5703 2218 5754 in
2239 5718 2337 5771 quo
2362 5712 2437 5755 est
2474 5702 2670 5774 aliquid
2699 5714 2997 5766 extremum,
3017 5712 3064 5755 et
3098 5700 3269 5753 omnia
3315 5714 3409 5752 ste-

1822 5796 2051 5852 culorum
2071 5794 2241 5865 spatia
2270 5795 2502 5868 deﬁnita,
2543 5796 2587 5855 si
2611 5797 2884 5856 wternitati
2911 5796 3247 5856 interminata:
3266 5809 3405 5853 cam-
