3974 6356
596 333 696 385 479

1478 328 2029 387 SUPPLEMENTUM
2069 332 2159 385 AD

2287 332 2423 387 EBA
2463 334 2517 388 Β.
2564 332 2950 390 ΑυΟυΞΤΙΜ.
3674 346 3746 409 lio

590 452 846 512 parentur,
864 458 964 497 non
979 441 1505 513 exiguamtelligenda
1526 457 1652 510 esse,
1670 441 1759 494 sed
1780 439 1973 511 nullm]
1998 442 2168 498 Acute
2192 448 2245 506 Α
2271 446 2348 499 cis
2376 445 2557 500 nescio
2584 444 2778 515 quibus
2799 446 3027 515 placitis,
3057 445 3234 499 omnia
3264 457 3381 502 sunt
3409 451 3617 509 obscura.
3657 462 3750 524 Hinc

589 551 717 590 sane
743 544 798 590 et
825 534 1057 599 erudite;
1086 549 1209 588 nam
1256 533 1527 588 hominem
1575 531 1853 587 laudamus
1904 548 2058 602 aeque
2102 533 2164 586 li.

589 627 799 692 beuter,
848 641 911 680 ac
934 641 965 679 a
994 625 1170 679 minus
1198 634 1347 680 recte
1403 625 1671 679 sentiente
1691 625 2040 680 discedimus.
2066 627 2170 680 lta-

588 737 690 791 que
712 730 917 789 tempus
938 719 1156 789 longum
1176 727 1230 773 et
1251 721 1410 773 breve
1430 718 1627 773 dicitur
1647 730 1893 787 respectu
1921 720 2172 775 humanas

587 817 728 879 vitae,
755 830 858 867 non
897 812 1232 880 aeternitatis,
1265 826 1375 881 prae
1403 826 1504 881 qua
1538 814 1717 865 omnia
1748 820 1988 881 tempora
2029 811 2173 866 nulla

586 917 729 978 sunt.
774 905 879 961 Sed
944 904 1224 959 audiamus
1271 915 1324 959 et
1369 906 1643 974 sequentia
1680 922 1691 957 :
1741 906 1813 957 Ac
1853 921 1943 973 per
1982 906 2093 971 hoc,
2127 906 2173 958 si

585 1014 685 1051 non
726 999 963 1065 quinque,
997 997 1073 1049 vel
1120 1012 1229 1065 sex,
1277 1013 1449 1051 verum
1494 999 1646 1050 etiam
1686 998 1955 1065 sexaginta
1978 998 2165 1062 millia,

584 1090 682 1142 sive
701 1098 934 1142 sexcenta
954 1095 1042 1140 aut
1062 1088 1312 1156 sexagies,
1340 1097 1427 1140 aut
1448 1089 1719 1141 sexcenties
1737 1086 1921 1141 millies
1944 1087 2173 1141 diceren-

584 1192 666 1236 tur
694 1199 979 1248 annorum;
1002 1193 1089 1237 aut
1123 1184 1300 1237 itidem
1326 1200 1415 1251 per
1446 1185 1590 1237 toties
1613 1183 1827 1237 totidem
1868 1184 2178 1252 multiplica-

583 1288 721 1330 retur
742 1278 847 1330 hac
869 1293 1090 1343 summa,
1118 1276 1205 1329 ubi
1226 1280 1342 1347 jam
1362 1277 1561 1330 nullum
1589 1278 1789 1330 numeri
1817 1292 1997 1330 nomen
2020 1277 2177 1331 liabe-

583 1386 771 1435 remus,
792 1387 853 1423 επ
875 1387 973 1439 qua
999 1370 1139 1423 Deus
1160 1370 1415 1424 hominem
1436 1372 1587 1440 fecit;
1612 1371 1846 1425 similiter
1877 1373 2038 1437 quaeri
2061 1388 2179 1440 pos-

583 1472 653 1516 set
681 1472 895 1517 curante
910 1478 1008 1515 non
1023 1464 1218 1531 fecerit.
1232 1462 1420 1516 Omnia
1432 1462 1665 1532 egregie,
1685 1463 1755 1515 ita
1770 1472 1826 1517 ut
1840 1462 1971 1517 nihil
1987 1462 2177 1517 melius

584 1549 689 1604 dici
713 1551 917 1605 hancin
950 1566 1064 1604 rem
1120 1551 1373 1619 potuerit.
1424 1549 1721 1618 Aliquando
1775 1549 1960 1603 mirari
2014 1548 2179 1602 subiit

582 1646 896 1713 ‘-criptorem
954 1644 1261 1711 eruditum,
1314 1643 1677 1713 singularique
1727 1642 1925 1712 alioqui
1972 1642 2175 1711 judicio

585 1740 859 1810 praeditum
886 1740 974 1809 qui
997 1740 1277 1809 quaestioni
1322 1754 1478 1807 quam
1511 1739 1612 1792 sibi
1644 1738 1730 1791 hic
1774 1737 2023 1807 proponit
2063 1736 2176 1790 Au-

2270 537 2605 591 somniathic
2630 547 2813 590 noster
2835 548 3057 606 tempora
3093 546 3297 603 (eterna,
3355 541 3440 595 sed
3489 560 3590 613 qua:
3628 560 3752 613 tamen

2272 644 2373 680 non
2403 628 2588 698 fuerint
2611 626 2720 681 Deo
2748 639 3029 693 cowterna;
3059 630 3211 697 quasi
3253 629 3440 698 aliquid
3479 639 3618 703 magis
3647 655 3755 702 teter-

2272 734 2398 772 num
2429 734 2584 787 quam
2612 719 2753 772 aliud
2783 729 3040 773 aeternum
3062 734 3183 775 esse
3210 724 3395 788 possit!
3424 726 3650 794 Siquidem
3680 739 3755 805 ille,

2274 812 2466 878 inquit,
2497 821 2615 865 ante
2644 822 2869 882 temiiora
2897 823 3086 866 reterna
3139 830 3240 867 non
3290 817 3446 870 solum
3487 833 3595 886 erat,
3642 843 3759 886 verum

2273 903 2426 954 etiam
2483 904 2636 956 vitam
2692 904 2924 973 promisit
2973 914 3256 972 teternam,
3312 923 3454 973 quam
3502 916 3761 985 manifestam

2276 993 2581 1063 temporibus
2606 994 2732 1060 suis,
2758 994 2813 1046 id
2840 1004 2912 1048 est
2941 997 3200 1068 congruis,
3232 998 3352 1065 quid
3378 1000 3510 1054 aliud
3527 1021 3655 1072 quam
3683 1008 3764 1063 Ver.

2275 1083 2394 1135 bum
2417 1086 2601 1138 suum?
2622 1083 2738 1137 Hoc
2777 1086 2911 1138 enim
2939 1094 3012 1139 est
3039 1088 3137 1139 vita
3166 1098 3369 1142 (eterna.
3402 1090 3506 1145 Non
3527 1094 3669 1151 dicam
3690 1114 3767 1157 ante

2276 1179 2604 1231 ιειρτηὶιαιεηι
2628 1192 2746 1232 esse
2778 1178 2911 1232 nihil
2952 1194 3144 1248 posse;
3176 1181 3275 1235 sed
3316 1184 3633 1251 Augustinum
3659 1194 3769 1245 ratio-

2279 1283 2399 1322 nem
2428 1268 2720 1338 praebuisse
2749 1271 2960 1324 Arianis
2986 1271 3236 1326 eludendi
3264 1274 3424 1327 multa
3448 1276 3548 1330 loca
3575 1282 3772 1348 antiquio-

2278 1374 2396 1413 rum
2426 1361 2632 1429 synodo
2679 1359 2891 1415 Nictena
2949 1363 3185 1431 Patrum,
3240 1364 3306 1417 de
3352 1369 3626 1423 mternitate
3667 1373 3772 1441 Filii;

2278 1465 2435 1517 quem
2465 1452 2653 1505 eodem
2677 1465 2836 1506 sensu
2868 1467 2931 1507 ac
2969 1451 3055 1506 hic
3089 1454 3320 1522 loquitur
3344 1459 3655 1526 Augusnnus,
3674 1476 3774 1518 aeter-

2279 1556 2404 1594 num
2435 1541 2661 1596 describi
2692 1542 2871 1597 dicere
2888 1555 3196 1612 potuerunt,
3223 1545 3348 1599 dum
3374 1547 3505 1601 Patri
3526 1562 3774 1609 coaeternum

2281 1631 2564 1699 negabant.
2597 1632 2699 1686 Sed
2749 1635 2890 1701 quod
2933 1636 3073 1690 Deus
3112 1639 3401 1706 promisisse
3420 1641 3569 1693 vitam
3591 1653 3777 1700 aeternam

2278 1722 2476 1777 dicitur
2504 1732 2627 1778 ante
2656 1724 2741 1778 illa
2774 1736 3011 1795 tempora
3038 1744 3155 1797 quae
3202 1738 3388 1782 (eterna
3432 1732 3777 1799 vocabantur,“

582 1834 825 1903 gustinus
848 1832 1141 1901 reponebat
1164 1830 1420 1885 mundum
1443 1830 1670 1884 fortasse
1683 1844 1801 1883 esse
1817 1829 2171 1899 antiquiorem

2287 1816 2514 1883 profecto
2588 1817 2939 1884 Augustinum
3000 1818 3290 1875 admonere
3348 1820 3523 1875 debuit
3565 1825 3780 1894 signiﬁcari

583 1939 739 1996 quam
753 1924 911 1993 vulgo
926 1924 1082 1978 hodie
1092 1923 1344 1987 creditur,
1360 1922 1498 1991 quod
1513 1922 1750 1977 calculus
1764 1920 1906 1975 LXX
1922 1922 2182 1990 interpre-

582 2025 693 2072 tum
713 2016 886 2085 major
903 2018 974 2071 sit
999 2016 1206 2072 ealculo
1228 2015 1472 2070 Hebraici
1489 2014 1710 2070 codicis.
1736 2014 1888 2081 Quod
1910 2028 2178 2083 nunquam

583 2107 831 2175 dixisset,
886 2108 1027 2163 side
1080 2110 1182 2163 hoc
1228 2107 1510 2177 Augustini
1561 2120 1820 2177 responso
1876 2106 2179 2175 cogitasset.

583 2202 691 2258 Sed
714 2202 959 2271 quamvis
985 2202 1056 2255 sit
1078 2200 1438 2265 verissimum,
1465 2213 1797 2269 nequaquam
1832 2196 2023 2251 minuit
2044 2196 2183 2250 dilb-

583 2295 837 2348 cultatem
868 2294 1215 2363 propositam,
1247 2306 1314 2345 ex
1361 2306 1465 2361 qua
1520 2305 1731 2359 semper
1772 2300 2028 2359 sequetur
2086 2286 2183 2342 Dei

584 2385 873 2441 bonitatem
895 2385 1154 2439 inﬁnitam
1172 2384 1316 2439 nulla
1346 2384 1428 2439 sui
1454 2383 1642 2437 indicia
1667 2381 1885 2437 dedisse
1909 2397 2005 2450 per
2023 2389 2181 2435 teter-

583 2478 801 2531 nitatem
834 2477 1091 2545 praeteriti
1124 2477 1399 2546 temporis.
1433 2474 1787 2543 Philosophos
1842 2472 2176 2543 philosophi-

584 2570 660 2624 cis
689 2570 985 2625 rationibus
1014 2569 1252 2625 coerceri
1303 2578 1553 2637 oportere
1578 2582 1698 2621 cum
1730 2577 1936 2620 certum
1970 2566 2059 2630 sit,
2093 2565 2179 2619 di-

584 2661 872 2726 camusiis,
904 2662 948 2715 si
980 2663 1049 2715 ita
1078 2660 1307 2724 videtur,
1342 2676 1447 2714 non
1483 2670 1719 2713 nostram
1766 2658 2030 2712 duntaxat
2074 2657 2180 2712 tel-

590 2752 763 2807 lurem
804 2764 858 2806 et
885 2752 1057 2806 vicina
1086 2753 1290 2821 aliquot
1338 2766 1560 2820 corpora
1591 2767 1622 2805 a
1667 2751 1778 2805 Deo
1806 2765 1926 2805 esse
1961 2757 2179 2812 creata;

586 2844 680 2897 sed
712 2843 1123 2900 innumerabilia
1152 2844 1276 2908 alia,
1313 2842 1470 2913 longe
1499 2853 1782 2911 antequam
1816 2853 1962 2897 esset
1996 2849 2187 2911 noster,

586 2934 673 2988 hic
705 2945 863 2987 terra:
894 2934 1134 3004 planetu;
1161 2934 1231 2988 ita
1272 2943 1328 2987 nt
1375 2935 1419 2987 si
1475 2934 1902 2989 internoscerent
1952 2947 2178 3002 operum

594 3024 806 3079 illorum
824 3026 1132 3080 divinorum
1145 3041 1387 3095 quamam
1404 3027 1605 3095 priora,
1622 3025 2181 3096 quaenam’posteriora

587 3126 768 3170 creata
801 3118 930 3184 sint,
963 3128 1184 3184 possent
1232 3119 1298 3172 ab
1329 3117 1429 3172 hac
1474 3128 1655 3203 nostra
1711 3128 1852 3172 terra
1896 3131 2182 3171 numerare

2286 1909 2542 1961 duntaxat
2562 1910 2860 1979 antiquiora
2884 1910 3091 1964 Veteris
3122 1911 3447 1966 Testamenti
3471 1923 3696 1983 tempora.
3718 1922 3783 1972 At-

2287 2010 2463 2055 tamen
2493 2016 2559 2055 ne
2590 2000 2689 2055 hoc
2714 2002 2930 2070 quidem
2960 2002 3354 2058 animadvertit.
3390 2006 3634 2069 Quomodo
3669 2021 3785 2063 autem
3866 2040 3869 2057 ς

2284 2094 2545 2162 promisit,
2605 2094 2796 2163 inquit,
2850 2096 2988 2164 quod
3039 2095 3326 2151 hominibus
3368 2100 3531 2169 utique
3573 2104 3786 2169 promiserit

2283 2187 2372 2255 qui
2388 2188 2610 2239 nondum
2636 2195 2776 2240 erant
2795 2196 2912 2240 ante
2932 2197 3159 2259 tempora
3188 2200 3399 2254 (eterna,
3433 2192 3528 2245 nisi
3550 2194 3654 2261 quia
3671 2195 3712 2245 in
3739 2194 3788 2262 ip-

2282 2279 2388 2331 sius
2424 2279 2702 2332 aeternitate
2729 2288 2877 2348 atque
2904 2280 2957 2332 in
2990 2281 3101 2349 ipso
3127 2282 3236 2350 ejus
3266 2281 3429 2336 Verbo
3462 2284 3611 2337 eidem
3633 2294 3787 2337 caeter-

2284 2387 2350 2423 no
2363 2371 2475 2441 jam
2504 2372 2950 2443 prwdestinatione
2977 2374 3139 2442 fixum
3161 2386 3271 2428 erat
3321 2377 3455 2445 quod
3504 2392 3587 2428 suo
3630 2387 3792 2445 tempore

2284 2468 2515 2533 futurum
2536 2466 2682 2518 erat?
2708 2464 2896 2521 Posset
2918 2466 3020 2521 hoc
3039 2466 3219 2537 aliquo
3245 2468 3406 2522 modo
3436 2468 3572 2535 ferri,
3598 2468 3637 2521 si
3653 2469 3793 2522 dictum

2284 2554 2472 2610 fuisset
2496 2558 2559 2610 ab
2588 2568 2796 2626 (eterna,
2821 2560 2917 2615 sed
2937 2570 3055 2614 ante
3077 2571 3309 2629 tempora
3336 2572 3522 2616 (eterna
3549 2565 3793 2630 promittere,

2283 2662 2382 2716 pro
2411 2648 2551 2716 apud
2580 2664 2639 2704 se
2662 2651 2729 2704 ab
2778 2660 2979 2706 artemo
3020 2654 3274 2708 statuisse
3295 2654 3445 2720 dare,
3474 2654 3583 2709 sine
3617 2656 3796 2722 exemplo

2283 2749 2386 2793 est.
2418 2741 2567 2807 Quod
2595 2743 2826 2808 mireris,
2877 2743 2963 2799 bic
3005 2745 3120 2813 ipse
3161 2744 3488 2815 Augustinus
3539 2748 3661 2799 circa
3700 2745 3795 2798 idem

2284 2837 2493 2900 tempus
2518 2848 2628 2901 quo
2675 2832 2788 2888 haec
2811 2834 3045 2903 scripsit,
3098 2837 3292 2905 partim
3325 2852 3507 2891 verum
3548 2852 3728 2891 sensum
3750 2837 3796 2889 lo-

2284 2922 2513 2977 cutionis
2555 2924 2781 2992 hujusce
2833 2926 3021 2981 sensit.
3077 2927 3169 2982 Sic
3210 2938 3399 2983 contra
3426 2928 3797 2987 Priscilliauistas.

2284 3029 2403 3083 cap.
2429 3014 2463 3070 6
2492 3031 2507 3068 :
2535 3014 2601 3067 Et
2630 3016 2759 3069 dixit
2790 3018 3066 3086 Apostolus
3086 3029 3279 3074 (eterna
3332 3030 3554 3093 tempora
3604 3022 3743 3089 piiora
3771 3026 3799 3069 et

2283 3109 2515 3175 antiqua,
2544 3108 2678 3176 quod
2700 3108 2753 3161 in
2778 3107 2955 3163 (ἕν-(εσυ
2975 3110 3160 3181 legitur
3179 3115 3281 3190 πρὸ
3304 3115 3508 3190 χρόνων
3533 3116 3729 3167 αἰωνίων.
3752 3114 3800 3162 Ad

586 3209 1023 3278 retrogradiendo
1080 3211 1133 3263 in
1188 3212 1457 3280 praeterita
1486 3195 1492 3203 ’
1526 3220 1825 3280 temporum
1881 3210 2074 3280 spatia,
2120 3211 2174 3263 in

2287 3195 2455 3250 Titum
2477 3199 2609 3251 enim
2631 3198 2874 3265 scribens,
2905 3209 3009 3255 etc.
3039 3201 3312 3259 Hactenus
3334 3205 3565 3273 optime,
3607 3202 3686 3257 sed
3723 3200 3801 3253 audi

586 3303 778 3357 saecula
812 3303 1152 3368 saeculorum,
1196 3319 1297 3359 nec
1353 3319 1584 3373 unquam
1630 3303 1912 3373 pervenire
1957 3301 2028 3353 ad
2076 3316 2170 3356 an-

587 3395 941 3466 tiquissimum
979 3411 1202 3466 operum
1260 3396 1582 3451 divinorum.
1635 3398 1875 3463 Quomou
1972 3404 2174 3449 .ontra-

587 3490 721 3541 rium
747 3488 1160 3557 probarentnon
1189 3489 1365 3552 video,
1398 3503 1497 3542 nec
1552 3487 1842 3557 quidquam
1894 3489 1981 3539 hic
2029 3487 2175 3541 dice-

587 3590 707 3633 rent
728 3580 867 3648 quod
896 3587 1079 3634 contra
1106 3580 1417 3634 infinitatem
1445 3578 1601 3648 Spatii
1630 3589 1684 3633 et
1713 3581 1922 3633 numeri
1940 3581 2172 3648 partium

589 3669 870 3736 cujuslibet
893 3671 1134 3740 corporis
1167 3670 1272 3724 dici
1318 3684 1422 3723 non
1453 3669 1652 3738 possit;
1701 3684 1822 3739 quae
1864 3678 2040 3724 tamen
2091 3671 2178 3723 in-

588 3762 762 3815 ﬁnitas
785 3764 1330 3818 demonstrationibus
1352 3761 1743 3817 mathematicis
1766 3762 1969 3816 nititur.
1998 3764 2180 3832 Itaque

590 3852 821 3922 superba
852 3855 1291 3924 philosOphorum
1320 3853 1533 3922 ingenia
1569 3868 1635 3907 eo
1665 3853 1825 3907 modo
1871 3854 2085 3907 retundi
2128 3860 2182 3905 et

590 3946 652 4000 ad
677 3948 1029 4002 modestiores
1050 3945 1403 4015 cogitationes
1435 3946 1628 4001 adduci
1670 3958 1906 4016 possent.
1968 3946 2183 4015 Aliquid

590 4038 695 4108 iam
721 4049 876 4094 antea
906 4043 1003 4094 hac
1023 4038 1091 4093 de
1121 4054 1180 4092 re
1209 4038 1461 4104 diximus,
1489 4038 1633 4108 quod
1684 4038 1921 4109 expendi
1944 4055 1973 4092 a
2012 4039 2185 4108 philo-

591 4130 790 4199 50pliiae
820 4132 1003 4201 peritis
1032 4130 1300 4197 cupimus.

661 4221 790 4290 Cap.
825 4223 906 4275 16.
942 4220 1080 4273 Dicit
1105 4223 1257 4273 etiam
1289 4221 1560 4289 Apostolus
1592 4230 1820 4291 tempora
1849 4232 2059 4286 aeterna,
2096 4236 2187 4275 nec

594 4330 651 4368 ea
680 4317 877 4383 futura,
903 4313 991 4365 sed
1016 4312 1155 4382 quod
1197 4315 1357 4383 magis
1406 4323 1479 4367 est
1521 4316 1730 4381 mirum,
1786 4316 2064 4385 praeterita.
2098 4315 2189 4368 Sic

594 4407 727 4459 enim
769 4407 841 4457 ait
877 4404 1007 4473 (Tit.
1032 4404 1156 4471 1,2,
1182 4406 1239 4472 5)
1270 4424 1280 4457 :
1314 4405 1367 4459 lu
1414 4422 1560 4474 spem
1596 4408 1714 4461 vita:
1763 4416 1977 4464 internae
2028 4422 2187 4475 quam

595 4497 841 4566 promisit
885 4510 991 4549 non
1041 4495 1264 4549 mendax
1313 4496 1450 4550 Deus
1497 4508 1623 4551 ante
1670 4507 1919 4563 tempous
1951 4505 2186 4560 aiterna;

2280 3288 2566 3353 locutionis
2593 3290 2711 3359 ejus
2733 3292 2923 3346 miram
2956 3295 3217 3350 rationem
3255 3314 3268 3349 :
3301 3296 3431 3351 Cum
3475 3305 3631 3350 autem
3673 3305 3805 3348 retror-

2275 3398 2389 3436 sum
2435 3392 2659 3453 tempora
2704 3400 2736 3436 a
2775 3386 3129 3441 constitutimie
3168 3390 3351 3443 mundi
3387 3389 3566 3443 habere
3604 3389 3805 3454 rideantur,

2276 3474 2503 3541 initium,
2537 3476 2792 3545 quomodo
2825 3489 2947 3532 sunt
3000 3491 3209 3550 «eterna,
3245 3484 3346 3536 nisi
3390 3484 3509 3553 quia
3533 3491 3703 3537 «eterna
3721 3482 3808 3534 dixit

2278 3584 2393 3637 quia
2412 3579 2528 3622 ante
2549 3586 2603 3623 se
2624 3588 2726 3624 non
2754 3572 2935 3625 habent
2957 3572 3123 3627 ullum
3157 3585 3354 3645 tempus
3375 3578 3400 3630 ?
3442 3578 3529 3632 Sic
3564 3591 3678 3645 ergo
3700 3589 3808 3628 ωηο·
3888 3618 3889 3659 ἡ

2281 3660 2381 3713 dus
2404 3673 2582 3729 posset
2612 3661 2717 3716 dici
2742 3672 2985 3729 teternus,
3013 3666 3159 3734 quia,
3190 3682 3262 3721 ex
3301 3668 3543 3722 doctrina
3570 3665 3809 3735 Augustini,

2284 3762 2405 3779 ...ειη
2435 3767 2491 3779 ιη.
2520 3768 2622 3779 na...
2659 3756 2839 3779 ι...ι..-ει
2870 3766 3077 3779 .-.μ-η-
3140 3773 3251 3779 ---__
3296 3762 3482 3779 -m---9_
3538 3775 3554 3779 Α
3575 3776 3603 3779 --
3633 3758 3808 3779 -3,_---I-

2282 3762 2406 3806 ante
2434 3767 2493 3808 se
2520 3768 2624 3808 non
2658 3756 2842 3809 habuit
2870 3766 3101 3826 tempus,
3134 3773 3254 3813 cum
3287 3762 3609 3816 creationem
3627 3758 3812 3829 ejussola

2284 3848 2632 3902 antecesserit
2658 3850 2952 3904 aeternitas.
2985 3850 3116 3917 Quis
3140 3860 3320 3908 tamen
3359 3854 3524 3908 [erret
3557 3855 3682 3908 inter
3709 3851 3815 3906 Cliri-
3888 3834 3889 3893 Ῐ

2286 3941 2486 3995 stianos
2512 3940 2779 3998 dicentem
2812 3944 3066 4000 mundum
3110 3961 3232 4003 esse
3260 3949 3561 4004 aeternum?
3588 3949 3700 4016 Quae
3733 3960 3815 3999 cum

2289 4031 2359 4083 ita
2390 4034 2496 4084 sint
2522 4035 2685 4087 miror
2713 4033 3044 4091 Parisienses
3070 4038 3330 4105 editores,
3349 4055 3471 4094 cum
3504 4036 3816 4109 possentllug.

2294 4122 2535 4177 Grotium
2566 4126 2867 4193 consulere,
2901 4137 2959 4182 ut
3004 4128 3139 4183 alios
3191 4132 3621 4198 praetermittam,
3666 4131 3711 4184 in
3754 4128 3818 4178 hac

2290 4217 2734 4287 interpretatione
2780 4222 3122 4291 acquiescere
3164 4223 3425 4291 potuisse.
3473 4224 3577 4280 Sed
3622 4221 3699 4276 hic
3725 4219 3821 4273 idem
3888 4262 3889 4289 ι

2292 4314 2441 4367 locus
2465 4312 2867 4383 Hieronymum,
2899 4314 3066 4368 multo
3098 4318 3399 4383 Augustino
3432 4316 3730 4380 doctiorem,
3751 4320 3821 4362 ton
3888 4310 3889 4379 ᾖ

2295 4413 2457 4467 serat,
2480 4413 2539 4457 ut
2562 4404 2725 4472 liquet
2746 4420 2807 4459 ex
2834 4405 2933 4458 hac
2952 4406 3067 4473 ejus
3084 4407 3431 4463 adnotatione
3461 4407 3515 4462 in
3535 4422 3675 4476 cap.i
3700 4401 3823 4470 Epiat.

2296 4496 2363 4549 ad
2391 4497 2592 4561 Titum,
2615 4496 2703 4549 ubi
2735 4506 3028 4550 memorata
3059 4498 3336 4554 creatione
3363 4501 3546 4554 mundi
3589 4509 3640 4552 et
3676 4496 3825 4561 tenipo-

596 4585 956 4643 manil’estavit
981 4596 1155 4640 autem
1188 4588 1514 4655 temporibus
1569 4588 1677 4641 suis
1722 4586 1955 4641 Verbum
2007 4602 2182 4641 suum.
2215 4582 2266 4640 D
2292 4590 2385 4658 ris,
2416 4590 2492 4643 sic
2522 4592 2731 4658 pergit:
2757 4592 2884 4645 Ante
2910 4589 3017 4645 hac
3052 4593 3209 4661 igitur
3247 4596 3428 4648 mundi
3461 4605 3695 4662 tempora,
3717 4599 3823 4644 ater:

598 4680 730 4734 Ecce
750 4679 878 4731 dixit
906 4688 1039 4730 retro
1068 4678 1201 4741 quod
1248 4680 1459 4747 fuerint,
1496 4694 1611 4747 qua:
1638 4689 1806 4730 tamen
1847 4692 1949 4730 non
1996 4680 2188 4747 fuerint

599 4767 896 4840 coaeterna.]
926 4771 1221 4838 Antequam
1252 4771 1471 4825 ulterius
1498 4770 1829 4839 progrediar,
1860 4770 2025 4823 verbo
2053 4770 2189 4823 indi-

600 4863 733 4916 cabo
768 4874 947 4913 veram
980 4859 1079 4913 loci
1110 4862 1447 4914 sententiam.
1484 4861 1689 4934 Χρὸνοι,
1726 4876 1938 4926 nempe,
1974 4864 2185 4927 αἰὼνιοι,

600 4966 659 5010 ut
689 4953 905 5007 docebit
931 4952 1076 5021 HUgo
1103 4953 1336 5019 Grotius,
1362 4965 1485 5007 sunt
1527 4956 1742 5023 antiqua
1772 4962 2035 5021 tempora,
2083 4955 2189 5009 lle-

601 5047 784 5101 braice
812 5028 925 5109 DLA:
956 5054 1046 5103 ’νῦν
1084 5057 1174 5100 aut
1202 5057 1321 5132 D‘tp
1357 5054 1473 5109 7w,
1516 5047 1706 5112 quibus
1750 5047 1928 5100 verbis
1977 5048 2188 5113 longum

529 5152 543 5211 έ
605 5149 815 5205 tempus
847 5146 1172 5207 snguincatnr
1212 5154 1315 5191 non
1344 5146 1623 5190 aeternum.
1660 5135 1791 5191 Vide
1844 5138 2195 5206 paraphrasin

528 5214 547 5302 ί
603 5230 943 5284 Chaldaicam
965 5229 1279 5284 Jonalhanis
1329 5228 1486 5281 Mich.
1516 5244 1567 5292 ν,
1614 5228 1669 5281 2.
1717 5230 1889 5298 'lgitur
1941 5231 2043 5284 hoc
2086 5230 2199 5283 vult

607 5320 891 5387 Apostolus
940 5332 1062 5376 ante
1121 5322 1333 5387 longum
1390 5328 1597 5391 tempus
1668 5323 1984 5390 promissam
2033 5324 2194 5377 vitam

550 5388 564 5414 ⁸
609 5423 855 5467 aeternam
886 5414 1014 5469 olim
1043 5428 1135 5482 per
1167 5412 1414 5466 Messium
1440 5413 1800 5467 revelandam.
1850 5415 1980 5471 Vide
2037 5416 2195 5470 Rom.

608 5517 719 5569 xvr,
746 5505 850 5573 εἴη
889 5506 931 5561 ΙΙ
964 5506 1104 5559 Τίιη.
1139 5519 1176 5569 l,
1221 5504 1273 5558 9.
1317 5505 1423 5559 Res
1463 5504 1719 5561 llebraice
1771 5506 1956 5560 scienti
2004 5516 2058 5561 et
2104 5507 2193 5560 illa

610 5593 725 5651 loca
752 5601 920 5653 aliave
942 5597 1133 5649 similia
1168 5597 1361 5663 legenti
1405 5597 1629 5650 obscura
1680 5612 1799 5652 esse
1839 5599 2037 5667 nequit.
2089 5600 2193 5653 Sed

613 5684 870 5741 Hebraicc
902 5687 1181 5751 nescienti,
1208 5687 1628 5756 scriptoremque
1657 5702 1760 5740 non
1809 5702 1876 5741 ex
1918 5697 2195 5755 perspecto

614 5774 806 5852 [iugum
834 5794 1032 5837 sancta:
1054 5780 1196 5854 stylo
1219 5780 1609 5850 iutcrpretauti,
1639 5780 1733 5835 sed
1760 5794 1822 5836 ex
1870 5778 2197 5852 pltilos0p|ii-

2294 4684 2500 4735 nitatem
2548 4682 2824 4751 quamdam
2877 4682 3184 4737 swculorum
3221 4687 3378 4755 fuisse
3431 4686 3721 4741 credendum
3763 4689 3825 4741 est,

2294 4774 2474 4841 quibus
2498 4788 2694 4839 semper
2722 4789 2835 4826 cum
2866 4772 3007 4827 Filio
3028 4785 3075 4827 et
3101 4774 3302 4843 Spiritu
3324 4787 3504 4831 sancto
3522 4778 3666 4847 fuerit
3689 4773 3826 4830 Pater;

2297 4874 2365 4931 et,
2384 4876 2435 4917 ut
2456 4866 2642 4927 dicam,
2690 4881 2846 4916 unum
2894 4874 3091 4936 tempus
3136 4866 3231 4921 Dei
3283 4878 3357 4921 est
3397 4871 3562 4922 omnis
3606 4866 3829 4921 wternitas.

2295 4958 2397 5011 imo
2412 4956 2800 5010 innumerabilia
2816 4966 3043 5024 tempora
3057 4967 3196 5025 sunt,
3213 4975 3328 5012 cum
3344 4962 3573 5027 inﬁnitus
3593 4960 3650 5013 sit
3666 4961 3754 5027 ipse
3772 4952 3832 5024 qui

2296 5056 2414 5098 ante
2470 5055 2696 5113 tempora
2739 5062 2886 5099 omne
2943 5054 3141 5115 tempus
3174 5051 3387 5103 excedit.
3416 5049 3539 5118 lSea:
3584 5048 3729 5101 millia
3748 5059 3834 5096 nrr-

2302 5139 2422 5191 dum
2452 5140 2608 5191 nostri
2629 5139 2763 5191 orbis
2784 5140 3059 5209 implentur
3085 5142 3230 5203 anni,
3252 5125 3300 5194 et
3321 5153 3541 5211 quantas
3576 5142 3705 5212 prius
3724 5147 3833 5191 atqr'

2300 5232 2503 5293 nitates,
2542 5243 2731 5298 quanta
2770 5240 3015 5301 tempora,
3065 5245 3281 5301 quantas
3328 5237 3631 5289 saeculorum
3659 5232 3832 5300 origints

2303 5323 2460 5392 fuisse
2476 5323 2831 5376 arbitrandum
2851 5332 2940 5387 est,
2976 5326 3027 5377 in
3054 5327 3232 5395 quibus
3254 5330 3442 5396 angeli,
3480 5329 3683 5394 throni,’
3705 5320 3831 5375 domi-

2304 5416 2553 5479 nationes,
2590 5422 2878 5482 ceeterteque
2904 5417 3112 5470 virtutes
3137 5420 3418 5472 servierunt
3442 5419 3577 5485 Deo,
3616 5426 3658 5471 et
3690 5414 3833 5477 abst/ut

2303 5518 2583 5574 temporum
2598 5506 2785 5561 vicibus
2815 5517 2966 5577 atque
2995 5511 3261 5579 mensuris,
3284 5510 3626 5580 Deojubente,
3652 5503 3831 5561 subslilt‘

2302 5600 2459 5651 runt?
2479 5596 2637 5663 Igitur
2663 5608 2781 5650 ante
2801 5606 3025 5669 tempora
3049 5610 3238 5654 wterna
3282 5611 3446 5665 esset,
3496 5608 3617 5654 ante
3646 5592 3831 5663 ingenlia

2303 5698 2603 5757 temporum
2634 5691 2825 5758 spatia,
2850 5704 2970 5759 quas
2994 5692 3299 5761 priusquam
3346 5697 3573 5746 mundus
3615 5687 3829 5743 condere-

2303 5792 2390 5838 tur
2416 5781 2747 5840 eilluxerant.
2780 5782 2889 5842 Sed
2916 5791 2971 5842 et
2995 5784 3098 5841 hoc
3123 5784 3240 5843 sine
3264 5786 3512 5856 exemplo
3540 5790 3639 5850 est,
3667 5790 3714 5836 et
3735 5790 3832 5846 snt"
