3974 6356
200 328 305 387 481

936 331 1292 390 VARIOBUM
1334 334 1927 396 EXERCITATIONES
1966 340 2031 395 IN
2069 341 2125 398 S.
2168 342 2535 401 AUGUSTlNl
2574 345 2825 403 OPERA.

2186 232 2213 241 κ
2242 236 2246 242 .

3360 355 3467 415 482

197 446 414 515 peditat
437 459 647 515 quoque
676 445 890 500 Ariauis
937 462 1088 501 nov-.e
1129 447 1444 504 aeternitatis
1493 451 1787 518 notionem,
1819 455 1866 513 Α
1895 453 2071 509 nullus
2112 453 2211 510 fuit
2237 456 2288 511 in
2323 457 2453 525 Eva,
2486 470 2577 515 aut
2607 471 2753 517 certe
2784 463 3003 519 minime
3033 466 3381 541 conspicuus,
3411 477 3470 525 et

195 553 360 607 quam
389 539 623 594 tribuere
652 548 870 607 possent
889 538 1040 604 Filio,
1071 540 1274 611 integra
1297 557 1390 597 sua
1419 542 1486 598 de
1521 546 1789 600 creatione

193 630 317 698 ejus
348 631 635 684 sententia.
668 629 829 685 Plura
861 630 962 685 bac
988 630 1055 686 de
1082 648 1139 687 re
1168 649 1272 687 non
1305 633 1500 701 dicam,
1525 635 1627 689 nisi
1663 636 1789 691 Hie-

191 734 479 791 ronymum
538 720 625 775 hic
658 735 763 774 non
815 736 970 777 usum
1023 724 1211 791 peritia
1244 725 1438 793 lingua:
1486 725 1781 795 Hebraicre,

200 827 370 880 quam
392 812 492 867 sibi
522 823 948 881 comparaverat,
979 829 1096 885 qua:
1141 824 1318 870 tamen
1351 825 1494 871 tanta
1538 833 1641 873 non
1688 818 1787 873 fuit

190 914 393 974 quanta
422 908 577 977 vulgo
599 923 629 961 a
663 908 841 963 multis
865 909 1123 980 creditur,
1172 918 1231 964 ut
1285 912 1500 980 copiose
1553 911 1785 965 ostendit

190 996 437 1053 Joannes
472 997 709 1052 Clericus
740 999 790 1052 in
832 998 1229 1067 Qumstionibus
1254 1001 1700 1074 Hieronymianis.

261 1085 396 1157 Cap.
430 1088 515 1143 l9.
550 1089 626 1143 De
644 1089 1117 1146 locutioneswcula
1141 1094 1466 1160 surculorum,
1486 1104 1774 1164 postquam

192 1177 324 1234 duas
352 1179 637 1249 Opiniones
667 1182 945 1250 proposuit
972 1198 1000 1235 a
1038 1199 1165 1238 vera
1196 1184 1311 1253 ejus
1336 1194 1600 1254 potestate
1622 1186 1782 1256 plane

195 1271 416 1338 alienas,
450 1273 704 1342 subjicit:
740 1274 875 1340 Quid
918 1291 1035 1346 ergo
1072 1278 1288 1331 istorum
1328 1278 1541 1332 duorum
1575 1279 1669 1346 sit,
1715 1294 1781 1332 an

202 1374 380 1432 praeter
418 1364 527 1417 haec
561 1366 663 1419 duo
707 1366 906 1437 aliquid
941 1368 1085 1422 aliud
1113 1368 1175 1423 de
1204 1370 1414 1425 saeculis
1459 1371 1778 1426 saeculorum

212 1455 358 1520 possit
400 1455 655 1523 intelligi,
691 1458 1095 1527 profundissima
1121 1462 1335 1531 quwstio
1375 1470 1468 1515 est.
1488 1461 1619 1528 Quis
1648 1477 1778 1517 vero

216 1560 343 1601 nunc
371 1547 583 1615 ignorat
628 1547 729 1603 hoc
758 1564 878 1603 esse
918 1550 1114 1605 idioma
1162 1552 1357 1622 linguae
1388 1553 1664 1608 Hebr-alere
1712 1568 1775 1610 ac

212 1636 527 1703 Chaldaicte,
559 1652 667 1707 quo
684 1640 1015 1709 significatur
1038 1650 1247 1712 tempus
1269 1650 1363 1697 aut
1389 1645 1507 1698 sine
1531 1644 1661 1709 fine,
1686 1654 1779 1699 aut

205 1736 340 1782 certe
366 1729 623 1805 longum?
654 1728 722 1785 Ut
742 1732 882 1785 enim
906 1733 957 1785 in
982 1732 1157 1786 Veteri
1182 1718 1524 1789 Testamento
1549 1735 1775 1805 legimus

195 1824 355 1875 CMT!
379 1802 507 1877 11+)
555 1819 650 1874 dor
674 1820 841 1874 dorim
873 1862 888 1886 ,
930 1822 986 1876 in
1008 1832 1212 1877 (etatem
1250 1835 1492 1890 malum,
1523 1842 1584 1880 ea
1608 1802 1774 1897 quam
1809 1818 1859 1881 Β

196 1910 427 1965 diximus
454 1913 743 1978 sententia,
763 1923 819 1969 ut
852 1916 984 1984 psal.
1009 1932 1102 1983 cu,
1134 1917 1236 1983 25;
1266 1919 1389 1974 lsai.
1415 1907 1486 1988 Ll,
1514 1922 1576 1987 8;
1609 1922 1689 1977 sic
1720 1925 1773 1977 in

191 2017 441 2059 sermone
489 2004 832 2073 Judaeorum,
883 2010 1213 2077 temporibus
1254 2014 1580 2080 apostolicis,
1630 1998 1777 2079 D535

190 2081 358 2185 res;
381 2097 579 2152 lhalam
601 2098 821 2168 halmin,
854 2101 1073 2172 Syriaca
1100 2102 1276 2171 lingua
1303 2104 1686 2175 dicebant,lpro
1711 2122 1778 2162 eo

196 2190 341 2258 quod
380 2200 461 2246 est
498 2193 551 2247 in
580 2207 794 2248 omnem
842 2195 1220 2249 aetemitatem.
1255 2196 1383 2251 lnde
1413 2196 1623 2252 videtur
1659 2208 1773 2253 orta

198 2281 317 2336 haec
346 2282 567 2349 locutio,
599 2284 740 2354 quod
770 2283 839 2340 de
873 2285 961 2339 tali
988 2300 1049 2341 re
1080 2287 1277 2341 saecula
1305 2288 1536 2356 singula,
1564 2289 1643 2343 vel
1668 2291 1778 2345 sin-

189 2373 326 2442 gulae
354 2382 541 2431 aetates
570 2375 753 2431 dicere
785 2392 973 2433 omnes
1005 2380 1214 2448 possint
1241 2379 1475 2435 futuram
1501 2381 1552 2435 in
1581 2384 1775 2440 sarcula

190 2468 494 2532 sequentia.
540 2467 648 2523 Sed
670 2470 1024 2540 undecunque
1044 2480 1161 2525 orta
1192 2471 1283 2537 sit,
1308 2472 1629 2542 signiﬁcatio
1659 2477 1775 2543 ejus

190 2568 451 2627 perpetuo
472 2560 607 2615 Novi
634 2562 965 2618 Testamenti
994 2579 1094 2618 usu
1124 2565 1403 2621 notissima
1432 2576 1536 2632 est,
1567 2582 1632 2621 ex
1663 2584 1772 2639 quo

187 2658 398 2704 constat
422 2654 495 2714 si;
519 2658 675 2710 αἰῶνα
694 2665 748 2710 et
774 2658 846 2716 εἰς
864 2658 1050 2717 αἰῶνας
1074 2659 1374 2712 τῶναίὡνων
1397 2658 1616 2726 perinde
1627 2674 1766 2715 esse.

189 2741 439 2796 Attamen
465 2745 563 2799 hac
576 2761 785 2816 quoque
806 2747 858 2801 in
883 2763 941 2802 re
970 2748 1216 2802 aeswavit
1239 2749 1486 2805 similiter
1507 2751 1768 2824 Hierony-

191 2847 321 2898 mus,
339 2835 398 2887 in
434 2835 605 2905 Epist.
629 2837 695 2891 ad
721 2837 938 2893 Galatas
960 2852 1079 2907 cap.
1110 2856 1158 2893 ν.

253 2924 423 2980 Lisso
450 2942 569 2980 xm.
601 2927 730 2998 Cap.
765 2926 851 2983 12.
902 2929 1187 2998 Postquam
1231 2932 1480 3001 exposuit
1524 2949 1644 3005 qua:
1683 2937 1759 2992 sit

193 3017 350 3085 prima
385 3026 443 3072 et
470 3019 706 3074 secunda
726 3034 899 3085 mors,
924 3020 1039 3076 hac
1070 3022 1230 3078 habet
1257 3041 1269 3076 :
1305 3024 1522 3088 Quando
1545 3043 1665 3098 ergo
1689 3029 1771 3081 di-

198 3112 266 3160 xit
287 3107 423 3162 Deus
450 3111 617 3179 primo
638 3111 924 3167 illihomini
938 3154 954 3180 ,
982 3130 1129 3183 quem
1151 3116 1205 3168 in
1222 3117 1468 3182 paradiso
1491 3121 1768 3174 constitue-

1890 546 1979 614 qui
2007 562 2123 601 eam
2148 547 2200 601 in
2227 549 2473 607 ruborem
2503 554 2631 608 dare
2664 564 2863 624 posset.
2897 557 2971 613 De
2994 560 3232 616 nuditate
3263 562 3466 630 primo-

1890 652 2006 690 rum
2039 650 2317 706 parentum
2356 643 2474 697 vide
2506 659 2625 698 cum
2655 648 2788 701 alios
2814 650 3154 719 interpretes,
3188 662 3297 708 tum
3331 670 3467 725 prae-

1888 728 2073 783 sertim
2098 730 2359 788 Joannem
2387 734 2651 792 Clericum
2683 741 2749 795 ad
2775 739 3027 798 Genesin.

1958 820 2088 891 Cap.
2116 824 2205 880 19.
2239 825 2381 881 Licet
2408 830 2540 882 enim
2560 833 2823 901 justorum
2854 853 2914 888 ac
2942 838 3143 906 piorum
3170 841 3354 896 anima:
3378 842 3466 898 de-

1887 916 2198 985 functorum,
2234 922 2441 989 quodin
2470 925 2643 992 requie
2670 926 2842 981 vivunt
2871 930 3101 984 dubitare
3127 935 3208 1003 [as
3231 951 3332 987 non
3363 937 3462 999 sit,

1886 1022 2042 1077 usque
2076 1010 2202 1063 adeo
2230 1017 2398 1065 tamen
2425 1013 2497 1067 eis
2525 1017 2705 1070 melius
2725 1027 2853 1072 esset
2885 1036 3000 1073 cum
3029 1025 3133 1076 suis
3164 1026 3465 1096 corporibus

1884 1097 2005 1153 bene
2022 1100 2299 1157 valentibus
2321 1105 2504 1171 vivere,
2537 1110 2757 1162 utetiam
2778 1110 2880 1179 illi,
2913 1114 3000 1181 qui
3027 1118 3162 1169 omni
3189 1120 3339 1172 modo
3360 1136 3464 1174 esse

1880 1188 1992 1243 sine
2036 1208 2250 1262 corpore
2294 1194 2636 1251 beatissimum
2670 1201 2978 1269 existimant,
3012 1206 3143 1259 hanc
3178 1209 3462 1277 Opinionem

1881 1296 2029 1336 suam
2052 1288 2301 1340 sententia
2332 1298 2650 1369 repugnante
2682 1295 3026 1369 convincant.]
3058 1298 3153 1353 llic
3180 1300 3247 1353 ad
3288 1300 3464 1356 Plato-

1880 1374 2031 1430 nicos
2055 1378 2299 1449 respicit,
2334 1381 2423 1451 qui
2442 1364 2619 1437 tamen
2645 1399 2704 1439 se
2730 1385 2883 1442 facile
2902 1398 3086 1443 contra
3101 1406 3221 1445 eum
3245 1403 3464 1461 possent

1880 1466 2037 1520 tueri.
2072 1466 2176 1522 Sed
2204 1469 2303 1524 hoc
2341 1470 2429 1526 hic
2458 1487 2564 1527 non
2587 1474 2782 1544 agitur.
2806 1476 3223 1535 Observabimus
3256 1491 3460 1538 tantum

1879 1557 2069 1613 melius
2096 1561 2313 1630 quidem
2339 1578 2461 1620 esse
2484 1566 2679 1622 animis
2708 1569 3081 1627 defunctorum
3113 1574 3307 1629 iterum
3337 1591 3460 1631 cum

1877 1651 2195 1719 corporibus
2224 1656 2471 1712 excitatis
2510 1674 2542 1713 e
2586 1662 2837 1732 sepulcro
2881 1666 3169 1736 conjungi,
3215 1677 3273 1721 ut
3304 1668 3462 1737 plena

1877 1757 1996 1797 cum
2028 1746 2092 1800 iis
2116 1746 2369 1805 felicitate
2396 1750 2662 1823 fruantur,
2678 1757 2931 1825 quoniam
2956 1759 3025 1814 ad
3055 1775 3337 1830 corporum
3374 1781 3461 1819 re-

1885 1841 2272 1898 surrectionem
2318 1860 2435 1900 eam
2482 1847 2661 1903 differt
2692 1849 2999 1921 Scriptura;
3032 1853 3125 1909 sed
3155 1856 3272 1911 sine
3301 1857 3462 1913 dubio

1880 1930 2117 1989 deterius
2137 1936 2215 1990 eis
2228 1946 2389 2001 esset,
2414 1938 2458 1993 si
2482 1939 2569 1995 hic
2591 1941 2643 1995 in
2669 1942 2824 1997 terris
2838 1944 3134 2013 nobiscum,
3154 1965 3461 2019 cumcorpo-

1879 2024 2017 2078 ribus
2034 2029 2138 2080 suis
2160 2027 2282 2082 bene
2294 2030 2601 2097 valentibus,
2616 2033 2881 2090 viverent.
2902 2036 3041 2091 Sunt
3067 2041 3208 2094 enim
3223 2052 3461 2111 exemptt

1879 2117 2130 2172 omnibus
2155 2120 2278 2173 vita:
2294 2122 2547 2189 miseriis,
2566 2132 2620 2178 et
2648 2126 2789 2194 quod
2812 2138 2972 2196 caput
2993 2138 3078 2183 est
3095 2132 3193 2197 rei,
3220 2132 3461 2199 periculo

1878 2206 2155 2262 excidendi
2177 2224 2208 2264 e
2228 2212 2398 2279 gratia
2427 2212 2624 2270 divina.
2662 2214 2767 2270 Sed
2810 2220 2943 2272 satis
2975 2220 3222 2275 intricate
3256 2222 3343 2277 hic
3373 2224 3456 2278 di-

1877 2307 2058 2365 sputat
2082 2301 2412 2371 Augustinus
2427 2315 2615 2359 contra
2638 2307 2975 2377 Platonicos,
2999 2325 3135 2381 quos
3172 2313 3462 2371 defendere

1878 2403 1983 2443 non
2013 2400 2157 2445 esset
2197 2407 2363 2463 usque
2391 2395 2526 2451 adeo
2555 2397 2774 2455 difficile

1950 2481 2113 2537 LIBBO
2146 2500 2253 2540 xlv.
2287 2486 2418 2557 Cap.
2444 2488 2497 2541 5.
2532 2489 2819 2560 Siquidem,
2847 2496 3139 2550 secundum.
3160 2498 3460 2568 ipsos,illa,

1878 2582 1933 2625 ut
1955 2574 2154 2629 locutor
2180 2577 2363 2632 nobilis
2396 2580 2489 2645 ait,
2518 2581 2633 2636 dira
2664 2584 2859 2653 cupido
2894 2602 3056 2657 usque
3078 2590 3206 2643 adeo
3247 2606 3348 2643 non
3389 2598 3461 2645 est

1875 2680 1939 2718 ea:
1960 2682 2194 2737 corpore,
2227 2679 2282 2723 ut
2307 2671 2369 2724 ab
2389 2672 2528 2726 omni
2558 2690 2803 2745 corporea
2826 2687 2964 2747 peste
2993 2690 3265 2751 purgatam
3297 2691 3343 2735 et
3365 2698 3453 2736 ea:-

1876 2764 1959 2809 tra
1982 2773 2131 2811 omne
2166 2776 2350 2831 corpus
2388 2764 2612 2817 animam
2636 2767 2966 2823 constitutam
2992 2770 3157 2839 ipsam
3184 2772 3455 2844 compellat

1873 2862 1982 2901 esse
2016 2849 2070 2902 in
2100 2851 2358 2923 corpore.]
2392 2853 2628 2924 ReSpicit
2658 2857 2723 2911 ad
2753 2858 3032 2929 Virgilium
3074 2874 3230 2920 antea
3264 2865 3453 2921 lauda-

1874 2947 2008 3005 tum,
2041 2942 2321 3012 etquidem
2347 2959 2489 3000 vers.
2512 2945 2637 3018 521,
2669 2948 2762 3003 lib.
2794 2966 2843 3004 vi
2873 2950 3134 3008 IEneidos

2156 3076 2273 3135 Quae
2297 3077 2417 3129 lucis
2442 3082 2634 3132 miseris
2658 3088 2752 3133 tam
2776 3084 2882 3133 dira
2906 3088 3116 3151 cupido?

208 3209 313 3263 rat,
342 3202 394 3254 de
422 3201 536 3256 cibo
580 3204 731 3256 vetito
753 3219 773 3257 :
804 3206 1133 3273 Quacunque
1170 3206 1257 3261 die
1300 3208 1523 3265 ederitis
1562 3227 1630 3267 ex
1661 3229 1726 3267 eo
1750 3257 1764 3279 ,
1801 3197 1848 3261 C
1880 3193 1985 3250 sed
2022 3195 2108 3249 νίκ
2160 3198 2291 3253 mihi
2332 3202 2660 3268 Persuadere
2708 3220 2927 3274 Possum
2966 3205 3246 3280 νίτὲίιίυιη
3278 3217 3453 3271 Vocati

214 3302 360 3346 morte
386 3294 728 3360 moriemini;
760 3311 861 3349 non
908 3304 1111 3350 tantum
1136 3299 1317 3367 prima:
1349 3303 1527 3355 mortis
1571 3315 1769 3374 partem

205 3387 422 3451 priorem,
456 3386 544 3439 ubi
570 3388 741 3440 anima
771 3389 1001 3456 privatur
1022 3389 1149 3455 Deo,
1181 3408 1272 3445 nec
1297 3402 1495 3447 tantum
1523 3398 1771 3463 posterio-

201 3492 305 3539 rem,
330 3478 419 3530 ubi
433 3494 622 3548 corpus
643 3480 872 3547 privatur
890 3482 1100 3549 anima;
1124 3498 1218 3536 nec
1231 3484 1395 3538 solam
1419 3487 1583 3556 ipsam
1608 3497 1767 3543 totam

201 3571 421 3635 primam,
450 3569 535 3622 ubi
557 3571 731 3624 anima
755 3580 804 3625 et
833 3589 863 3625 a
897 3572 1006 3626 Deo
1038 3583 1131 3627 eta
1158 3590 1371 3646 corpore
1392 3586 1633 3648 separata
1663 3597 1760 3651 pu-

203 3662 339 3727 nitur,
368 3664 459 3715 sed
492 3664 741 3733 quidquid
780 3666 957 3719 mortis
977 3676 1069 3734 est,
1104 3684 1265 3737 usque
1290 3668 1357 3722 ad
1387 3671 1717 3725 novissimam
1746 3717 1762 3742 ,

203 3769 297 3819 qua:
316 3755 538 3806 secunda
564 3755 773 3820 dicitur,
790 3773 893 3825 qua
922 3758 1068 3811 nulla
1088 3769 1161 3811 est
1189 3760 1462 3828 posterior,
1486 3763 1765 3817 commina-

206 3843 264 3894 tio
288 3843 375 3896 illa
416 3848 679 3915 complexa
705 3854 797 3901 est.
826 3846 943 3900 Duo
972 3848 1058 3901 bic
1087 3850 1596 3917 animadvertenda;
1630 3853 1766 3908 alte-

207 3949 337 3998 rum,
366 3934 479 3991 brec
506 3951 604 4005 pro
628 3939 856 4008 imperio
883 3940 951 3992 ab
993 3928 1296 4010 Augustino
1326 3942 1466 4007 dici,
1495 3959 1602 3997 non
1636 3960 1762 4013 pro-

205 4025 299 4080 bari
324 4043 337 4090 ;
365 4030 537 4084 nullus
564 4031 730 4095 enim,
761 4032 811 4085 in
836 4032 945 4086 ulla
978 4032 1114 4103 lege,
1160 4044 1336 4089 exstat
1367 4051 1589 4105 usquam
1614 4038 1764 4093 locus

206 4118 278 4171 ubi
304 4130 453 4173 morte
475 4124 607 4175 mori
636 4108 776 4176 aliud
800 4124 1069 4194 signiﬁcet
1085 4141 1240 4195 quam
1256 4127 1574 4196 simpliciter
1596 4131 1762 4194 mori;

201 4222 287 4263 nec
314 4212 545 4265 mortium
565 4224 759 4283 przeter
780 4230 897 4269 eam
917 4232 1018 4284 qua
1034 4231 1228 4287 corpus
1251 4218 1582 4285 dissolvitur,
1615 4223 1661 4275 si
1685 4223 1759 4277 ita

198 4300 328 4370 loqui
344 4304 484 4371 licet,
502 4322 727 4375 quarum
753 4310 994 4363 meminit
1014 4310 1121 4364 ulla
1144 4312 1197 4364 in
1225 4320 1336 4365 toto
1356 4311 1552 4369 Vetere
1576 4314 1762 4369 Testa-

195 4404 360 4451 mento
382 4400 602 4453 mentio.
636 4400 817 4468 Itaque
843 4404 891 4455 si
917 4412 1140 4472 negetur
1167 4404 1455 4474 quidquam
1482 4406 1569 4462 hic
1596 4410 1762 4477 signi-

194 4486 331 4543 ﬁcari
368 4503 565 4558 prater
610 4492 909 4562 simplicem
956 4504 1183 4551 mortem
1226 4511 1321 4550 seu
1350 4497 1757 4555 dissolutionem

1872 3289 2174 3346 Iocularem.
2204 3292 2504 3349 Ludovicus
2531 3296 2694 3352 Vives
2716 3300 2838 3354 alibi
2863 3301 3177 3359 Ciceronem
3199 3308 3280 3361 sic
3302 3308 3369 3363 ab
3390 3325 3455 3365 eo

1871 3382 2204 3437 nominatum
2236 3392 2406 3451 notat,
2436 3388 2577 3457 quod
2602 3404 2707 3443 non
2741 3394 2979 3449 memini.
3018 3394 3309 3468 Utrobique
3329 3403 3454 3456 mal-

1869 3472 1973 3527 lem
2001 3483 2254 3530 auctorem
2285 3494 2440 3545 quam
2476 3481 2757 3536 locutorem
2784 3483 2885 3555 legi

1940 3566 2070 3636 Cap.
2100 3569 2186 3622 17.
2214 3569 2363 3636 Quod
2391 3572 2564 3641 itaque
2582 3576 2830 3631 adversus
2844 3578 3141 3635 damnatam
3161 3585 3315 3655 culpa
3336 3588 3469 3643 ina»

1868 3660 2128 3716 bedientite
2152 3664 2460 3719 voluntatem
2489 3666 2647 3721 libido
2675 3670 3021 3727 inobedienter
3046 3677 3293 3745 movebat,
3314 3697 3453 3735 vere-

1867 3755 2057 3807 cundia
2084 3766 2332 3822 puaenter
2359 3760 2601 3833 tegeaat.]
2628 3762 2743 3817 Jam
2774 3764 2874 3819 hoc
2902 3766 3036 3822 dixit
3062 3769 3159 3825 lib.
3190 3788 3304 3838 xm,
3329 3790 3448 3844 cap.

1866 3847 1955 3912 15,
1984 3847 2075 3901 ubi
2103 3849 2406 3904 monuimus
2448 3852 2515 3906 de
2556 3854 2766 3910 Adamo
2798 3859 2899 3912 hoc
2926 3862 3163 3928 potuisse
3192 3864 3295 3920 dici
3317 3908 3332 3933 ,
3380 3869 3446 3922 de

1864 3937 1973 3992 Eva
2000 3953 2102 3993 non
2146 3941 2292 3996 item.
2336 3941 2619 4008 Nimirum,
2652 3956 2800 4015 putat
2824 3950 3158 4020 Augustinus
3181 3970 3301 4011 cum
3334 3961 3448 4029 ple-

1862 4030 2043 4101 risque
2065 4031 2268 4099 primos
2299 4043 2549 4102 parentes
2589 4036 2690 4091 sibi
2722 4038 2915 4095 fecisse
2961 4043 3166 4114 cingula
3215 4056 3442 4116 tantum,

1863 4134 1969 4174 non
1997 4132 2195 4177 vestes.
2249 4123 2353 4178 Sed
2384 4136 2509 4179 sunt
2538 4127 2605 4180 ab
2636 4129 3017 4201 interpretibus
3046 4139 3266 4207 nuperis
3293 4141 3437 4198 dicta

1862 4211 1915 4265 in
1937 4227 2054 4267 eam
2086 4229 2198 4268 rem
2229 4231 2346 4285 quae
2367 4227 2492 4272 sunt
2519 4222 2770 4276 examine
2797 4223 2977 4294 digna.

1936 4304 2066 4359 Ibid.
2107 4304 2176 4359 Et
2218 4308 2311 4360 hoc
2343 4324 2513 4363 omnes
2542 4321 2734 4380 gentes,
2766 4317 3009 4384 quoniam
3055 4319 3117 4372 ab
3154 4321 3252 4375 illa
3289 4325 3446 4397 stirpe

1861 4407 2139 4465 procreata:
2156 4409 2300 4468 sunt,
2328 4414 2486 4471 usque
2518 4404 2647 4458 adeo
2677 4414 2845 4461 tenent
2874 4410 3081 4466 insitum
3098 4416 3339 4485 pudenda
3362 4438 3446 4474 ve-

1863 4489 2001 4553 lare,
2044 4500 2099 4543 ut
2148 4491 2358 4561 quidam
2404 4494 2605 4548 barbari
2654 4496 2774 4551 illas
2802 4502 3030 4568 corporis
3057 4514 3229 4568 partes
3259 4524 3349 4562 nec
3392 4512 3446 4563 in

190 4584 445 4650 corporis,
480 4601 585 4639 ηοη
617 4587 718 4641 (πίε
745 4587 1037 4642 timendum
1066 4604 1133 4645 ηε
1159 4590 1485 4645 contrarium
1516 4591 1600 4647 vel
1627 4608 1754 4661 pro-
1784 4563 1839 4624 Ῑ)
1865 4581 2054 4636 balneis
2085 4584 2254 4637 nudas
2283 4585 2500 4639 habeant
2518 4627 2534 4653 ,
2563 4589 2654 4641 sed
2684 4605 2799 4642 cum
2826 4607 3001 4645 earum
3034 4600 3331 4663 tegumentis
3371 4602 3446 4654 la—

186 4669 354 4728 babile
375 4676 488 4729 fieri
538 4678 727 4745 possit.
758 4678 999 4733 Alterum
1023 4690 1107 4733 est
1129 4678 1320 4734 falsum
1343 4681 1500 4749 plane
1520 4722 1535 4745 ,
1568 4696 1755 4738 neces-

184 4762 387 4818 sitatem
418 4767 674 4834 peccandi
704 4770 950 4837 cuiquam
979 4784 1009 4822 a
1042 4771 1172 4835 Deo,
1203 4772 1354 4841 quasi
1379 4786 1595 4839 ptenam
1626 4789 1754 4842 pec-

185 4856 304 4919 rati,
340 4858 633 4925 impositam
661 4873 812 4924 esse;
848 4860 988 4915 Deus
1016 4863 1161 4916 enim
1193 4869 1380 4917 auctor
1404 4878 1600 4933 pinna},
1634 4866 1753 4919 sine

182 4945 362 5011 dubio,
388 4960 530 5004 esset
545 4951 734 5005 eadem
752 4966 913 5021 opera
928 4963 1113 5009 auctor
1134 4962 1190 5009 et
1216 4954 1359 5009 ultor
1373 4955 1594 5024 peccati,
1608 4958 1749 5026 quod

180 5040 409 5106 cogitatu
438 5050 494 5097 et
514 5040 658 5096 dictu
688 5042 1013 5098 horrendum
1041 5056 1145 5101 est.

246 5128 378 5201 Cap.
408 5136 497 5188 15.
527 5134 603 5189 De
626 5136 812 5204 primis
840 5137 1175 5207 parentibus.
1199 5154 1333 5209 quos
1360 5141 1614 5197 nuditatis
1642 5156 1753 5199 sure

184 5234 307 5289 post
337 5238 607 5294 peccatum
644 5230 846 5298 pudere
873 5232 1072 5300 coepit:
1107 5233 1389 5288 Senserunt
1420 5251 1538 5306 ergo
1568 5253 1756 5291 novum

188 5324 378 5370 motum
408 5319 761 5374 inobedientiaa
783 5324 952 5376 carnis
977 5340 1082 5378 suae
1101 5366 1115 5390 ,
1156 5335 1399 5394 tanquam
1426 5329 1754 5405 reciprocam

190 5420 385 5470 plenam
405 5411 757 5465 inobedientiw
780 5429 902 5467 sum.
928 5414 1037 5469 Hoc
1065 5416 1116 5468 in
1144 5418 1489 5486 sequentibus
1512 5422 1756 5491 pluribus

192 5501 489 5567 exsequitur
519 5510 574 5555 et
601 5517 745 5572 saepe
775 5504 990 5573 repetit,
1015 5508 1314 5575 praesertim
1346 5509 1440 5564 lib.
1471 5528 1572 5579 xiv,
1616 5516 1759 5572 unde

186 5584 484 5661 intelligere
506 5604 587 5649 est
616 5595 667 5649 id
695 5608 1054 5652 commentum
1080 5615 1187 5654 non
1211 5617 1396 5670 parum
1420 5608 1623 5661 auctori
1648 5610 1759 5676 pla-

200 5685 375 5739 cuisse.
404 5687 655 5741 Attamen
679 5704 747 5742 ne
768 5689 894 5757 quid
923 5690 1067 5746 aliud
1097 5692 1180 5746 hic
1210 5693 1406 5761 dicam,
1437 5710 1543 5750 non
1574 5697 1760 5756 debuit

204 5771 366 5833 dicere
388 5788 671 5847 senserunt,
718 5779 811 5835 sed
852 5783 1004 5837 sensit
1033 5783 1285 5853 Adamus,
1310 5800 1431 5843 nam
1460 5798 1636 5850 motus
1666 5804 1760 5850 aut

1862 4685 1997 4731 vent.
2039 4677 2144 4731 Per
2174 4694 2362 4746 opacas
2389 4695 2588 4748 quoque
2617 4679 2789 4736 India:
2825 4685 3142 4757 solitudines,
3179 4704 3293 4742 cum
3333 4691 3445 4760 qui-

1863 4768 1985 4821 dam
2031 4769 2160 4821 nudi
2210 4770 2660 4841 philosOphentur,
2694 4772 2831 4828 unde
2869 4772 3314 4847 Gymnosophisla’.
3353 4799 3444 4837 no-

1861 4861 2146 4927 minantur,
2174 4862 2415 4916 adhibent
2444 4874 2613 4917 tamen
2643 4867 2948 4937 genitalibus
2989 4872 3231 4940 tegmina,
3262 4874 3443 4943 quibus

1862 4970 1951 5024 per
1966 4964 2150 5007 cetera
2200 4955 2537 5009 membrorum
2583 4956 2803 5030 carent.]
2836 4961 2907 5012 At
2935 4962 3305 5031 navigationes
3343 4982 3443 5020 nu-

1862 5063 2008 5120 perte
2023 5058 2075 5103 et
2096 5064 2194 5119 per
2213 5059 2455 5105 nostrum
2484 5051 2917 5120 hemisphterium
2940 5064 2996 5108 et
3016 5071 3112 5124 per
3130 5051 3439 5128 antipodum

1864 5152 2170 5198 nostrorum
2193 5185 2209 5211 ,
2253 5158 2353 5198 nos
2395 5144 2692 5200 docuerunt
2718 5160 2839 5201 esse
2880 5156 3068 5216 gentes
3096 5148 3151 5203 in
3180 5150 3357 5207 Africa
3388 5162 3441 5210 et

1864 5236 1918 5291 in
1960 5238 2205 5293 America
2233 5237 2392 5306 plane
2420 5238 2625 5304 nudas;
2659 5248 2712 5294 et
2738 5239 2803 5294 ad
2838 5240 3201 5299 Brachmanes
3223 5246 3438 5316 quidem

1863 5328 2003 5397 quod
2045 5329 2257 5396 attinet,
2289 5329 2447 5399 plane
2475 5329 2650 5384 nudos
2668 5344 2763 5385 eos
2786 5345 2908 5386 esse
2935 5333 3132 5389 oculati
3157 5345 3322 5391 testes
3344 5338 3414 5392 do

1863 5430 2005 5486 cent,
2041 5423 2179 5480 inter
2198 5439 2334 5493 quos
2378 5424 2699 5480 Franciscus
2741 5426 3068 5495 Bernerius,
3100 5428 3186 5484 vir
3228 5433 3436 5488 candidl

1862 5515 2060 5584 ingenii
2107 5524 2161 5569 et
2212 5515 2596 5585 philoSOphicis
2648 5517 2841 5572 studiis
2884 5519 3115 5587 exculti,
3146 5527 3234 5591 qui
3262 5523 3351 5578 diu
3382 5524 3434 5580 in

1862 5607 2006 5661 ludia
2029 5607 2176 5662 vixit.
2206 5606 2315 5661 Nec
2336 5616 2464 5676 puto
2487 5607 2616 5661 olim
2648 5609 2815 5678 magis
2828 5610 3052 5666 vestitos
3073 5611 3262 5680 fuisse,
3283 5615 3436 5684 quid-

1863 5701 1987 5769 quid
2014 5700 2156 5754 dicat
2201 5700 2642 5756 mendacissimus
2674 5702 2762 5757 ille
2793 5717 2856 5758 ac
2881 5704 3251 5773 putidissimus
3296 5704 3432 5760 scri-

1860 5804 1983 5862 ptor
2010 5795 2063 5849 in
2092 5808 2188 5849 suo
2220 5794 2523 5864 Apollonio,
2552 5795 2927 5853 Philostratus.
2960 5796 3222 5855 Creterum
3258 5799 3431 5868 pudor
