3974 6356
46 5958 63 6149 ᾗ

238 375 337 433 485
915 368 1270 430 VARIORUM
1306 371 1902 431 EXERCITATIONES
1941 373 2011 431 IN
2049 374 2108 432 S.
2149 373 2520 434 AUGUSTINI
2558 374 2811 436 OPERA.
3402 375 3509 441 188

238 488 543 563 Signiﬁcans
580 489 781 561 majora
804 493 925 543 tunc
959 504 1182 559 corpora
1215 491 1498 559 producere
1525 488 1688 544 solere
1716 490 1809 544 tel-
1836 496 1891 557 Α
1914 492 2026 545 rior
2062 491 2463 562 interpretatio,
2496 508 2612 547 nam
2641 508 2835 549 revera
2863 491 3123 551 Hebraice
3148 500 3292 556 imm
3319 496 3505 552 enosch

239 586 415 640 lurem.
452 586 652 650 Quanto
692 583 853 655 magis
896 584 1057 654 igitur
1100 584 1410 655 temporibus
1448 583 1813 637 recentioribus

239 676 429 741 mundi,
454 686 569 729 ante
592 675 722 729 illud
739 673 905 728 nobile
931 673 1354 745 diffamatumque
1382 674 1632 727 diluvium
1648 668 1813 743 ?etc.]

236 767 367 823 Rem
396 769 561 837 ipsam
586 765 959 836 copiosissime
986 774 1040 821 et
1072 766 1436 821 eruditissime
1473 765 1818 834 pertractavit

236 860 317 912 vir
340 858 578 913 eruditus
618 857 933 913 Theodorus
978 857 1215 930 Ryckius
1264 859 1319 912 in
1367 858 1613 913 oratione
1653 871 1813 927 quam

236 948 465 1017 subjecit
494 950 636 1003 notis
678 948 838 1004 Lucae
879 948 1141 1004 llolstenii
1175 950 1229 1004 in
1256 950 1585 1020 Stephanum
1610 950 1816 1021 Byzan-

239 1039 371 1094 tium
396 1056 412 1107 ;
441 1039 781 1109 ostenditque
811 1040 979 1097 fuisse
1014 1042 1232 1110 quidem
1258 1042 1345 1097 hic
1380 1043 1489 1097 illic
1530 1043 1772 1113 gigantes
1796 1084 1811 1110 ,

227 1147 322 1188 seu
371 1133 671 1204 grandioris
700 1143 917 1189 staturae
966 1134 1247 1203 homines,
1280 1135 1374 1190 sed
1418 1135 1817 1207 antiquioribus

227 1228 565 1294 temporibus
589 1226 833 1283 homines
858 1228 1015 1297 vulgo
1043 1228 1320 1282 hodiernis
1346 1229 1683 1298 proceriores
1706 1242 1812 1282 non

228 1320 409 1377 fuisse.
443 1322 655 1377 Adeant
681 1337 802 1378 eum
829 1322 1077 1387 lectores,
1102 1323 1147 1377 si
1170 1322 1261 1391 qui
1284 1322 1421 1377 hanc
1451 1324 1813 1392 quaestionem

230 1413 530 1482 expendere
584 1414 822 1483 cupiant.
876 1414 995 1468 Duo
1025 1421 1233 1468 tantum
1268 1414 1353 1471 hic
1380 1413 1812 1470 observabimus.

237 1507 379 1561 Prius
400 1508 527 1575 erit,
559 1508 941 1578 Augustinum,
971 1517 1266 1578 antequam
1306 1517 1575 1579 quaereret
1595 1523 1664 1561 an
1695 1507 1814 1561 fue-

231 1602 329 1657 rint
356 1602 625 1671 gigantes,
657 1601 908 1655 debuisse
924 1601 1212 1656 consulere
1241 1601 1461 1657 Graecos
1491 1601 1817 1670 interpretes

231 1693 436 1749 Veteris
466 1693 817 1759 Testamenti,
849 1693 1229 1765 Symmachum
1255 1703 1418 1763 atque
1440 1692 1720 1763 Aquilam;
1749 1707 1815 1747 ex

225 1789 415 1858 quibus
439 1788 790 1844 intellexisset
811 1790 1015 1843 nullam
1031 1803 1156 1844 esse
1179 1788 1265 1843 hic
1288 1788 1605 1844 Hebraicam
1626 1802 1815 1843 vocem

1916 594 1999 640 est
2023 584 2221 651 homo;
2255 584 2349 640 sed
2390 596 2484 645 nm
2512 585 2663 641 cbeth
2704 587 3158 644 resurrectionem
3186 604 3291 643 non
3320 599 3504 656 sonat;

1917 676 2013 731 sed
2037 677 2216 746 potius
2242 678 2491 747 positum,
2514 691 2604 733 aut
2630 681 2927 750 repositum,
2954 699 2986 734 a
3008 692 3126 741 nua
3147 683 3341 753 posuit,
3362 683 3506 753 quod

1916 769 2083 839 liquet
2110 770 2245 825 Gen.
2281 785 2357 836 1v,
2387 770 2477 838 25,
2512 771 2602 826 ubi
2647 773 2977 844 etymologia
3016 776 3252 830 nominis
3279 777 3357 832 sic
3388 785 3502 831 tra-

1915 861 2059 957 ditur
2111 879 2124 916 :
2170 873 2291 924 una
2342 847 2550 928 νητνὸ
2612 872 2707 924 mu
2775 874 2828 925 va
2874 877 2971 927 me
3016 877 3141 930 πεπυ
3182 880 3265 929 nu
3318 879 3506 957 mpm

1915 937 2021 1015 5:171
2063 965 2188 1016 mn
2228 965 2272 1009 et
2311 956 2505 1010 vocavit
2548 973 2735 1013 nomen.
2768 960 2882 1029 ejus
2921 958 3113 1014 Scheth
3141 1002 3154 1026 ,
3187 962 3309 1032 quia
3339 937 3509 1031 posuit

1921 1045 2168 1118 (Schath)
2196 1047 2319 1099 mihi
2342 1046 2485 1101 Deus
2514 1048 2714 1116 prolem
2734 1050 2949 1102 alteram
2980 1049 3091 1103 loco
3126 1049 3312 1106 Hebel.
3351 1050 3506 1119 Quod
3545 1072 3547 1077 ⁴

1918 1139 1999 1196 sic
2025 1150 2405 1211 expresserunt
2456 1141 2601 1196 LXX
2630 1143 2978 1212 interpretes:
3000 1147 3101 1198 Καὶ
3126 1144 3422 1216 ἐπωνόμασε
3455 1144 3511 1199 τὸ

1919 1230 2078 1308 ὄνομα
2116 1238 2267 1290 αὐτοῦ
2298 1236 2388 1296 Σὴθ
2410 1275 2425 1299 ,
2452 1235 2701 1309 λέγουσα,
2738 1237 3034 1301 ἐξανέστησε
3072 1239 3173 1311 γὰρ
3216 1259 3303 1309 μοι
3329 1235 3355 1291 ὁ
3386 1238 3510 1297 Θεὸς

1916 1336 2120 1402 σπέρμα
2139 1327 2313 1402 ἕτερον
2344 1328 2457 1385 ἀντὶ
2475 1322 2647 1381 Ἀϐελ.
2672 1325 2825 1380 Unde
2850 1334 3053 1381 temere
3079 1326 3294 1397 collegit
3321 1336 3509 1382 auctor

1920 1415 2118 1471 Libelli
2154 1416 2441 1471 Nominum
2478 1416 2865 1472 Hebraicorum
2904 1431 3037 1471 voce
3061 1416 3188 1471 Seth
3214 1416 3509 1487 signiﬁcari

1917 1512 2223 1579 ἀνάστασιν,
2252 1525 2371 1565 cum
2397 1508 2537 1564 LXX
2568 1510 2887 1581 interpretes
2911 1524 3127 1563 sensum
3155 1508 3505 1578 potiusquam

1920 1604 2026 1657 vim
2058 1602 2327 1675 propriam
2363 1601 2637 1656 Hebraicee
2664 1601 2813 1655 vocis
2850 1600 3238 1670 expresserim.
3283 1598 3507 1654 Pericu-

1922 1694 2092 1749 losum
2116 1702 2195 1749 est
2221 1694 2338 1748 aliis
2369 1692 2615 1758 credere,
2648 1692 2699 1747 in
2722 1708 2781 1746 re
2806 1708 2963 1762 quam
2991 1690 3140 1746 nullo
3163 1689 3323 1746 modo
3347 1689 3507 1746 intel-

1924 1788 2080 1859 ligas,
2105 1803 2224 1847 cum
2250 1787 2425 1843 nescis
2452 1802 2517 1842 an
2544 1787 2659 1857 ejus
2684 1787 2843 1856 periti
2872 1787 2996 1841 sint.

230 1895 349 1950 quae
372 1880 620 1950 gigantes
643 1879 943 1950 signiﬁcet,
975 1894 1037 1934 ac
1061 1879 1287 1949 proinde
1308 1879 1589 1950 quaestioni
1617 1895 1683 1934 an
1702 1879 1816 1934 fue-
1842 1874 1892 1937 B
1993 1879 2125 1935 Bbid.
2168 1878 2307 1933 Enos
2336 1879 2473 1948 ﬁlius
2501 1883 2613 1949 ejus
2641 1880 3001 1949 interpretatur
3028 1878 3211 1946 homo;
3240 1895 3345 1934 non
3373 1880 3509 1934 sicut

224 1972 329 2025 rint
352 1972 625 2041 gigantes,
642 1971 853 2025 nullum
877 1970 963 2025 hic
990 1971 1169 2025 locum
1188 1985 1328 2026 esse.
1356 1972 1632 2027 Posterius
1657 1986 1810 2041 vero,

226 2063 603 2119 auctoritatem
623 2063 830 2134 Virgilii
854 2104 869 2129 ,
899 2073 1022 2133 post
1051 2062 1346 2118 Homerum
1368 2064 1699 2133 mentientis,
1734 2063 1819 2116 ni-

230 2155 331 2209 mis
352 2155 522 2210 levem
554 2156 721 2210 fuisse
751 2155 896 2224 apud
923 2154 1169 2210 homines
1198 2156 1395 2224 serios,
1422 2171 1584 2228 quam
1613 2167 1674 2211 ut
1697 2157 1815 2211 usui

231 2262 351 2302 esse
374 2262 442 2315 po
455 2256 565 2302 sset
612 2247 679 2303 ad
710 2246 1101 2303 defendendam
1147 2259 1334 2303 contra
1361 2250 1607 2305 ethnicos
1636 2250 1814 2306 Histo-

224 2343 361 2396 riam
392 2357 620 2397 sacram.
658 2342 847 2396 Parata
879 2342 1021 2396 enim
1053 2352 1171 2397 erat
1203 2345 1507 2412 responsio,
1540 2344 1815 2414 Virgilium

228 2447 445 2508 poetam
479 2438 665 2507 fuisse,
688 2439 770 2493 cui
798 2437 999 2507 ﬁngere
1018 2436 1254 2494 licuisset
1281 2479 1297 2503 ,
1332 2439 1455 2494 etin
1479 2438 1579 2494 hac
1601 2440 1815 2510 quidem

224 2547 287 2587 re
316 2547 445 2587 eum
480 2532 806 2586 imitatorem
839 2530 1004 2586 fuisse
1024 2531 1266 2599 Homeri,
1298 2532 1384 2587 cui
1415 2547 1573 2588 nemo
1593 2547 1815 2589 necesse

221 2624 450 2680 haberet
472 2626 708 2680 credere.

298 2716 434 2771 lbid.
479 2715 683 2769 Plinius
727 2717 1013 2781 secundus,
1045 2714 1373 2770 doctissimus
1403 2716 1584 2781 homo,
1627 2726 1815 2788 quanto

221 2809 388 2880 magis
412 2809 676 2879 magisque
713 2807 934 2877 prtrterit
975 2807 1149 2860 saculi
1178 2822 1422 2861 excursus
1460 2808 1663 2861 minora
1698 2824 1815 2862 cor-

222 2918 351 2972 pora
382 2911 623 2955 naturam
654 2901 784 2971 ferre
816 2898 1075 2971 testatur.]
1117 2898 1231 2954 Hoc
1254 2898 1470 2970 quidem
1510 2898 1671 2953 habet
1710 2897 1820 2953 Pli-

227 2998 344 3051 nius
379 2996 565 3050 lib.vn
596 2994 731 3048 Hist.
756 3001 892 3056 nat.,
916 3007 1036 3063 cap.
1070 2993 1156 3047 16.
1182 2986 1290 3048 Sed
1308 2992 1496 3047 falsum
1516 3008 1633 3047 esse
1660 3006 1819 3047 nemo

228 3088 421 3155 nescit,
453 3094 510 3142 et
556 3085 735 3141 multis
766 3083 1006 3138 ostendit
1043 3084 1087 3138 is
1118 3100 1278 3155 quem
1327 3084 1466 3157 dixi,
1501 3083 1818 3139 Theodorus

234 3178 486 3249 Ryekius.

1924 1971 2091 2025 Adam
2125 1970 2193 2041 (ct
2219 1971 2387 2040 ipsum
2419 1970 2553 2023 enim
2582 1985 2763 2024 nomen
2795 1971 3159 2042 interpretatur
3190 1970 3389 2042 homo),
3418 1971 3507 2028 sed

1922 2078 2185 2116 commune
2207 2060 2497 2134 perhibetur
2524 2077 2632 2116 esse
2657 2062 2709 2115 in
2740 2061 2833 2114 illa
2860 2062 3058 2134 lingua,
3090 2063 3146 2116 id
3165 2072 3237 2116 est
3262 2063 3504 2133 Hebraea,

1924 2155 2149 2208 masculo
2178 2161 2225 2206 et
2252 2153 2477 2221 feminae.
2510 2150 2653 2205 Nam
2682 2153 2753 2207 sic
2782 2152 2843 2206 de
2870 2152 2963 2207 illo
2992 2153 3235 2223 scriptum
3264 2164 3377 2208 est:
3400 2156 3511 2210 Ma-

1923 2244 2128 2298 sculum
2156 2252 2209 2296 et
2242 2243 2491 2297 feminam
2522 2243 2646 2298 fecit
2688 2244 2829 2313 illos,
2876 2252 2930 2298 et
2957 2244 3237 2301 benedixit
3265 2246 3406 2313 illos,
3456 2255 3512 2303 et

1923 2334 2317 2406 cognominavit
2339 2350 2535 2389 nomen
2555 2350 2741 2390 eorum
2771 2336 2961 2390 Adam.
2992 2334 3141 2391 Unde
3170 2354 3273 2393 non
3300 2338 3513 2410 ambigi-

1923 2437 2004 2480 tur
2030 2428 2102 2481 sic
2131 2426 2438 2498 appellatam
2471 2427 2629 2497 fuisse
2674 2428 2913 2499 feminam
2961 2425 3145 2494 Euam,
3181 2431 3388 2499 proprio
3418 2446 3513 2485 no-

1924 2519 2078 2584 mine,
2105 2528 2159 2570 ut
2186 2527 2356 2571 tamen
2380 2518 2567 2584 Adam,
2592 2519 2727 2588 quod
2752 2520 3117 2586 interpretatur
3134 2520 3306 2592 homo,
3329 2538 3513 2579 nomen

1922 2622 2049 2664 esset
2079 2609 2386 2681 amborum.]
2420 2612 2586 2664 Recte
2614 2613 2682 2664 de
2721 2610 2938 2667 nomine
2964 2612 3149 2680 Adam,
3184 2614 3281 2669 sed
3319 2629 3512 2686 perpe-

1922 2719 2036 2757 ram
2059 2703 2125 2758 de
2152 2704 2370 2757 nomine
2400 2699 2565 2769 Enos,
2597 2702 2738 2771 quod
2763 2702 3005 2771 pluribus
3045 2704 3428 2775 interpretatur
3457 2706 3513 2763 in

1922 2795 2270 2865 sequentibus
2320 2791 2509 2847 :Enos
2555 2802 2746 2860 autem,
2795 2795 2985 2864 inquit,
3033 2796 3106 2849 sic
3148 2797 3513 2869 interpretatur

1922 2886 2073 2939 homo
2095 2927 2109 2951 ,
2145 2895 2199 2938 ut
2221 2884 2317 2939 hoc
2346 2901 2452 2938 non
2472 2902 2619 2956 posse
2649 2886 2891 2955 feminam
2920 2889 3207 2957 nuncupari
3233 2891 3382 2961 periti
3408 2893 3513 2946 lin-

1922 2995 2035 3053 gua:
2080 2978 2220 3031 illius
2268 2985 2588 3043 asseverent;
2635 2987 2875 3047 tanquam
2920 2979 3063 3047 ﬁlius
3104 2984 3510 3053 resurrectionis,

1923 3070 2008 3123 ubi
2035 3085 2137 3124 non
2163 3069 2372 3137 nubent,
2405 3083 2563 3136 neque
2583 3084 2766 3129 uxores
2787 3069 2994 3124 ducent.
3020 3071 3144 3126 Non
3163 3075 3298 3128 enim
3321 3076 3417 3129 erit
3440 3077 3513 3131 ibi

1922 3167 2201 3237 generatio,
2220 3185 2333 3222 cum
2356 3169 2477 3223 illuc
2501 3170 2793 3240 perduxerit
2815 3172 3156 3242 regeneratio.
3181 3172 3241 3229 Si
3271 3173 3387 3229 haec
3415 3189 3512 3245 pro

304 3272 428 3342 cap,
463 3272 548 3327 15.
592 3273 718 3329 post
744 3274 953 3346 longam
975 3281 1029 3329 ει
1058 3271 1272 3328 anxiam
1288 3271 1734 3342 disparatione"),
1753 3273 1820 3329 de
1845 3260 1894 3324 C
1924 3258 2187 3314 concione
2216 3261 2437 3316 dixisset
2466 3264 2815 3332 Augustinus,
2847 3265 2966 3333 quis
3018 3263 3229 3320 dubitet
3254 3266 3386 3338 quin
3413 3267 3512 3322 ini~

240 3362 542 3419 discrimine
579 3365 943 3436 chronologia:
974 3365 1251 3420 Hebraicac
1279 3373 1334 3418 et
1363 3361 1563 3419 Graecae
1589 3405 1603 3430 ,
1637 3367 1690 3419 in
1723 3380 1821 3419 an-

239 3456 316 3509 nis
339 3456 859 3511 antediluvianorum
892 3456 1344 3527 patriarcharum,
1371 3456 1585 3513 tandem
1618 3459 1696 3511 sic
1732 3472 1821 3512 ra-

242 3549 602 3606 tiocinationes
643 3566 769 3606 suas
792 3553 989 3606 claudit
1030 3550 1391 3622 Augustinus:
1424 3550 1527 3606 Sed
1569 3552 1821 3623 quomodo

251 3640 355 3696 libet
378 3643 509 3696 illud
557 3644 886 3714 accipiatur;
938 3645 1040 3698 sive
1069 3651 1308 3697 credatur
1336 3644 1410 3695 ita
1450 3659 1558 3696 esse
1591 3643 1780 3710 factunt
1804 3684 1819 3709 ,

252 3737 340 3788 sire
366 3753 461 3791 non
491 3738 758 3804 credatur;
788 3739 890 3791 sive
910 3745 1164 3809 postremo
1190 3739 1295 3803 ita,
1338 3737 1442 3790 sive
1471 3751 1573 3789 non
1611 3736 1685 3788 ita
1714 3736 1820 3801 sit;

251 3836 371 3881 recte
407 3830 517 3898 ﬁeri
556 3831 699 3884 nullo
729 3831 881 3884 utodo
920 3832 1289 3899 dubitaverim,
1316 3838 1371 3882 ut
1411 3846 1526 3883 cum
1567 3829 1822 3883 diversum

252 3919 432 3989 aliquid
459 3923 511 3975 in
553 3924 778 3993 utrisque
814 3923 1069 3977 codicibus
1104 3923 1377 3986 invenitur,
1412 3922 1820 3990 quandoquidem

252 4010 315 4060 ad
337 4012 482 4079 ﬁdem
502 4029 671 4066 rerum
696 4022 955 4088 gestarum
984 4022 1256 4081 utrumque
1282 4029 1390 4067 esse
1420 4029 1524 4066 non
1555 4021 1714 4082 potest
1740 4028 1822 4066 ve-

251 4117 378 4167 rum,
406 4104 448 4155 ei
480 4102 668 4175 lingua:
687 4106 855 4177 potius
896 4106 1166 4170 credatur,
1207 4106 1341 4159 unde
1363 4114 1439 4159 est
1464 4106 1518 4158 in
1545 4106 1703 4158 aliam
1731 4121 1821 4175 per

246 4195 531 4269 interpretes
576 4203 715 4269 facta
742 4199 1030 4254 translatio.
1078 4200 1225 4255 Nihil
1254 4199 1456 4265 verius,
1486 4200 1579 4255 sed
1612 4198 1713 4254 hoc
1743 4200 1821 4253 vi-

244 4286 398 4343 detur
421 4290 710 4344 extorsisse
734 4292 1037 4360 Augustino
1057 4291 1199 4361 quod
1231 4290 1456 4345 habetur
1482 4289 1545 4343 in
1570 4290 1821 4345 versione

236 4378 380 4435 LXX
409 4383 755 4452 interpretum
811 4384 879 4438 de
937 4385 1092 4439 annis
1124 4382 1468 4450 Mathusalae,
1523 4397 1719 4454 quem,
1752 4398 1819 4439 ex

234 4486 420 4528 eorum
449 4475 680 4544 calculo,
716 4475 920 4530 diluvio
954 4478 1293 4547 superstitem
1320 4476 1485 4531 fuisse
1511 4483 1813 4544 oporteret,

231 4565 375 4631 quod
403 4564 691 4635 Scriptura:
718 4581 938 4636 prorsus
969 4568 1295 4623 contrarium
1326 4575 1433 4622 est.
1462 4566 1667 4620 Interea
1703 4582 1818 4621 arn-

1926 3352 2149 3408 rabilem
2181 3355 2424 3424 plausum
2456 3355 2524 3410 ab
2552 3358 2735 3426 ignara
2785 3357 3129 3413 Numidarum
3176 3358 3333 3430 plebe
3363 3360 3512 3416 tulis-
3561 3415 3566 3421 .

1924 3448 2037 3500 set?
2068 3446 2177 3502 Nec
2205 3447 2424 3502 dubium
2449 3449 2578 3504 mihi
2610 3458 2692 3503 est
2721 3451 2849 3521 quin
2876 3450 3065 3506 obtusa
3088 3451 3377 3507 Poenorum
3418 3468 3511 3522 pe-

1925 3549 2095 3603 ctora,
2130 3539 2327 3611 aliique
2355 3541 2762 3597 non‘doctiores
2791 3558 3019 3600 acumen
3049 3546 3281 3609 oratoris
3310 3546 3511 3616 Hippo-

1926 3630 2108 3685 nensis
2134 3636 2238 3686 sint
2269 3632 2536 3687 admirati.
2565 3636 2748 3704 Atqui,
2782 3646 2834 3689 ut
2862 3636 3053 3692 falsum
3086 3647 3167 3692 est
3193 3652 3324 3694 voce
3351 3616 3513 3710 Selii,

1924 3731 1982 3777 ut
2004 3723 2113 3793 jam
2157 3721 2407 3787 vidimus,
2456 3726 2873 3780 resurrectionem
2912 3726 3224 3796 signiﬁcari,
3257 3728 3336 3782 sie
3373 3743 3510 3783 voce

1922 3825 2065 3876 mm
2088 3819 2373 3889 signiﬁcari
2399 3829 2602 3876 tantum
2624 3822 2786 3875 virum
2807 3820 2996 3876 falsum
3022 3835 3231 3892 quoque
3253 3828 3355 3888 est,
3374 3836 3509 3891 prae-

1924 3910 2119 3987 sertim
2142 3912 2192 3964 in
2246 3911 2501 3981 singulari
2558 3927 2804 3977 numero,
2863 3911 2953 3966 ubi
3005 3920 3087 3965 est
3113 3912 3258 3981 idem
3280 3927 3344 3966 ac
3390 3923 3509 3973 mu

1924 3998 2092 4053 Adam
2139 4001 2397 4072 Hebrzeis,
2440 4011 2493 4057 et
2540 4001 2742 4058 Graecis
2791 4000 3076 4078 ἅνθρωπος,
3116 4010 3169 4055 et
3197 4009 3508 4056 constanter

1922 4100 2208 4164 utrumque
2236 4111 2423 4150 sexum
2455 4096 2847 4165 complectitur.
2898 4096 2955 4149 In
2981 4093 3174 4164 plurali
3202 4102 3390 4153 auom
3434 4093 3509 4146 vi-

1922 4204 2026 4254 ros,
2058 4202 2153 4242 seu
2178 4186 2385 4264 ἄνδρας,
2417 4205 2562 4260 saepe
2590 4190 2874 4259 signiﬁcat,
2907 4187 3001 4241 sed
3028 4201 3203 4253 neque
3231 4186 3284 4247 id
3312 4199 3508 4257 perpe-

1922 4286 2034 4343 tuo,
2060 4288 2119 4335 ut
2166 4277 2570 4336 Concordautice
2614 4280 2888 4335 Hebraicae
2929 4278 3272 4347 vulgariaque
3313 4276 3509 4331 Lexica

1921 4373 2209 4429 docebunt.
2246 4375 2431 4446 Itaque
2462 4389 2560 4446 pro
2586 4374 2798 4445 plausu,
2840 4371 3031 4443 dignus
3063 4371 3149 4425 hic
3178 4380 3295 4425 erat
3335 4371 3510 4425 bonus

1923 4468 2007 4520 vir
2036 4466 2309 4521 acerrimis
2337 4465 2626 4536 pastoritiae
2657 4464 2850 4519 ﬁstulae
2880 4463 3081 4529 sibilis;
3110 4463 3197 4532 qui
3228 4478 3295 4517 ex
3336 4461 3509 4515 aliena

1922 4556 2026 4609 ﬁde
2055 4556 2122 4610 de
2163 4571 2221 4611 re
2260 4556 2523 4627 ejusmodi
2556 4556 2699 4627 loqui
2730 4570 2837 4609 non
2888 4554 3091 4608 debuit.
3125 4551 3234 4608 Sed
3282 4551 3409 4606 audi
3456 4560 3512 4607 et

246 4653 545 4719 plectamur
566 4656 704 4725 quod
720 4656 873 4711 nobis
900 4657 1009 4723 dat,
1034 4660 1338 4727 gratiasque
1360 4659 1411 4711 ei
1437 4656 1728 4712 habeamus
1749 4656 1819 4712 ob
1845 4643 1900 4705 D
1924 4650 2200 4717 sequentia
2237 4665 2250 4702 :
2282 4647 2454 4711 Quare
2480 4654 2526 4700 et
2551 4648 2646 4702 hoc
2667 4662 2767 4701 non
2790 4646 3045 4698 incassum
3071 4643 3352 4696 notandum
3375 4641 3512 4696 arbi-

226 4745 495 4809 prolatam
526 4748 844 4813 veritatem;
896 4749 1141 4817 quamvis
1170 4749 1293 4802 huic
1339 4747 1665 4803 confessioni
1694 4763 1820 4803 con-

224 4838 514 4895 venienter
540 4855 601 4895 se
624 4841 844 4895 minime
873 4841 1119 4909 gesserit,
1155 4840 1246 4908 qui
1270 4849 1326 4895 ut
1355 4838 1669 4895 Hebraicam
1712 4839 1817 4895 lin-

223 4943 393 4998 guam
435 4931 670 4987 disceret
692 4946 911 5001 operam
941 4947 1048 4987 non
1089 4932 1256 4987 dedit.
1298 4931 1553 5001 Subjicit:
1587 4932 1732 4985 Nam
1763 4931 1819 4985 in

224 5023 535 5089 quibusdam
560 5027 715 5079 etiam
737 5024 993 5080 codicibus
1015 5024 1210 5079 ercis
1230 5025 1389 5079 tribus
1410 5033 1457 5079 et
1477 5041 1578 5078 uno
1604 5023 1812 5094 Latino,

226 5125 279 5167 et
309 5133 411 5171 uno
440 5118 591 5172 etiam
624 5118 792 5189 Syro,
835 5119 967 5172 inter
1008 5133 1061 5171 se
1094 5117 1551 5182 consentientibus,
1585 5116 1818 5170 inventus

226 5217 306 5260 est
351 5208 697 5264 Mathusalem
740 5224 830 5264 sea:
858 5210 1009 5263 annis
1052 5218 1168 5262 ante
1201 5208 1469 5261 Diluvium
1500 5207 1658 5275 fuisse
1698 5224 1821 5260 con-

231 5311 480 5368 sumptus.
524 5300 858 5356 Crediderim
907 5300 1183 5371 Syriacam
1218 5298 1720 5368 interpretationem
1756 5315 1819 5352 ex

236 5389 460 5447 Hebran
479 5395 1006 5463 codice,Hieronymi
1023 5393 1321 5447 versionem
1349 5391 1617 5456 Latinam,
1640 5400 1818 5444 trans-

237 5480 567 5555 lationesque
612 5486 847 5555 Aquilae,
901 5484 1210 5555 Symmachi
1243 5492 1297 5537 et
1327 5482 1711 5537 Theodotionis
1740 5481 1821 5534 in-

250 5574 431 5645 telligi,
454 5592 586 5646 quas
624 5593 731 5632 non
754 5577 948 5631 mirum
982 5590 1102 5630 cum
1138 5573 1399 5628 llebraico
1428 5572 1572 5627 fonte
1595 5586 1822 5626 consen-

252 5663 397 5736 sisse,
419 5668 841 5738 quandoquidem
858 5680 939 5723 ‘ex
965 5682 1030 5722 eo
1052 5676 1207 5722 erant
1234 5666 1512 5719 derivatis.

316 5758 433 5830 Cap.
461 5762 547 5815 17.
591 5760 759 5815 Porro
786 5761 874 5814 ille
914 5759 1042 5814 Seth
1081 5759 1380 5812 resurrectio
1421 5758 1819 5830 interpretatur,

258 5857 299 5902 et
321 5849 445 5907 Enos
467 5854 604 5919 ﬁlius
638 5856 749 5920 ejus
776 5853 1132 5917 interpretatur
1150 5842 1515 5918 homo.]'\lera
1537 5855 1619 5902 est
1636 5856 1816 5916 poste-

1924 4749 2052 4809 tror,
2084 4741 2223 4811 quod
2264 4741 2317 4793 in
2366 4740 2436 4793 eis
2467 4738 2878 4812 generationibus
2908 4752 3021 4808 qua:
3065 4746 3420 4806 propagantur
3449 4752 3512 4790 ea:

1922 4831 2014 4884 illo
2034 4831 2120 4900 qui
2144 4841 2217 4884 est
2239 4831 2524 4901 appellatus
2556 4829 2701 4895 Seth,
2748 4845 2860 4882 cum
2908 4828 3139 4901 genuisse
3174 4827 3310 4897 ﬁlios
3341 4828 3509 4896 ﬁlias-

1922 4940 2019 4993 que
2039 4924 2308 4989 dicantur;
2352 4921 2497 4976 nulla
2522 4922 2591 4975 ibi
2620 4922 2790 4992 genita
2833 4920 3135 4973 nominatim
3183 4918 3374 4987 femina
3420 4934 3513 4973 ea:-

1924 5033 2097 5087 pressa
2124 5025 2233 5082 est;
2262 5017 2315 5069 in
2337 5017 2413 5069 his
2442 5025 2613 5068 autem
2639 5030 2751 5081 qua:
2782 5021 3132 5084 propagantur
3169 5028 3232 5067 ea:
3260 5012 3409 5080 Cain,
3458 5012 3512 5066 in

1923 5110 2037 5177 ipso
2065 5108 2190 5177 ﬁne,
2218 5124 2476 5178 quousque
2496 5108 2889 5179 protenduntur,
2918 5104 3190 5158 novissima
3212 5105 3401 5175 femina
3421 5120 3513 5176 ge-

1927 5202 2034 5254 nita
2065 5202 2374 5254 nominatur.
2404 5199 2537 5255 Cum
2569 5200 2683 5253 [nec
2711 5199 2917 5268 argutia
2949 5197 3148 5253 nitatur
3169 5198 3514 5254 fundamento

1929 5303 2081 5347 antea
2120 5294 2320 5359 diruto,
2350 5293 2416 5348 de
2453 5294 2754 5363 signiﬁcatu
2782 5293 2929 5345 vocis
2957 5290 3124 5357 Enos,
3157 5298 3266 5345 tota
3298 5301 3517 5345 corruat

1932 5401 2151 5441 necesse
2173 5398 2275 5449 est,
2300 5395 2353 5441 et
2385 5387 2696 5458 mySterium
2741 5384 2843 5440 hoc
2890 5383 3156 5439 somnium
3198 5380 3517 5439 Africanum

1930 5480 2206 5534 habeatur.

1997 5572 2126 5639 Cap.
2155 5570 2245 5639 23,
2278 5570 2305 5641 §
2330 5572 2381 5625 5.
2417 5569 2493 5625 De
2522 5570 2642 5625 loco
2664 5569 2860 5625 Genes.
2898 5584 2971 5635 vi,
3000 5570 3057 5637 2,
3086 5568 3312 5623 videntes
3343 5567 3517 5637 angeli

1929 5662 2022 5717 Dei
2051 5663 2186 5731 ﬁlias
2215 5663 2494 5731 hominum,
2527 5671 2631 5718 etc.
2663 5662 2829 5718 Recte
2857 5661 3116 5717 observat
3159 5660 3278 5716 illos
3306 5660 3515 5731 angelos

1928 5752 2022 5807 Dei
2049 5752 2213 5807 fuisse
2246 5752 2514 5820 homines,
2546 5754 2739 5809 deinde
2763 5753 2941 5809 subdit
2987 5770 3001 5807 :
3036 5752 3373 5824 Septuaginta
3402 5752 3513 5822 qui~

1928 5846 2041 5900 dem
2068 5847 2365 5915 interpretes
2396 5856 2443 5901 et
2473 5848 2691 5918 angelos
2734 5847 2831 5904 Dei
2861 5848 3101 5902 dixerunt
3129 5830 3253 5899 istos
3294 5853 3341 5897 et
3371 5844 3510 5899 ﬁlios
