3974 6356
1660 220 1763 232 κο.“’

549 320 653 381 487
1436 312 1993 373 SUPPLEMENTUM
2034 312 2125 369 AD
2164 312 2399 370 OPERA
2439 314 2499 369 S:
2543 312 2933 372 AUGUSTINI.
3667 337 3742 396 ‘83

549 434 667 501 Dei,
696 432 837 503 quod
862 431 1066 503 quidem
1090 444 1192 484 non
1221 413 1392 483 omnes
1416 428 1615 482 codices
1638 427 1865 492 habent;
1894 444 2014 481 nam
2036 427 2143 497 qui-
2167 433 2216 491 Α
2252 428 2573 494 ϐιωεοιιιηι,
2603 437 2654 483 et
2702 428 3013 485 Latinorum
3040 471 3054 496 ,
3109 429 3300 503 quibus
3358 434 3564 497 delenda
3603 442 3745 507 luisset

550 529 669 580 dam
698 526 795 578 nisi
825 524 963 577 ﬁlios
988 522 1081 577 Dei
1108 537 1209 574 non
1230 520 1437 573 habent.
1465 518 1649 588 Aquila
1671 528 1860 584 autem,
2059 520 2141 613 irt-
2244 521 2473 613 maxima
2504 533 2627 613 pars
2654 534 2877 613 operum
2924 537 3167 587 suorum.
3198 529 3598 603 servandumque
3631 547 3745 613 turpe

553 626 824 685 terpretem
852 613 1025 668 Judaei
1055 614 1248 667 steteris
1278 620 1616 682 anteponunt,
1644 627 1745 664 non
1768 611 1983 681 angelos
2007 610 2137 673 Dei,
2241 610 2513 663 silentium
2542 610 2610 665 de
2635 611 2797 666 rebus
2821 611 2890 668 de
2912 613 3105 683 quibus
3127 624 3269 669 tanta
3290 631 3408 673 cum
3436 621 3605 679 ﬁducia
3626 639 3669 683 et
3688 610 3745 688 di.

549 727 641 764 nec
682 709 818 763 ﬁlios
869 708 982 773 Dei,
1032 708 1122 761 sed
1169 705 1306 761 ﬁlios
1347 705 1569 759 deorum
1620 705 1981 773 interpretatus
2020 699 2138 771 est.]
2240 703 2431 757 ctionis
2462 719 2655 774 pompa
2674 706 3186 777 verbaesuperiore
3217 709 3332 765 loco
3359 710 3521 769 facere
3544 719 3746 781 solebam.

551 803 719 856 Erant
763 814 891 871 ergo
942 800 1158 854 codices
1200 798 1291 869 qui
1332 798 1620 863 habebant,
1669 796 1871 872 ἄγγελοι
1899 805 2028 854 οεοῦ
2055 799 2140 851 καὶ
2241 794 2448 861 lnunc,
2482 810 2697 851 morose
2741 798 2933 862 lector,
2972 808 3025 852 et
3053 798 3321 857 admirare
3356 817 3447 856 cur
3472 808 3631 863 merito
3654 817 3752 870 credi

549 896 647 947 υἱοὶ
685 900 837 955 Θεοῦ,
868 900 923 946 et
960 891 1050 961 qui
1080 892 1200 946 sine
1225 890 1389 944 dubio
1419 890 1595 945 vitiosi
1640 900 1814 955 erant,
1834 962 1839 963 γ
1862 904 1984 943 nam
2014 904 2137 944 cum
2242 887 2295 941 id
2323 888 2567 943 dicerent
2595 888 2902 958 huiusmodi
2956 892 3221 958 homines,
3276 894 3415 963 quod
3442 912 3607 952 verum
3631 902 3753 961 videri

548 982 621 1037 sit
649 992 851 1036 tantum
881 982 1071 1046 semel,
1126 981 1179 1035 in
1212 980 1436 1035 Hebraeo
1463 981 1680 1046 codice,
1726 962 1905 1038 D’n’DN
1933 988 2020 1038 νει
2043 979 2140 1054 bne
2241 996 2428 1036 eorum
2458 991 2740 1052 tantopere
2766 982 3044 1063 intererat.
3075 962 3325 1041 Attamen
3357 990 3673 1060 Augustinus,
3694 1002 3757 1067 qui

547 1078 755 1142 elo/nim,
787 1077 1040 1131 alterutra
1070 1084 1278 1129 tantum
1308 1074 1580 1130 locutione
1623 1074 1757 1128 verti
1787 1072 1977 1142 potuit.
2009 1072 2139 1154 Sine
2241 1075 2373 1139 vult,
2404 1074 2447 1127 si
2489 1074 2611 1144 quid
2637 1083 2915 1129 mutarunt
2941 1074 3087 1130 LXX
3130 1077 3466 1148 interpretes,
3509 1086 3760 1152 prophetico

548 1171 709 1225 dubio
733 1170 927 1241 aliquis
955 1184 986 1224 e
1011 1168 1233 1238 regione
1260 1182 1454 1223 vocum
1485 1166 1686 1242 ἄγγελοι
1706 1175 1797 1222 τοῦ
1828 1174 1955 1222 Θεοῦ
2002 1166 2138 1220 scri-
2241 1166 2432 1233 Spiritu
2462 1180 2583 1221 esse
2614 1174 2899 1236 mutatum,
2933 1182 3038 1222 non
3068 1183 3231 1223 ausus
3259 1178 3343 1224 est
3389 1170 3441 1225 id
3466 1172 3699 1231 afﬁrmare
3718 1180 3763 1233 de

548 1270 727 1329 pserat
750 1266 851 1315 υῖοί
879 1267 970 1315 τοῦ
994 1267 1150 1325 Θεοῦ,
1180 1268 1237 1313 ιιι.
1262 1259 1604 1329 signiﬁcaret,
1637 1266 1729 1311 aut
1754 1257 1825 1311 ita
1851 1256 2135 1325 legendum
2240 1258 2397 1313 annis
2440 1258 2965 1314 antediluvianorum
3019 1261 3464 1331 patriarcharum,
3511 1279 3616 1335 cap.
3648 1269 3700 1323 10
3732 1285 3765 1326 et

548 1368 690 1419 esse,
718 1361 810 1406 aut
831 1352 1023 1407 melius
1054 1353 1125 1406 ita
1151 1365 1402 1406 versuros
1427 1351 1587 1404 luisse
1613 1348 1757 1403 LXX
1779 1350 2136 1419 interpretes;
2241 1365 2395 1420 seqq.
2421 1350 2580 1421 hujus
2610 1351 2756 1406 libri.

548 1444 690 1514 quod
730 1457 915 1514 postea
945 1453 1149 1499 temere
1195 1443 1489 1498 iustrusuur
1519 1442 1574 1495 in
1603 1442 1863 1497 orationis
1909 1450 2135 1497 contex-
2313 1443 2442 1513 Cap.
2468 1443 2560 1497 27.
2592 1443 2695 1509 Qui
2721 1445 2847 1499 mihi
2873 1446 3111 1500 videntur
3139 1464 3238 1501 non
3264 1459 3568 1520 computare,
3595 1456 3677 1506 nisi
3698 1467 3767 1509 tre-

550 1546 684 1603 tum,
720 1536 892 1607 qualia
922 1536 1088 1591 multa
1118 1544 1242 1589 sunt
1280 1535 1334 1589 in
1362 1550 1424 1589 ea
1453 1535 1725 1590 versione.
1752 1534 1906 1600 Quod
1934 1536 2009 1589 ait
2036 1550 2137 1588 no-
2242 1544 2389 1587 centa
2420 1534 2590 1587 cubita
2646 1536 2980 1607 longitudinis
3021 1549 3067 1593 et
3109 1540 3399 1594 latitudinis
3435 1544 3766 1616 quinquaginta,

549 1640 659 1684 ster
688 1629 947 1700 quosdam
993 1628 1208 1683 codices
1253 1642 1359 1682 non
1409 1628 1661 1683 habuisse
1693 1628 1794 1682 nisi
1835 1627 1971 1697 ﬁlios
2020 1629 2136 1694 Dei,
2243 1640 2335 1677 nec
2358 1625 2583 1695 cogitare
2606 1626 2751 1678 aliud
2774 1622 2975 1681 tantum
2994 1646 3105 1683 esse
3132 1632 3185 1684 in
3212 1634 3573 1701 superioribus,
3606 1636 3769 1707 itemque

549 1738 735 1778 verum
766 1722 1011 1776 videmus
1058 1736 1180 1775 esse
1222 1735 1289 1775 ex
1330 1719 1705 1790 antiquissimo
1753 1720 1942 1775 codice
1990 1720 2140 1775 Vati-
2242 1718 2386 1769 aliud
2440 1728 2640 1771 tantum
2678 1720 2733 1772 in
2763 1722 3110 1791 superioribus
3150 1725 3490 1794 superiorum,
3532 1744 3586 1780 ac
3612 1746 3685 1796 per
3706 1731 3770 1784 hoc

548 1829 707 1881 cano,
740 1814 792 1867 in
822 1828 927 1883 quo
962 1814 1075 1868 haec
1105 1821 1310 1866 tantum
1342 1812 1502 1867 lectio
1550 1811 1797 1867 habetur.
1827 1811 2047 1877 Verum,
2081 1813 2138 1868 in
2171 1818 2218 1878 Β
2246 1821 2321 1863 ter
2350 1811 2505 1865 ducta
2534 1812 2628 1865 illa
2653 1812 2825 1865 cubita
2854 1816 2968 1882 ﬁeri
3012 1828 3291 1886 nongenta,
3340 1828 3535 1872 centum
3578 1824 3773 1893 quinqua-

548 1909 695 1977 psris
724 1907 1061 1977 antiquitatis
1081 1906 1269 1960 codice
1294 1905 1683 1971 Alexandrino,
1710 1905 1908 1975 legitur
1930 1913 2138 1960 tantum
2246 1901 2435 1972 ginta.]
2470 1901 2524 1956 In
2551 1902 2711 1957 editis
2736 1906 3137 1974 exemplaribus
3162 1907 3435 1963 adduntur
3457 1921 3570 1979 post
3595 1912 3775 1970 latitudi-

548 1996 751 2070 ἄγγελοι
773 2005 899 2055 Θεοῦ
932 2017 944 2051 :
977 1997 1427 2068 quemadmodum
1476 1996 1728 2051 videntur
1764 1996 1960 2066 legisse
1989 1997 2144 2053 multi
2248 1992 2330 2046 nis
2358 1995 2557 2062 cubita,
2590 1996 2800 2067 triginta
2849 1998 3184 2065 altitudinis;
3216 2010 3270 2055 et
3300 2000 3354 2054 in
3392 2005 3720 2072 sequentibus,
3740 2018 3778 2061 ut

548 2091 902 2160 antiquissimi
934 2090 1122 2145 Patres
1146 2090 1316 2145 Graeci
1346 2099 1399 2145 et
1429 2089 1626 2155 Latini,
1676 2092 1766 2159 qui
1798 2091 1922 2145 hinc
1950 2105 2145 2162 magno
2247 2086 2593 2140 consentiant
2621 2089 2916 2155 posteriora
2948 2091 3241 2159 prioribus,
3272 2093 3353 2147 sic
3382 2092 3631 2163 legimus:
3657 2097 3780 2151 cubita

548 2198 813 2239 consensu
843 2184 1177 2253 collegerunt
1205 2183 1425 2252 angelos
1456 2198 1639 2238 amore
1682 2182 1967 2239 mulierum
1999 2200 2148 2240 mor—
2247 2175 2362 2243 ﬁeri
2390 2186 2647 2246 nongenta
2667 2194 2758 2249 per
2783 2180 3013 2250 longum,
3047 2193 3250 2235 centum
3270 2184 3625 2255 quinquaginta
3642 2190 3782 2254 perla-

548 2276 733 2331 talium
773 2285 956 2345 captos
998 2274 1185 2330 fuisse.
1222 2276 1357 2330 Vide
1406 2276 1643 2346 Dionysii
1695 2276 1897 2330 Petavii
1953 2277 2141 2347 Dogm.
2250 2276 2377 2332 tum.
2406 2270 2687 2340 nonaginta
2716 2288 2806 2340 ρετ
2831 2274 3013 2325 ιιιιιιηιο
3042 2274 3114 2327 At
3144 2274 3478 2330 Benedicﬁni
3519 2277 3623 2333 haec
3647 2294 3783 2335 emen-

548 2371 738 2428 Theol.
766 2378 900 2426 tom.
928 2370 1017 2439 Ill,
1048 2378 1104 2425 et
1132 2370 1311 2439 operis
1336 2369 1404 2425 de
1433 2369 1653 2440 Angelis
1679 2370 1776 2425 lib.
1826 2385 1904 2435 ιιι,
1934 2384 2056 2439 cap.
2085 2371 2117 2424 Ξ

2301 2369 2443 2413 trunt
2472 2375 2536 2414 ex
2560 2362 2720 2416 codd.
2751 2378 2909 2429 mss.,
2936 2365 2992 2417 in
3017 2366 3222 2431 quibus,
3271 2368 3541 2438 inquiunt,
3569 2370 3714 2424 cubita
3731 2372 3785 2424 αι.
3868 2394 3870 2405 ι

548 2464 629 2519 Ad
677 2461 926 2532 Aquilam
974 2462 1205 2531 denique
1230 2461 1371 2532 quod
1401 2462 1611 2526 attinet,
1659 2477 1768 2516 non
1814 2463 2008 2517 mirum
2061 2472 2147 2518 es;
2249 2452 2480 2508 titudinis
2511 2456 2693 2508 merita
2724 2456 2869 2510 nulla
2890 2469 3255 2529 memorantur,
3291 2478 3414 2514 nam
3438 2461 3545 2515 Ittec
3568 2463 3629 2514 ad
3645 2480 3786 2533 propo-

548 2570 669 2610 ευηι
702 2554 929 2609 venisse
960 2554 1096 2621 ﬁlio;
1129 2553 1371 2617 Deorum,
1422 2554 1545 2623 quia
1585 2536 1766 2611 D7353
1797 2553 2019 2622 pluralis
2063 2562 2148 2607 est
2248 2545 2404 2599 sitam
2426 2548 2775 2616 difﬁcultatem
2804 2551 3121 2616 solvendam,
3162 2568 3268 2605 non
3315 2569 3377 2607 eo
3416 2556 3564 2607 modo
3588 2556 3689 2609 licet
3718 2573 3787 2626 quo

547 2646 754 2701 numeri
783 2646 837 2700 in
862 2645 1084 2700 ﬂebma
1112 2644 1287 2714 lingua
1303 2661 1319 2710 ;
1349 2653 1535 2699 notum
1560 2653 1645 2699 est
1664 2654 1843 2699 autem
1871 2660 1993 2699 eum
2016 2647 2147 2700 κατὰ
2249 2638 2591 2709 longitudinis
2621 2648 2667 2693 et
2690 2640 2981 2695 latitudinis
3007 2643 3204 2709 cubita,
3236 2644 3381 2699 salva
3407 2644 3673 2716 Scriptura
3696 2648 3786 2714 ﬁde,

546 2738 705 2799 πόδας
733 2737 983 2804 vertisse,
1038 2737 1338 2805 praesertim
1378 2736 1431 2790 in
1484 2751 1546 2791 ea
1578 2738 1849 2802 versione,
1879 2752 1998 2806 quae
2029 2746 2145 2791 erat
2248 2732 2615 2800 multiplicare.
2644 2733 2775 2799 Quae
2825 2736 2987 2789 verba
3017 2737 3146 2806 quid
3178 2737 3283 2792 sibi
3335 2738 3504 2793 velint
3534 2737 3689 2795 lateor
3731 2753 3789 2793 me

548 2832 655 2886 κατ’
687 2832 961 2891 ἀκριϐείαν.
1010 2829 1316 2898 Utrumque,
1349 2828 1531 2883 subdit
1578 2828 1931 2899 Augustinus,
1972 2843 2145 2881 verum
2249 2838 2357 2877 non
2388 2824 2519 2879 satis
2548 2824 2883 2895 intelligere;
2919 2842 3041 2881 nam
3069 2828 3217 2882 nulla
3240 2828 3425 2883 cubita
3448 2830 3568 2884 licet
3587 2829 3789 2899 multipli-

547 2931 655 2987 est;
684 2938 801 2975 nam
828 2932 873 2975 et
898 2921 989 2975 ﬁlii
1012 2920 1106 2975 Dei
1126 2930 1273 2974 erant
1300 2920 1392 2973 sub
1419 2937 1521 2991 quo
1541 2904 1687 2991 patre
1712 2935 1922 2974 suorum
1937 2932 2144 2988 patrum
2252 2928 2401 2978 care,
2426 2930 2489 2969 ex
2522 2916 2813 2985 Scriptura:
2841 2918 2978 2984 ﬁde;
3002 2934 3121 2988 qua:
3142 2933 3243 2973 nos
3269 2920 3433 2975 docet
3460 2919 3789 2991 longitudinem

548 3014 701 3067 etiam
730 3014 915 3081 fratres
946 3022 1111 3078 erant,
1146 3028 1259 3064 cum
1285 3012 1468 3081 quibus
1494 3022 1541 3066 et
1568 3012 1669 3080 ipsi
1700 3012 1781 3065 dei
1806 3019 1971 3074 erant,
1988 3011 2146 3080 juxta
2250 3006 2465 3076 quidem
2496 3022 2635 3063 arcae
2666 3010 2831 3063 fuisse
2858 3009 3121 3064 duntaxat
3173 3022 3561 3078 trecentorum,
3598 3004 3791 3065 latitudi-

548 3104 679 3156 illud
711 3103 897 3173 psalmi
920 3121 938 3158 :
963 3102 1075 3172 Ego
1102 3101 1234 3167 dixi,
1261 3102 1355 3156 Dei
1394 3102 1547 3169 estis,
1571 3113 1667 3155 etc.
1715 3101 1821 3155 Sed
1861 3101 1946 3154 hic
1990 3101 2142 3154 locus
2250 3115 2376 3154 nem
2404 3114 2535 3155 vero
2562 3102 3059 3173 quinquagenorum
3091 3104 3420 3172 cubitorum,
3451 3120 3569 3175 quae
3598 3113 3671 3160 ter
3695 3105 3792 3158 rnul~

549 3194 741 3264 psalmi
768 3193 836 3247 ad
865 3208 1053 3248 omnes
1080 3209 1186 3248 non
1219 3193 1469 3260 pertinet,
1496 3203 1550 3248 et
1578 3193 1729 3248 locus
1756 3191 2033 3248 Geneseos
2064 3192 2146 3246 in-
2171 3202 2219 3263 ο
2252 3193 2494 3262 tiplicare
2524 3210 2631 3248 non
2661 3194 2809 3264 licet,
2845 3206 2901 3249 ut
2930 3196 3054 3250 hinc
3085 3196 3179 3249 ﬁat
3204 3211 3330 3253 arca
3382 3198 3539 3268 longa
3582 3206 3792 3268 nongenta

549 3283 868 3353 telligendus
912 3284 979 3337 de
1026 3292 1135 3337 tota
1188 3286 1439 3353 prosapia
1480 3283 1655 3349 Sethi,
1690 3292 1747 3336 ut
1792 3282 2144 3338 eruditissimi
2252 3286 2453 3351 cubita,
2477 3295 2530 3341 et
2559 3286 2664 3339 lata
2696 3297 2910 3341 centum
2939 3289 3354 3359 quinquaginta,
3405 3305 3529 3344 nam
3561 3290 3655 3344 hoc
3692 3296 3795 3344 esset

550 3378 873 3447 interpretes
893 3376 959 3431 ad
982 3392 1104 3431 eum
1127 3377 1305 3432 locum
1329 3377 1700 3447 ostenderunt.
1726 3374 1969 3430 Tandem
1996 3375 2147 3429 clau-
2251 3378 2409 3447 plane
2435 3379 2764 3433 contrarium
2809 3380 3125 3450 Scriptura.
3159 3384 3298 3450 Quin
3328 3394 3384 3439 et
3411 3384 3515 3454 ipsi
3551 3385 3798 3453 Augustino
3900 3426 3901 3443 ξ

550 3472 626 3525 dit
655 3470 793 3524 hanc
819 3483 971 3524 suam
1001 3470 1463 3524 ratiocinationem
1497 3469 1825 3538 Augustinus
1856 3469 2004 3523 hisce
2022 3482 2148 3523 ver-
2252 3485 2472 3538 prorsus
2500 3470 2818 3526 adversatur
2862 3475 2951 3542 qui
3002 3474 3071 3527 ita
3104 3473 3402 3545 Scriptura:
3431 3477 3596 3532 verba
3636 3475 3799 3531 intelle-
3900 3484 3901 3521 ὲ

554 3564 636 3621 bis
669 3582 683 3617 :
716 3562 900 3618 Merito
927 3564 1061 3617 enim
1090 3564 1365 3617 creduntur
1388 3562 1535 3616 LXX
1561 3564 1863 3633 interpretes
1891 3564 2149 3630 accepisse
2251 3564 2347 3628 xit,
2380 3566 2531 3634 quasi
2563 3565 2697 3620 Gen.
2747 3581 2863 3637 cap.
2902 3585 2975 3636 vr,
3006 3569 3095 3637 15,
3151 3573 3401 3628 tradatur
3448 3588 3689 3629 mensura
3725 3587 3799 3627 non

550 3656 903 3729 propheticum
924 3657 1187 3723 spiritum,
1214 3665 1270 3709 ut
1290 3658 1335 3709 si
1362 3655 1486 3725 quid
1517 3655 1625 3723 ejus
1653 3655 1953 3707 auctoritate
1980 3666 2147 3708 muta-
2251 3656 2419 3709 solius
2446 3671 2606 3722 arcte,
2638 3658 2731 3712 sed
2762 3660 3095 3730 singularum
3123 3665 3623 3722 contabulatiouum
3653 3664 3802 3737 quibus

551 3759 681 3813 rent,
714 3758 861 3819 atque
903 3750 1044 3803 aliter
1082 3765 1234 3818 quam
1264 3757 1374 3801 erat
1402 3750 1538 3815 quod
1564 3748 2032 3817 interpretabantur
2066 3749 2149 3802 di-
2250 3748 2553 3812 constabat,
2582 3748 2653 3803 ita
2677 3760 2733 3804 ut
2758 3752 2984 3821 singulm
3008 3765 3193 3809 essent
3216 3757 3337 3810 latae
3358 3758 3725 3828 quinquaginta
3744 3770 3802 3809 cu-

551 3851 915 3911 cerent,neque
936 3844 1030 3895 hoc
1050 3841 1293 3894 diuinitus
1313 3856 1421 3893 esse
1444 3840 1636 3893 dictum
1656 3840 1994 3896 dubitaretur.
2023 3843 2147 3897 Haec
2251 3839 2381 3907 bita,
2416 3841 2588 3911 longae
2610 3858 2739 3898 vero
2766 3854 3039 3911 trecenta;
3070 3849 3206 3903 adeo
3231 3860 3291 3905 ut
3332 3866 3459 3906 arca
3504 3860 3645 3907 esset
3681 3848 3803 3919 triplo

550 3934 731 4005 opinio
762 3935 930 3989 tribus
978 3934 1315 4003 potissimum
1348 3932 1530 3987 iulcris
1570 3935 1992 3991 sustentabatur.
2025 3934 2146 3990 Pri-
2252 3932 2423 4001 major
2472 3950 2629 4002 quam
2662 3937 2819 4005 vulgo
2858 3938 3197 3995 credebatur.
3251 3943 3609 4013 Perspicuum
3635 3944 3724 3998 hoc
3745 3950 3804 3997 est

552 4044 697 4083 mum
728 4027 827 4082 luit
876 4027 1103 4083 absurda
1154 4025 1331 4080 fabula
1389 4029 1743 4083 comnreutitii
1801 4028 2049 4095 Aristea,
2080 4029 2148 4084 de
2249 4039 2315 4078 ex
2346 4026 2631 4094 Augustini
2662 4029 2863 4086 verbis.
2895 4030 3111 4098 Verum,
3145 4044 3203 4088 ut
3240 4045 3391 4091 recte
3419 4038 3652 4093 calculos
3678 4036 3803 4101 ineat,

551 4122 760 4177 ratione
783 4137 886 4190 qua
910 4121 963 4175 hi
987 4122 1307 4188 interpretes
1328 4120 1493 4175 Vetus
1512 4122 1937 4189 Testamentum,
1961 4139 2149 4193 quam-
2250 4116 2552 4171 deﬁnienda
2585 4134 2797 4188 quoque
2826 4120 2920 4174 fuit
2965 4123 3191 4179 altitudo
3220 4125 3559 4198 singularum
3589 4118 3806 4183 contabu-

551 4213 634 4266 vis
660 4212 867 4267 cellulis
914 4211 1165 4281 sejuncti,
1203 4210 1394 4266 eodem
1435 4214 1592 4280 plane
1640 4215 1805 4268 modo
1834 4225 2106 4271 verterant

2250 4207 2534 4275 lationum,
2585 4211 2799 4279 qualem
2850 4227 2967 4266 eam
3015 4228 3156 4270 arca:
3195 4218 3382 4273 tribuit
3415 4221 3705 4291 Scriptura,
3732 4219 3805 4272 hoc

551 4319 710 4371 quam
741 4304 976 4358 fabulam
1010 4302 1179 4357 irrisit
1205 4304 1333 4357 olim
1366 4304 1746 4376 Hieronymus,
1779 4317 1834 4361 et
1864 4324 2002 4362 nunc
2032 4324 2147 4362 om-
2249 4312 2355 4366 est,
2386 4301 2599 4371 triginta
2636 4305 2971 4373 cubitorum;
3004 4319 3094 4363 aut
3122 4311 3166 4364 si
3216 4312 3607 4383 longitudinem
3638 4325 3687 4369 et
3719 4312 3808 4367 lati-

552 4413 648 4454 rres
674 4397 1007 4453 cordatiores
1036 4396 1285 4451 similiter
1312 4396 1511 4451 rident.
1552 4398 1684 4452 Nam
1714 4400 1804 4468 qui
1836 4400 1994 4455 aliter
2023 4415 2147 4455 sen-
2251 4396 2489 4450 tudinem
2517 4404 2723 4452 tantum
2752 4409 2937 4456 auctas
2962 4402 3115 4470 velis,
3144 4408 3452 4475 negandum
3494 4409 3597 4464 erit
3641 4417 3734 4462 tres
3768 4404 3809 4459 in

554 4492 691 4545 tiunt
733 4499 827 4544 aut
854 4489 1122 4544 Hebraice
1149 4488 1418 4554 nesciunt,
1448 4499 1538 4542 aut
1566 4491 1723 4543 stulta
1757 4492 2049 4560 pertinacia
2074 4494 2143 4547 ira
2248 4502 2373 4542 arca
2399 4487 2565 4543 fuisse
2584 4490 3064 4559 contabulationes,
3090 4508 3277 4551 contra
3326 4499 3534 4555 diserta
3562 4500 3811 4570 Scriptura

552 4584 813 4649 sentiunt,
845 4582 933 4636 vel
954 4581 1155 4635 sentire
1172 4581 1339 4635 videri
1372 4582 1578 4638 volunt.
1598 4584 1839 4639 Alterum
1868 4585 1965 4640 fuit
1993 4586 2143 4656 igno—
2166 4577 2220 4639 Ι)
2249 4584 2430 4645 verba,
2483 4583 2681 4640 Genes.
2737 4601 2853 4655 cap.
2897 4604 2969 4655 vr,
3029 4590 3118 4657 16,
3174 4578 3429 4654 numqu
3478 4605 3623 4654 nam
3654 4602 3810 4653 arma

552 4678 725 4732 rentia
765 4675 959 4744 lingua:
1008 4672 1286 4727 Hebraicis
1328 4673 1635 4730 Judazorum
1682 4677 2059 4732 nonnullorum
2090 4694 2120 4732 e

2331 4691 2476 4745 acim
2510 4722 2525 4747 ,
2588 4687 2860 4757 κατάγαιοι,
2915 4686 3132 4763 διὸροφα
3179 4694 3261 4746 καὶ
3315 4696 3561 4771 τριόροφα
3619 4695 3810 4748 ποιήσεις

552 4767 1004 4829 Christianorum,
1056 4765 1148 4835 qui
1206 4782 1475 4836 nunquam
1525 4784 1642 4824 eam
1690 4772 1988 4828 versionem
2020 4787 2141 4827 cum
2248 4775 2424 4839 αὐτὴν,
2454 4775 2708 4839 deorsum,
2742 4781 3004 4833 cenacula
3032 4790 3078 4833 et
3124 4765 3523 4855 tristega'facies
3560 4786 3612 4838 in
3642 4801 3712 4837 ea.
3742 4782 3811 4836 Sic

554 4859 819 4915 Hebraico
847 4857 1032 4911 codice
1061 4859 1429 4925 contulerant;
1485 4877 1606 4917 nam
1635 4878 1699 4918 ex
1745 4880 1930 4920 eorum
1979 4866 2145 4920 colla-
2249 4864 2445 4919 habent
2469 4866 2726 4921 Hebraeus
2750 4869 2944 4936 codex,
2972 4871 3381 4944 authenticique
3406 4876 3645 4932 Orientis
3669 4884 3718 4930 et
3735 4874 3813 4926 0c-

554 4954 699 5008 tione
725 4948 1207 5018 deprehendissent
1250 4952 1529 5008 manifesta
1558 4966 1799 5024 peccata,
1846 4958 2143 5013 innumeris
2246 4956 2474 5011 cidentis
2518 4959 2855 5028 interpretes.
2906 4962 3090 5033 Igitur,
3120 4965 3163 5019 si
3210 4980 3508 5037 sequamur
3560 4967 3811 5023 lectionem

554 5043 607 5097 in
639 5040 794 5106 locis,
840 5040 1073 5095 admissa
1105 5041 1174 5095 ab
1199 5041 1263 5096 iis
1290 5044 1668 5113 interpretibus
1700 5048 1899 5116 fuisse;
1929 5066 2048 5120 qua:
2073 5065 2139 5106 ex
2250 5051 2740 5119 Benedictinorum,
2773 5055 3256 5129 existimemusque
3297 5060 3367 5115 ab
3412 5062 3707 5132 Augustino
3740 5072 3812 5109 ar-

554 5134 731 5189 minus
778 5142 1028 5223 accurata
1084 5133 1277 5204 lingua:
1344 5136 1623 5194 Hebraicae
1674 5142 1974 5212 cognitione
2024 5155 2140 5199 orta
2245 5158 2361 5197 cam
2384 5145 2629 5199 altiorem
2660 5162 2766 5202 non
2797 5148 3031 5204 describi
3058 5166 3219 5222 quam
3250 5152 3411 5223 vulgo
3440 5154 3697 5220 creditur,
3728 5148 3811 5203 hoc

555 5233 727 5279 erant.
758 5222 995 5278 Tertium
1018 5223 1267 5294 denique,
1300 5229 1615 5297 gravissima
1646 5234 1801 5298 ratio,
1833 5234 1877 5287 si
1908 5235 2141 5303 pruden-
2244 5245 2346 5303 est,
2379 5237 2591 5307 triginta
2614 5239 2936 5310 cubitorum,
2960 5243 3057 5298 sed
3096 5253 3304 5300 tantum
3333 5222 3584 5303 latiorem
3624 5255 3676 5302 et
3709 5244 3809 5298 lon-

556 5314 683 5409 liam
713 5314 979 5409 Cilmalem
1006 5324 1238 5409 εΡεβιθεν
1262 5318 1572 5383 εεάἶηυιιὶυε
1600 5320 1872 5389 ponderis,
1900 5323 1944 5377 si
1977 5324 2140 5379 solius
2243 5330 2480 5397 giorenr;
2527 5331 2899 5389 adversabitur
2949 5337 3127 5393 verbis
3168 5339 3471 5396 manifestis
3519 5339 3804 5409 Scriptum.

555 5407 795 5496 veritatis
823 5409 1084 5463 rationem
1118 5408 1338 5474 habeas,
1372 5411 1643 5475 nimirum,
1694 5414 1856 5481 quod,
1908 5414 2136 5471 admissa
2243 5420 2299 5475 Si
2335 5436 2463 5476 vero
2511 5437 2798 5493 sequamur
2847 5427 3053 5496 priores
3095 5428 3381 5496 editiones,
3432 5433 3487 5487 iu
3536 5447 3599 5489 eo
3632 5407 3808 5485 tantum

556 5494 863 5563 Ηὶει-οηνηιί
882 5497 1157 5597 Opinione.
1180 5498 1248 5552 de
1262 5498 1410 5597 fili-i3
1432 5501 1694 5597 Vfl'slollls
1716 5500 1857 5555 LXX
1880 5502 2138 5572 inlel'pl'e-
2243 5516 2548 5583 peccaverit
2572 5519 2714 5586 quod
2744 5519 2810 5574 de
2842 5494 2948 5576 tota
2978 5536 3099 5577 arca
3131 5523 3330 5580 dictum
3352 5494 3421 5582 de
3450 5527 3670 5597 singulis
3709 5523 3807 5591 ejus

554 5596 666 5642 ίυω
710 5597 765 5644 ει
802 5590 1124 5688 ηεοθεεῖιθφ
1149 5589 1489 5688 ςςξηξιιεῑεθηάί
1515 5592 1580 5645 ad
1626 5592 1944 5649 “ﬁbraicum
1990 5595 2137 5651 COdi-
2240 5607 2765 5664 contabulationibus
2792 5612 3145 5671 intellexerit.
3199 5589 3567 5674 Alterutrum-
3583 5589 3805 5688 eligatur,

553 5689 897 5781 cem-actum
920 5681 1131 5781 erat-de
1157 5680 1331 5747 libris,
1358 5680 1529 5781 deque
1555 5685 1957 5743 existimatione
1978 5687 2135 5744 innu-
2239 5695 2510 5753 latendum
2539 5702 2641 5754 erit
2691 5701 3037 5759 allucinatum
3089 5708 3483 5779 Augustinum;
3533 5712 3624 5767 sed
3653 5680 3806 5781 potius

526 5773 883 5860 ’merabilium
905 5776 1341 5832 concionatorum
1365 5784 1417 5831 et
1443 5776 1791 5847 interpretum
1833 5781 2126 5853 Scriptura:
2239 5790 2496 5861 sequendi
2536 5792 2750 5853 codices
2781 5812 2912 5855 mss.
2957 5773 3258 5858 Voluissem
3302 5773 3611 5873 diligentius
3646 5773 3802 5869 inspe-
