3974 6356
218 306 308 366 N9

906 306 1254 365 VARIORUM
1294 303 1889 362 EXERCITATIONES
1928 303 1995 361 IN
2033 304 2093 363 S.
2132 301 2502 363 AUGUS'i’lNl
2539 305 2787 362 OPERA.

3365 308 3470 365 490

213 434 337 489 ctos,
368 422 422 477 in
452 423 796 493 sequentibus
824 422 915 478 ubi
956 424 1191 479 occurrit
1222 437 1324 477 vox
1375 421 1560 493 epiros,
1611 435 1771 492 quam
1800 421 1855 480 A
1877 419 2203 489 inferioribus
2229 424 2466 493 simplex.
2515 422 2655 478 Nam
2681 427 2783 477 duo
2829 430 2972 477 erant
3001 423 3191 493 capita,
3229 425 3331 478 duo
3379 444 3468 493 pe-

210 518 559 586 relingendam
588 518 638 571 in
663 520 952 594 ἆπιούρους,
976 528 1066 573 aut
1090 518 1312 588 epiuros,
1343 517 1644 587 suspicatus
1665 526 1781 571 erat

208 612 460 681 Coquzeus
489 622 608 683 post
638 613 943 669 Meursium.
981 612 1112 668 Vide
1143 612 1521 668 Benedictinos
1551 612 1602 665 in
1635 612 1780 666 calce

204 705 500 761 voluminis.

270 796 432 851 LIBBO
459 814 565 852 xvn.
602 796 732 868 Cap.
764 796 817 851 '5.
858 798 1007 863 Quod
1036 813 1152 851 vero
1191 796 1384 850 dictant
1424 803 1496 849 est
1540 794 1603 848 de
1643 800 1780 847 terra

197 890 308 956 illa,
337 893 391 944 id
419 902 512 959 est,
530 892 591 946 de
612 901 746 946 terra
769 892 1022 959 Sennaar,
1043 908 1155 962 qua:
1170 888 1448 962 pertinebat
1476 888 1544 942 ad
1566 902 1779 957 regnum

196 982 501 1050 Nembroth,
529 986 689 1039 exisse
715 985 877 1038 Assur
901 990 948 1037 et
979 983 1257 1052 aediﬁcasse
1297 981 1517 1035 Niniven
1544 989 1593 1035 et
1621 980 1776 1045 alias,

194 1090 320 1143 quas
348 1078 625 1144 contexuit,
648 1077 877 1130 ciuitates
907 1077 1056 1146 longe
1094 1083 1267 1141 postea
1299 1077 1491 1142 factum
1513 1081 1609 1135 est,
1641 1068 1778 1140 quod

198 1184 256 1220 ea:
278 1168 371 1221 hac
400 1170 659 1224 occasione
688 1169 1009 1239 perstrinxit,
1040 1176 1245 1239 prepter
1271 1164 1588 1219 nobilitatem
1635 1162 1779 1234 regni

204 1262 543 1332 Assyriorum,
573 1261 705 1334 etc.]
727 1263 860 1317 Vide
879 1278 997 1331 qua:
1024 1260 1122 1315 hac
1149 1260 1215 1315 de
1230 1275 1289 1314 re
1310 1258 1589 1313 adnotavit
1616 1257 1779 1312 Joan-

206 1374 289 1413 nes
334 1359 572 1415 Clericus
628 1360 679 1413 in
711 1359 1040 1428 Philologico
1084 1356 1450 1413 Commentar.
1478 1356 1545 1409 ad
1578 1353 1777 1409 Genes.

212 1470 254 1517 ι,
274 1454 356 1519 ll,
397 1453 515 1508 sine
542 1452 735 1523 quibus
765 1451 851 1507 vix
882 1450 1107 1520 intelligi
1130 1457 1290 1520 queat
1318 1447 1460 1518 quod
1501 1447 1590 1503 hic
1618 1445 1780 1502 habet

219 1547 530 1617 Augustinus.

269 1638 465 1709 lbid.,§
495 1638 552 1693 2.
602 1638 690 1693 Sic
740 1641 874 1691 enim
925 1638 1113 1707 legitur
1158 1651 1177 1689 :
1227 1634 1295 1689 Et
1325 1635 1448 1690 Sem
1504 1641 1662 1688 natus
1694 1638 1779 1686 est

210 1732 347 1787 etiam
377 1730 638 1799 ipsi‘patri
670 1731 908 1785 omnium
934 1730 1163 1783 ﬁliorum
1193 1727 1389 1792 Heber,
1415 1727 1563 1781 fratri
1586 1723 1780 1793 Japhet

1884 524 2043 583 ctora,
2090 528 2259 572 uenter
2288 529 2459 574 autem
2497 538 2625 575 unus
2655 531 2701 573 et
2752 520 2902 588 pedes
2932 521 3054 582 duo,
3080 522 3209 573 sicut
3257 522 3344 573 nni
3375 524 3469 574 ho-

1884 610 2045 676 mini;
2076 621 2122 663 et
2162 621 2266 664 tam
2313 614 2402 666 diu
2446 615 2589 680 i'irit,
2636 626 2687 668 ut
2727 614 2913 668 multos
2943 615 3009 667 ad
3038 631 3151 668 eum
3198 616 3469 668 videndum

1884 700 2025 769 fama
2056 703 2420 776 contraheret.]
2453 705 2598 761 Hanc
2642 706 2921 762 historiam
2952 707 3184 761 debebat
3211 708 3470 776 Augusti-

1883 807 1983 846 nus
2011 793 2355 865 Hieronymo,
2382 798 2472 867 qui
2502 800 2552 853 in
2583 798 2809 868 epistola
2834 799 2900 854 ad
2932 799 3159 855 Vitalem
3193 801 3474 871 presbyte-

1885 900 2025 951 rum,
2072 888 2149 942 sic
2200 889 2482 959 loquitur:
2517 891 2660 947 Num
2704 896 2826 963 quia
2876 905 3049 949 nostra
3086 904 3235 950 aetate
3280 897 3474 965 duplex

1883 977 2081 1048 Lydda:
2110 990 2261 1035 natus
2291 993 2362 1037 est
2391 985 2562 1050 homo,
2596 985 2815 1039 duorum
2847 988 3093 1056 capitum,
3118 998 3336 1059 quatuor
3364 1006 3475 1041 ma-

1882 1087 2061 1139 nuum,
2096 1089 2197 1126 uno
2239 1084 2410 1129 ventre
2438 1086 2485 1130 et
2516 1077 2714 1132 duobus
2742 1078 2977 1147 pedibus,
3025 1096 3196 1134 omnes
3245 1082 3474 1137 homines

1881 1164 1956 1217 ita
1985 1166 2127 1219 nasci
2155 1183 2352 1223 necesse
2380 1172 2490 1224 est?

1954 1253 2084 1325 Cap.
2111 1258 2162 1312 9.
2189 1258 2266 1314 De
2305 1262 2689 1331 antipodibus:
2723 1261 2901 1333 Neque
2947 1265 3040 1319 hoc
3081 1267 3191 1319 ulla
3235 1267 3477 1321 historica

1880 1350 2172 1419 cognitione
2195 1351 2435 1407 didicisse
2457 1370 2511 1407 se
2538 1355 2814 1424 afﬁrmant,
2836 1358 2926 1411 sed
2948 1360 3095 1428 quasi
3119 1361 3477 1416 ratiocinando

1882 1440 2188 1510 conjectant,
2221 1459 2278 1497 eo
2307 1446 2443 1513 quod
2486 1446 2622 1502 intra
2651 1464 2874 1504 convexa
2900 1450 3015 1505 caeli
3053 1460 3188 1506 terra
3228 1470 3480 1523 suspensa

1880 1532 1966 1597 sit,
2000 1534 2331 1604 eamdemque
2358 1537 2526 1591 locum
2572 1541 2794 1595 mundus
2841 1543 3022 1596 habeat
3063 1554 3110 1596 et
3166 1544 3399 1612 inﬁmum
3429 1554 3480 1598 et

1883 1626 2138 1693 medium;
2167 1638 2213 1682 et
2243 1646 2306 1682 ea:
2351 1630 2446 1683 hoc
2487 1633 2769 1701 opinantur
2798 1636 3011 1689 alteram
3062 1645 3213 1691 terrae
3251 1648 3477 1707 partem,

1882 1736 1996 1789 qua:
2024 1723 2162 1793 infra
2187 1733 2280 1789 est,
2307 1725 2616 1782 habitatione
2643 1728 2906 1783 hominum
2951 1746 3122 1784 carere
3152 1749 3254 1785 non
3287 1729 3479 1802 posse.]

207 1826 393 1894 majori.
430 1824 572 1877 Ordo
610 1825 873 1878 verborum
902 1830 973 1876 est
1007 1839 1025 1876 :
1058 1820 1124 1874 Et
1165 1819 1287 1875 Sent
1325 1828 1476 1872 natus
1505 1826 1573 1872 est
1598 1815 1772 1871 [leber
1800 1804 1849 1865 Β
1878 1812 2045 1868 Recte
2071 1814 2452 1872 animadvertit
2475 1819 2632 1875 Joan.
2666 1820 2804 1876 Lud.
2835 1822 3014 1890 Vives,
3039 1839 3145 1878 non
3174 1824 3337 1879 luisse
3363 1839 3479 1879 me-

204 1922 341 1973 etiant
368 1919 483 1990 ipsi,
512 1919 565 1971 id
593 1928 683 1983 est,
718 1918 814 1989 ipsi
849 1918 970 1971 Sem
1012 1928 1161 1968 natus
1201 1924 1272 1969 est
1300 1913 1350 1967 11
1360 1914 1491 1979 eber,
1521 1913 1607 1981 qui
1653 1911 1776 1966 Sem

203 2023 332 2083 pater
356 2022 423 2065 est
454 2014 680 2066 omnium
709 2012 935 2080 ﬁliorum
965 2008 1220 2079 suorum]
1252 2006 1478 2063 Nomina
1509 2005 1624 2061 hcec
1652 2020 1775 2074 pro-

200 2109 309 2179 pria
333 2106 547 2162 minime
568 2106 855 2172 declinata,
886 2118 1034 2157 more
1065 2102 1256 2158 Grreco
1285 2111 1380 2155 aut
1431 2099 1647 2165 Latino,
1675 2099 1775 2152 im-

198 2204 492 2273 pediveruut
522 2202 719 2256 bonum
748 2197 1127 2269 Augustinum.
1158 2195 1341 2264 Itaque
1365 2194 1523 2263 plane
1553 2192 1774 2246 aberra-

199 2296 320 2349 vita
349 2309 501 2348 sensu
530 2293 653 2355 loci,
687 2292 774 2361 qui
800 2289 1088 2346 vertendus
1118 2297 1202 2343 est
1229 2306 1240 2341 :
1278 2287 1431 2343 Semo
1469 2286 1622 2339 etiam
1652 2294 1774 2338 nata

195 2395 265 2439 est
286 2386 459 2456 proles,
482 2386 585 2438 imo
613 2384 837 2437 omnium
862 2383 949 2449 qui
979 2392 1124 2436 trans
1148 2381 1367 2451 ﬂuvium
1394 2380 1606 2449 degunt,
1659 2392 1774 2429 cum

194 2480 344 2546 fratre
372 2476 587 2549 lapheto
614 2486 737 2530 natu
765 2478 980 2545 majore,
1016 2484 1163 2545 pater
1188 2473 1307 2543 fuit.
1341 2471 1475 2526 Vide
1504 2484 1774 2525 memora-

196 2581 297 2626 tum
326 2581 474 2626 antea
498 2574 845 2641 interpretem
878 2570 944 2622 ad
972 2567 1173 2624 Genes.
1202 2583 1256 2631 χ,
1281 2566 1375 2623 21.

258 2664 380 2732 Cap.
412 2664 463 2719 5.
492 2663 553 2719 Si
576 2664 708 2718 enim
724 2664 836 2732 jam
860 2663 1189 2716 descenderat
1211 2660 1397 2734 (Deus,
1427 2658 1562 2715 Gen.
1590 2674 1663 2723 x1,
1688 2658 1766 2728 7),

198 2757 304 2822 quid
323 2756 413 2808 sibi
435 2756 583 2809 vult:
616 2754 805 2809 Venite
845 2765 900 2809 et
944 2754 1335 2809 descendentes
1382 2750 1772 2807 contendamus

201 2848 261 2903 ibi
288 2849 514 2919 linguam
549 2863 771 2913 eorum;
802 2848 939 2917 quod
964 2848 1272 2918 intelligitur
1314 2846 1510 2917 angelis
1555 2844 1766 2910 dictum,

203 2942 283 2993 nisi
303 2941 417 3009 quia
444 2957 534 3011 per
562 2941 771 3011 angelos
802 2939 1161 3004 descendebat,
1206 2939 1296 3008 qui
1324 2938 1518 3007 angelis
1563 2935 1771 2987 descen-

206 3033 408 3086 dentibus
435 3043 544 3087 erat
566 3032 609 3102 ?]
640 3033 787 3086 Hanc
816 3030 1315 3102 interpretationem
1364 3036 1580 3084 secutus
1608 3036 1691 3082 est
1717 3033 1772 3081 et

210 3122 453 3178 illustravit
479 3123 620 3177 idem
655 3122 920 3191 interpres
942 3121 1007 3173 ad
1040 3118 1240 3175 Genes.
1268 3135 1342 3183 χι,
1374 3120 1427 3171 7.

269 3216 400 3280 lbid.,
433 3214 538 3284 ξε.
566 3214 709 3267 Illud
738 3179 860 3268 sane
886 3214 1023 3284 quod
1052 3214 1242 3265 dictum
1270 3179 1342 3266 est
1367 3227 1385 3265 :
1410 3218 1464 3264 et
1499 3225 1605 3264 non
1635 3207 1771 3263 deﬁ-
1796 3179 1844 3243 δ

224 3305 321 3360 cient
342 3323 402 3360 ex
435 3306 540 3360 illis
565 3305 745 3359 omnia
772 3320 893 3374 qua:
918 3304 1094 3358 conati
1144 3302 1341 3357 fuerint
1385 3300 1561 3355 facere
1605 3299 1766 3369 (Gen.

216 3412 264 3463 xi,
286 3396 356 3467 6),
389 3416 491 3451 non
524 3398 720 3451 dictum
761 3407 832 3450 est
870 3397 1247 3463 conﬁrmando,
1278 3393 1369 3447 sed
1395 3403 1637 3462 tanqnaut
1689 3392 1771 3444 in.

211 3495 499 3562 terregando,
532 3494 665 3547 sicut
692 3492 821 3545 solet
852 3507 883 3543 a
913 3488 1341 3544 comminantibus
1370 3486 1518 3559 dici.]
1565 3487 1660 3540 Est
1690 3488 1772 3540 lo-

208 3584 321 3638 cutio
350 3584 612 3653 elliptica,
638 3598 740 3653 qua
772 3581 1035 3651 signiﬁcat
1080 3581 1223 3635 Deus
1267 3580 1503 3634 futurum
1547 3578 1621 3641 id,
1664 3578 1770 3632 nisi

201 3674 295 3744 ipse
330 3675 710 3731 intercederet.
746 3673 880 3727 Vide
905 3676 1224 3741 interpretes
1248 3671 1313 3725 ad
1345 3686 1467 3725 eum
1498 3670 1691 3723 locum.

255 3768 375 3837 Cap.
406 3770 461 3833 8,
496 3767 523 3838 ξ
552 3768 600 3821 1.
652 3766 911 3832 Qumritur
936 3765 1108 3829 etiam,
1140 3772 1315 3816 utrum
1345 3778 1407 3815 ea:
1453 3762 1577 3829 ﬁliis
1627 3759 1767 3830 Noe,

201 3857 262 3911 rel
288 3860 445 3929 potius
472 3875 534 3912 ea:
563 3860 652 3912 illo
684 3874 784 3911 uno
828 3857 1047 3920 homine,
1077 3855 1214 3909 unde
1241 3854 1393 3907 etiam
1437 3853 1535 3920 ipsi
1563 3853 1773 3905 eatstitea

202 3960 322 4018 runt,
344 3961 624 4022 prepagata
652 3967 757 4005 esse
783 3948 1094 4003 credendum
1121 3949 1185 4000 sit
1224 3946 1457 4015 qua'dam
1484 3956 1771 3998 monstrosa

204 4045 435 4099 hominum
460 4060 648 4116 genera
695 4059 810 4113 quin
840 4043 1068 4113 gentium
1109 4049 1285 4093 narrat
1344 4038 1591 4102 historia;
1640 4038 1772 4090 sicut

206 4137 499 4203 perhibentur
522 4137 731 4206 quidam
757 4151 918 4190 unum
948 4134 1134 4187 habere
1174 4133 1377 4186 oculum
1399 4132 1450 4184 in
1480 4134 1645 4200 fronte
1666 4146 1772 4183 me-

204 4230 291 4293 dia,
318 4228 440 4300 etc.]
471 4228 598 4283 Haec
628 4229 807 4283 omnia
839 4227 1018 4297 legere
1047 4225 1172 4279 licet
1199 4223 1340 4293 apud
1373 4223 1599 4277 Plinium
1631 4223 1767 4278 Hist.

196 4318 305 4375 Nat.
333 4321 419 4377 lib.
452 4338 509 4388 ιι,
536 4336 658 4391 cap.
689 4321 744 4387 8,
776 4335 883 4389 quo
912 4318 1218 4387 respexisse
1258 4317 1470 4372 videtur
1518 4318 1771 4387 Augusti-

200 4428 304 4468 nus.
328 4414 477 4485 Jungi
509 4429 629 4469 cum
664 4405 837 4469 Plinio
862 4421 1038 4483 potest
1077 4412 1407 4480 Pomponius
1436 4411 1573 4467 Mela
1604 4411 1697 4465 lib.
1728 4427 1768 4478 ι,

192 4519 304 4575 cap.
329 4508 355 4561 Α
384 4516 437 4562 et
464 4522 645 4577 seqq.,
679 4506 767 4560 ubi
800 4506 992 4561 similia
1020 4504 1322 4569 mendacia,
1356 4505 1448 4558 sed
1483 4504 1770 4573 pudentius

1878 1904 1956 1958 ris
2006 1907 2333 1973 coniecturis
2376 1920 2557 1964 notum
2607 1914 2844 1967 australe
2891 1914 3354 1984 hemisphaerium,
3379 1916 3480 1971 sed

1878 1996 2308 2066 navigationibus
2359 2000 2721 2068 proiectorum
2773 2019 2867 2073 per
2918 2006 3116 2060 fretum
3148 2007 3479 2061 Herculeum

1879 2097 1932 2139 et
1966 2104 2305 2144 reversarum
2340 2107 2437 2161 per
2466 2108 2614 2149 mare
2643 2095 2958 2159 Arabicum,
2987 2098 3128 2167 quod
3149 2098 3258 2167 jam
3283 2115 3310 2151 a
3339 2110 3479 2154 tem-

1876 2179 2102 2248 poribus
2134 2181 2393 2237 Herodoti
2444 2193 2630 2239 notum
2663 2196 2800 2253 erat,
2849 2196 2905 2242 ut
2943 2188 3112 2258 liquet
3156 2204 3223 2244 ex
3275 2191 3370 2244 lib.
3402 2206 3479 2259 tv,

1878 2285 2000 2340 cap.
2032 2273 2120 2327 42.
2156 2274 2292 2329 Vide
2317 2285 2371 2330 et
2397 2274 2628 2333 Plinium
2656 2279 2789 2333 llist.
2824 2280 2946 2335 Nat.
2979 2281 3072 2337 lib.
3100 2298 3159 2347 ιι,
3188 2292 3243 2337 et
3263 2288 3328 2336 ad
3356 2298 3481 2337 eum

1879 2362 2225 2433 interpretes.
2261 2367 2531 2424 Praeterea
2578 2371 2693 2440 ipse
2746 2374 3079 2444 Augustinus
3111 2375 3233 2430 ideo
3272 2385 3483 2433 tantum

1879 2460 2111 2527 negabat
2135 2475 2259 2515 esse
2298 2462 2605 2532 antipodes,
2659 2466 2801 2535 quod
2855 2482 2949 2535 per
2981 2483 3169 2522 zonam
3218 2469 3481 2526 torridam

1878 2549 1996 2604 dari
2028 2552 2309 2607 transitum
2352 2557 2521 2609 nostri
2568 2557 2952 2625 hemisphaerii,
3002 2559 3105 2614 hoc
3132 2568 3215 2614 est
3263 2569 3482 2629 septen-

1881 2642 2147 2710 trionalis,
2181 2644 2491 2702 hominibus
2523 2663 2627 2702 non
2664 2659 2876 2719 putaret
2900 2650 2952 2705 in
2984 2652 3303 2716 australem;
3338 2652 3483 2720 quod

1878 2744 2063 2792 tamen
2091 2738 2284 2793 falsum
2310 2742 2420 2810 jam
2449 2742 2846 2811 deprehensum
2882 2745 3054 2800 luerat
3079 2762 3108 2798 a
3139 2747 3481 2815 superiorum

1878 2832 2206 2887 saeculorum
2236 2835 2581 2905 geographis,
2612 2839 2702 2906 qui
2730 2838 2969 2908 gentium
3017 2849 3165 2894 trans
3210 2841 3477 2909 tropicum

1878 2920 2070 2979 Cancri
2103 2933 2158 2980 et
2186 2925 2361 2995 ipsum
2393 2938 2719 2999 aequatorem
2767 2933 2988 2986 sitarum
3033 2932 3363 2987 mentionem
3397 2932 3483 2986 ie-

1876 3028 2086 3075 cerant.
2116 3020 2233 3087 Quo
2262 3021 2520 3091 admisso,
2547 3024 2691 3078 nulla
2716 3026 2851 3080 ratio
2873 3035 2989 3080 erat
3011 3027 3241 3097 negandi
3272 3027 3339 3081 ad
3371 3043 3481 3082 me~

1879 3114 2071 3169 ridiem
2103 3117 2327 3170 ulterius
2356 3118 2604 3186 progredi
2637 3118 2884 3173 homines
2912 3136 3018 3175 non
3051 3122 3315 3190 potuisse;
3359 3137 3486 3181 cum

1879 3208 2101 3276 quidem
2153 3218 2297 3263 esset
2348 3209 2683 3265 notissimum
2730 3213 3076 3267 astronomia:
3124 3229 3228 3268 non
3264 3228 3483 3283 prorsus

1881 3298 2165 3366 imperitis,
2196 3300 2261 3353 ad
2315 3303 2571 3356 Austrum
2626 3304 2969 3373 pergentibus
3013 3306 3240 3361 alteram
3272 3316 3483 3375 tempe-

1880 3398 2051 3443 ratam
2080 3405 2269 3445 zonam
2298 3407 2584 3450 occurrere
2614 3406 2885 3463 oportere.
2918 3397 3105 3452 Mirum
3135 3398 3376 3467 profecto
3402 3406 3485 3455 est

1879 3483 2147 3553 homines,
2178 3486 2400 3543 minime
2429 3489 2665 3558 alioquin
2696 3489 2953 3557 hebetes,
2991 3491 3093 3547 hoc
3121 3506 3225 3546 non
3260 3492 3484 3549 vidisse.

1880 3578 1987 3633 Sed
2013 3580 2340 3649 Augustinus
2367 3581 2523 3637 nobis
2551 3582 2639 3637 hic
2667 3584 3042 3639 auctoritatem
3072 3585 3365 3655 Scriptum
3391 3585 3484 3640 ob-

1873 3672 1993 3741 jicit
2016 3689 2027 3724 :
2067 3674 2343 3741 Quoniam,
2373 3676 2563 3745 inquit,
2590 3676 2736 3729 nullo
2756 3677 2907 3730 modo
2935 3677 3208 3746 Scriptura
3228 3679 3324 3731 ista
3345 3695 3501 3749 men-_

1879 3767 2024 3833 titur,
2055 3782 2169 3833 qua:
2211 3769 2433 3821 narratis
2459 3770 2733 3839 prreteritis
2762 3770 2887 3837 facit
2916 3771 3093 3837 ﬁdem,
3124 3788 3180 3823 eo
3204 3772 3341 3839 quod
3375 3772 3486 3840 ejus

1876 3861 2126 3929 prtedicta
2157 3862 2509 3931 complentur;
2540 3863 2795 3931 nimisque
2824 3862 3101 3916 absurdum
3128 3872 3201 3918 est
3242 3874 3301 3917 ut
3341 3866 3487 3919 dica-

1880 3960 1963 4003 tur
1989 3950 2189 4020 aliquos
2208 3952 2437 4006 homines
2464 3969 2529 4006 ex
2549 3953 2644 4005 hac
2672 3954 2725 4005 in
2752 3953 2898 4005 illam
2930 3963 3143 4022 partem,
3175 3954 3367 4009 Oceani
3388 3958 3487 4009 im.

1876 4043 2142 4097 mensitate
2170 4044 2406 4113 trajecta,
2451 4044 2691 4115 navigare
2743 4061 2802 4097 ac
2832 4046 3090 4113 pervenire
3136 4047 3380 4116 patuisse,
3428 4054 3486 4101 ut

1878 4137 2031 4190 etiam
2061 4138 2188 4205 illic,
2214 4155 2275 4192 ea:
2304 4154 2404 4192 uno
2424 4138 2517 4192 illo
2538 4139 2703 4209 primo
2728 4138 2931 4192 homine
2955 4156 3114 4210 genus
3134 4142 3485 4197 institueretur

1878 4229 2181 4284 humanum.
2209 4229 2313 4286 Sed
2340 4231 2501 4284 nimis
2528 4230 2822 4285 absurdum
2846 4240 2929 4287 est
2959 4232 3044 4286 hic
3067 4232 3484 4290 immensitatem

1877 4319 2076 4374 Oceani
2107 4335 2563 4386 commemorare;
2613 4322 2865 4391 primum,
2890 4325 3015 4393 quia
3046 4324 3113 4379 de
3152 4340 3216 4380 ea
3261 4327 3483 4383 minime

1877 4413 2179 4481 constabat,
2211 4422 2527 4484 poteratque
2555 4415 2668 4469 ﬁeri
2701 4424 2758 4471 ut
2792 4417 3007 4472 Punicae
3037 4433 3202 4473 naves
3231 4420 3484 4474 secundis

1879 4506 2055 4560 ventis
2083 4520 2150 4561 eo
2173 4505 2367 4562 delatae
2394 4516 2578 4561 essent
2604 4523 2710 4578 quo
2740 4510 2819 4562 ire
2846 4508 3071 4564 nollent.
3109 4511 3184 4564 Ac
3213 4526 3343 4566 sane
3370 4511 3482 4581 jam

192 4610 478 4653 narrantur.
528 4598 617 4653 Sic
668 4612 799 4651 vero
838 4596 1257 4666 disputationem
1305 4610 1457 4649 suam
1513 4594 1579 4649 de
1620 4564 1850 4649 hisceD
1877 4597 2475 4669 nobisconstat,siquae
2492 4600 2648 4655 navis
2680 4600 3012 4669 trigesimum
3029 4564 3512 4672 gradumsepiencl

190 4692 468 4747 mendaciis
497 4689 704 4747 claudit
734 4708 744 4742 :
799 4691 1127 4759 Quapropter
1159 4697 1213 4741 ut
1242 4688 1397 4740 istam
1436 4688 1768 4757 quwstionem

190 4786 479 4848 pedetentim
509 4791 753 4853 cauteque
780 4783 1117 4847 concludam;
1144 4792 1233 4837 aut
1255 4780 1370 4847 illa,
1402 4797 1515 4850 qua:
1538 4780 1681 4843 talia,
1705 4782 1769 4834 de

184 4878 473 4943 quibusdam
504 4877 738 4949 gentibus
767 4877 974 4930 omnino
1020 4874 1169 4929 nulla
1215 4883 1367 4937 sunt;
1402 4882 1491 4926 aut
1536 4875 1580 4927 si
1628 4886 1766 4938 sunt,

186 4966 400 5025 homines
426 4986 528 5024 non
557 4978 712 5036 sunt;
741 4978 828 5022 aut
856 4984 921 5022 ea:
940 4968 1103 5021 Adam
1130 4976 1269 5033 sunt,
1302 4967 1345 5019 si
1374 4966 1599 5019 homines
1627 4977 1767 5021 sunt.

184 5053 373 5116 Verum
403 5072 691 5132 antequam
736 5062 1089 5131 quaestionem
1146 5059 1314 5128 ipsam
1368 5056 1764 5126 ingrederetur,

180 5152 340 5207 trium
382 5154 572 5210 horum
620 5153 852 5224 primum
881 5152 1166 5207 dicendum
1197 5151 1331 5216 fuit;
1366 5151 1640 5215 nimirum,
1674 5164 1771 5204 ne-

174 5252 332 5301 Qesse
357 5264 457 5303 non
490 5262 611 5303 esse
653 5262 839 5302 earum
868 5261 1051 5301 rerum
1083 5245 1344 5299 rationem
1377 5259 1620 5311 quaerere
1645 5257 1768 5312 quae

172 5332 322 5393 forte
344 5358 602 5413 nusquam
634 5350 795 5407 sunt;
823 5355 940 5395 eam
965 5348 1048 5394 sat
1071 5340 1178 5394 cito
1205 5338 1489 5407 quaesitum
1521 5336 1607 5400 iri,
1641 5351 1764 5391 cum

167 5426 271 5482 de
290 5433 421 5489 rebus
448 5442 745 5489 constaret.
780 5433 869 5487 Sic
899 5442 953 5487 et
1002 5432 1183 5485 multm
1224 5428 1589 5500 Symposiacaa
1616 5444 1765 5496 qua:-

162 5519 374 5579 Stioues
415 5524 686 5580 Plutarchi
737 5523 878 5579 eludi
910 5523 1243 5593 potuissent;
1298 5521 1422 5591 quia
1474 5528 1759 5591 antequam

154 5615 275 5670 δεῖ
295 5622 536 5676 rationem
563 5634 952 5691 quaereremus,
985 5619 1052 5673 de
1082 5634 1139 5672 re
1180 5618 1291 5686 ipsa
1319 5624 1569 5672 constare
1594 5630 1759 5687 opor-

146 5697 225 5749 ‘
239 5716 287 5760 et.

266 5801 396 5871 lbid.,
430 5803 671 5873 §2.Ante
697 5819 858 5856 annos
883 5804 1094 5873 aliquot,
1126 5810 1297 5855 nostra
1324 5808 1457 5855 certe
1482 5802 1756 5870 memoria,

216 5913 245 5947 ιι
268 5898 453 5952 Oriente
472 5898 666 5965 duplex
687 5897 836 5950 homo
856 5907 1010 5952 natus
1037 5906 1109 5951 est
1132 5895 1473 5965 superioribus
1496 5896 1755 5967 membris,

370 5994 643 6058 ΡΔτιιοι..
668 5990 945 6077 _XLVII.

120 5870 173 5887 λ

111 5885 169 5923 ξ

1883 4691 2127 4745 trionalis
2158 4690 2457 4746 latitudinis
2497 4693 2831 4758 superaverit
2858 4692 2923 4746 ad
2972 4694 3224 4748 Austrum
3250 4694 3369 4748 vela
3404 4690 3510 4773 fa-;

1881 4784 2147 4851 ciens,vix
2171 4798 2289 4839 eam
2315 4786 2585 4839 abstinere
2608 4799 2767 4853 posse
2789 4786 2915 4854 quin
2940 4784 2994 4839 in
3021 4786 3311 4840 australem
3327 4788 3481 4841 Ame-

1882 4875 2049 4931 ricam
2085 4883 2234 4931 recto
2258 4891 2421 4930 cursu
2452 4877 2674 4942 feratur,
2700 4891 2822 4947 qua:
2843 4877 2920 4930 sic
2944 4875 3100 4932 facile
3129 4886 3332 4931 retecta
3354 4877 3476 4932 fuit.
3502 4876 3509 4947 ξ

1830 4970 1844 4979 ’
1885 4969 2010 5023 Haec
2025 4983 2145 5023 cum
2177 4982 2298 5022 esse
2330 4976 2571 5037 possent,
2598 4983 2699 5023 nec
2730 4969 2796 5022 iis
2817 4968 3087 5023 contraria
3117 4967 3229 5021 ulla
3262 4967 3510 5038 experi-j

1877 5071 2057 5117 menta
2106 5061 2510 5131 obiicerentur,
2558 5077 2665 5117 non
2713 5062 3021 5117 debuerunt
3046 5061 3200 5130 quasi
3247 5061 3479 5117 absurda

1874 5153 2050 5223 rejici.
2074 5153 2279 5209 Deinde
2300 5154 2521 5209 minime
2542 5168 2678 5223 opus
2701 5152 2798 5208 fuit
2819 5153 3069 5223 trajicere
3099 5152 3393 5219 Oceanum,
3419 5162 3479 5209 ut

1875 5246 1931 5297 in
1961 5244 2349 5299 antichthonum
2390 5244 2828 5314 hemisphaerium
2864 5244 3057 5309 iretur,
3090 5259 3212 5299 nam
3246 5237 3477 5313 pedibus'

1877 5355 1944 5395 eo
1974 5340 2259 5409 pervenire
2286 5348 2578 5409 potuerunt
2601 5339 2714 5394 Atri
2741 5381 2758 5407 ,
2792 5346 2847 5394 et
2878 5353 3063 5392 revera
3090 5345 3471 5407 pervenerunt.

1875 5431 2015 5499 Quin
2046 5442 2100 5487 et
2130 5432 2352 5502 legendo
2396 5431 2588 5486 Alricae
2618 5446 2768 5487 oram
2798 5446 2865 5487 eo
2915 5432 3139 5487 navibus
3184 5432 3263 5488 ire
3303 5432 3474 5487 licuit.

1872 5524 2066 5580 Hanno
2115 5525 2313 5579 Poenus
2360 5532 2671 5579 narraverat
2709 5540 2770 5578 se
2799 5539 2909 5579 non
2945 5506 3183 5595 potuisse
3216 5527 3475 5595 navigare
3562 5536 3567 5541 ‘

1871 5617 2014 5671 ultra
2043 5616 2360 5683 Hesperium
2393 5616 2848 5686 promontorium,
2874 5617 3015 5684 quod
3037 5628 3118 5671 est
3150 5618 3290 5671 idem
3319 5616 3473 5682 illud,

1869 5709 2017 5779 quod
2048 5707 2226 5761 Viride
2253 5724 2396 5763 nunc
2419 5717 2661 5776 vocatur,
2689 5724 2800 5764 non
2830 5709 3113 5778 navigandi
3136 5707 3473 5770 difﬁcultate,

1871 5803 1970 5859 sed
1994 5811 2197 5858 tantum
2221 5816 2446 5857 annonae
2466 5804 2689 5873 penuria
2714 5820 2730 5859 :
2755 5806 2827 5857 Οὐ
2848 5806 2947 5877 γὰρ
2968 5802 3062 5867 ἔασι,
3082 5799 3274 5869 inquit,
3296 5799 3476 5852 ἐπλεύ-

1870 5917 2033 5967 σαμεν
2066 5897 2383 5973 πρθσωτέρω,
2414 5908 2513 5955 τῶν
2544 5902 2696 5953 σίτων
2722 5901 2858 5959 ἡμᾶς
2888 5894 3220 5951 ἐπιλιπόντων
3246 5908 3259 5944 :
3295 5888 3474 5959 Neque

2236 6010 2248 6043 ἐ
2994 5981 3068 6046 16
