3974 6356
479 439 577 494 491

1351 432 1905 490 SUPPLEMENTUM
1945 435 2034 489 AD
2072 432 2303 491 OPERA
2343 437 2401 493 S.
2443 436 2833 493 AUGUSTINI.

3622 439 3728 494 492

476 556 612 610 enim
633 548 972 620 navigavimus
994 547 1227 614 ulterius,
1249 550 1383 617 quod
1406 566 1497 603 nos
1518 551 1707 603 cibaria
1728 549 2045 621 defecissent.
2073 554 2129 613 Α
2152 566 2291 607 meo.
2328 553 2513 607 Omnes
2555 554 2741 621 quippe
2770 559 2943 604 unctos
2990 552 3101 621 ejus
3129 551 3399 605 chrismate
3428 561 3559 607 recte
3602 554 3737 608 chri-

477 642 657 713 Itaque
700 640 989 695 auctoritas
1035 638 1324 708 Scriptura:
1356 640 1459 695 huc
1489 640 1621 695 nihil
1652 642 1903 707 faciebat,
1933 658 2051 711 quze

476 751 583 790 non
605 736 759 789 docet
800 732 973 787 solum
1013 732 1227 787 boreale
1260 732 1685 803 ltemiSpharium
1733 735 1909 799 incoli,
1956 735 2052 790 sed

476 812 680 881 tantum
712 825 764 879 in
792 839 855 880 eo
885 823 1087 892 primos
1112 824 1356 879 homines
1385 834 1633 891 creatos;
1664 826 1805 881 unde
1834 839 1940 880 non
1966 841 2051 880 se-

474 918 657 988 quitur
684 930 791 971 non
818 917 1055 985 potuisse
1081 930 1173 970 eos
1202 918 1251 969 in
1287 917 1586 985 Oppositum
1619 917 2050 986 hemisphaarium

472 1024 532 1064 se
561 1007 826 1062 conferre.
855 1006 874 1060 l
899 1021 1039 1060 nunc
1060 1015 1114 1061 et
1138 1006 1296 1061 crede
1324 1007 1525 1061 homini
1547 1006 1614 1061 de
1634 1006 1727 1063 Dei
1758 1007 2048 1073 voluntate,

476 1100 649 1170 deque
676 1097 875 1153 mundo
892 1098 1073 1153 futuro
1095 1106 1201 1152 tam
1223 1098 1386 1152 multa
1410 1113 1477 1153 ex
1502 1098 1743 1153 obscuris
1763 1097 2051 1167 Scriptum

383 1220 391 1262 ς
471 1193 603 1247 locis
628 1192 921 1262 colligenti,
954 1192 1044 1262 qui
1072 1206 1139 1246 ne
1173 1191 1242 1245 de
1268 1201 1406 1245 terra
1431 1191 1683 1261 quidem,
1714 1206 1871 1259 quam
1906 1190 2054 1261 pedi-

474 1286 574 1341 bus
599 1286 858 1350 calcabat,
889 1294 1037 1339 recte
1064 1283 1391 1348 ratiocinari,
1420 1292 1511 1337 aut
1536 1292 1680 1339 recte
1702 1284 2053 1338 sentientibus

472 1379 718 1433 assentiri
750 1376 939 1446 potuit.
988 1375 1147 1445 Atqui
1176 1376 1342 1430 multo
1372 1374 1693 1429 mirabiliora
1739 1382 1896 1428 erunt
1934 1389 2052 1443 quae

472 1468 582 1522 illic
612 1466 932 1531 videbimus,
959 1480 1117 1534 quam
1146 1480 1263 1534 qua:
1287 1466 1338 1519 in
1366 1465 1533 1519 altero
1555 1464 1657 1519 hoc
1681 1464 1813 1519 orbe
1838 1478 1867 1518 a
1895 1478 2053 1533 proa-

471 1559 553 1612 vis
579 1558 776 1612 nostris
801 1566 1015 1610 inventa
1036 1564 1179 1610 sunt.
1210 1557 1284 1610 De
1313 1554 1413 1609 hoc
1440 1554 1632 1610 merito
1656 1553 1876 1621 dixeris,
1909 1553 2052 1624 quod

470 1649 539 1705 de
572 1650 797 1705 Thalete
840 1663 1108 1704 nonnemo
1149 1648 1280 1702 dixit
1309 1666 1321 1699 :
1357 1648 1505 1714 Quod
1531 1657 1646 1702 ante
1672 1648 1826 1719 pedes
1854 1664 1954 1703 non
1979 1648 2053 1703 oi-

471 1742 574 1806 det,
603 1741 714 1795 caeli
742 1748 995 1794 scrutatur
1022 1740 1235 1809 plagas!

539 1835 672 1903 Cap.
701 1832 788 1886 11.
822 1832 969 1887 Sicut
996 1832 1174 1901 lingua
1218 1847 1321 1883 una
1350 1846 1462 1884 cum
1504 1841 1629 1885 esset
1658 1832 1883 1886 omnium
1906 1871 1921 1895 ,
1949 1847 2050 1885 non

2154 651 2255 696 stos
2284 658 2547 713 possumus
2576 644 2782 708 dicere;
2815 643 2951 712 quod
2982 651 3148 694 tamen
3180 653 3358 708 totum,
3390 658 3507 695 cum
3533 653 3624 696 suo
3649 660 3742 697 ca-

2155 738 2277 805 pite,
2336 754 2519 805 corpus
2575 752 2706 789 unus
2754 745 2827 788 est
2870 733 3163 806 Christus.]
3208 734 3314 788 Sed
3358 736 3445 788 ubi
3502 734 3740 789 Ecclesia

2155 829 2350 884 dicitur
2374 829 2607 883 Christus
2646 826 2877 883 Christi?
2908 826 3005 883 Ubi
3051 828 3270 880 christus
3298 835 3520 881 vocatur
3574 828 3741 893 ullus,

2155 930 2350 991 prmter
2375 934 2552 989 regem
2579 929 2668 973 aut
2693 918 3067 973 sacerdotem?
3092 918 3418 986 Scripturam
3442 932 3539 971 nos
3568 920 3739 971 inter-'-

2156 1011 2354 1081 pretari
2385 1018 2615 1079 oportet,
2642 1024 2747 1063 non
2774 1025 2840 1064 ex
2880 1009 3019 1079 stylo
3045 1009 3274 1078 quodam
3304 1008 3556 1079 possibili,
3584 1018 3642 1062 ut
3668 1010 3744 1062 ita

2150 1104 2362 1172 loquar,
2399 1118 2554 1172 quem
2588 1102 2685 1171 ipsi
2724 1101 3210 1167 comminiscamur,
3241 1100 3334 1155 sed
3361 1116 3425 1154 ex
3460 1100 3598 1169 stylo
3624 1100 3743 1168 ipso

2155 1210 2255 1248 usu
2282 1203 2615 1248 consecrato.
2649 1194 2828 1261 Itaque
2856 1208 2975 1246 cum
3002 1206 3263 1261 nusquam
3296 1193 3564 1246 inveniret
3592 1191 3741 1245 chri-

2154 1298 2287 1341 stum
2315 1290 2509 1341 dictum
2532 1286 2891 1341 Christianum
2922 1285 3087 1339 ullum
3126 1286 3177 1338 in
3212 1284 3489 1355 singulari,
3523 1293 3575 1338 et
3606 1300 3750 1352 prae~

2155 1388 2306 1434 terea
2335 1378 2541 1433 videret
2572 1379 2657 1432 hic
2686 1377 2771 1447 agi
2803 1378 2869 1433 de
2896 1392 3041 1444 rege,
3072 1377 3255 1431 debuit
3276 1378 3398 1431 inde
3429 1378 3605 1446 potius
3629 1377 3749 1431 col-

2157 1468 2322 1539 ligere
2344 1470 2619 1538 sUperiora
2649 1469 2716 1523 de
2748 1468 2964 1523 Christo
2994 1469 3135 1522 male
3170 1482 3289 1522 esse
3340 1468 3631 1522 intellecta.
3663 1472 3749 1522 Ac

2156 1576 2283 1617 sane
2332 1564 2377 1615 si
2421 1561 2777 1615 consuluisset
2824 1559 3096 1629 Aquilam,
3147 1569 3238 1612 aut
3278 1558 3745 1625 Theodotionein,

2154 1660 2246 1706 aut
2276 1652 2677 1723 Symmachum,
2706 1652 3055 1706 intellexisset
3076 1651 3214 1705 male
3244 1666 3401 1705 versa
3429 1666 3551 1706 esse
3578 1667 3743 1721 supe-

2154 1745 2298 1799 riora
2324 1745 2485 1800 verba
2510 1762 2525 1799 :
2553 1744 2806 1798 Dominus
2835 1744 3063 1797 ascendit
3090 1745 3141 1797 in
3172 1744 3322 1797 calas
3344 1752 3391 1801 et
3412 1746 3601 1812 tonuit,
3624 1759 3748 1799 ver-

2156 1837 2498 1905 tendumque.
2560 1845 2618 1889 ut
2661 1835 2821 1890 habet
2867 1837 3043 1890 versio
3087 1835 3540 1905 Hieronymiana:
3591 1851 3747 1904 super

468 1927 582 1979 ideo
624 1924 720 1993 ﬁlii
758 1922 1056 1992 pestilentia:
1083 1923 1391 1990 defuerunt;
1420 1938 1537 1976 nam
1573 1932 1621 1977 et
1661 1934 1779 1977 ante
1806 1924 2055 1977 diluvium
2082 1927 2131 1987 Β
2159 1928 2297 1998 ipsos
2322 1927 2341 1998 (
2364 1928 2446 1981 vel
2468 1934 2645 1982 contra
2666 1927 2824 1995 illos)
2853 1928 2905 1979 in
2945 1925 3084 1979 caelis
3125 1926 3359 1990 tonabit;
3400 1940 3499 1979 nec
3548 1941 3612 1979 ex
3644 1926 3750 1977 illis

469 2033 572 2071 una
604 2025 711 2068 erat
742 2016 917 2083 lingua
942 2054 956 2077 ,
1000 2023 1047 2066 et
1076 2022 1242 2066 tamen
1283 2029 1483 2079 omnes,
1520 2025 1701 2081 prwter
1740 2030 1893 2067 unam
1940 2013 2055 2068 Noe

467 2106 589 2181 justi
618 2107 824 2158 domum
851 2149 863 2171 ,
895 2104 1055 2157 deleri
1098 2103 1290 2156 diluvio
1321 2114 1609 2156 meruerunt
1648 2120 1667 2158 :
1708 2106 1778 2157 ita
1806 2106 2012 2174 quando
2039 2146 2057 2171 ,

470 2198 647 2251 merito
676 2196 900 2251 elatioris
928 2197 1221 2266 impietatis,
1245 2205 1414 2265 gentes
1445 2196 1733 2249 diversitate
1762 2195 2055 2267 linguarum

472 2289 666 2357 punita:
693 2297 843 2358 atque
870 2287 1043 2340 divisa:
1069 2295 1186 2339 sunt
1206 2328 1220 2351 ,
1275 2294 1322 2339 et
1350 2286 1525 2339 civitas
1555 2287 1829 2356 impiorum
1875 2288 2058 2357 confu-

474 2382 631 2434 sionis
658 2397 838 2434 nomen
864 2381 1078 2449 accepit,
1110 2379 1206 2431 hoc
1251 2388 1355 2443 est,
1382 2378 1642 2447 appellata
1662 2390 1736 2432 est
1781 2376 2013 2449 Babylon
2039 2422 2054 2447 ,

472 2488 573 2527 non
600 2472 761 2543 defuit
790 2474 971 2525 domus
1001 2471 1189 2536 Heber,
1218 2471 1305 2523 ubi
1328 2485 1387 2523 ea
1408 2485 1523 2539 qua:
1542 2479 1689 2523 antea
1715 2470 1811 2540 fuit
1831 2472 2059 2523 omnium

472 2568 651 2637 lingua
681 2571 980 2618 remaneret.
1014 2562 1032 2633 ]
1064 2563 1264 2615 Merum
1292 2560 1395 2615 hoc
1426 2576 1546 2616 esse
1570 2571 1953 2627 commentum,
1980 2562 2059 2631 ip-

471 2660 626 2726 sique
653 2656 942 2723 Scripturae
959 2653 1289 2707 contrarium
1311 2653 1543 2707 ostendit
1565 2654 1745 2707 multis
1766 2652 1918 2706 Joan.
1943 2653 2059 2707 Cle-

473 2749 620 2801 ricus
664 2748 715 2798 in
746 2746 964 2798 dissert.
998 2744 1065 2798 de
1094 2744 1270 2812 lingua
1324 2742 1601 2798 Hebraica.
1634 2743 1744 2797 Nec
1788 2757 1917 2797 sane
1959 2742 2059 2797 hac

471 2838 537 2892 de
568 2853 625 2892 rc
667 2844 876 2905 poterat
910 2834 1153 2903 judicare
1177 2834 1528 2903 Augustinus,
1552 2834 1641 2903 qui
1677 2849 1797 2888 eam
1840 2833 2056 2903 ignora-

472 2934 588 2995 bat;
622 2930 714 2984 sed
744 2928 925 2983 nescio
952 2942 1057 2997 quo
1085 2908 1192 2981 lato
1220 2926 1288 2981 de
1319 2926 1384 2979 iis
1436 2940 1556 2995 quae.
1584 2926 1760 2996 ignota
1790 2925 1838 2979 ei
1867 2932 2055 2991 erant,

471 3024 665 3090 passim
684 3022 920 3089 judicare
941 3032 1224 3087 aggressus
1246 3028 1349 3082 est,
1374 3032 1474 3071 nec
1496 3016 1757 3070 dubitavit
1786 3031 1883 3084 pro
1902 3030 2056 3069 com-

474 3118 638 3185 pertis
670 3115 864 3183 passim
913 3125 1189 3166 assumere
1231 3125 1350 3177 quas
1394 3122 1665 3179 nunquam
1712 3109 1939 3177 probare
1965 3122 2057 3176 po.

473 3211 686 3261 tuisset.
738 3206 989 3259 Attamen
1024 3201 1351 3265 scholastici,
1381 3200 1475 3255 sed
1506 3200 1934 3268 linguarum‘non
1966 3213 2058 3267 pe-

2167 2020 2348 2074 verbis
2371 2020 2674 2088 collegisset
2700 2019 2767 2073 de
2793 2018 3007 2072 Christo
3026 2017 3134 2086 agi,
3166 2017 3288 2086 quia
3330 2016 3477 2070 solus
3505 2012 3751 2069 Christus

2164 2110 2404 2165 ascendit
2425 2112 2476 2163 in
2503 2110 2717 2164 ccelum.

2234 2202 2367 2271 Cap.
2397 2204 2452 2268 7,
2477 2202 2503 2272 §
2530 2201 2584 2255 4.
2614 2202 2870 2255 Narratur
2902 2200 3120 2255 historia
3154 2216 3274 2269 qute
3302 2199 3532 2254 habetur
3563 2200 3581 2253 Ι
3614 2197 3747 2267 Reg.

2159 2308 2250 2357 VII,
2286 2294 2370 2347 12.
2392 2294 2689 2361 ηΑεειιπιρεὲι
2718 2291 2942 2360 lapidem
2970 2300 3213 2357 unum,et
3240 2292 3417 2344 statuit
3445 2290 3591 2344 illum
3615 2294 3748 2343 inter

2166 2383 2460 2451 Mussephat
2487 2399 2665 2437 novam
2699 2392 2745 2437 et
2769 2394 3000 2450 veterem,
3057 2394 3105 2437 et
3162 2384 3353 2436 vocavit
3406 2400 3587 2437 nomen
3637 2388 3752 2448 eius

2174 2475 2482 2539 Abentteser,
2514 2476 2647 2543 quod
2691 2483 2763 2527 est
2786 2474 2966 2527 Latine
2993 2475 3123 2544 lapis
3151 2475 3441 2543 adjutoris;
3487 2484 3533 2527 et
3580 2475 3706 2527 dixit
3732 2492 3754 2527 :

2163 2566 2342 2634 Usque
2370 2566 2473 2620 huc
2511 2566 2711 2634 adjuvit
2742 2581 2839 2639 nos
2869 2566 3146 2621 Dominus.
3179 2565 3474 2631 Massephat
3504 2568 3753 2634 interpre-

2160 2669 2299 2713 tatur
2327 2661 2555 2716 intentia.
2586 2660 2741 2731 Lapis
2766 2661 2853 2715 ille
2878 2661 3130 2732 adjutoris
3160 2661 3403 2713 medietas
3440 2668 3514 2714 est
3559 2661 3750 2713 Salua-

2161 2755 2306 2822 toris,
2340 2771 2428 2820 per
2471 2770 2621 2823 quem
2659 2756 3022 2808 transeundum
3052 2764 3124 2808 est
3171 2770 3203 2807 a
3250 2752 3547 2822 Massephat
3590 2761 3752 2806 vetere

2159 2846 2229 2898 ad
2260 2861 2458 2910 novam,
2496 2846 2552 2899 id
2585 2855 2659 2899 est
2686 2847 2749 2899 ab
2796 2848 3078 2900 intentione
3120 2862 3221 2916 qua
3265 2845 3651 2913 exspectabatur
3696 2845 3751 2895 in

2161 2940 2357 2991 carnali
2386 2955 2538 3009 regno
2570 2939 2825 2992 beatitudo
2861 2939 2993 3008 falsa
3020 2939 3263 3004 carnalis,
3310 2938 3377 2991 ad
3420 2937 3750 2991 intentionem

2159 3047 2261 3097 qua
2290 3047 2378 3096 per
2409 3031 2614 3085 Novum
2646 3030 3015 3084 Testamentum
3048 3040 3369 3097 exspectatur
3394 3031 3447 3083 in
3471 3045 3627 3099 regno
3650 3044 3750 3081 ccc-

2161 3121 2327 3175 lorum
2361 3122 2617 3176 beatitudo
2644 3123 2901 3175 verissima
2939 3120 3282 3193 spiritualis.]
3323 3121 3439 3175 Non
3472 3120 3749 3174 habebant

2160 3215 2302 3269 LXX
2333 3216 2657 3284 interpretes
2709 3216 2841 3268 inter
2888 3216 3185 3285 Massephat
3230 3230 3411 3271 novam
3437 3223 3483 3267 et
3509 3222 3747 3275 veterem,

475 3301 707 3363 ritiores,
755 3297 951 3365 aliique
994 3311 1025 3349 e
1055 3293 1495 3348 scholasticorum
1527 3292 1739 3347 illorum
1788 3291 2051 3359 prosapia,

2159 3310 2253 3365 sed
2274 3313 2524 3383 ἀναμέσον
2545 3311 2837 3383 Maeanng
2860 3314 2943 3363 καὶ
2962 3310 3213 3379 ἁναμέσον
3242 3317 3333 3368 τῆς
3359 3308 3601 3371 παλαιᾶς,
3626 3319 3750 3375 qua

474 3403 674 3443 caseum
726 3387 917 3441 ducem
945 3385 1091 3449 caici,
1123 3392 1235 3449 aut,
1266 3383 1407 3453 quod
1457 3383 1653 3436 mirum
1701 3390 1804 3447 est,
1830 3382 2050 3448 oculati,

474 3481 568 3535 sed
599 3489 789 3547 sponte
818 3477 1015 3532 clausis
1037 3475 1226 3538 oculis,
1257 3473 1427 3529 secuti
1458 3482 1605 3527 sunt.

541 3570 668 3637 Cap.
699 3570 785 3621 l7.
832 3568 1155 3637 Assyriorum
1185 3564 1472 3637 (regnum)
1494 3566 1654 3618 multo
1679 3572 1783 3619 erat
1804 3567 2055 3635 potentius

470 3670 616 3728 atque
643 3659 928 3713 sublimius.
961 3655 1099 3711 Nam
1122 3672 1213 3711 rex
1228 3655 1322 3710 ille
1356 3655 1523 3709 Ninus
1540 3654 1653 3708 Beli
1678 3655 1839 3724 ﬁlius,
1870 3671 2054 3725 excep-

471 3765 523 3805 ta
554 3751 730 3815 India,
776 3750 1026 3803 universa:
1054 3750 1189 3803 Asia:
1228 3750 1444 3819 populos
1473 3747 1890 3820 subjuguverat.]
1931 3750 2055 3804 Haec

469 3858 681 3911 quoque
695 3841 965 3896 adversari
988 3840 1279 3909 Scriptura:
1290 3855 1459 3894 sacrae
1475 3840 1711 3895 ostendit
1732 3840 1871 3896 idem
1895 3841 2054 3897 Musis

469 3949 704 4003 nuperus
733 3933 1000 4003 interpres
1027 3934 1093 3987 ad
1113 3933 1247 3988 Gen.
1274 3948 1337 3995 x,
1363 3932 1451 3989 l0.

540 4026 673 4094 Cap.
702 4024 792 4078 29.
836 4022 969 4077 Item
1014 4022 1151 4078 Deus
1172 4025 1408 4095 apparuit
1465 4023 1683 4078 Abrahae
1720 4027 1788 4077 ad
1816 4041 2054 4094 quercum

472 4115 739 4179 Mambrw,
770 4116 823 4168 in
858 4116 1018 4169 tribus
1045 4115 1167 4168 viris
1206 4131 1332 4183 quos
1368 4114 1705 4167 dubitandum
1741 4132 1842 4170 non
1866 4126 2053 4171 estan-

468 4211 607 4280 gelos
633 4207 849 4279 fuisse.]
900 4208 1129 4277 Optime,
1184 4218 1240 4261 ut
1268 4209 1502 4262 ostendit
1529 4210 1689 4263 etiam
1724 4220 2050 4265 memoratus

471 4306 757 4371 interpres,
801 4302 889 4372 qui
928 4315 1082 4371 teque
1130 4300 1357 4355 libenter
1388 4302 1740 4370 Augustinum
1788 4303 2048 4372 sequitur,

466 4410 587 4449 cum
641 4402 784 4449 recta
817 4395 899 4447 via
928 4403 1253 4462 praaeuntem
1283 4403 1452 4462 putat,
1500 4408 1562 4447 ac
1606 4394 1673 4448 ab
1698 4409 1764 4448 eo
1792 4395 1903 4449 abit
1927 4410 2051 4449 cum

467 4490 719 4543 aberrare
756 4502 877 4541 eum
925 4486 1222 4540 existimat.
1265 4489 1437 4555 Atque
1490 4486 1690 4540 utinam
1720 4502 1932 4555 semper
1956 4496 2050 4543 aut

467 4580 574 4644 ille,
600 4588 690 4633 aut
710 4578 844 4633 alius
865 4577 1155 4645 Scriptura:
1177 4578 1460 4645 interpres,
1490 4586 1694 4632 certum
1726 4578 1923 4647 ubique
1944 4578 2048 4633 du-

2159 3402 2324 3457 verba
2346 3402 2673 3470 reSpondent
2691 3401 2967 3455 Hebraicis
2990 3416 3006 3454 :
3033 3410 3143 3487 pan
3158 3409 3261 3484 r31
3280 3408 3485 3459 nsum
3503 3407 3587 3486 ΓΞ
3608 3398 3753 3451 inter

2160 3492 2389 3563 Mitspha
2429 3501 2475 3546 et
2526 3492 2714 3547 Schen.
2748 3492 3104 3546 Posteriorem
3151 3505 3355 3555 vocem,
3388 3506 3505 3559 qua:
3546 3504 3750 3543 nomen

2158 3593 2242 3639 est
2266 3585 2558 3653 pr0prium,
2582 3582 2721 3637 male
2741 3592 3020 3637 verterunt
3038 3582 3354 3651 appellativa
3378 3595 3508 3635 voce
3523 3580 3750 3645 παλαιά,

2156 3686 2392 3740 veterem,
2440 3673 2564 3729 dum
2621 3674 2803 3742 legunt
2827 3682 2920 3760 ’βω
2942 3675 3164 3745 jaschan
3197 3688 3292 3741 pro
3318 3682 3431 3760 pun
3453 3672 3702 3725 hasschen
3728 3687 3749 3733 ;

2160 3767 2300 3820 unde
2330 3768 2526 3820 factum
2556 3776 2612 3819 ut
2634 3767 2841 3835 priscus
2874 3766 3136 3833 interpres
3185 3763 3405 3817 Latinus
3452 3761 3749 3816 crediderit

2158 3857 2411 3912 omissum
2454 3870 2575 3911 esse
2614 3872 2813 3920 novam,
2864 3855 3187 3923 verteritque
3213 3855 3346 3907 inter
3379 3853 3619 3921 Masphat
3647 3868 3747 3905 ηοι

2158 3962 2271 4001 vam
2296 3959 2342 4001 et
2370 3957 2605 4001 veterem.
2637 3947 2747 4002 Hac
2774 3957 2952 4001 autem
2984 3945 3115 4000 falsa
3146 3946 3584 4014 interpretatione
3616 3946 3748 3997 niti-

2158 4050 2245 4095 tur
2290 4048 2401 4095 tota
2429 4041 2708 4111 Augustini
2756 4040 3120 4102 ratiocinatio;
3165 4054 3228 4092 ac
3274 4052 3403 4092 sane
3433 4036 3624 4091 mirum
3654 4046 3746 4090 est

2156 4134 2328 4189 virum
2359 4137 2491 4189 satis
2517 4143 2731 4189 acutum
2774 4133 2913 4202 apud
2940 4148 2999 4187 se
3028 4147 3131 4186 non
3164 4139 3438 4200 reputasse
3482 4129 3742 4194 subinde,

2156 4243 2217 4283 se
2243 4238 2402 4284 noctu
2431 4237 2486 4283 et
2514 4227 2742 4283 interdiu
2773 4227 2840 4281 de
2867 4227 3140 4295 Scriptura
3164 4239 3317 4279 sacra
3345 4234 3428 4278 sat
3453 4232 3566 4276 tuto
3592 4221 3746 4291 loqui

2159 4336 2264 4375 non
2296 4334 2475 4389 posse,
2503 4322 2600 4374 nisi
2629 4329 2779 4373 certo
2794 4320 2958 4373 sciret
2984 4318 3110 4388 quid
3140 4317 3241 4372 sibi
3270 4316 3451 4381 vellet,
3472 4315 3613 4384 quod
3628 4329 3746 4368 non

2158 4421 2370 4482 poterat
2393 4411 2588 4481 ubique
2604 4426 2667 4466 ex
2685 4409 2847 4465 inﬁda
2869 4408 3114 4463 versione
3136 4407 3454 4477 intelligere.
3478 4405 3747 4461 Similiter

2155 4504 2297 4575 quod
2329 4503 2547 4559 deducit
2582 4518 2645 4558 ex
2698 4502 3088 4572 signiﬁcatione
3133 4501 3277 4554 vocis
3307 4498 3609 4569 Massaphat
3656 4504 3752 4551 est

2154 4597 2466 4661 absurdum,
2521 4595 2643 4665 quia
2674 4609 2776 4649 non
2822 4593 3085 4648 intellexit
3130 4593 3255 4661 quid
3285 4591 3386 4644 sibi
3417 4590 3582 4645 vellet
3633 4603 3753 4644 vox

465 4683 583 4761 cel“
611 4682 671 4723 ⁸⁸
700 4668 962 4761 prabet”
987 4667 999 4719 ί
1052 4665 1159 4719 Νοδ
1188 4680 1537 4761 δίξηθΪηθεηξ)
1561 4668 1741 4761 labore
1770 4668 2042 4761 liberali“:
2073 4678 2128 4740 D
2148 4689 2362 4743 intentio
2384 4688 2486 4742 hoc
2507 4688 2561 4742 in
2592 4687 2711 4741 loco
2736 4704 2750 4751 ;
2776 4696 2857 4741 est
2877 4686 3021 4739 enim
3047 4684 3270 4739 intentio
3289 4682 3588 4761 oculorum,
3614 4695 3751 4736 nam

466 4759 659 4828 quibus
687 4760 863 4813 omnia
890 4756 1402 4826 suntexpendenda,
1426 4758 1549 4827 quia
1576 4760 1642 4814 ab
1665 4760 1913 4814 omnibus
1935 4759 2047 4816 fer-
2072 4824 2075 4827 ν

466 4868 552 4906 me
580 4851 863 4921 aliquando
900 4849 1137 4919 deceptis
1189 4850 1389 4903 nemini
1441 4864 1625 4905 eorum
1682 4853 2047 4914 ἀϐασανίστως

466 4944 689 4999 credere
711 4942 856 4997 licet.

535 5035 700 5090 LIBBO
720 5050 852 5087 xvn.
883 5031 1011 5103 Cap.
1042 5034 1097 5088 4.
1140 5032 1193 5087 In
1243 5034 1599 5102 explicatione
1627 5037 1820 5093 cantici
1850 5039 2043 5106 Annae,

464 5136 743 5197 postquam
771 5127 950 5196 priora
980 5125 1141 5181 verba
1172 5125 1239 5180 de
1260 5126 1475 5182 Christo
1503 5129 1776 5199 explicuit,
1830 5132 2047 5188 tandem

462 5218 751 5273 deveniens
770 5218 838 5273 ad
861 5219 975 5273 haec
998 5237 1011 5271 :
1046 5218 1304 5273 Exaltabit
1325 5236 1484 5275 cornu
1507 5220 1698 5276 Christi
1727 5226 1829 5291 sui,
1854 5224 1873 5278 Ι
1894 5228 2044 5284 Sam.

460 5312 659 5377 ",10:
716 5311 1004 5378 Quomodo,
1061 5312 1253 5381 inquit,
1307 5313 1537 5367 Christus
1589 5316 1835 5370 exaltabit
1888 5334 2048 5374 cornu

457 5402 649 5458 Christi
675 5406 795 5458 sui?
828 5405 902 5457 De
929 5422 1030 5475 quo
1076 5407 1211 5458 enim
1239 5423 1395 5477 supra
1425 5408 1620 5460 dictum
1644 5418 1754 5462 est:
1787 5409 2047 5467 Dominus

454 5495 696 5547 ascendit
721 5496 773 5549 in
794 5496 981 5550 C(elos.
1008 5495 1072 5549 Et
1097 5498 1380 5551 intellectus
1399 5509 1470 5551 est
1494 5497 1742 5554 Dominus
1774 5500 2044 5569 Christus;

455 5588 581 5651 ipse,
612 5588 740 5639 sicut
794 5588 875 5640 hic
929 5589 1133 5657 dicitur,
1191 5590 1443 5644 exaltabit
1489 5605 1658 5646 cornu
1705 5593 1903 5648 Christi
1932 5596 2038 5650 sui.

458 5676 582 5741 Quis
604 5689 677 5731 est
700 5694 819 5748 ergo
848 5678 1075 5733 Christus
1106 5680 1295 5735 Christi
1334 5681 1415 5735 sui
1433 5684 1457 5736 ?
1494 5685 1571 5737 An
1600 5700 1757 5738 cornu
1798 5687 2042 5741 exaltabit

454 5770 853 5840 uniuscujusque
874 5773 1039 5840 ﬁdelis
1060 5774 1163 5835 sui,
1186 5775 1315 5826 sicut
1338 5775 1409 5825 ita
1434 5776 1565 5843 ipsa,
1592 5778 1643 5829 in
1667 5753 2042 5847 principio/tu-

445 5861 535 5929 jus
554 5858 751 5930 hymni,
801 5862 911 5916 ait:
957 5863 1250 5918 Exaltatutu
1287 5876 1367 5922 est
1398 5882 1560 5921 cornu
1595 5884 1769 5923 incum
1820 5870 1873 5925 in
1926 5872 2041 5931 Deo

2151 4790 2322 4841 nam
2342 4780 2622 4847 mitsphah,
2636 4788 2823 4847 potest
2843 4777 3032 4833 deduci
3054 4792 3084 4831 a
3097 4786 3213 4835 nas
3235 4774 3477 4843 tsaphah,
3496 4782 3751 4829 contem-

2153 4875 2350 4942 platus,
2404 4872 2706 4942 speculatus
2737 4880 2839 4935 est,
2894 4886 2958 4925 ac
3004 4870 3225 4939 proinde
3252 4868 3437 4923 oculos
3482 4866 3747 4921 intendit.

2154 4968 2233 5020 Ac
2260 4981 2390 5020 sane
2418 4964 2470 5017 in
2514 4964 2688 5018 lexico
2717 4962 3001 5016 Nominum
3027 4961 3217 5016 Graeco
3244 4960 3472 5014 vertitur
3502 4959 3749 5014 ἀποσκό-

2152 5076 2363 5119 niueis,
2391 5065 2445 5109 et
2475 5054 2527 5109 in
2554 5054 2693 5109 libro
2722 5054 2789 5107 de
2818 5052 3132 5107 Nominibus
3153 5051 3431 5105 Hebraicis
3452 5049 3754 5105 emendato

2153 5147 2224 5201 ab
2264 5146 2625 5216 Hieronymo,
2675 5145 2987 5215 speculatio,
3045 5145 3158 5199 sive
3200 5142 3578 5213 contemplatio.
3631 5140 3756 5197 Sed

2152 5238 2413 5309 quidquid
2442 5238 2724 5307 signiﬁcet,
2772 5236 3068 5307 allegoricis
3096 5236 3627 5306 interpretationibus
3664 5250 3755 5289 ex

2154 5330 2428 5384 nominum
2452 5329 2754 5398 signiﬁcatu
2773 5328 3015 5383 deductis
3038 5327 3166 5382 nihil
3190 5343 3309 5384 esse
3327 5328 3540 5382 inauius
3559 5334 3755 5380 osten-

2152 5420 2234 5473 dit
2255 5418 2411 5474 Joau.
2435 5418 2673 5475 Clericus
2701 5420 2756 5473 in
2785 5419 3180 5487 Quaestionibus
3208 5419 3662 5489 Hieronymianis.

2225 5510 2357 5580 Cap.
2391 5512 2479 5565 11.
2510 5510 2776 5566 Memento
2803 5525 2924 5581 quae
2970 5522 3053 5565 est
3088 5526 3204 5565 mea
3230 5510 3547 5565 substantia.
3584 5509 3752 5564 Nihil

2150 5602 2235 5656 hic
2264 5602 2441 5656 melius
2470 5619 2624 5671 quam
2666 5604 2775 5673 ipse
2797 5603 2827 5655 J
2836 5620 2948 5657 esus
2976 5604 3296 5674 intelligitur,
3325 5604 3612 5657 substantia
3647 5618 3754 5671 po-

2150 5693 2264 5763 puli
2309 5694 2441 5759 cius,
2493 5710 2555 5747 ex
2601 5710 2699 5763 quo
2747 5704 2934 5747 natura
2966 5705 3037 5750 est
3066 5697 3233 5749 carnis
3263 5698 3397 5766 ejus.
3445 5694 3562 5748 Non
3595 5694 3754 5748 enim

2150 5800 2313 5853 vane,
2343 5787 2527 5855 inquit,
2550 5787 2873 5842 constituisti
2901 5804 3087 5843 omnes
3120 5789 3260 5843 ﬁlios
3284 5789 3582 5843 hominum.
3619 5786 3758 5840 Nisi

2150 5878 2287 5932 enim
2314 5888 2439 5934 esset
2484 5895 2615 5934 unus
2664 5880 2804 5950 ﬁlius
2853 5880 3071 5937 hominis
3107 5881 3392 5938 substantia
3428 5877 3621 5950 Israel,
3648 5892 3759 5955 per

3932 5458 3943 5469 η
