  <div class='ocr_page' id='page_1' title='image "/cluster/home/n/w/nwhite01/storage/ocr_20150623/47/hvd.32044015471527/252.png"; bbox 0 0 3974 6356; ppageno 0'>
   <div class='ocr_carea' id='block_1_1' title="bbox 376 369 477 425">
    <p class='ocr_par' dir='ltr' id='par_1_1' title="bbox 376 369 477 425">
     <span class='ocr_line' id='line_1_1' title="bbox 376 369 477 425; baseline 0.04 -3"><span class='ocrx_word' id='word_1_1' title='bbox 376 369 477 425; x_wconf 80' lang='grc'><strong><em>495</em></strong></span> 
     </span>
    </p>
   </div>
   <div class='ocr_carea' id='block_1_2' title="bbox 1063 362 2929 437">
    <p class='ocr_par' dir='ltr' id='par_1_2' title="bbox 1063 362 2929 437">
     <span class='ocr_line' id='line_1_2' title="bbox 1063 362 2929 437; baseline 0.003 -6"><span class='ocrx_word' id='word_1_2' title='bbox 1063 375 1410 434; x_wconf 76' lang='lat' dir='ltr'><strong><em>VARIORUM</em></strong></span> <span class='ocrx_word' id='word_1_3' title='bbox 1451 378 2040 437; x_wconf 81' lang='lat' dir='ltr'><strong><em>EXERCITATIONES</em></strong></span> <span class='ocrx_word' id='word_1_4' title='bbox 2078 380 2141 435; x_wconf 84' lang='lat' dir='ltr'><strong><em>IN</em></strong></span> <span class='ocrx_word' id='word_1_5' title='bbox 2179 379 2235 435; x_wconf 87' lang='lat' dir='ltr'><strong><em>S.</em></strong></span> <span class='ocrx_word' id='word_1_6' title='bbox 2278 362 2645 437; x_wconf 76' lang='lat' dir='ltr'><strong><em>AUGUSTINI</em></strong></span> <span class='ocrx_word' id='word_1_7' title='bbox 2684 382 2929 436; x_wconf 83' lang='lat' dir='ltr'><strong><em>OPERA.</em></strong></span> 
     </span>
    </p>
   </div>
   <div class='ocr_carea' id='block_1_3' title="bbox 3523 385 3627 440">
    <p class='ocr_par' dir='ltr' id='par_1_3' title="bbox 3523 385 3627 440">
     <span class='ocr_line' id='line_1_3' title="bbox 3523 385 3627 440; baseline 0.01 -1"><span class='ocrx_word' id='word_1_8' title='bbox 3523 385 3627 440; x_wconf 64' lang='lat' dir='ltr'><strong><em>49a</em></strong></span> 
     </span>
    </p>
   </div>
   <div class='ocr_carea' id='block_1_4' title="bbox 371 480 3630 567">
    <p class='ocr_par' dir='ltr' id='par_1_4' title="bbox 371 480 3630 567">
     <span class='ocr_line' id='line_1_4' title="bbox 371 480 3630 567; baseline 0.005 -26"><span class='ocrx_word' id='word_1_9' title='bbox 371 507 516 559; x_wconf 86' lang='lat' dir='ltr'><strong><em>quem</em></strong></span> <span class='ocrx_word' id='word_1_10' title='bbox 544 492 710 560; x_wconf 80' lang='lat' dir='ltr'><strong><em>ﬁlium</em></strong></span> <span class='ocrx_word' id='word_1_11' title='bbox 731 493 948 549; x_wconf 75' lang='lat' dir='ltr'><strong><em>hominis</em></strong></span> <span class='ocrx_word' id='word_1_12' title='bbox 972 495 1299 551; x_wconf 88' lang='lat' dir='ltr'><strong><em>liberarentur</em></strong></span> <span class='ocrx_word' id='word_1_13' title='bbox 1341 498 1488 551; x_wconf 88' lang='lat' dir='ltr'><strong><em>multi</em></strong></span> <span class='ocrx_word' id='word_1_14' title='bbox 1528 497 1626 567; x_wconf 78' lang='lat' dir='ltr'><strong><em>ﬁlii</em></strong></span> <span class='ocrx_word' id='word_1_15' title='bbox 1663 498 1945 563; x_wconf 85' lang='lat' dir='ltr'><strong><em>hominum,</em></strong></span> <span class='ocrx_word' id='word_1_16' title='bbox 1978 502 2030 559; x_wconf 81' lang='grc' dir='ltr'>Α</span> <span class='ocrx_word' id='word_1_17' title='bbox 2056 499 2351 552; x_wconf 76' lang='lat' dir='ltr'><strong><em>colebatur.</em></strong></span> <span class='ocrx_word' id='word_1_18' title='bbox 2390 500 2519 566; x_wconf 76' lang='lat' dir='ltr'><strong><em>Qum</em></strong></span> <span class='ocrx_word' id='word_1_19' title='bbox 2550 502 2679 554; x_wconf 88' lang='lat' dir='ltr'><strong><em>satis</em></strong></span> <span class='ocrx_word' id='word_1_20' title='bbox 2704 501 2850 554; x_wconf 84' lang='lat' dir='ltr'><strong><em>firma</em></strong></span> <span class='ocrx_word' id='word_1_21' title='bbox 2882 516 2984 555; x_wconf 93' lang='lat' dir='ltr'><strong><em>non</em></strong></span> <span class='ocrx_word' id='word_1_22' title='bbox 3008 509 3130 554; x_wconf 89' lang='lat' dir='ltr'><strong><em>sunt</em></strong></span> <span class='ocrx_word' id='word_1_23' title='bbox 3153 480 3458 563; x_wconf 57' lang='lat' dir='ltr'><strong><em>ratu-risura;</em></strong></span> <span class='ocrx_word' id='word_1_24' title='bbox 3490 504 3630 557; x_wconf 83' lang='lat' dir='ltr'><strong><em>indi-</em></strong></span> 
     </span>
    </p>
   </div>
   <div class='ocr_carea' id='block_1_5' title="bbox 371 586 1949 663">
    <p class='ocr_par' dir='ltr' id='par_1_5' title="bbox 371 586 1949 663">
     <span class='ocr_line' id='line_1_5' title="bbox 371 586 1949 663; baseline 0.007 -27"><span class='ocrx_word' id='word_1_25' title='bbox 371 600 500 637; x_wconf 88' lang='lat' dir='ltr'><strong><em>vane</em></strong></span> <span class='ocrx_word' id='word_1_26' title='bbox 529 589 700 657; x_wconf 88' lang='lat' dir='ltr'><strong><em>utique</em></strong></span> <span class='ocrx_word' id='word_1_27' title='bbox 753 586 1012 643; x_wconf 82' lang='lat' dir='ltr'><strong><em>constituti</em></strong></span> <span class='ocrx_word' id='word_1_28' title='bbox 1065 602 1227 646; x_wconf 88' lang='lat' dir='ltr'><strong><em>essent</em></strong></span> <span class='ocrx_word' id='word_1_29' title='bbox 1280 609 1453 647; x_wconf 89' lang='lat' dir='ltr'><strong><em>omnes</em></strong></span> <span class='ocrx_word' id='word_1_30' title='bbox 1499 594 1595 661; x_wconf 82' lang='lat' dir='ltr'><strong><em>ﬁlii</em></strong></span> <span class='ocrx_word' id='word_1_31' title='bbox 1620 590 1949 663; x_wconf 69' lang='lat' dir='ltr'><strong><em>hominum]</em></strong></span> 
     </span>
    </p>
   </div>
   <div class='ocr_carea' id='block_1_6' title="bbox 372 675 1951 752">
    <p class='ocr_par' dir='ltr' id='par_1_6' title="bbox 372 675 1951 752">
     <span class='ocr_line' id='line_1_6' title="bbox 372 675 1951 752; baseline 0.007 -25"><span class='ocrx_word' id='word_1_32' title='bbox 372 675 417 727; x_wconf 88' lang='lat' dir='ltr'><strong><em>A</em></strong></span> <span class='ocrx_word' id='word_1_33' title='bbox 462 676 637 745; x_wconf 87' lang='lat' dir='ltr'><strong><em>capite</em></strong></span> <span class='ocrx_word' id='word_1_34' title='bbox 693 678 727 732; x_wconf 87' lang='lat'><strong>9</strong></span> <span class='ocrx_word' id='word_1_35' title='bbox 772 692 1055 749; x_wconf 82' lang='lat' dir='ltr'><strong><em>aggressus</em></strong></span> <span class='ocrx_word' id='word_1_36' title='bbox 1099 690 1181 736; x_wconf 91' lang='lat' dir='ltr'><strong><em>est</em></strong></span> <span class='ocrx_word' id='word_1_37' title='bbox 1230 683 1568 751; x_wconf 89' lang='lat' dir='ltr'><strong><em>interpretari</em></strong></span> <span class='ocrx_word' id='word_1_38' title='bbox 1625 686 1951 752; x_wconf 69' lang='lat' dir='ltr'><strong><em>Augustinus</em></strong></span> 
     </span>
    </p>
   </div>
   <div class='ocr_carea' id='block_1_7' title="bbox 377 770 1954 846">
    <p class='ocr_par' dir='ltr' id='par_1_7' title="bbox 377 770 1954 846">
     <span class='ocr_line' id='line_1_7' title="bbox 377 770 1954 846; baseline 0.007 -26"><span class='ocrx_word' id='word_1_39' title='bbox 377 770 511 833; x_wconf 87' lang='lat' dir='ltr'><strong><em>psal.</em></strong></span> <span class='ocrx_word' id='word_1_40' title='bbox 546 787 785 826; x_wconf 79' lang='lat' dir='ltr'><strong><em>Lxxxvtn</em></strong></span> <span class='ocrx_word' id='word_1_41' title='bbox 832 789 898 827; x_wconf 82' lang='lat' dir='ltr'><strong><em>ex</em></strong></span> <span class='ocrx_word' id='word_1_42' title='bbox 927 774 1188 828; x_wconf 84' lang='lat' dir='ltr'><strong><em>divisione</em></strong></span> <span class='ocrx_word' id='word_1_43' title='bbox 1218 773 1437 842; x_wconf 81' lang='lat' dir='ltr'><strong><em>Graeca;</em></strong></span> <span class='ocrx_word' id='word_1_44' title='bbox 1461 777 1613 846; x_wconf 86' lang='lat' dir='ltr'><strong><em>cujus</em></strong></span> <span class='ocrx_word' id='word_1_45' title='bbox 1639 778 1954 845; x_wconf 89' lang='lat' dir='ltr'><strong><em>interpreta-</em></strong></span> 
     </span>
    </p>
   </div>
   <div class='ocr_carea' id='block_1_8' title="bbox 372 861 1951 937">
    <p class='ocr_par' dir='ltr' id='par_1_8' title="bbox 372 861 1951 937">
     <span class='ocr_line' id='line_1_8' title="bbox 372 861 1951 937; baseline 0.005 -24"><span class='ocrx_word' id='word_1_46' title='bbox 372 861 538 915; x_wconf 90' lang='lat' dir='ltr'><strong><em>tionis</em></strong></span> <span class='ocrx_word' id='word_1_47' title='bbox 567 863 704 918; x_wconf 88' lang='lat' dir='ltr'><strong><em>hanc</em></strong></span> <span class='ocrx_word' id='word_1_48' title='bbox 726 874 932 920; x_wconf 89' lang='lat' dir='ltr'><strong><em>tantum</em></strong></span> <span class='ocrx_word' id='word_1_49' title='bbox 958 867 1290 934; x_wconf 80' lang='lat' dir='ltr'><strong><em>particulam,</em></strong></span> <span class='ocrx_word' id='word_1_50' title='bbox 1320 885 1437 937; x_wconf 73' lang='lat' dir='ltr'><strong><em>qua:</em></strong></span> <span class='ocrx_word' id='word_1_51' title='bbox 1463 878 1544 922; x_wconf 89' lang='lat' dir='ltr'><strong><em>est</em></strong></span> <span class='ocrx_word' id='word_1_52' title='bbox 1570 884 1712 924; x_wconf 83' lang='lat' dir='ltr'><strong><em>vers.</em></strong></span> <span class='ocrx_word' id='word_1_53' title='bbox 1738 868 1831 933; x_wconf 71' lang='lat'><strong><em>4&#39;7,</em></strong></span> <span class='ocrx_word' id='word_1_54' title='bbox 1861 884 1951 922; x_wconf 79' lang='lat' dir='ltr'><strong><em>ex-</em></strong></span> 
     </span>
    </p>
   </div>
   <div class='ocr_carea' id='block_1_9' title="bbox 374 945 1949 1029">
    <p class='ocr_par' dir='ltr' id='par_1_9' title="bbox 374 945 1949 1029">
     <span class='ocr_line' id='line_1_9' title="bbox 374 945 1949 1029; baseline 0.009 -24"><span class='ocrx_word' id='word_1_55' title='bbox 374 954 692 1021; x_wconf 88' lang='lat' dir='ltr'><strong><em>pendemus.</em></strong></span> <span class='ocrx_word' id='word_1_56' title='bbox 720 956 1014 1012; x_wconf 86' lang='lat' dir='ltr'><strong><em>Hebralcus</em></strong></span> <span class='ocrx_word' id='word_1_57' title='bbox 1051 958 1221 1013; x_wconf 82' lang='lat' dir='ltr'><strong><em>codex</em></strong></span> <span class='ocrx_word' id='word_1_58' title='bbox 1245 959 1435 1014; x_wconf 85' lang='lat' dir='ltr'><strong><em>habet:</em></strong></span> <span class='ocrx_word' id='word_1_59' title='bbox 1468 945 1573 1020; x_wconf 42' lang='grc' dir='ltr'>Ἴθι-ι</span> <span class='ocrx_word' id='word_1_60' title='bbox 1602 972 1689 1019; x_wconf 76' lang='lat' dir='ltr'><strong><em>m2</em></strong></span> <span class='ocrx_word' id='word_1_61' title='bbox 1719 969 1809 1019; x_wconf 59' lang='grc' dir='ltr'><strong>ἐκ</strong></span> <span class='ocrx_word' id='word_1_62' title='bbox 1828 968 1949 1029; x_wconf 66' lang='grc' dir='ltr'><strong><em>Ἷὶτ,</em></strong></span> 
     </span>
    </p>
   </div>
   <div class='ocr_carea' id='block_1_10' title="bbox 370 1046 1955 1120">
    <p class='ocr_par' dir='ltr' id='par_1_10' title="bbox 370 1046 1955 1120">
     <span class='ocr_line' id='line_1_10' title="bbox 370 1046 1955 1120; baseline 0.007 -25"><span class='ocrx_word' id='word_1_63' title='bbox 370 1046 645 1100; x_wconf 83' lang='lat' dir='ltr'><strong><em>recordare</em></strong></span> <span class='ocrx_word' id='word_1_64' title='bbox 670 1063 762 1117; x_wconf 95' lang='lat' dir='ltr'><strong><em>ego</em></strong></span> <span class='ocrx_word' id='word_1_65' title='bbox 793 1051 971 1117; x_wconf 77' lang='lat' dir='ltr'><strong><em>quanti</em></strong></span> <span class='ocrx_word' id='word_1_66' title='bbox 992 1051 1085 1104; x_wconf 88' lang='lat' dir='ltr'><strong><em>sim</em></strong></span> <span class='ocrx_word' id='word_1_67' title='bbox 1114 1052 1226 1116; x_wconf 72' lang='lat' dir='ltr'><strong><em>levi,</em></strong></span> <span class='ocrx_word' id='word_1_68' title='bbox 1262 1052 1362 1106; x_wconf 81' lang='lat' dir='ltr'><strong><em>lioc</em></strong></span> <span class='ocrx_word' id='word_1_69' title='bbox 1393 1060 1473 1106; x_wconf 89' lang='lat' dir='ltr'><strong><em>est</em></strong></span> <span class='ocrx_word' id='word_1_70' title='bbox 1502 1067 1658 1120; x_wconf 86' lang='lat' dir='ltr'><strong><em>quam</em></strong></span> <span class='ocrx_word' id='word_1_71' title='bbox 1684 1053 1859 1107; x_wconf 79' lang='lat' dir='ltr'><strong><em>brevis</em></strong></span> <span class='ocrx_word' id='word_1_72' title='bbox 1885 1053 1955 1106; x_wconf 86' lang='lat' dir='ltr'><strong><em>sit</em></strong></span> 
     </span>
    </p>
   </div>
   <div class='ocr_carea' id='block_1_11' title="bbox 369 1139 1949 1215">
    <p class='ocr_par' dir='ltr' id='par_1_11' title="bbox 369 1139 1949 1215">
     <span class='ocr_line' id='line_1_11' title="bbox 369 1139 1949 1215; baseline 0.006 -27"><span class='ocrx_word' id='word_1_73' title='bbox 369 1139 479 1191; x_wconf 85' lang='lat' dir='ltr'><strong><em>vita</em></strong></span> <span class='ocrx_word' id='word_1_74' title='bbox 512 1155 650 1194; x_wconf 87' lang='lat' dir='ltr'><strong><em>mea.</em></strong></span> <span class='ocrx_word' id='word_1_75' title='bbox 678 1141 813 1194; x_wconf 82' lang='lat' dir='ltr'><strong><em>LXX</em></strong></span> <span class='ocrx_word' id='word_1_76' title='bbox 836 1142 1155 1211; x_wconf 76' lang='lat' dir='ltr'><strong><em>interpretes</em></strong></span> <span class='ocrx_word' id='word_1_77' title='bbox 1176 1153 1478 1197; x_wconf 89' lang='lat' dir='ltr'><strong><em>verterunt:</em></strong></span> <span class='ocrx_word' id='word_1_78' title='bbox 1493 1146 1739 1215; x_wconf 82' lang='grc' dir='ltr'><strong><em>μνήσθητι</em></strong></span> <span class='ocrx_word' id='word_1_79' title='bbox 1760 1148 1835 1205; x_wconf 83' lang='grc' dir='ltr'><strong><em>τίς</em></strong></span> <span class='ocrx_word' id='word_1_80' title='bbox 1852 1166 1949 1214; x_wconf 83' lang='grc' dir='ltr'><strong><em>μου</em></strong></span> 
     </span>
    </p>
   </div>
   <div class='ocr_carea' id='block_1_12' title="bbox 367 1233 1957 1303">
    <p class='ocr_par' dir='ltr' id='par_1_12' title="bbox 367 1233 1957 1303">
     <span class='ocr_line' id='line_1_12' title="bbox 367 1233 1957 1303; baseline 0.002 -17"><span class='ocrx_word' id='word_1_81' title='bbox 367 1233 401 1286; x_wconf 76' lang='grc' dir='ltr'>ἡ</span> <span class='ocrx_word' id='word_1_82' title='bbox 431 1233 741 1299; x_wconf 70' lang='grc' dir='ltr'><strong><em>ὑπόστασις,</em></strong></span> <span class='ocrx_word' id='word_1_83' title='bbox 775 1234 874 1289; x_wconf 88' lang='lat' dir='ltr'><strong><em>hoc</em></strong></span> <span class='ocrx_word' id='word_1_84' title='bbox 896 1246 996 1303; x_wconf 83' lang='lat' dir='ltr'><strong><em>est,</em></strong></span> <span class='ocrx_word' id='word_1_85' title='bbox 1022 1236 1291 1288; x_wconf 67' lang='lat' dir='ltr'><strong><em>retardare</em></strong></span> <span class='ocrx_word' id='word_1_86' title='bbox 1334 1251 1446 1303; x_wconf 76' lang='lat' dir='ltr'><strong><em>qua:</em></strong></span> <span class='ocrx_word' id='word_1_87' title='bbox 1472 1252 1583 1288; x_wconf 82' lang='lat' dir='ltr'><strong><em>mea</em></strong></span> <span class='ocrx_word' id='word_1_88' title='bbox 1618 1238 1702 1299; x_wconf 87' lang='lat' dir='ltr'><strong><em>sit,</em></strong></span> <span class='ocrx_word' id='word_1_89' title='bbox 1747 1245 1803 1289; x_wconf 91' lang='lat' dir='ltr'><strong><em>ut</em></strong></span> <span class='ocrx_word' id='word_1_90' title='bbox 1834 1236 1957 1289; x_wconf 89' lang='lat' dir='ltr'><strong><em>bar-</em></strong></span> 
     </span>
    </p>
   </div>
   <div class='ocr_carea' id='block_1_13' title="bbox 371 1322 1953 1398">
    <p class='ocr_par' dir='ltr' id='par_1_13' title="bbox 371 1322 1953 1398">
     <span class='ocr_line' id='line_1_13' title="bbox 371 1322 1953 1398; baseline 0.005 -26"><span class='ocrx_word' id='word_1_91' title='bbox 371 1322 501 1374; x_wconf 84' lang='lat' dir='ltr'><strong><em>bare</em></strong></span> <span class='ocrx_word' id='word_1_92' title='bbox 534 1323 742 1393; x_wconf 78' lang='lat' dir='ltr'><strong><em>loquar,</em></strong></span> <span class='ocrx_word' id='word_1_93' title='bbox 766 1328 1107 1391; x_wconf 76' lang='lat' dir='ltr'><strong><em>subsistentia,</em></strong></span> <span class='ocrx_word' id='word_1_94' title='bbox 1140 1344 1234 1381; x_wconf 86' lang='lat' dir='ltr'><strong><em>seu</em></strong></span> <span class='ocrx_word' id='word_1_95' title='bbox 1262 1328 1493 1398; x_wconf 84' lang='lat' dir='ltr'><strong><em>quandiu</em></strong></span> <span class='ocrx_word' id='word_1_96' title='bbox 1526 1329 1611 1382; x_wconf 83' lang='lat' dir='ltr'><strong><em>hic</em></strong></span> <span class='ocrx_word' id='word_1_97' title='bbox 1645 1329 1953 1381; x_wconf 89' lang='lat' dir='ltr'><strong><em>subsistam.</em></strong></span> 
     </span>
    </p>
   </div>
   <div class='ocr_carea' id='block_1_14' title="bbox 368 1416 1952 1489">
    <p class='ocr_par' dir='ltr' id='par_1_14' title="bbox 368 1416 1952 1489">
     <span class='ocr_line' id='line_1_14' title="bbox 368 1416 1952 1489; baseline 0.001 -23"><span class='ocrx_word' id='word_1_98' title='bbox 368 1416 438 1466; x_wconf 83' lang='lat' dir='ltr'><strong><em>At</em></strong></span> <span class='ocrx_word' id='word_1_99' title='bbox 493 1416 710 1469; x_wconf 88' lang='lat' dir='ltr'><strong><em>Latinus</em></strong></span> <span class='ocrx_word' id='word_1_100' title='bbox 759 1418 1026 1486; x_wconf 86' lang='lat' dir='ltr'><strong><em>interpres</em></strong></span> <span class='ocrx_word' id='word_1_101' title='bbox 1083 1435 1358 1489; x_wconf 84' lang='lat' dir='ltr'><strong><em>perperam</em></strong></span> <span class='ocrx_word' id='word_1_102' title='bbox 1408 1421 1565 1473; x_wconf 89' lang='lat' dir='ltr'><strong><em>vertit</em></strong></span> <span class='ocrx_word' id='word_1_103' title='bbox 1592 1420 1952 1481; x_wconf 87' lang='lat' dir='ltr'><strong><em>substantiam,</em></strong></span> 
     </span>
    </p>
   </div>
   <div class='ocr_carea' id='block_1_15' title="bbox 367 1507 1952 1577">
    <p class='ocr_par' dir='ltr' id='par_1_15' title="bbox 367 1507 1952 1577">
     <span class='ocr_line' id='line_1_15' title="bbox 367 1507 1952 1577; baseline 0.004 -21"><span class='ocrx_word' id='word_1_104' title='bbox 367 1507 511 1570; x_wconf 87' lang='lat' dir='ltr'><strong><em>quod</em></strong></span> <span class='ocrx_word' id='word_1_105' title='bbox 551 1523 653 1560; x_wconf 89' lang='lat' dir='ltr'><strong><em>non</em></strong></span> <span class='ocrx_word' id='word_1_106' title='bbox 707 1519 887 1577; x_wconf 86' lang='lat' dir='ltr'><strong><em>posset</em></strong></span> <span class='ocrx_word' id='word_1_107' title='bbox 936 1509 1183 1565; x_wconf 85' lang='lat' dir='ltr'><strong><em>conferre</em></strong></span> <span class='ocrx_word' id='word_1_108' title='bbox 1213 1514 1512 1565; x_wconf 84' lang='lat' dir='ltr'><strong><em>versionem</em></strong></span> <span class='ocrx_word' id='word_1_109' title='bbox 1543 1510 1781 1565; x_wconf 81' lang='lat' dir='ltr'><strong><em>Graecam</em></strong></span> <span class='ocrx_word' id='word_1_110' title='bbox 1832 1526 1952 1565; x_wconf 88' lang='lat' dir='ltr'><strong><em>cum</em></strong></span> 
     </span>
    </p>
   </div>
   <div class='ocr_carea' id='block_1_16' title="bbox 372 1596 1954 1670">
    <p class='ocr_par' dir='ltr' id='par_1_16' title="bbox 372 1596 1954 1670">
     <span class='ocr_line' id='line_1_16' title="bbox 372 1596 1954 1670; baseline 0.003 -21"><span class='ocrx_word' id='word_1_111' title='bbox 372 1596 636 1651; x_wconf 89' lang='lat' dir='ltr'><strong><em>llebraico</em></strong></span> <span class='ocrx_word' id='word_1_112' title='bbox 664 1607 831 1663; x_wconf 85' lang='lat' dir='ltr'><strong><em>textu,</em></strong></span> <span class='ocrx_word' id='word_1_113' title='bbox 869 1616 989 1654; x_wconf 90' lang='lat' dir='ltr'><strong><em>cum</em></strong></span> <span class='ocrx_word' id='word_1_114' title='bbox 1030 1617 1136 1669; x_wconf 91' lang='lat' dir='ltr'><strong><em>quo</em></strong></span> <span class='ocrx_word' id='word_1_115' title='bbox 1177 1602 1276 1655; x_wconf 88' lang='lat' dir='ltr'><strong><em>nisi</em></strong></span> <span class='ocrx_word' id='word_1_116' title='bbox 1307 1602 1609 1657; x_wconf 87' lang='lat' dir='ltr'><strong><em>conferatur</em></strong></span> <span class='ocrx_word' id='word_1_117' title='bbox 1660 1617 1802 1670; x_wconf 74' lang='lat' dir='ltr'><strong><em>saepe</em></strong></span> <span class='ocrx_word' id='word_1_118' title='bbox 1847 1616 1954 1654; x_wconf 89' lang='lat' dir='ltr'><strong><em>non</em></strong></span> 
     </span>
    </p>
   </div>
   <div class='ocr_carea' id='block_1_17' title="bbox 370 1690 1954 1760">
    <p class='ocr_par' dir='ltr' id='par_1_17' title="bbox 370 1690 1954 1760">
     <span class='ocr_line' id='line_1_17' title="bbox 370 1690 1954 1760; baseline 0.003 -21"><span class='ocrx_word' id='word_1_119' title='bbox 370 1698 549 1757; x_wconf 83' lang='lat' dir='ltr'><strong><em>potest</em></strong></span> <span class='ocrx_word' id='word_1_120' title='bbox 594 1690 852 1759; x_wconf 79' lang='lat' dir='ltr'><strong><em>intelligi;</em></strong></span> <span class='ocrx_word' id='word_1_121' title='bbox 905 1692 1046 1746; x_wconf 90' lang='lat' dir='ltr'><strong><em>unde</em></strong></span> <span class='ocrx_word' id='word_1_122' title='bbox 1075 1693 1403 1760; x_wconf 81' lang='lat' dir='ltr'><strong><em>Augustinus</em></strong></span> <span class='ocrx_word' id='word_1_123' title='bbox 1456 1701 1751 1746; x_wconf 83' lang='lat' dir='ltr'><strong><em>contortam</em></strong></span> <span class='ocrx_word' id='word_1_124' title='bbox 1802 1692 1954 1759; x_wconf 85' lang='lat' dir='ltr'><strong><em>illam</em></strong></span> 
     </span>
    </p>
   </div>
   <div class='ocr_carea' id='block_1_18' title="bbox 368 1776 1957 1854">
    <p class='ocr_par' dir='ltr' id='par_1_18' title="bbox 368 1776 1957 1854">
     <span class='ocr_line' id='line_1_18' title="bbox 368 1776 1957 1854; baseline 0.004 -21"><span class='ocrx_word' id='word_1_125' title='bbox 368 1783 603 1850; x_wconf 86' lang='lat' dir='ltr'><strong><em>arripuit</em></strong></span> <span class='ocrx_word' id='word_1_126' title='bbox 628 1784 1148 1852; x_wconf 85' lang='lat' dir='ltr'><strong><em>interpretationem,</em></strong></span> <span class='ocrx_word' id='word_1_127' title='bbox 1179 1801 1334 1854; x_wconf 84' lang='lat' dir='ltr'><strong><em>quam</em></strong></span> <span class='ocrx_word' id='word_1_128' title='bbox 1362 1776 1698 1854; x_wconf 83' lang='lat' dir='ltr'><strong><em>protulimus.</em></strong></span> <span class='ocrx_word' id='word_1_129' title='bbox 1731 1785 1863 1839; x_wconf 83' lang='lat' dir='ltr'><strong><em>Vide</em></strong></span> <span class='ocrx_word' id='word_1_130' title='bbox 1901 1793 1957 1839; x_wconf 89' lang='lat' dir='ltr'><strong><em>et</em></strong></span> 
     </span>
    </p>
   </div>
   <div class='ocr_carea' id='block_1_19' title="bbox 2055 591 3630 662">
    <p class='ocr_par' dir='ltr' id='par_1_19' title="bbox 2055 591 3630 662">
     <span class='ocr_line' id='line_1_19' title="bbox 2055 591 3630 662; baseline 0.002 -17"><span class='ocrx_word' id='word_1_131' title='bbox 2055 591 2170 645; x_wconf 89' lang='lat' dir='ltr'><strong><em>cia:</em></strong></span> <span class='ocrx_word' id='word_1_132' title='bbox 2204 606 2301 647; x_wconf 94' lang='lat' dir='ltr'><strong><em>nec</em></strong></span> <span class='ocrx_word' id='word_1_133' title='bbox 2329 593 2607 661; x_wconf 83' lang='lat' dir='ltr'><strong><em>quisquam</em></strong></span> <span class='ocrx_word' id='word_1_134' title='bbox 2662 593 2815 646; x_wconf 79' lang='lat' dir='ltr'><strong><em>facile</em></strong></span> <span class='ocrx_word' id='word_1_135' title='bbox 2864 593 3047 648; x_wconf 85' lang='lat' dir='ltr'><strong><em>credet</em></strong></span> <span class='ocrx_word' id='word_1_136' title='bbox 3091 594 3476 662; x_wconf 85' lang='lat' dir='ltr'><strong><em>antiquissimis</em></strong></span> <span class='ocrx_word' id='word_1_137' title='bbox 3523 596 3630 649; x_wconf 91' lang='lat' dir='ltr'><strong><em>illis</em></strong></span> 
     </span>
    </p>
   </div>
   <div class='ocr_carea' id='block_1_20' title="bbox 2059 684 3632 755">
    <p class='ocr_par' dir='ltr' id='par_1_20' title="bbox 2059 684 3632 755">
     <span class='ocr_line' id='line_1_20' title="bbox 2059 684 3632 755; baseline 0.003 -18"><span class='ocrx_word' id='word_1_138' title='bbox 2059 685 2389 753; x_wconf 84' lang='lat' dir='ltr'><strong><em>temporibus</em></strong></span> <span class='ocrx_word' id='word_1_139' title='bbox 2415 684 2697 755; x_wconf 61' lang='lat' dir='ltr'><strong><em>Egyptios</em></strong></span> <span class='ocrx_word' id='word_1_140' title='bbox 2720 701 2747 737; x_wconf 89' lang='lat' dir='ltr'><strong><em>a</em></strong></span> <span class='ocrx_word' id='word_1_141' title='bbox 2779 686 2977 740; x_wconf 63' lang='lat' dir='ltr'><strong><em>Graecis</em></strong></span> <span class='ocrx_word' id='word_1_142' title='bbox 3007 686 3274 752; x_wconf 84' lang='lat' dir='ltr'><strong><em>accepisse</em></strong></span> <span class='ocrx_word' id='word_1_143' title='bbox 3306 687 3539 755; x_wconf 80' lang='lat' dir='ltr'><strong><em>reginam</em></strong></span> <span class='ocrx_word' id='word_1_144' title='bbox 3576 697 3632 742; x_wconf 86' lang='lat' dir='ltr'><strong><em>et</em></strong></span> 
     </span>
    </p>
   </div>
   <div class='ocr_carea' id='block_1_21' title="bbox 2056 774 3632 844">
    <p class='ocr_par' dir='ltr' id='par_1_21' title="bbox 2056 774 3632 844">
     <span class='ocr_line' id='line_1_21' title="bbox 2056 774 3632 844; baseline 0.003 -16"><span class='ocrx_word' id='word_1_145' title='bbox 2056 774 2231 828; x_wconf 90' lang='lat' dir='ltr'><strong><em>deam.</em></strong></span> <span class='ocrx_word' id='word_1_146' title='bbox 2269 775 2566 829; x_wconf 85' lang='lat' dir='ltr'><strong><em>Herodotus</em></strong></span> <span class='ocrx_word' id='word_1_147' title='bbox 2591 775 2687 829; x_wconf 90' lang='lat' dir='ltr'><strong><em>lib.</em></strong></span> <span class='ocrx_word' id='word_1_148' title='bbox 2718 792 2751 839; x_wconf 88' lang='grc' dir='ltr'><strong><em>ι,</em></strong></span> <span class='ocrx_word' id='word_1_149' title='bbox 2784 791 2899 844; x_wconf 88' lang='lat' dir='ltr'><strong><em>cap.</em></strong></span> <span class='ocrx_word' id='word_1_150' title='bbox 2924 777 2977 841; x_wconf 78' lang='lat' dir='ltr'><strong><em>l,</em></strong></span> <span class='ocrx_word' id='word_1_151' title='bbox 3012 777 3168 831; x_wconf 87' lang='lat' dir='ltr'><strong><em>docet</em></strong></span> <span class='ocrx_word' id='word_1_152' title='bbox 3210 779 3421 843; x_wconf 85' lang='lat' dir='ltr'><strong><em>quidem</em></strong></span> <span class='ocrx_word' id='word_1_153' title='bbox 3446 779 3632 833; x_wconf 84' lang='lat' dir='ltr'><strong><em>Orien-</em></strong></span> 
     </span>
    </p>
   </div>
   <div class='ocr_carea' id='block_1_22' title="bbox 2059 867 3631 941">
    <p class='ocr_par' dir='ltr' id='par_1_22' title="bbox 2059 867 3631 941">
     <span class='ocr_line' id='line_1_22' title="bbox 2059 867 3631 941; baseline 0.004 -21"><span class='ocrx_word' id='word_1_154' title='bbox 2059 867 2189 922; x_wconf 89' lang='lat' dir='ltr'><strong><em>tales</em></strong></span> <span class='ocrx_word' id='word_1_155' title='bbox 2222 868 2422 923; x_wconf 81' lang='lat' dir='ltr'><strong><em>dixisse</em></strong></span> <span class='ocrx_word' id='word_1_156' title='bbox 2450 868 2626 923; x_wconf 90' lang='lat' dir='ltr'><strong><em>lonem</em></strong></span> <span class='ocrx_word' id='word_1_157' title='bbox 2658 868 2817 923; x_wconf 79' lang='lat' dir='ltr'><strong><em>ivisse</em></strong></span> <span class='ocrx_word' id='word_1_158' title='bbox 2840 870 2891 922; x_wconf 92' lang='lat' dir='ltr'><strong><em>in</em></strong></span> <span class='ocrx_word' id='word_1_159' title='bbox 2927 870 3234 940; x_wconf 62' lang='lat' dir='ltr'><strong><em>A‘Zgyptum,</em></strong></span> <span class='ocrx_word' id='word_1_160' title='bbox 3283 870 3375 924; x_wconf 87' lang='lat' dir='ltr'><strong><em>sed</em></strong></span> <span class='ocrx_word' id='word_1_161' title='bbox 3424 884 3631 941; x_wconf 84' lang='lat' dir='ltr'><strong><em>raptam</em></strong></span> 
     </span>
    </p>
   </div>
   <div class='ocr_carea' id='block_1_23' title="bbox 2056 957 3633 1024">
    <p class='ocr_par' dir='ltr' id='par_1_23' title="bbox 2056 957 3633 1024">
     <span class='ocr_line' id='line_1_23' title="bbox 2056 957 3633 1024; baseline 0.005 -14"><span class='ocrx_word' id='word_1_162' title='bbox 2056 973 2084 1010; x_wconf 92' lang='lat' dir='ltr'><strong><em>a</em></strong></span> <span class='ocrx_word' id='word_1_163' title='bbox 2114 957 2471 1023; x_wconf 77' lang='lat' dir='ltr'><strong><em>Phtenicibus,</em></strong></span> <span class='ocrx_word' id='word_1_164' title='bbox 2523 969 2574 1013; x_wconf 85' lang='lat' dir='ltr'><strong><em>et</em></strong></span> <span class='ocrx_word' id='word_1_165' title='bbox 2622 958 2747 1024; x_wconf 92' lang='lat' dir='ltr'><strong><em>illic,</em></strong></span> <span class='ocrx_word' id='word_1_166' title='bbox 2784 968 2839 1012; x_wconf 91' lang='lat' dir='ltr'><strong><em>ut</em></strong></span> <span class='ocrx_word' id='word_1_167' title='bbox 2870 959 3095 1024; x_wconf 86' lang='lat' dir='ltr'><strong><em>videtur,</em></strong></span> <span class='ocrx_word' id='word_1_168' title='bbox 3138 961 3427 1015; x_wconf 76' lang='lat' dir='ltr'><strong><em>venditem.</em></strong></span> <span class='ocrx_word' id='word_1_169' title='bbox 3481 964 3633 1018; x_wconf 69' lang='lat' dir='ltr'><strong><em>Dica~</em></strong></span> 
     </span>
    </p>
   </div>
   <div class='ocr_carea' id='block_1_24' title="bbox 2058 1049 3634 1121">
    <p class='ocr_par' dir='ltr' id='par_1_24' title="bbox 2058 1049 3634 1121">
     <span class='ocr_line' id='line_1_24' title="bbox 2058 1049 3634 1121; baseline 0.005 -17"><span class='ocrx_word' id='word_1_170' title='bbox 2058 1065 2176 1104; x_wconf 89' lang='lat' dir='ltr'><strong><em>mus</em></strong></span> <span class='ocrx_word' id='word_1_171' title='bbox 2204 1066 2331 1120; x_wconf 89' lang='lat' dir='ltr'><strong><em>ergo</em></strong></span> <span class='ocrx_word' id='word_1_172' title='bbox 2378 1049 2570 1105; x_wconf 90' lang='lat' dir='ltr'><strong><em>lsidem</em></strong></span> <span class='ocrx_word' id='word_1_173' title='bbox 2602 1051 2902 1121; x_wconf 57' lang='lat' dir='ltr'><strong><em>[Egyptian]</em></strong></span> <span class='ocrx_word' id='word_1_174' title='bbox 2946 1055 3108 1108; x_wconf 72' lang='lat' dir='ltr'><strong><em>fuisse</em></strong></span> <span class='ocrx_word' id='word_1_175' title='bbox 3134 1070 3255 1109; x_wconf 91' lang='lat' dir='ltr'><strong><em>cum</em></strong></span> <span class='ocrx_word' id='word_1_176' title='bbox 3288 1057 3521 1111; x_wconf 71' lang='lat' dir='ltr'><strong><em>Diodoro</em></strong></span> <span class='ocrx_word' id='word_1_177' title='bbox 3549 1058 3634 1112; x_wconf 65' lang='grc' dir='ltr'><strong><em>εἰς</em></strong></span> 
     </span>
    </p>
   </div>
   <div class='ocr_carea' id='block_1_25' title="bbox 2058 1140 3632 1215">
    <p class='ocr_par' dir='ltr' id='par_1_25' title="bbox 2058 1140 3632 1215">
     <span class='ocr_line' id='line_1_25' title="bbox 2058 1140 3632 1215; baseline 0.005 -22"><span class='ocrx_word' id='word_1_178' title='bbox 2058 1140 2178 1194; x_wconf 88' lang='lat' dir='ltr'><strong><em>culo</em></strong></span> <span class='ocrx_word' id='word_1_179' title='bbox 2216 1140 2308 1194; x_wconf 89' lang='lat' dir='ltr'><strong><em>lib.</em></strong></span> <span class='ocrx_word' id='word_1_180' title='bbox 2363 1156 2375 1193; x_wconf 90' lang='grc' dir='ltr'>ι</span> <span class='ocrx_word' id='word_1_181' title='bbox 2425 1140 2788 1205; x_wconf 69' lang='grc' dir='ltr'><strong><em>Βίὒιίοιιιεοςιε,</em></strong></span> <span class='ocrx_word' id='word_1_182' title='bbox 2837 1150 2888 1195; x_wconf 80' lang='lat' dir='ltr'><strong><em>et</em></strong></span> <span class='ocrx_word' id='word_1_183' title='bbox 2935 1143 3151 1211; x_wconf 86' lang='lat' dir='ltr'><strong><em>quidem</em></strong></span> <span class='ocrx_word' id='word_1_184' title='bbox 3209 1146 3632 1215; x_wconf 85' lang='lat' dir='ltr'><strong><em>antiquissimam</em></strong></span> 
     </span>
    </p>
   </div>
   <div class='ocr_carea' id='block_1_26' title="bbox 2058 1229 3633 1307">
    <p class='ocr_par' dir='ltr' id='par_1_26' title="bbox 2058 1229 3633 1307">
     <span class='ocr_line' id='line_1_26' title="bbox 2058 1229 3633 1307; baseline 0.007 -24"><span class='ocrx_word' id='word_1_185' title='bbox 2058 1229 2269 1301; x_wconf 67' lang='lat' dir='ltr'><strong><em>Egypti</em></strong></span> <span class='ocrx_word' id='word_1_186' title='bbox 2304 1233 2562 1301; x_wconf 81' lang='lat' dir='ltr'><strong><em>reginam,</em></strong></span> <span class='ocrx_word' id='word_1_187' title='bbox 2609 1233 2747 1301; x_wconf 90' lang='lat' dir='ltr'><strong><em>quod</em></strong></span> <span class='ocrx_word' id='word_1_188' title='bbox 2795 1234 2877 1287; x_wconf 91' lang='lat' dir='ltr'><strong><em>vel</em></strong></span> <span class='ocrx_word' id='word_1_189' title='bbox 2932 1250 3123 1289; x_wconf 91' lang='lat' dir='ltr'><strong><em>nomen</em></strong></span> <span class='ocrx_word' id='word_1_190' title='bbox 3175 1238 3289 1303; x_wconf 90' lang='lat' dir='ltr'><strong><em>ejus</em></strong></span> <span class='ocrx_word' id='word_1_191' title='bbox 3333 1238 3633 1307; x_wconf 79' lang='lat' dir='ltr'><strong><em>signiﬁcat:</em></strong></span> 
     </span>
    </p>
   </div>
   <div class='ocr_carea' id='block_1_27' title="bbox 2058 1323 3635 1402">
    <p class='ocr_par' dir='ltr' id='par_1_27' title="bbox 2058 1323 3635 1402">
     <span class='ocr_line' id='line_1_27' title="bbox 2058 1323 3635 1402; baseline 0.006 -27"><span class='ocrx_word' id='word_1_192' title='bbox 2058 1337 2177 1375; x_wconf 90' lang='lat' dir='ltr'><strong><em>cum</em></strong></span> <span class='ocrx_word' id='word_1_193' title='bbox 2235 1323 2372 1377; x_wconf 92' lang='lat' dir='ltr'><strong><em>idem</em></strong></span> <span class='ocrx_word' id='word_1_194' title='bbox 2415 1326 2643 1391; x_wconf 89' lang='lat' dir='ltr'><strong><em>scriptor</em></strong></span> <span class='ocrx_word' id='word_1_195' title='bbox 2690 1332 2913 1379; x_wconf 87' lang='lat' dir='ltr'><strong><em>testetur</em></strong></span> <span class='ocrx_word' id='word_1_196' title='bbox 2979 1323 3103 1381; x_wconf 76' lang='grc' dir='ltr'><strong><em>ἰο-ιν</em></strong></span> <span class='ocrx_word' id='word_1_197' title='bbox 3148 1329 3635 1402; x_wconf 75' lang='grc' dir='ltr'><strong><em>μεθερμηνευομένην</em></strong></span> 
     </span>
    </p>
   </div>
   <div class='ocr_carea' id='block_1_28' title="bbox 2057 1410 3639 1487">
    <p class='ocr_par' dir='ltr' id='par_1_28' title="bbox 2057 1410 3639 1487">
     <span class='ocr_line' id='line_1_28' title="bbox 2057 1410 3639 1487; baseline 0.004 -21"><span class='ocrx_word' id='word_1_198' title='bbox 2057 1410 2182 1467; x_wconf 77' lang='grc' dir='ltr'><strong><em>εἶναι</em></strong></span> <span class='ocrx_word' id='word_1_199' title='bbox 2216 1415 2460 1474; x_wconf 80' lang='grc' dir='ltr'><strong><em>παλαιὰν,</em></strong></span> <span class='ocrx_word' id='word_1_200' title='bbox 2494 1411 2603 1467; x_wconf 85' lang='lat' dir='ltr'><strong><em>Isin</em></strong></span> <span class='ocrx_word' id='word_1_201' title='bbox 2633 1416 2756 1468; x_wconf 87' lang='lat' dir='ltr'><strong><em>verti</em></strong></span> <span class='ocrx_word' id='word_1_202' title='bbox 2783 1417 3065 1486; x_wconf 86' lang='lat' dir='ltr'><strong><em>antiquam,</em></strong></span> <span class='ocrx_word' id='word_1_203' title='bbox 3096 1417 3375 1487; x_wconf 87' lang='lat' dir='ltr'><strong><em>linguaque</em></strong></span> <span class='ocrx_word' id='word_1_204' title='bbox 3416 1420 3639 1474; x_wconf 83' lang='lat' dir='ltr'><strong><em>Hebrai-</em></strong></span> 
     </span>
    </p>
   </div>
   <div class='ocr_carea' id='block_1_29' title="bbox 2057 1505 3637 1579">
    <p class='ocr_par' dir='ltr' id='par_1_29' title="bbox 2057 1505 3637 1579">
     <span class='ocr_line' id='line_1_29' title="bbox 2057 1505 3637 1579; baseline 0.004 -21"><span class='ocrx_word' id='word_1_205' title='bbox 2057 1519 2141 1565; x_wconf 84' lang='lat' dir='ltr'><strong><em>ca,</em></strong></span> <span class='ocrx_word' id='word_1_206' title='bbox 2173 1520 2290 1573; x_wconf 73' lang='lat' dir='ltr'><strong><em>quae</em></strong></span> <span class='ocrx_word' id='word_1_207' title='bbox 2320 1505 2494 1559; x_wconf 80' lang='lat' dir='ltr'><strong><em>afﬁnis</em></strong></span> <span class='ocrx_word' id='word_1_208' title='bbox 2524 1514 2636 1558; x_wconf 88' lang='lat' dir='ltr'><strong><em>erat</em></strong></span> <span class='ocrx_word' id='word_1_209' title='bbox 2657 1505 2940 1575; x_wconf 61' lang='lat' dir='ltr'><strong><em>Egyptiaa,</em></strong></span> <span class='ocrx_word' id='word_1_210' title='bbox 2980 1515 3127 1565; x_wconf 67' lang='grc' dir='ltr'>ωνων</span> <span class='ocrx_word' id='word_1_211' title='bbox 3176 1508 3455 1579; x_wconf 84' lang='lat' dir='ltr'><strong><em>jaschisch,</em></strong></span> <span class='ocrx_word' id='word_1_212' title='bbox 3486 1520 3637 1565; x_wconf 88' lang='lat' dir='ltr'><strong><em>vetus</em></strong></span> 
     </span>
    </p>
   </div>
   <div class='ocr_carea' id='block_1_30' title="bbox 2058 1594 3638 1666">
    <p class='ocr_par' dir='ltr' id='par_1_30' title="bbox 2058 1594 3638 1666">
     <span class='ocr_line' id='line_1_30' title="bbox 2058 1594 3638 1666; baseline 0.004 -17"><span class='ocrx_word' id='word_1_213' title='bbox 2058 1596 2282 1649; x_wconf 88' lang='lat' dir='ltr'><strong><em>dicatur.</em></strong></span> <span class='ocrx_word' id='word_1_214' title='bbox 2328 1594 2576 1650; x_wconf 86' lang='lat' dir='ltr'><strong><em>Attamen</em></strong></span> <span class='ocrx_word' id='word_1_215' title='bbox 2630 1599 2955 1666; x_wconf 80' lang='lat' dir='ltr'><strong><em>Augustinus</em></strong></span> <span class='ocrx_word' id='word_1_216' title='bbox 3002 1608 3148 1653; x_wconf 88' lang='lat' dir='ltr'><strong><em>recte</em></strong></span> <span class='ocrx_word' id='word_1_217' title='bbox 3188 1610 3371 1653; x_wconf 88' lang='lat' dir='ltr'><strong><em>contra</em></strong></span> <span class='ocrx_word' id='word_1_218' title='bbox 3421 1601 3638 1657; x_wconf 78' lang='lat' dir='ltr'><strong><em>Graecos</em></strong></span> 
     </span>
    </p>
   </div>
   <div class='ocr_carea' id='block_1_31' title="bbox 2060 1686 3639 1761">
    <p class='ocr_par' dir='ltr' id='par_1_31' title="bbox 2060 1686 3639 1761">
     <span class='ocr_line' id='line_1_31' title="bbox 2060 1686 3639 1761; baseline 0.003 -19"><span class='ocrx_word' id='word_1_219' title='bbox 2060 1690 2159 1753; x_wconf 90' lang='lat' dir='ltr'><strong><em>sic,</em></strong></span> <span class='ocrx_word' id='word_1_220' title='bbox 2189 1698 2247 1742; x_wconf 90' lang='lat' dir='ltr'><strong><em>ut</em></strong></span> <span class='ocrx_word' id='word_1_221' title='bbox 2270 1686 2421 1751; x_wconf 82' lang='lat' dir='ltr'><strong><em>facit,</em></strong></span> <span class='ocrx_word' id='word_1_222' title='bbox 2450 1689 2755 1742; x_wconf 87' lang='lat' dir='ltr'><strong><em>ratiocinari</em></strong></span> <span class='ocrx_word' id='word_1_223' title='bbox 2786 1690 2988 1758; x_wconf 86' lang='lat' dir='ltr'><strong><em>potuit;</em></strong></span> <span class='ocrx_word' id='word_1_224' title='bbox 3021 1691 3229 1744; x_wconf 87' lang='lat' dir='ltr'><strong><em>tametsi</em></strong></span> <span class='ocrx_word' id='word_1_225' title='bbox 3261 1690 3542 1761; x_wconf 63' lang='lat' dir='ltr'><strong><em>Egyptios</em></strong></span> <span class='ocrx_word' id='word_1_226' title='bbox 3571 1708 3639 1746; x_wconf 88' lang='lat' dir='ltr'><strong><em>eo</em></strong></span> 
     </span>
    </p>
   </div>
   <div class='ocr_carea' id='block_1_32' title="bbox 2061 1779 3638 1850">
    <p class='ocr_par' dir='ltr' id='par_1_32' title="bbox 2061 1779 3638 1850">
     <span class='ocr_line' id='line_1_32' title="bbox 2061 1779 3638 1850; baseline 0.002 -17"><span class='ocrx_word' id='word_1_227' title='bbox 2061 1780 2219 1834; x_wconf 92' lang='lat' dir='ltr'><strong><em>modo</em></strong></span> <span class='ocrx_word' id='word_1_228' title='bbox 2245 1780 2310 1833; x_wconf 90' lang='lat' dir='ltr'><strong><em>ad</em></strong></span> <span class='ocrx_word' id='word_1_229' title='bbox 2343 1779 2500 1833; x_wconf 82' lang='lat' dir='ltr'><strong><em>fidem</em></strong></span> <span class='ocrx_word' id='word_1_230' title='bbox 2533 1781 2795 1835; x_wconf 89' lang='lat' dir='ltr'><strong><em>adducere</em></strong></span> <span class='ocrx_word' id='word_1_231' title='bbox 2826 1797 2926 1834; x_wconf 92' lang='lat' dir='ltr'><strong><em>non</em></strong></span> <span class='ocrx_word' id='word_1_232' title='bbox 2960 1782 3151 1850; x_wconf 89' lang='lat' dir='ltr'><strong><em>potuit,</em></strong></span> <span class='ocrx_word' id='word_1_233' title='bbox 3193 1797 3314 1836; x_wconf 90' lang='lat' dir='ltr'><strong><em>cum</em></strong></span> <span class='ocrx_word' id='word_1_234' title='bbox 3345 1798 3403 1838; x_wconf 90' lang='lat' dir='ltr'><strong><em>se</em></strong></span> <span class='ocrx_word' id='word_1_235' title='bbox 3432 1784 3638 1839; x_wconf 65' lang='lat' dir='ltr'><strong><em>Graecis</em></strong></span> 
     </span>
    </p>
   </div>
   <div class='ocr_carea' id='block_1_33' title="bbox 367 1862 3637 1949">
    <p class='ocr_par' dir='ltr' id='par_1_33' title="bbox 367 1862 3637 1949">
     <span class='ocr_line' id='line_1_33' title="bbox 367 1862 3637 1949; baseline 0.002 -26"><span class='ocrx_word' id='word_1_236' title='bbox 367 1875 866 1943; x_wconf 74' lang='lat' dir='ltr'><strong><em>interpretationem</em></strong></span> <span class='ocrx_word' id='word_1_237' title='bbox 897 1879 1011 1946; x_wconf 79' lang='lat' dir='ltr'><strong><em>ejus</em></strong></span> <span class='ocrx_word' id='word_1_238' title='bbox 1052 1879 1104 1933; x_wconf 79' lang='lat' dir='ltr'><strong><em>in</em></strong></span> <span class='ocrx_word' id='word_1_239' title='bbox 1131 1880 1271 1934; x_wconf 78' lang='lat' dir='ltr'><strong><em>hunc</em></strong></span> <span class='ocrx_word' id='word_1_240' title='bbox 1314 1880 1598 1949; x_wconf 68' lang='lat' dir='ltr'><strong><em>psalmum.</em></strong></span> <span class='ocrx_word' id='word_1_241' title='bbox 1638 1880 1727 1933; x_wconf 78' lang='lat' dir='ltr'><strong><em>Vir</em></strong></span> <span class='ocrx_word' id='word_1_242' title='bbox 1754 1879 1845 1934; x_wconf 80' lang='lat' dir='ltr'><strong><em>ille</em></strong></span> <span class='ocrx_word' id='word_1_243' title='bbox 1890 1894 1955 1933; x_wconf 72' lang='lat' dir='ltr'><strong><em>ex</em></strong></span> <span class='ocrx_word' id='word_1_244' title='bbox 1987 1862 2036 1925; x_wconf 90' lang='lat' dir='ltr'><strong>B</strong></span> <span class='ocrx_word' id='word_1_245' title='bbox 2064 1872 2230 1925; x_wconf 92' lang='lat' dir='ltr'><strong><em>multo</em></strong></span> <span class='ocrx_word' id='word_1_246' title='bbox 2254 1872 2603 1940; x_wconf 88' lang='lat' dir='ltr'><strong><em>antiquiores,</em></strong></span> <span class='ocrx_word' id='word_1_247' title='bbox 2637 1886 2735 1926; x_wconf 89' lang='lat' dir='ltr'><strong><em>nec</em></strong></span> <span class='ocrx_word' id='word_1_248' title='bbox 2761 1872 2877 1925; x_wconf 89' lang='lat' dir='ltr'><strong><em>sine</em></strong></span> <span class='ocrx_word' id='word_1_249' title='bbox 2932 1872 3162 1937; x_wconf 88' lang='lat' dir='ltr'><strong><em>ratione,</em></strong></span> <span class='ocrx_word' id='word_1_250' title='bbox 3217 1888 3336 1929; x_wconf 86' lang='lat' dir='ltr'><strong><em>esse</em></strong></span> <span class='ocrx_word' id='word_1_251' title='bbox 3366 1884 3637 1944; x_wconf 89' lang='lat' dir='ltr'><strong><em>putarent.</em></strong></span> 
     </span>
    </p>
   </div>
   <div class='ocr_carea' id='block_1_34' title="bbox 367 1968 1949 2039">
    <p class='ocr_par' dir='ltr' id='par_1_34' title="bbox 367 1968 1949 2039">
     <span class='ocr_line' id='line_1_34' title="bbox 367 1968 1949 2039; baseline 0.003 -20"><span class='ocrx_word' id='word_1_252' title='bbox 367 1968 559 2035; x_wconf 86' lang='lat' dir='ltr'><strong><em>quovis</em></strong></span> <span class='ocrx_word' id='word_1_253' title='bbox 586 1968 703 2023; x_wconf 89' lang='lat' dir='ltr'><strong><em>loco</em></strong></span> <span class='ocrx_word' id='word_1_254' title='bbox 745 1971 993 2038; x_wconf 84' lang='lat' dir='ltr'><strong><em>quamvis</em></strong></span> <span class='ocrx_word' id='word_1_255' title='bbox 1022 1971 1345 2026; x_wconf 90' lang='lat' dir='ltr'><strong><em>sententiam</em></strong></span> <span class='ocrx_word' id='word_1_256' title='bbox 1389 1972 1707 2039; x_wconf 80' lang='lat' dir='ltr'><strong><em>exsculpere</em></strong></span> <span class='ocrx_word' id='word_1_257' title='bbox 1741 1971 1949 2038; x_wconf 89' lang='lat' dir='ltr'><strong><em>potuit;</em></strong></span> 
     </span>
    </p>
   </div>
   <div class='ocr_carea' id='block_1_35' title="bbox 368 2058 1954 2128">
    <p class='ocr_par' dir='ltr' id='par_1_35' title="bbox 368 2058 1954 2128">
     <span class='ocr_line' id='line_1_35' title="bbox 368 2058 1954 2128; baseline 0.004 -17"><span class='ocrx_word' id='word_1_258' title='bbox 368 2058 469 2112; x_wconf 86' lang='lat' dir='ltr'><strong><em>sed</em></strong></span> <span class='ocrx_word' id='word_1_259' title='bbox 504 2062 670 2113; x_wconf 89' lang='lat' dir='ltr'><strong><em>miror</em></strong></span> <span class='ocrx_word' id='word_1_260' title='bbox 701 2060 873 2128; x_wconf 90' lang='lat' dir='ltr'><strong><em>ipsum</em></strong></span> <span class='ocrx_word' id='word_1_261' title='bbox 918 2076 1021 2115; x_wconf 92' lang='lat' dir='ltr'><strong><em>non</em></strong></span> <span class='ocrx_word' id='word_1_262' title='bbox 1071 2063 1517 2118; x_wconf 88' lang='lat' dir='ltr'><strong><em>animadvertisse</em></strong></span> <span class='ocrx_word' id='word_1_263' title='bbox 1546 2077 1662 2118; x_wconf 89' lang='lat' dir='ltr'><strong><em>eam</em></strong></span> <span class='ocrx_word' id='word_1_264' title='bbox 1688 2066 1954 2117; x_wconf 83' lang='lat' dir='ltr'><strong><em>rationem</em></strong></span> 
     </span>
    </p>
   </div>
   <div class='ocr_carea' id='block_1_36' title="bbox 371 2149 1952 2224">
    <p class='ocr_par' dir='ltr' id='par_1_36' title="bbox 371 2149 1952 2224">
     <span class='ocr_line' id='line_1_36' title="bbox 371 2149 1952 2224; baseline 0.004 -23"><span class='ocrx_word' id='word_1_265' title='bbox 371 2149 756 2217; x_wconf 87' lang='lat' dir='ltr'><strong><em>interpretandi</em></strong></span> <span class='ocrx_word' id='word_1_266' title='bbox 798 2160 960 2206; x_wconf 90' lang='lat' dir='ltr'><strong><em>totam</em></strong></span> <span class='ocrx_word' id='word_1_267' title='bbox 1004 2167 1123 2208; x_wconf 89' lang='lat' dir='ltr'><strong><em>esse</em></strong></span> <span class='ocrx_word' id='word_1_268' title='bbox 1145 2155 1591 2217; x_wconf 79' lang='lat' dir='ltr'><strong><em>commentitiatn,</em></strong></span> <span class='ocrx_word' id='word_1_269' title='bbox 1622 2165 1673 2209; x_wconf 92' lang='lat' dir='ltr'><strong><em>et</em></strong></span> <span class='ocrx_word' id='word_1_270' title='bbox 1704 2155 1952 2224; x_wconf 73' lang='lat' dir='ltr'><strong><em>figmenta</em></strong></span> 
     </span>
    </p>
   </div>
   <div class='ocr_carea' id='block_1_37' title="bbox 376 2242 1956 2314">
    <p class='ocr_par' dir='ltr' id='par_1_37' title="bbox 376 2242 1956 2314">
     <span class='ocr_line' id='line_1_37' title="bbox 376 2242 1956 2314; baseline 0.004 -20"><span class='ocrx_word' id='word_1_271' title='bbox 376 2257 472 2310; x_wconf 91' lang='lat' dir='ltr'><strong><em>pro</em></strong></span> <span class='ocrx_word' id='word_1_272' title='bbox 492 2242 714 2298; x_wconf 88' lang='lat' dir='ltr'><strong><em>arbitrio</em></strong></span> <span class='ocrx_word' id='word_1_273' title='bbox 740 2247 1061 2314; x_wconf 79' lang='lat' dir='ltr'><strong><em>excogitata,</em></strong></span> <span class='ocrx_word' id='word_1_274' title='bbox 1095 2256 1200 2301; x_wconf 88' lang='lat' dir='ltr'><strong><em>tam</em></strong></span> <span class='ocrx_word' id='word_1_275' title='bbox 1230 2262 1419 2302; x_wconf 88' lang='lat' dir='ltr'><strong><em>secure</em></strong></span> <span class='ocrx_word' id='word_1_276' title='bbox 1447 2255 1500 2302; x_wconf 92' lang='lat' dir='ltr'><strong><em>et</em></strong></span> <span class='ocrx_word' id='word_1_277' title='bbox 1532 2257 1636 2301; x_wconf 89' lang='lat' dir='ltr'><strong><em>tam</em></strong></span> <span class='ocrx_word' id='word_1_278' title='bbox 1681 2247 1956 2302; x_wconf 86' lang='lat' dir='ltr'><strong><em>conliden-</em></strong></span> 
     </span>
    </p>
   </div>
   <div class='ocr_carea' id='block_1_38' title="bbox 370 2334 1085 2401">
    <p class='ocr_par' dir='ltr' id='par_1_38' title="bbox 370 2334 1085 2401">
     <span class='ocr_line' id='line_1_38' title="bbox 370 2334 1085 2401; baseline 0.008 -17"><span class='ocrx_word' id='word_1_279' title='bbox 370 2340 455 2386; x_wconf 88' lang='lat' dir='ltr'><strong><em>ter</em></strong></span> <span class='ocrx_word' id='word_1_280' title='bbox 483 2334 721 2401; x_wconf 87' lang='lat' dir='ltr'><strong><em>proferre</em></strong></span> <span class='ocrx_word' id='word_1_281' title='bbox 750 2338 1085 2392; x_wconf 87' lang='lat' dir='ltr'><strong><em>sustinuisse.</em></strong></span> 
     </span>
    </p>
   </div>
   <div class='ocr_carea' id='block_1_39' title="bbox 443 2425 1955 2497">
    <p class='ocr_par' dir='ltr' id='par_1_39' title="bbox 443 2425 1955 2497">
     <span class='ocr_line' id='line_1_39' title="bbox 443 2425 1955 2497; baseline 0.004 -18"><span class='ocrx_word' id='word_1_282' title='bbox 443 2425 569 2493; x_wconf 87' lang='lat' dir='ltr'><strong><em>Cap.</em></strong></span> <span class='ocrx_word' id='word_1_283' title='bbox 606 2426 690 2481; x_wconf 74' lang='lat' dir='ltr'><strong><em>l4.</em></strong></span> <span class='ocrx_word' id='word_1_284' title='bbox 725 2426 859 2481; x_wconf 79' lang='lat' dir='ltr'><strong><em>Mihi</em></strong></span> <span class='ocrx_word' id='word_1_285' title='bbox 880 2439 1049 2482; x_wconf 88' lang='lat' dir='ltr'><strong><em>autem</em></strong></span> <span class='ocrx_word' id='word_1_286' title='bbox 1076 2431 1365 2485; x_wconf 78' lang='lat' dir='ltr'><strong><em>credibilius</em></strong></span> <span class='ocrx_word' id='word_1_287' title='bbox 1384 2431 1618 2485; x_wconf 81' lang='lat' dir='ltr'><strong><em>videntur</em></strong></span> <span class='ocrx_word' id='word_1_288' title='bbox 1643 2433 1955 2497; x_wconf 79' lang='lat' dir='ltr'><strong><em>existimare,</em></strong></span> 
     </span>
    </p>
   </div>
   <div class='ocr_carea' id='block_1_40' title="bbox 366 2520 1957 2600">
    <p class='ocr_par' dir='ltr' id='par_1_40' title="bbox 366 2520 1957 2600">
     <span class='ocr_line' id='line_1_40' title="bbox 366 2520 1957 2600; baseline 0.005 -29"><span class='ocrx_word' id='word_1_289' title='bbox 366 2520 459 2586; x_wconf 85' lang='lat' dir='ltr'><strong><em>qui</em></strong></span> <span class='ocrx_word' id='word_1_290' title='bbox 489 2536 658 2574; x_wconf 89' lang='lat' dir='ltr'><strong><em>omnes</em></strong></span> <span class='ocrx_word' id='word_1_291' title='bbox 685 2522 803 2576; x_wconf 89' lang='lat' dir='ltr'><strong><em>illos</em></strong></span> <span class='ocrx_word' id='word_1_292' title='bbox 830 2533 1030 2577; x_wconf 80' lang='lat' dir='ltr'><strong><em>centum</em></strong></span> <span class='ocrx_word' id='word_1_293' title='bbox 1080 2533 1128 2577; x_wconf 91' lang='lat' dir='ltr'><strong><em>et</em></strong></span> <span class='ocrx_word' id='word_1_294' title='bbox 1180 2526 1546 2595; x_wconf 82' lang='lat' dir='ltr'><strong><em>quinquaginta</em></strong></span> <span class='ocrx_word' id='word_1_295' title='bbox 1575 2526 1797 2595; x_wconf 86' lang='lat' dir='ltr'><strong><em>psalmos</em></strong></span> <span class='ocrx_word' id='word_1_296' title='bbox 1843 2531 1957 2600; x_wconf 84' lang='lat' dir='ltr'><strong><em>ejus</em></strong></span> 
     </span>
    </p>
   </div>
   <div class='ocr_carea' id='block_1_41' title="bbox 364 2611 1958 2686">
    <p class='ocr_par' dir='ltr' id='par_1_41' title="bbox 364 2611 1958 2686">
     <span class='ocr_line' id='line_1_41' title="bbox 364 2611 1958 2686; baseline 0.007 -24"><span class='ocrx_word' id='word_1_297' title='bbox 364 2613 515 2680; x_wconf 89' lang='lat' dir='ltr'><strong><em>operi</em></strong></span> <span class='ocrx_word' id='word_1_298' title='bbox 563 2611 811 2681; x_wconf 88' lang='lat' dir='ltr'><strong><em>tribuunt,</em></strong></span> <span class='ocrx_word' id='word_1_299' title='bbox 866 2631 1079 2685; x_wconf 88' lang='lat' dir='ltr'><strong><em>eumque</em></strong></span> <span class='ocrx_word' id='word_1_300' title='bbox 1108 2616 1303 2685; x_wconf 89' lang='lat' dir='ltr'><strong><em>aliquos</em></strong></span> <span class='ocrx_word' id='word_1_301' title='bbox 1333 2628 1640 2686; x_wconf 76' lang='lat' dir='ltr'><strong><em>prtenotasse</em></strong></span> <span class='ocrx_word' id='word_1_302' title='bbox 1668 2620 1958 2674; x_wconf 83' lang='lat' dir='ltr'><strong><em>nominibus</em></strong></span> 
     </span>
    </p>
   </div>
   <div class='ocr_carea' id='block_1_42' title="bbox 363 2702 1957 2776">
    <p class='ocr_par' dir='ltr' id='par_1_42' title="bbox 363 2702 1957 2776">
     <span class='ocr_line' id='line_1_42' title="bbox 363 2702 1957 2776; baseline 0.006 -21"><span class='ocrx_word' id='word_1_303' title='bbox 363 2703 614 2771; x_wconf 85' lang='lat' dir='ltr'><strong><em>aliorum,</em></strong></span> <span class='ocrx_word' id='word_1_304' title='bbox 639 2714 742 2758; x_wconf 91' lang='lat' dir='ltr'><strong><em>etc.</em></strong></span> <span class='ocrx_word' id='word_1_305' title='bbox 771 2702 791 2776; x_wconf 91' lang='lat'>]</span> <span class='ocrx_word' id='word_1_306' title='bbox 822 2704 949 2758; x_wconf 85' lang='lat' dir='ltr'><strong><em>Mira</em></strong></span> <span class='ocrx_word' id='word_1_307' title='bbox 977 2706 1215 2774; x_wconf 80' lang='lat' dir='ltr'><strong><em>profecto</em></strong></span> <span class='ocrx_word' id='word_1_308' title='bbox 1243 2716 1324 2761; x_wconf 91' lang='lat' dir='ltr'><strong><em>est</em></strong></span> <span class='ocrx_word' id='word_1_309' title='bbox 1358 2708 1469 2761; x_wconf 67' lang='lat' dir='ltr'><strong><em>haec</em></strong></span> <span class='ocrx_word' id='word_1_310' title='bbox 1516 2710 1803 2775; x_wconf 88' lang='lat' dir='ltr'><strong><em>sententia,</em></strong></span> <span class='ocrx_word' id='word_1_311' title='bbox 1832 2726 1957 2765; x_wconf 88' lang='lat' dir='ltr'><strong><em>nam</em></strong></span> 
     </span>
    </p>
   </div>
   <div class='ocr_carea' id='block_1_43' title="bbox 365 2797 1959 2871">
    <p class='ocr_par' dir='ltr' id='par_1_43' title="bbox 365 2797 1959 2871">
     <span class='ocr_line' id='line_1_43' title="bbox 365 2797 1959 2871; baseline 0.006 -24"><span class='ocrx_word' id='word_1_312' title='bbox 365 2797 415 2847; x_wconf 89' lang='lat' dir='ltr'><strong><em>si</em></strong></span> <span class='ocrx_word' id='word_1_313' title='bbox 448 2797 612 2850; x_wconf 84' lang='lat' dir='ltr'><strong><em>David</em></strong></span> <span class='ocrx_word' id='word_1_314' title='bbox 652 2808 951 2865; x_wconf 73' lang='lat' dir='ltr'><strong><em>prae-notare</em></strong></span> <span class='ocrx_word' id='word_1_315' title='bbox 982 2801 1151 2867; x_wconf 90' lang='lat' dir='ltr'><strong><em>potuit</em></strong></span> <span class='ocrx_word' id='word_1_316' title='bbox 1177 2802 1410 2868; x_wconf 89' lang='lat' dir='ltr'><strong><em>psalmos</em></strong></span> <span class='ocrx_word' id='word_1_317' title='bbox 1433 2803 1691 2871; x_wconf 88' lang='lat' dir='ltr'><strong><em>quosdam</em></strong></span> <span class='ocrx_word' id='word_1_318' title='bbox 1722 2803 1959 2857; x_wconf 74' lang='lat' dir='ltr'><strong><em>noiuini-</em></strong></span> 
     </span>
    </p>
   </div>
   <div class='ocr_carea' id='block_1_44' title="bbox 366 2888 1955 2964">
    <p class='ocr_par' dir='ltr' id='par_1_44' title="bbox 366 2888 1955 2964">
     <span class='ocr_line' id='line_1_44' title="bbox 366 2888 1955 2964; baseline 0.006 -24"><span class='ocrx_word' id='word_1_319' title='bbox 366 2888 472 2941; x_wconf 87' lang='lat' dir='ltr'><strong><em>bus</em></strong></span> <span class='ocrx_word' id='word_1_320' title='bbox 503 2888 752 2954; x_wconf 85' lang='lat' dir='ltr'><strong><em>aliorum,</em></strong></span> <span class='ocrx_word' id='word_1_321' title='bbox 784 2890 902 2959; x_wconf 86' lang='lat' dir='ltr'><strong><em>quis</em></strong></span> <span class='ocrx_word' id='word_1_322' title='bbox 924 2890 1105 2945; x_wconf 90' lang='lat' dir='ltr'><strong><em>docuit</em></strong></span> <span class='ocrx_word' id='word_1_323' title='bbox 1133 2893 1485 2961; x_wconf 83' lang='lat' dir='ltr'><strong><em>Augustinum</em></strong></span> <span class='ocrx_word' id='word_1_324' title='bbox 1512 2909 1605 2948; x_wconf 92' lang='lat' dir='ltr'><strong><em>eos</em></strong></span> <span class='ocrx_word' id='word_1_325' title='bbox 1627 2896 1714 2963; x_wconf 91' lang='lat' dir='ltr'><strong><em>qui</em></strong></span> <span class='ocrx_word' id='word_1_326' title='bbox 1746 2911 1955 2964; x_wconf 80' lang='lat' dir='ltr'><strong><em>praeno-</em></strong></span> 
     </span>
    </p>
   </div>
   <div class='ocr_carea' id='block_1_45' title="bbox 366 2981 1959 3054">
    <p class='ocr_par' dir='ltr' id='par_1_45' title="bbox 366 2981 1959 3054">
     <span class='ocr_line' id='line_1_45' title="bbox 366 2981 1959 3054; baseline 0.006 -21"><span class='ocrx_word' id='word_1_327' title='bbox 366 2981 468 3033; x_wconf 83' lang='lat' dir='ltr'><strong><em>tati</em></strong></span> <span class='ocrx_word' id='word_1_328' title='bbox 500 2989 623 3034; x_wconf 92' lang='lat' dir='ltr'><strong><em>sunt</em></strong></span> <span class='ocrx_word' id='word_1_329' title='bbox 648 2982 866 3037; x_wconf 89' lang='lat' dir='ltr'><strong><em>nomine</em></strong></span> <span class='ocrx_word' id='word_1_330' title='bbox 893 2982 1109 3038; x_wconf 84' lang='lat' dir='ltr'><strong><em>Davidis</em></strong></span> <span class='ocrx_word' id='word_1_331' title='bbox 1137 2984 1205 3037; x_wconf 89' lang='lat' dir='ltr'><strong><em>ab</em></strong></span> <span class='ocrx_word' id='word_1_332' title='bbox 1231 2986 1338 3039; x_wconf 89' lang='lat' dir='ltr'><strong><em>alio</em></strong></span> <span class='ocrx_word' id='word_1_333' title='bbox 1359 2986 1609 3054; x_wconf 90' lang='lat' dir='ltr'><strong><em>quopiam</em></strong></span> <span class='ocrx_word' id='word_1_334' title='bbox 1634 2994 1959 3053; x_wconf 66' lang='lat' dir='ltr'><strong><em>prarnotatos</em></strong></span> 
     </span>
    </p>
   </div>
   <div class='ocr_carea' id='block_1_46' title="bbox 368 3074 1959 3146">
    <p class='ocr_par' dir='ltr' id='par_1_46' title="bbox 368 3074 1959 3146">
     <span class='ocr_line' id='line_1_46' title="bbox 368 3074 1959 3146; baseline 0.003 -20"><span class='ocrx_word' id='word_1_335' title='bbox 368 3089 477 3128; x_wconf 89' lang='lat' dir='ltr'><strong><em>non</em></strong></span> <span class='ocrx_word' id='word_1_336' title='bbox 504 3074 706 3129; x_wconf 82' lang='lat' dir='ltr'><strong><em>fuisse?</em></strong></span> <span class='ocrx_word' id='word_1_337' title='bbox 758 3075 887 3129; x_wconf 83' lang='lat' dir='ltr'><strong><em>Nam</em></strong></span> <span class='ocrx_word' id='word_1_338' title='bbox 918 3077 1059 3146; x_wconf 91' lang='lat' dir='ltr'><strong><em>quod</em></strong></span> <span class='ocrx_word' id='word_1_339' title='bbox 1089 3078 1165 3131; x_wconf 89' lang='lat' dir='ltr'><strong><em>ait</em></strong></span> <span class='ocrx_word' id='word_1_340' title='bbox 1193 3087 1517 3146; x_wconf 73' lang='lat' dir='ltr'><strong><em>praeoptasse</em></strong></span> <span class='ocrx_word' id='word_1_341' title='bbox 1567 3093 1687 3133; x_wconf 89' lang='lat' dir='ltr'><strong><em>eum</em></strong></span> <span class='ocrx_word' id='word_1_342' title='bbox 1727 3078 1959 3133; x_wconf 88' lang='lat' dir='ltr'><strong><em>nomini-</em></strong></span> 
     </span>
    </p>
   </div>
   <div class='ocr_carea' id='block_1_47' title="bbox 373 3166 1958 3238">
    <p class='ocr_par' dir='ltr' id='par_1_47' title="bbox 373 3166 1958 3238">
     <span class='ocr_line' id='line_1_47' title="bbox 373 3166 1958 3238; baseline 0.003 -19"><span class='ocrx_word' id='word_1_343' title='bbox 373 3166 476 3219; x_wconf 87' lang='lat' dir='ltr'><strong><em>bus</em></strong></span> <span class='ocrx_word' id='word_1_344' title='bbox 501 3168 719 3236; x_wconf 82' lang='lat' dir='ltr'><strong><em>aliquid,</em></strong></span> <span class='ocrx_word' id='word_1_345' title='bbox 751 3170 885 3236; x_wconf 86' lang='lat' dir='ltr'><strong><em>quod</em></strong></span> <span class='ocrx_word' id='word_1_346' title='bbox 911 3171 978 3221; x_wconf 86' lang='lat' dir='ltr'><strong><em>ad</em></strong></span> <span class='ocrx_word' id='word_1_347' title='bbox 1007 3186 1114 3222; x_wconf 88' lang='lat' dir='ltr'><strong><em>rem</em></strong></span> <span class='ocrx_word' id='word_1_348' title='bbox 1143 3171 1407 3238; x_wconf 86' lang='lat' dir='ltr'><strong><em>pertineat,</em></strong></span> <span class='ocrx_word' id='word_1_349' title='bbox 1441 3169 1806 3238; x_wconf 80' lang='lat' dir='ltr'><strong><em>ﬁgurantibus,</em></strong></span> <span class='ocrx_word' id='word_1_350' title='bbox 1839 3186 1958 3224; x_wconf 88' lang='lat' dir='ltr'><strong><em>me-</em></strong></span> 
     </span>
    </p>
   </div>
   <div class='ocr_carea' id='block_1_48' title="bbox 376 3260 1956 3329">
    <p class='ocr_par' dir='ltr' id='par_1_48' title="bbox 376 3260 1956 3329">
     <span class='ocr_line' id='line_1_48' title="bbox 376 3260 1956 3329; baseline 0.004 -18"><span class='ocrx_word' id='word_1_351' title='bbox 376 3273 494 3311; x_wconf 83' lang='lat' dir='ltr'><strong><em>rum</em></strong></span> <span class='ocrx_word' id='word_1_352' title='bbox 518 3272 635 3312; x_wconf 89' lang='lat' dir='ltr'><strong><em>esse</em></strong></span> <span class='ocrx_word' id='word_1_353' title='bbox 663 3269 1025 3313; x_wconf 88' lang='lat' dir='ltr'><strong><em>commentum</em></strong></span> <span class='ocrx_word' id='word_1_354' title='bbox 1059 3265 1177 3329; x_wconf 90' lang='lat' dir='ltr'><strong><em>quis</em></strong></span> <span class='ocrx_word' id='word_1_355' title='bbox 1205 3276 1308 3315; x_wconf 89' lang='lat' dir='ltr'><strong><em>non</em></strong></span> <span class='ocrx_word' id='word_1_356' title='bbox 1351 3260 1537 3315; x_wconf 84' lang='lat' dir='ltr'><strong><em>videt?</em></strong></span> <span class='ocrx_word' id='word_1_357' title='bbox 1567 3261 1769 3316; x_wconf 91' lang='lat' dir='ltr'><strong><em>Deinde</em></strong></span> <span class='ocrx_word' id='word_1_358' title='bbox 1795 3277 1956 3317; x_wconf 89' lang='lat' dir='ltr'><strong><em>nemo</em></strong></span> 
     </span>
    </p>
   </div>
   <div class='ocr_carea' id='block_1_49' title="bbox 375 3348 1958 3420">
    <p class='ocr_par' dir='ltr' id='par_1_49' title="bbox 375 3348 1958 3420">
     <span class='ocr_line' id='line_1_49' title="bbox 375 3348 1958 3420; baseline 0.004 -19"><span class='ocrx_word' id='word_1_359' title='bbox 375 3348 543 3415; x_wconf 86' lang='lat' dir='ltr'><strong><em>possit</em></strong></span> <span class='ocrx_word' id='word_1_360' title='bbox 575 3349 808 3404; x_wconf 89' lang='lat' dir='ltr'><strong><em>tribuere</em></strong></span> <span class='ocrx_word' id='word_1_361' title='bbox 848 3349 1035 3404; x_wconf 82' lang='lat' dir='ltr'><strong><em>Davidi</em></strong></span> <span class='ocrx_word' id='word_1_362' title='bbox 1087 3352 1325 3420; x_wconf 89' lang='lat' dir='ltr'><strong><em>psalmos</em></strong></span> <span class='ocrx_word' id='word_1_363' title='bbox 1356 3352 1406 3405; x_wconf 92' lang='lat' dir='ltr'><strong><em>in</em></strong></span> <span class='ocrx_word' id='word_1_364' title='bbox 1433 3350 1626 3419; x_wconf 90' lang='lat' dir='ltr'><strong><em>quibus</em></strong></span> <span class='ocrx_word' id='word_1_365' title='bbox 1668 3352 1865 3407; x_wconf 89' lang='lat' dir='ltr'><strong><em>mentio</em></strong></span> <span class='ocrx_word' id='word_1_366' title='bbox 1898 3354 1958 3407; x_wconf 89' lang='lat' dir='ltr'><strong><em>tit</em></strong></span> 
     </span>
    </p>
   </div>
   <div class='ocr_carea' id='block_1_50' title="bbox 368 3439 1958 3513">
    <p class='ocr_par' dir='ltr' id='par_1_50' title="bbox 368 3439 1958 3513">
     <span class='ocr_line' id='line_1_50' title="bbox 368 3439 1958 3513; baseline 0.003 -21"><span class='ocrx_word' id='word_1_367' title='bbox 368 3439 704 3501; x_wconf 56' lang='lat' dir='ltr'><strong><em>Babylonica».</em></strong></span> <span class='ocrx_word' id='word_1_368' title='bbox 758 3441 1125 3510; x_wconf 87' lang='lat' dir='ltr'><strong><em>captivitatis,</em></strong></span> <span class='ocrx_word' id='word_1_369' title='bbox 1185 3444 1336 3513; x_wconf 90' lang='lat' dir='ltr'><strong><em>quasi</em></strong></span> <span class='ocrx_word' id='word_1_370' title='bbox 1392 3442 1467 3497; x_wconf 87' lang='lat' dir='ltr'><strong><em>rei</em></strong></span> <span class='ocrx_word' id='word_1_371' title='bbox 1520 3442 1842 3511; x_wconf 67' lang='lat' dir='ltr'><strong><em>prieteritte,</em></strong></span> <span class='ocrx_word' id='word_1_372' title='bbox 1898 3451 1958 3497; x_wconf 91' lang='lat' dir='ltr'><strong><em>ut</em></strong></span> 
     </span>
    </p>
   </div>
   <div class='ocr_carea' id='block_1_51' title="bbox 365 3533 746 3600">
    <p class='ocr_par' dir='ltr' id='par_1_51' title="bbox 365 3533 746 3600">
     <span class='ocr_line' id='line_1_51' title="bbox 365 3533 746 3600; baseline 0.016 -17"><span class='ocrx_word' id='word_1_373' title='bbox 365 3533 513 3600; x_wconf 84' lang='lat' dir='ltr'><strong><em>psal.</em></strong></span> <span class='ocrx_word' id='word_1_374' title='bbox 534 3548 746 3589; x_wconf 75' lang='lat' dir='ltr'><strong><em>cxxxvr.</em></strong></span> 
     </span>
    </p>
   </div>
   <div class='ocr_carea' id='block_1_52' title="bbox 444 3622 1953 3697">
    <p class='ocr_par' dir='ltr' id='par_1_52' title="bbox 444 3622 1953 3697">
     <span class='ocr_line' id='line_1_52' title="bbox 444 3622 1953 3697; baseline 0.004 -21"><span class='ocrx_word' id='word_1_375' title='bbox 444 3622 610 3678; x_wconf 71' lang='lat' dir='ltr'><strong><em>Lmno</em></strong></span> <span class='ocrx_word' id='word_1_376' title='bbox 658 3641 805 3680; x_wconf 72' lang='lat' dir='ltr'><strong><em>XVII.</em></strong></span> <span class='ocrx_word' id='word_1_377' title='bbox 851 3628 983 3697; x_wconf 84' lang='lat' dir='ltr'><strong><em>Cap.</em></strong></span> <span class='ocrx_word' id='word_1_378' title='bbox 1013 3629 1065 3683; x_wconf 80' lang='lat'><strong><em>‘5.</em></strong></span> <span class='ocrx_word' id='word_1_379' title='bbox 1092 3628 1167 3682; x_wconf 90' lang='lat' dir='ltr'><strong><em>De</em></strong></span> <span class='ocrx_word' id='word_1_380' title='bbox 1198 3638 1435 3697; x_wconf 87' lang='lat' dir='ltr'><strong><em>tempore</em></strong></span> <span class='ocrx_word' id='word_1_381' title='bbox 1468 3628 1721 3682; x_wconf 85' lang='lat' dir='ltr'><strong><em>natalium</em></strong></span> <span class='ocrx_word' id='word_1_382' title='bbox 1751 3626 1953 3682; x_wconf 87' lang='lat' dir='ltr'><strong><em>lsaaci:</em></strong></span> 
     </span>
    </p>
   </div>
   <div class='ocr_carea' id='block_1_53' title="bbox 364 3711 1956 3788">
    <p class='ocr_par' dir='ltr' id='par_1_53' title="bbox 364 3711 1956 3788">
     <span class='ocr_line' id='line_1_53' title="bbox 364 3711 1956 3788; baseline 0.006 -24"><span class='ocrx_word' id='word_1_383' title='bbox 364 3711 539 3775; x_wconf 85' lang='lat' dir='ltr'><strong><em>Tunc,</em></strong></span> <span class='ocrx_word' id='word_1_384' title='bbox 571 3716 763 3784; x_wconf 87' lang='lat' dir='ltr'><strong><em>inquit,</em></strong></span> <span class='ocrx_word' id='word_1_385' title='bbox 793 3726 839 3770; x_wconf 90' lang='lat' dir='ltr'><strong><em>et</em></strong></span> <span class='ocrx_word' id='word_1_386' title='bbox 864 3718 1084 3788; x_wconf 82' lang='lat' dir='ltr'><strong><em>Assyriis</em></strong></span> <span class='ocrx_word' id='word_1_387' title='bbox 1104 3719 1309 3788; x_wconf 85' lang='lat' dir='ltr'><strong><em>quintus</em></strong></span> <span class='ocrx_word' id='word_1_388' title='bbox 1332 3726 1439 3771; x_wconf 89' lang='lat' dir='ltr'><strong><em>erat</em></strong></span> <span class='ocrx_word' id='word_1_389' title='bbox 1468 3736 1558 3773; x_wconf 75' lang='lat' dir='ltr'><strong><em>rex</em></strong></span> <span class='ocrx_word' id='word_1_390' title='bbox 1584 3719 1826 3784; x_wconf 84' lang='lat' dir='ltr'><strong><em>Aralius;</em></strong></span> <span class='ocrx_word' id='word_1_391' title='bbox 1856 3721 1956 3773; x_wconf 79' lang='lat' dir='ltr'><strong><em>line</em></strong></span> 
     </span>
    </p>
   </div>
   <div class='ocr_carea' id='block_1_54' title="bbox 363 3808 1955 3879">
    <p class='ocr_par' dir='ltr' id='par_1_54' title="bbox 363 3808 1955 3879">
     <span class='ocr_line' id='line_1_54' title="bbox 363 3808 1955 3879; baseline 0.003 -19"><span class='ocrx_word' id='word_1_392' title='bbox 363 3814 473 3870; x_wconf 84' lang='lat' dir='ltr'><strong><em>est,</em></strong></span> <span class='ocrx_word' id='word_1_393' title='bbox 502 3816 619 3873; x_wconf 89' lang='lat' dir='ltr'><strong><em>post</em></strong></span> <span class='ocrx_word' id='word_1_394' title='bbox 640 3808 845 3873; x_wconf 88' lang='lat' dir='ltr'><strong><em>Belum,</em></strong></span> <span class='ocrx_word' id='word_1_395' title='bbox 872 3810 1021 3879; x_wconf 84' lang='lat' dir='ltr'><strong><em>cujus</em></strong></span> <span class='ocrx_word' id='word_1_396' title='bbox 1053 3810 1196 3864; x_wconf 81' lang='lat' dir='ltr'><strong><em>filius</em></strong></span> <span class='ocrx_word' id='word_1_397' title='bbox 1242 3811 1411 3865; x_wconf 90' lang='lat' dir='ltr'><strong><em>Ninus</em></strong></span> <span class='ocrx_word' id='word_1_398' title='bbox 1452 3811 1617 3866; x_wconf 85' lang='lat' dir='ltr'><strong><em>fuisse</em></strong></span> <span class='ocrx_word' id='word_1_399' title='bbox 1654 3811 1869 3866; x_wconf 90' lang='lat' dir='ltr'><strong><em>dicitur.</em></strong></span> <span class='ocrx_word' id='word_1_400' title='bbox 1897 3811 1955 3866; x_wconf 90' lang='lat' dir='ltr'><strong><em>Si</em></strong></span> 
     </span>
    </p>
   </div>
   <div class='ocr_carea' id='block_1_55' title="bbox 362 3898 1953 3979">
    <p class='ocr_par' dir='ltr' id='par_1_55' title="bbox 362 3898 1953 3979">
     <span class='ocr_line' id='line_1_55' title="bbox 362 3898 1953 3979; baseline 0.004 -30"><span class='ocrx_word' id='word_1_401' title='bbox 362 3898 616 3964; x_wconf 77' lang='lat' dir='ltr'><strong><em>sequitur</em></strong></span> <span class='ocrx_word' id='word_1_402' title='bbox 665 3900 750 3953; x_wconf 89' lang='lat' dir='ltr'><strong><em>hic</em></strong></span> <span class='ocrx_word' id='word_1_403' title='bbox 790 3901 1099 3967; x_wconf 87' lang='lat' dir='ltr'><strong><em>Eusebium,</em></strong></span> <span class='ocrx_word' id='word_1_404' title='bbox 1137 3912 1196 3956; x_wconf 92' lang='lat' dir='ltr'><strong><em>ut</em></strong></span> <span class='ocrx_word' id='word_1_405' title='bbox 1235 3903 1466 3967; x_wconf 91' lang='lat' dir='ltr'><strong><em>videtur,</em></strong></span> <span class='ocrx_word' id='word_1_406' title='bbox 1497 3903 1690 3979; x_wconf 33' lang='lat' dir='ltr'><strong><em>debuit.</em></strong></span> <span class='ocrx_word' id='word_1_407' title='bbox 1726 3903 1905 3956; x_wconf 89' lang='lat' dir='ltr'><strong><em>dicere</em></strong></span> <span class='ocrx_word' id='word_1_408' title='bbox 1936 3919 1953 3955; x_wconf 88' lang='lat'><strong>:</strong></span> 
     </span>
    </p>
   </div>
   <div class='ocr_carea' id='block_1_56' title="bbox 363 3991 1956 4062">
    <p class='ocr_par' dir='ltr' id='par_1_56' title="bbox 363 3991 1956 4062">
     <span class='ocr_line' id='line_1_56' title="bbox 363 3991 1956 4062; baseline 0.006 -23"><span class='ocrx_word' id='word_1_409' title='bbox 363 3998 578 4055; x_wconf 78' lang='lat' dir='ltr'><strong><em>quartus</em></strong></span> <span class='ocrx_word' id='word_1_410' title='bbox 597 3999 702 4042; x_wconf 90' lang='lat' dir='ltr'><strong><em>erat</em></strong></span> <span class='ocrx_word' id='word_1_411' title='bbox 732 4006 823 4045; x_wconf 76' lang='lat' dir='ltr'><strong><em>rex</em></strong></span> <span class='ocrx_word' id='word_1_412' title='bbox 866 3991 1038 4055; x_wconf 84' lang='lat' dir='ltr'><strong><em>Arius,</em></strong></span> <span class='ocrx_word' id='word_1_413' title='bbox 1098 4002 1153 4046; x_wconf 93' lang='lat' dir='ltr'><strong><em>ut</em></strong></span> <span class='ocrx_word' id='word_1_414' title='bbox 1203 4008 1271 4047; x_wconf 79' lang='lat' dir='ltr'><strong><em>ex</em></strong></span> <span class='ocrx_word' id='word_1_415' title='bbox 1328 3994 1671 4062; x_wconf 89' lang='lat' dir='ltr'><strong><em>Scaligerana</em></strong></span> <span class='ocrx_word' id='word_1_416' title='bbox 1713 3994 1956 4048; x_wconf 83' lang='lat' dir='ltr'><strong><em>editione</em></strong></span> 
     </span>
    </p>
   </div>
   <div class='ocr_carea' id='block_1_57' title="bbox 364 4080 1957 4155">
    <p class='ocr_par' dir='ltr' id='par_1_57' title="bbox 364 4080 1957 4155">
     <span class='ocr_line' id='line_1_57' title="bbox 364 4080 1957 4155; baseline 0.005 -24"><span class='ocrx_word' id='word_1_417' title='bbox 364 4080 562 4147; x_wconf 87' lang='lat' dir='ltr'><strong><em>liquet.</em></strong></span> <span class='ocrx_word' id='word_1_418' title='bbox 589 4080 667 4135; x_wconf 88' lang='lat' dir='ltr'><strong><em>Ac</em></strong></span> <span class='ocrx_word' id='word_1_419' title='bbox 692 4097 821 4136; x_wconf 89' lang='lat' dir='ltr'><strong><em>sane</em></strong></span> <span class='ocrx_word' id='word_1_420' title='bbox 846 4092 1107 4137; x_wconf 89' lang='lat' dir='ltr'><strong><em>testantur</em></strong></span> <span class='ocrx_word' id='word_1_421' title='bbox 1134 4084 1462 4140; x_wconf 90' lang='lat' dir='ltr'><strong><em>Benedictini</em></strong></span> <span class='ocrx_word' id='word_1_422' title='bbox 1504 4087 1603 4155; x_wconf 87' lang='lat' dir='ltr'><strong><em>legi</em></strong></span> <span class='ocrx_word' id='word_1_423' title='bbox 1636 4088 1685 4140; x_wconf 93' lang='lat' dir='ltr'><strong><em>in</em></strong></span> <span class='ocrx_word' id='word_1_424' title='bbox 1717 4086 1957 4155; x_wconf 87' lang='lat' dir='ltr'><strong><em>pluribus</em></strong></span> 
     </span>
    </p>
   </div>
   <div class='ocr_carea' id='block_1_58' title="bbox 364 4178 1957 4250">
    <p class='ocr_par' dir='ltr' id='par_1_58' title="bbox 364 4178 1957 4250">
     <span class='ocr_line' id='line_1_58' title="bbox 364 4178 1957 4250; baseline 0.003 -21"><span class='ocrx_word' id='word_1_425' title='bbox 364 4191 506 4231; x_wconf 89' lang='lat' dir='ltr'><strong><em>mss.</em></strong></span> <span class='ocrx_word' id='word_1_426' title='bbox 535 4178 758 4243; x_wconf 87' lang='lat' dir='ltr'><strong><em>Arrium,</em></strong></span> <span class='ocrx_word' id='word_1_427' title='bbox 791 4186 845 4233; x_wconf 88' lang='lat' dir='ltr'><strong><em>et</em></strong></span> <span class='ocrx_word' id='word_1_428' title='bbox 882 4178 1105 4234; x_wconf 87' lang='lat' dir='ltr'><strong><em>deberet</em></strong></span> <span class='ocrx_word' id='word_1_429' title='bbox 1151 4189 1407 4249; x_wconf 66' lang='lat' dir='ltr'><strong><em>praeterea</em></strong></span> <span class='ocrx_word' id='word_1_430' title='bbox 1436 4179 1539 4249; x_wconf 77' lang='lat' dir='ltr'><strong><em>legi</em></strong></span> <span class='ocrx_word' id='word_1_431' title='bbox 1568 4188 1806 4250; x_wconf 85' lang='lat' dir='ltr'><strong><em>quartus.</em></strong></span> <span class='ocrx_word' id='word_1_432' title='bbox 1838 4178 1957 4233; x_wconf 71' lang='lat' dir='ltr'><strong><em>CIB-</em></strong></span> 
     </span>
    </p>
   </div>
   <div class='ocr_carea' id='block_1_59' title="bbox 366 4270 1955 4341">
    <p class='ocr_par' dir='ltr' id='par_1_59' title="bbox 366 4270 1955 4341">
     <span class='ocr_line' id='line_1_59' title="bbox 366 4270 1955 4341; baseline 0.001 -19"><span class='ocrx_word' id='word_1_433' title='bbox 366 4280 549 4323; x_wconf 86' lang='lat' dir='ltr'><strong><em>terum</em></strong></span> <span class='ocrx_word' id='word_1_434' title='bbox 605 4270 795 4323; x_wconf 86' lang='lat' dir='ltr'><strong><em>seriem</em></strong></span> <span class='ocrx_word' id='word_1_435' title='bbox 851 4270 987 4324; x_wconf 79' lang='lat' dir='ltr'><strong><em>lianc</em></strong></span> <span class='ocrx_word' id='word_1_436' title='bbox 1035 4273 1377 4341; x_wconf 84' lang='lat' dir='ltr'><strong><em>Assyriorum</em></strong></span> <span class='ocrx_word' id='word_1_437' title='bbox 1430 4288 1613 4339; x_wconf 87' lang='lat' dir='ltr'><strong><em>regum</em></strong></span> <span class='ocrx_word' id='word_1_438' title='bbox 1667 4271 1955 4325; x_wconf 84' lang='lat' dir='ltr'><strong><em>conﬁctam</em></strong></span> 
     </span>
    </p>
   </div>
   <div class='ocr_carea' id='block_1_60' title="bbox 364 4360 1950 4429">
    <p class='ocr_par' dir='ltr' id='par_1_60' title="bbox 364 4360 1950 4429">
     <span class='ocr_line' id='line_1_60' title="bbox 364 4360 1950 4429; baseline 0.001 -17"><span class='ocrx_word' id='word_1_439' title='bbox 364 4360 527 4413; x_wconf 77' lang='lat' dir='ltr'><strong><em>inulti</em></strong></span> <span class='ocrx_word' id='word_1_440' title='bbox 558 4370 760 4429; x_wconf 88' lang='lat' dir='ltr'><strong><em>putant.</em></strong></span> <span class='ocrx_word' id='word_1_441' title='bbox 811 4360 944 4416; x_wconf 88' lang='lat' dir='ltr'><strong><em>Vide</em></strong></span> <span class='ocrx_word' id='word_1_442' title='bbox 997 4361 1149 4417; x_wconf 71' lang='lat' dir='ltr'><strong><em>Jonn.</em></strong></span> <span class='ocrx_word' id='word_1_443' title='bbox 1182 4361 1449 4417; x_wconf 88' lang='lat' dir='ltr'><strong><em>Clericum</em></strong></span> <span class='ocrx_word' id='word_1_444' title='bbox 1499 4362 1564 4415; x_wconf 88' lang='lat' dir='ltr'><strong><em>ad</em></strong></span> <span class='ocrx_word' id='word_1_445' title='bbox 1608 4362 1745 4417; x_wconf 86' lang='lat' dir='ltr'><strong><em>Gen.</em></strong></span> <span class='ocrx_word' id='word_1_446' title='bbox 1780 4378 1835 4427; x_wconf 83' lang='lat' dir='ltr'><strong><em>x,</em></strong></span> <span class='ocrx_word' id='word_1_447' title='bbox 1866 4360 1950 4415; x_wconf 77' lang='grc'><strong><em>10.</em></strong></span> 
     </span>
    </p>
   </div>
   <div class='ocr_carea' id='block_1_61' title="bbox 364 4453 1951 4524">
    <p class='ocr_par' dir='ltr' id='par_1_61' title="bbox 364 4453 1951 4524">
     <span class='ocr_line' id='line_1_61' title="bbox 364 4453 1951 4524; baseline 0 -18"><span class='ocrx_word' id='word_1_448' title='bbox 364 4453 725 4523; x_wconf 88' lang='lat' dir='ltr'><strong><em>Temporibus</em></strong></span> <span class='ocrx_word' id='word_1_449' title='bbox 770 4470 900 4509; x_wconf 89' lang='lat' dir='ltr'><strong><em>sane</em></strong></span> <span class='ocrx_word' id='word_1_450' title='bbox 927 4455 1220 4509; x_wconf 86' lang='lat' dir='ltr'><strong><em>Abrahami</em></strong></span> <span class='ocrx_word' id='word_1_451' title='bbox 1250 4471 1354 4509; x_wconf 93' lang='lat' dir='ltr'><strong><em>non</em></strong></span> <span class='ocrx_word' id='word_1_452' title='bbox 1384 4472 1476 4509; x_wconf 76' lang='lat' dir='ltr'><strong><em>rex</em></strong></span> <span class='ocrx_word' id='word_1_453' title='bbox 1515 4455 1951 4524; x_wconf 77' lang='lat' dir='ltr'><strong><em>Babyloniorum,</em></strong></span> 
     </span>
    </p>
   </div>
   <div class='ocr_carea' id='block_1_62' title="bbox 362 4544 1955 4616">
    <p class='ocr_par' dir='ltr' id='par_1_62' title="bbox 362 4544 1955 4616">
     <span class='ocr_line' id='line_1_62' title="bbox 362 4544 1955 4616; baseline 0.002 -22"><span class='ocrx_word' id='word_1_454' title='bbox 362 4545 463 4612; x_wconf 84' lang='lat' dir='ltr'><strong><em>qui</em></strong></span> <span class='ocrx_word' id='word_1_455' title='bbox 494 4544 579 4598; x_wconf 90' lang='lat' dir='ltr'><strong><em>hic</em></strong></span> <span class='ocrx_word' id='word_1_456' title='bbox 607 4547 946 4616; x_wconf 85' lang='lat' dir='ltr'><strong><em>Assyriorum</em></strong></span> <span class='ocrx_word' id='word_1_457' title='bbox 989 4545 1204 4613; x_wconf 89' lang='lat' dir='ltr'><strong><em>dicitur,</em></strong></span> <span class='ocrx_word' id='word_1_458' title='bbox 1237 4547 1331 4599; x_wconf 87' lang='lat' dir='ltr'><strong><em>sed</em></strong></span> <span class='ocrx_word' id='word_1_459' title='bbox 1382 4547 1738 4615; x_wconf 85' lang='lat' dir='ltr'><strong><em>Elymaeorum</em></strong></span> <span class='ocrx_word' id='word_1_460' title='bbox 1768 4554 1955 4614; x_wconf 88' lang='lat' dir='ltr'><strong><em>poten—</em></strong></span> 
     </span>
    </p>
   </div>
   <div class='ocr_carea' id='block_1_63' title="bbox 1984 3242 2031 3307">
    <p class='ocr_par' dir='ltr' id='par_1_63' title="bbox 1984 3242 2031 3307">
     <span class='ocr_line' id='line_1_63' title="bbox 1984 3242 2031 3307; baseline 0 -2"><span class='ocrx_word' id='word_1_461' title='bbox 1984 3242 2031 3307; x_wconf 85' lang='lat' dir='ltr'><strong><em>C</em></strong></span> 
     </span>
    </p>
   </div>
   <div class='ocr_carea' id='block_1_64' title="bbox 2131 1964 3643 2038">
    <p class='ocr_par' dir='ltr' id='par_1_64' title="bbox 2131 1964 3643 2038">
     <span class='ocr_line' id='line_1_64' title="bbox 2131 1964 3643 2038; baseline 0.001 -19"><span class='ocrx_word' id='word_1_462' title='bbox 2131 1967 2261 2034; x_wconf 87' lang='lat' dir='ltr'><strong><em>Cap.</em></strong></span> <span class='ocrx_word' id='word_1_463' title='bbox 2292 1966 2345 2018; x_wconf 85' lang='lat'><strong><em>5.</em></strong></span> <span class='ocrx_word' id='word_1_464' title='bbox 2381 1964 2479 2018; x_wconf 85' lang='lat' dir='ltr'><strong><em>His</em></strong></span> <span class='ocrx_word' id='word_1_465' title='bbox 2502 1966 2808 2036; x_wconf 78' lang='lat' dir='ltr'><strong><em>temporibus</em></strong></span> <span class='ocrx_word' id='word_1_466' title='bbox 2836 1966 2854 2032; x_wconf 96' lang='lat'>(</span> <span class='ocrx_word' id='word_1_467' title='bbox 2882 1981 3073 2034; x_wconf 88' lang='lat' dir='ltr'><strong><em>nempe</em></strong></span> <span class='ocrx_word' id='word_1_468' title='bbox 3102 1966 3284 2021; x_wconf 84' lang='lat' dir='ltr'><strong><em>Jacobi</em></strong></span> <span class='ocrx_word' id='word_1_469' title='bbox 3308 1968 3326 2035; x_wconf 92' lang='lat'><strong>)</strong></span> <span class='ocrx_word' id='word_1_470' title='bbox 3355 1983 3445 2021; x_wconf 75' lang='lat' dir='ltr'><strong><em>rea:</em></strong></span> <span class='ocrx_word' id='word_1_471' title='bbox 3488 1968 3643 2038; x_wconf 76' lang='lat' dir='ltr'><strong><em>Argi-</em></strong></span> 
     </span>
    </p>
   </div>
   <div class='ocr_carea' id='block_1_65' title="bbox 2059 2057 3642 2130">
    <p class='ocr_par' dir='ltr' id='par_1_65' title="bbox 2059 2057 3642 2130">
     <span class='ocr_line' id='line_1_65' title="bbox 2059 2057 3642 2130; baseline -0.001 -17"><span class='ocrx_word' id='word_1_472' title='bbox 2059 2076 2232 2113; x_wconf 90' lang='lat' dir='ltr'><strong><em>vorum</em></strong></span> <span class='ocrx_word' id='word_1_473' title='bbox 2260 2058 2384 2130; x_wconf 78' lang='lat' dir='ltr'><strong><em>Apis</em></strong></span> <span class='ocrx_word' id='word_1_474' title='bbox 2413 2060 2624 2111; x_wconf 84' lang='lat' dir='ltr'><strong><em>navibus</em></strong></span> <span class='ocrx_word' id='word_1_475' title='bbox 2676 2069 2984 2112; x_wconf 85' lang='lat' dir='ltr'><strong><em>transvectus</em></strong></span> <span class='ocrx_word' id='word_1_476' title='bbox 3010 2059 3063 2111; x_wconf 87' lang='lat' dir='ltr'><strong><em>in</em></strong></span> <span class='ocrx_word' id='word_1_477' title='bbox 3093 2057 3399 2130; x_wconf 64' lang='lat' dir='ltr'><strong><em>Egyptum,</em></strong></span> <span class='ocrx_word' id='word_1_478' title='bbox 3430 2076 3542 2112; x_wconf 87' lang='lat' dir='ltr'><strong><em>cum</em></strong></span> <span class='ocrx_word' id='word_1_479' title='bbox 3570 2060 3642 2113; x_wconf 88' lang='lat' dir='ltr'><strong><em>ibi</em></strong></span> 
     </span>
    </p>
   </div>
   <div class='ocr_carea' id='block_1_66' title="bbox 2059 2148 3642 2219">
    <p class='ocr_par' dir='ltr' id='par_1_66' title="bbox 2059 2148 3642 2219">
     <span class='ocr_line' id='line_1_66' title="bbox 2059 2148 3642 2219; baseline 0.001 -17"><span class='ocrx_word' id='word_1_480' title='bbox 2059 2157 2291 2202; x_wconf 87' lang='lat' dir='ltr'><strong><em>mortuus</em></strong></span> <span class='ocrx_word' id='word_1_481' title='bbox 2341 2148 2538 2219; x_wconf 80' lang='lat' dir='ltr'><strong><em>fuisset,</em></strong></span> <span class='ocrx_word' id='word_1_482' title='bbox 2570 2149 2733 2215; x_wconf 76' lang='lat' dir='ltr'><strong><em>factus</em></strong></span> <span class='ocrx_word' id='word_1_483' title='bbox 2779 2158 2851 2201; x_wconf 88' lang='lat' dir='ltr'><strong><em>est</em></strong></span> <span class='ocrx_word' id='word_1_484' title='bbox 2909 2148 3116 2216; x_wconf 82' lang='lat' dir='ltr'><strong><em>Serapis</em></strong></span> <span class='ocrx_word' id='word_1_485' title='bbox 3145 2149 3365 2201; x_wconf 88' lang='lat' dir='ltr'><strong><em>omnium</em></strong></span> <span class='ocrx_word' id='word_1_486' title='bbox 3387 2150 3642 2204; x_wconf 73' lang='lat' dir='ltr'><strong><em>maximus</em></strong></span> 
     </span>
    </p>
   </div>
   <div class='ocr_carea' id='block_1_67' title="bbox 2062 2238 3637 2312">
    <p class='ocr_par' dir='ltr' id='par_1_67' title="bbox 2062 2238 3637 2312">
     <span class='ocr_line' id='line_1_67' title="bbox 2062 2238 3637 2312; baseline 0.001 -20"><span class='ocrx_word' id='word_1_487' title='bbox 2062 2239 2427 2309; x_wconf 80' lang='lat' dir='ltr'><strong><em>/Egyptiorum</em></strong></span> <span class='ocrx_word' id='word_1_488' title='bbox 2451 2239 2595 2293; x_wconf 87' lang='lat' dir='ltr'><strong><em>deus.</em></strong></span> <span class='ocrx_word' id='word_1_489' title='bbox 2625 2238 2864 2292; x_wconf 84' lang='lat' dir='ltr'><strong><em>Nominis</em></strong></span> <span class='ocrx_word' id='word_1_490' title='bbox 2886 2248 3053 2292; x_wconf 84' lang='lat' dir='ltr'><strong><em>autem</em></strong></span> <span class='ocrx_word' id='word_1_491' title='bbox 3075 2239 3227 2310; x_wconf 86' lang='lat' dir='ltr'><strong><em>hujus</em></strong></span> <span class='ocrx_word' id='word_1_492' title='bbox 3244 2256 3335 2293; x_wconf 88' lang='lat' dir='ltr'><strong><em>cur</em></strong></span> <span class='ocrx_word' id='word_1_493' title='bbox 3363 2256 3465 2293; x_wconf 90' lang='lat' dir='ltr'><strong><em>non</em></strong></span> <span class='ocrx_word' id='word_1_494' title='bbox 3492 2242 3637 2312; x_wconf 82' lang='lat' dir='ltr'><strong><em>Apis,</em></strong></span> 
     </span>
    </p>
   </div>
   <div class='ocr_carea' id='block_1_68' title="bbox 2060 2329 3643 2401">
    <p class='ocr_par' dir='ltr' id='par_1_68' title="bbox 2060 2329 3643 2401">
     <span class='ocr_line' id='line_1_68' title="bbox 2060 2329 3643 2401; baseline -0.002 -15"><span class='ocrx_word' id='word_1_495' title='bbox 2060 2332 2211 2386; x_wconf 90' lang='lat' dir='ltr'><strong><em>etiam</em></strong></span> <span class='ocrx_word' id='word_1_496' title='bbox 2243 2340 2353 2400; x_wconf 88' lang='lat' dir='ltr'><strong><em>post</em></strong></span> <span class='ocrx_word' id='word_1_497' title='bbox 2380 2340 2612 2397; x_wconf 90' lang='lat' dir='ltr'><strong><em>mortem,</em></strong></span> <span class='ocrx_word' id='word_1_498' title='bbox 2654 2330 2743 2383; x_wconf 88' lang='lat' dir='ltr'><strong><em>sed</em></strong></span> <span class='ocrx_word' id='word_1_499' title='bbox 2793 2330 3003 2401; x_wconf 84' lang='lat' dir='ltr'><strong><em>Serapis</em></strong></span> <span class='ocrx_word' id='word_1_500' title='bbox 3028 2329 3315 2400; x_wconf 84' lang='lat' dir='ltr'><strong><em>appellatus</em></strong></span> <span class='ocrx_word' id='word_1_501' title='bbox 3335 2332 3421 2399; x_wconf 85' lang='lat' dir='ltr'><strong><em>sit,</em></strong></span> <span class='ocrx_word' id='word_1_502' title='bbox 3451 2332 3643 2398; x_wconf 63' lang='lat' dir='ltr'><strong><em>{acilli«</em></strong></span> 
     </span>
    </p>
   </div>
   <div class='ocr_carea' id='block_1_69' title="bbox 2061 2423 3643 2495">
    <p class='ocr_par' dir='ltr' id='par_1_69' title="bbox 2061 2423 3643 2495">
     <span class='ocr_line' id='line_1_69' title="bbox 2061 2423 3643 2495; baseline 0.001 -17"><span class='ocrx_word' id='word_1_503' title='bbox 2061 2442 2194 2478; x_wconf 91' lang='lat' dir='ltr'><strong><em>mam</em></strong></span> <span class='ocrx_word' id='word_1_504' title='bbox 2221 2425 2470 2479; x_wconf 91' lang='lat' dir='ltr'><strong><em>rationem</em></strong></span> <span class='ocrx_word' id='word_1_505' title='bbox 2508 2423 2673 2477; x_wconf 83' lang='lat' dir='ltr'><strong><em>Varro</em></strong></span> <span class='ocrx_word' id='word_1_506' title='bbox 2697 2424 2938 2476; x_wconf 86' lang='lat' dir='ltr'><strong><em>reddidit.</em></strong></span> <span class='ocrx_word' id='word_1_507' title='bbox 2985 2423 3117 2489; x_wconf 83' lang='lat' dir='ltr'><strong><em>Quia</em></strong></span> <span class='ocrx_word' id='word_1_508' title='bbox 3138 2425 3270 2477; x_wconf 86' lang='lat' dir='ltr'><strong><em>enim</em></strong></span> <span class='ocrx_word' id='word_1_509' title='bbox 3290 2441 3409 2477; x_wconf 88' lang='lat' dir='ltr'><strong><em>arca</em></strong></span> <span class='ocrx_word' id='word_1_510' title='bbox 3438 2441 3493 2478; x_wconf 77' lang='lat' dir='ltr'><strong><em>in</em></strong></span> <span class='ocrx_word' id='word_1_511' title='bbox 3539 2442 3643 2495; x_wconf 84' lang='lat' dir='ltr'><strong><em>qua</em></strong></span> 
     </span>
    </p>
   </div>
   <div class='ocr_carea' id='block_1_70' title="bbox 2062 2517 3637 2594">
    <p class='ocr_par' dir='ltr' id='par_1_70' title="bbox 2062 2517 3637 2594">
     <span class='ocr_line' id='line_1_70' title="bbox 2062 2517 3637 2594; baseline 0.001 -24"><span class='ocrx_word' id='word_1_512' title='bbox 2062 2527 2289 2571; x_wconf 89' lang='lat' dir='ltr'><strong><em>mortuus</em></strong></span> <span class='ocrx_word' id='word_1_513' title='bbox 2316 2518 2543 2587; x_wconf 89' lang='lat' dir='ltr'><strong><em>ponitur,</em></strong></span> <span class='ocrx_word' id='word_1_514' title='bbox 2571 2517 2706 2586; x_wconf 90' lang='lat' dir='ltr'><strong><em>quod</em></strong></span> <span class='ocrx_word' id='word_1_515' title='bbox 2737 2531 2907 2569; x_wconf 87' lang='lat' dir='ltr'><strong><em>omnes</em></strong></span> <span class='ocrx_word' id='word_1_516' title='bbox 2944 2517 3056 2586; x_wconf 89' lang='lat' dir='ltr'><strong><em>jam</em></strong></span> <span class='ocrx_word' id='word_1_517' title='bbox 3086 2520 3394 2594; x_wconf 79' lang='grc' dir='ltr'><strong><em>σαρκοφάγον</em></strong></span> <span class='ocrx_word' id='word_1_518' title='bbox 3438 2527 3637 2585; x_wconf 88' lang='lat' dir='ltr'><strong><em>vocant,</em></strong></span> 
     </span>
    </p>
   </div>
   <div class='ocr_carea' id='block_1_71' title="bbox 2063 2607 3641 2686">
    <p class='ocr_par' dir='ltr' id='par_1_71' title="bbox 2063 2607 3641 2686">
     <span class='ocr_line' id='line_1_71' title="bbox 2063 2607 3641 2686; baseline -0.001 -21"><span class='ocrx_word' id='word_1_519' title='bbox 2063 2612 2215 2686; x_wconf 79' lang='grc' dir='ltr'><strong><em>σορὸς</em></strong></span> <span class='ocrx_word' id='word_1_520' title='bbox 2261 2609 2447 2663; x_wconf 86' lang='lat' dir='ltr'><strong><em>dicitur</em></strong></span> <span class='ocrx_word' id='word_1_521' title='bbox 2477 2607 2670 2673; x_wconf 66' lang='lat' dir='ltr'><strong><em>Graece,</em></strong></span> <span class='ocrx_word' id='word_1_522' title='bbox 2725 2615 2772 2661; x_wconf 89' lang='lat' dir='ltr'><strong><em>et</em></strong></span> <span class='ocrx_word' id='word_1_523' title='bbox 2818 2608 2887 2660; x_wconf 89' lang='lat' dir='ltr'><strong><em>ibi</em></strong></span> <span class='ocrx_word' id='word_1_524' title='bbox 2940 2623 3054 2660; x_wconf 89' lang='lat' dir='ltr'><strong><em>eum</em></strong></span> <span class='ocrx_word' id='word_1_525' title='bbox 3103 2610 3334 2661; x_wconf 86' lang='lat' dir='ltr'><strong><em>venerari</em></strong></span> <span class='ocrx_word' id='word_1_526' title='bbox 3385 2610 3641 2676; x_wconf 84' lang='lat' dir='ltr'><strong><em>sepultum</em></strong></span> 
     </span>
    </p>
   </div>
   <div class='ocr_carea' id='block_1_72' title="bbox 2062 2700 3636 2773">
    <p class='ocr_par' dir='ltr' id='par_1_72' title="bbox 2062 2700 3636 2773">
     <span class='ocr_line' id='line_1_72' title="bbox 2062 2700 3636 2773; baseline -0.003 -15"><span class='ocrx_word' id='word_1_527' title='bbox 2062 2714 2337 2773; x_wconf 75' lang='lat' dir='ltr'><strong><em>cwperant,</em></strong></span> <span class='ocrx_word' id='word_1_528' title='bbox 2370 2705 2669 2771; x_wconf 89' lang='lat' dir='ltr'><strong><em>priusquam</em></strong></span> <span class='ocrx_word' id='word_1_529' title='bbox 2701 2700 2943 2771; x_wconf 85' lang='lat' dir='ltr'><strong><em>templum</em></strong></span> <span class='ocrx_word' id='word_1_530' title='bbox 2979 2702 3090 2769; x_wconf 83' lang='lat' dir='ltr'><strong><em>ejus</em></strong></span> <span class='ocrx_word' id='word_1_531' title='bbox 3133 2708 3259 2753; x_wconf 82' lang='lat' dir='ltr'><strong><em>esset</em></strong></span> <span class='ocrx_word' id='word_1_532' title='bbox 3304 2709 3636 2767; x_wconf 77' lang='lat' dir='ltr'><strong><em>exstructum,</em></strong></span> 
     </span>
    </p>
   </div>
   <div class='ocr_carea' id='block_1_73' title="bbox 2060 2790 3640 2863">
    <p class='ocr_par' dir='ltr' id='par_1_73' title="bbox 2060 2790 3640 2863">
     <span class='ocr_line' id='line_1_73' title="bbox 2060 2790 3640 2863; baseline -0.002 -14"><span class='ocrx_word' id='word_1_533' title='bbox 2060 2794 2197 2849; x_wconf 79' lang='lat' dir='ltr'><strong><em>velut</em></strong></span> <span class='ocrx_word' id='word_1_534' title='bbox 2218 2809 2359 2848; x_wconf 88' lang='lat' dir='ltr'><strong><em>soros</em></strong></span> <span class='ocrx_word' id='word_1_535' title='bbox 2390 2803 2437 2847; x_wconf 90' lang='lat' dir='ltr'><strong><em>et</em></strong></span> <span class='ocrx_word' id='word_1_536' title='bbox 2458 2793 2604 2862; x_wconf 85' lang='lat' dir='ltr'><strong><em>Apis.</em></strong></span> <span class='ocrx_word' id='word_1_537' title='bbox 2629 2790 2648 2863; x_wconf 92' lang='lat'>]</span> <span class='ocrx_word' id='word_1_538' title='bbox 2690 2791 2851 2859; x_wconf 87' lang='lat' dir='ltr'><strong><em>Quasi</em></strong></span> <span class='ocrx_word' id='word_1_539' title='bbox 2879 2806 3006 2845; x_wconf 90' lang='lat' dir='ltr'><strong><em>vero</em></strong></span> <span class='ocrx_word' id='word_1_540' title='bbox 3032 2790 3297 2845; x_wconf 89' lang='lat' dir='ltr'><strong><em>defuerint</em></strong></span> <span class='ocrx_word' id='word_1_541' title='bbox 3330 2792 3383 2845; x_wconf 92' lang='lat' dir='ltr'><strong><em>in</em></strong></span> <span class='ocrx_word' id='word_1_542' title='bbox 3406 2790 3640 2862; x_wconf 67' lang='lat' dir='ltr'><strong><em>Egypto</em></strong></span> 
     </span>
    </p>
   </div>
   <div class='ocr_carea' id='block_1_74' title="bbox 2065 2883 3640 2955">
    <p class='ocr_par' dir='ltr' id='par_1_74' title="bbox 2065 2883 3640 2955">
     <span class='ocr_line' id='line_1_74' title="bbox 2065 2883 3640 2955; baseline -0.001 -14"><span class='ocrx_word' id='word_1_543' title='bbox 2065 2887 2307 2942; x_wconf 86' lang='lat' dir='ltr'><strong><em>homines</em></strong></span> <span class='ocrx_word' id='word_1_544' title='bbox 2338 2900 2469 2955; x_wconf 91' lang='lat' dir='ltr'><strong><em>quos</em></strong></span> <span class='ocrx_word' id='word_1_545' title='bbox 2495 2886 2549 2939; x_wconf 92' lang='lat' dir='ltr'><strong><em>in</em></strong></span> <span class='ocrx_word' id='word_1_546' title='bbox 2573 2883 2793 2939; x_wconf 90' lang='lat' dir='ltr'><strong><em>deorum</em></strong></span> <span class='ocrx_word' id='word_1_547' title='bbox 2840 2899 3116 2938; x_wconf 92' lang='lat' dir='ltr'><strong><em>numerum</em></strong></span> <span class='ocrx_word' id='word_1_548' title='bbox 3147 2883 3429 2950; x_wconf 83' lang='lat' dir='ltr'><strong><em>referrent,</em></strong></span> <span class='ocrx_word' id='word_1_549' title='bbox 3464 2895 3519 2939; x_wconf 93' lang='lat' dir='ltr'><strong><em>ut</em></strong></span> <span class='ocrx_word' id='word_1_550' title='bbox 3544 2885 3640 2939; x_wconf 89' lang='lat' dir='ltr'><strong><em>ad-</em></strong></span> 
     </span>
    </p>
   </div>
   <div class='ocr_carea' id='block_1_75' title="bbox 2064 2978 3641 3049">
    <p class='ocr_par' dir='ltr' id='par_1_75' title="bbox 2064 2978 3641 3049">
     <span class='ocr_line' id='line_1_75' title="bbox 2064 2978 3641 3049; baseline -0.001 -15"><span class='ocrx_word' id='word_1_551' title='bbox 2064 2982 2340 3035; x_wconf 89' lang='lat' dir='ltr'><strong><em>venientes</em></strong></span> <span class='ocrx_word' id='word_1_552' title='bbox 2369 2995 2438 3034; x_wconf 85' lang='lat' dir='ltr'><strong><em>ex</em></strong></span> <span class='ocrx_word' id='word_1_553' title='bbox 2465 2980 2837 3049; x_wconf 89' lang='lat' dir='ltr'><strong><em>Peloponneso</em></strong></span> <span class='ocrx_word' id='word_1_554' title='bbox 2860 2980 3115 3033; x_wconf 90' lang='lat' dir='ltr'><strong><em>continuo</em></strong></span> <span class='ocrx_word' id='word_1_555' title='bbox 3142 2978 3362 3033; x_wconf 89' lang='lat' dir='ltr'><strong><em>deorum</em></strong></span> <span class='ocrx_word' id='word_1_556' title='bbox 3396 2981 3513 3035; x_wconf 90' lang='lat' dir='ltr'><strong><em>loco</em></strong></span> <span class='ocrx_word' id='word_1_557' title='bbox 3546 2980 3641 3033; x_wconf 88' lang='lat' dir='ltr'><strong><em>ha-</em></strong></span> 
     </span>
    </p>
   </div>
   <div class='ocr_carea' id='block_1_76' title="bbox 2064 3070 3641 3142">
    <p class='ocr_par' dir='ltr' id='par_1_76' title="bbox 2064 3070 3641 3142">
     <span class='ocr_line' id='line_1_76' title="bbox 2064 3070 3641 3142; baseline -0.001 -15"><span class='ocrx_word' id='word_1_558' title='bbox 2064 3074 2291 3134; x_wconf 85' lang='lat' dir='ltr'><strong><em>berent;</em></strong></span> <span class='ocrx_word' id='word_1_559' title='bbox 2327 3081 2419 3126; x_wconf 91' lang='lat' dir='ltr'><strong><em>aut</em></strong></span> <span class='ocrx_word' id='word_1_560' title='bbox 2445 3072 2597 3142; x_wconf 89' lang='lat' dir='ltr'><strong><em>quasi</em></strong></span> <span class='ocrx_word' id='word_1_561' title='bbox 2637 3071 2823 3127; x_wconf 68' lang='lat' dir='ltr'><strong><em>Graece</em></strong></span> <span class='ocrx_word' id='word_1_562' title='bbox 2862 3071 3024 3125; x_wconf 89' lang='lat' dir='ltr'><strong><em>locuti</em></strong></span> <span class='ocrx_word' id='word_1_563' title='bbox 3057 3070 3290 3125; x_wconf 85' lang='lat' dir='ltr'><strong><em>fuerint!</em></strong></span> <span class='ocrx_word' id='word_1_564' title='bbox 3330 3071 3512 3141; x_wconf 83' lang='lat' dir='ltr'><strong><em>Itaque</em></strong></span> <span class='ocrx_word' id='word_1_565' title='bbox 3538 3073 3641 3126; x_wconf 87' lang='lat' dir='ltr'><strong><em>viri</em></strong></span> 
     </span>
    </p>
   </div>
   <div class='ocr_carea' id='block_1_77' title="bbox 2066 3162 3642 3234">
    <p class='ocr_par' dir='ltr' id='par_1_77' title="bbox 2066 3162 3642 3234">
     <span class='ocr_line' id='line_1_77' title="bbox 2066 3162 3642 3234; baseline -0.001 -13"><span class='ocrx_word' id='word_1_566' title='bbox 2066 3167 2210 3221; x_wconf 91' lang='lat' dir='ltr'><strong><em>docti</em></strong></span> <span class='ocrx_word' id='word_1_567' title='bbox 2246 3165 2439 3220; x_wconf 90' lang='lat' dir='ltr'><strong><em>merito</em></strong></span> <span class='ocrx_word' id='word_1_568' title='bbox 2465 3164 2877 3234; x_wconf 87' lang='lat' dir='ltr'><strong><em>originationem</em></strong></span> <span class='ocrx_word' id='word_1_569' title='bbox 2906 3162 3161 3219; x_wconf 86' lang='lat' dir='ltr'><strong><em>Varronis</em></strong></span> <span class='ocrx_word' id='word_1_570' title='bbox 3187 3164 3506 3234; x_wconf 85' lang='lat' dir='ltr'><strong><em>rejeceru-ut,</em></strong></span> <span class='ocrx_word' id='word_1_571' title='bbox 3538 3164 3642 3220; x_wconf 89' lang='lat' dir='ltr'><strong><em>Se-</em></strong></span> 
     </span>
    </p>
   </div>
   <div class='ocr_carea' id='block_1_78' title="bbox 2062 3254 3643 3329">
    <p class='ocr_par' dir='ltr' id='par_1_78' title="bbox 2062 3254 3643 3329">
     <span class='ocr_line' id='line_1_78' title="bbox 2062 3254 3643 3329; baseline -0.002 -15"><span class='ocrx_word' id='word_1_572' title='bbox 2062 3261 2337 3329; x_wconf 88' lang='lat' dir='ltr'><strong><em>rapimque</em></strong></span> <span class='ocrx_word' id='word_1_573' title='bbox 2382 3256 2810 3326; x_wconf 90' lang='lat' dir='ltr'><strong><em>antiquissimum</em></strong></span> <span class='ocrx_word' id='word_1_574' title='bbox 2858 3269 2978 3309; x_wconf 90' lang='lat' dir='ltr'><strong><em>esse</em></strong></span> <span class='ocrx_word' id='word_1_575' title='bbox 3026 3254 3394 3326; x_wconf 64' lang='lat' dir='ltr'><strong><em>Egyptiorum</em></strong></span> <span class='ocrx_word' id='word_1_576' title='bbox 3443 3271 3643 3311; x_wconf 89' lang='lat' dir='ltr'><strong><em>numen</em></strong></span> 
     </span>
    </p>
   </div>
   <div class='ocr_carea' id='block_1_79' title="bbox 2062 3346 3637 3417">
    <p class='ocr_par' dir='ltr' id='par_1_79' title="bbox 2062 3346 3637 3417">
     <span class='ocr_line' id='line_1_79' title="bbox 2062 3346 3637 3417; baseline -0.003 -12"><span class='ocrx_word' id='word_1_577' title='bbox 2062 3351 2456 3414; x_wconf 81' lang='lat' dir='ltr'><strong><em>existimarunt,</em></strong></span> <span class='ocrx_word' id='word_1_578' title='bbox 2480 3357 2535 3403; x_wconf 90' lang='lat' dir='ltr'><strong><em>et</em></strong></span> <span class='ocrx_word' id='word_1_579' title='bbox 2560 3346 2772 3417; x_wconf 89' lang='lat' dir='ltr'><strong><em>quidem</em></strong></span> <span class='ocrx_word' id='word_1_580' title='bbox 2801 3346 3003 3414; x_wconf 91' lang='lat' dir='ltr'><strong><em>aliquot</em></strong></span> <span class='ocrx_word' id='word_1_581' title='bbox 3027 3349 3240 3402; x_wconf 79' lang='lat' dir='ltr'><strong><em>sznculis</em></strong></span> <span class='ocrx_word' id='word_1_582' title='bbox 3269 3346 3463 3416; x_wconf 88' lang='lat' dir='ltr'><strong><em>Argivo</em></strong></span> <span class='ocrx_word' id='word_1_583' title='bbox 3514 3347 3637 3417; x_wconf 86' lang='lat' dir='ltr'><strong><em>Api.</em></strong></span> 
     </span>
    </p>
   </div>
   <div class='ocr_carea' id='block_1_80' title="bbox 2062 3426 3644 3508">
    <p class='ocr_par' dir='ltr' id='par_1_80' title="bbox 2062 3426 3644 3508">
     <span class='ocr_line' id='line_1_80' title="bbox 2062 3426 3644 3508; baseline -0.003 -13"><span class='ocrx_word' id='word_1_584' title='bbox 2062 3442 2195 3496; x_wconf 85' lang='lat' dir='ltr'><strong><em>Vide</em></strong></span> <span class='ocrx_word' id='word_1_585' title='bbox 2225 3440 2336 3495; x_wconf 72' lang='lat' dir='ltr'><strong><em>ius.</em></strong></span> <span class='ocrx_word' id='word_1_586' title='bbox 2384 3439 2717 3508; x_wconf 88' lang='lat' dir='ltr'><strong><em>Scaligerum</em></strong></span> <span class='ocrx_word' id='word_1_587' title='bbox 2766 3438 2819 3491; x_wconf 91' lang='lat' dir='ltr'><strong><em>in</em></strong></span> <span class='ocrx_word' id='word_1_588' title='bbox 2850 3435 3422 3493; x_wconf 84' lang='lat' dir='ltr'><strong><em>Animadversionibus</em></strong></span> <span class='ocrx_word' id='word_1_589' title='bbox 3478 3426 3644 3492; x_wconf 79' lang='lat' dir='ltr'><strong><em>Euse-</em></strong></span> 
     </span>
    </p>
   </div>
   <div class='ocr_carea' id='block_1_81' title="bbox 2062 3526 3643 3595">
    <p class='ocr_par' dir='ltr' id='par_1_81' title="bbox 2062 3526 3643 3595">
     <span class='ocr_line' id='line_1_81' title="bbox 2062 3526 3643 3595; baseline -0.004 -8"><span class='ocrx_word' id='word_1_590' title='bbox 2062 3534 2235 3587; x_wconf 82' lang='lat' dir='ltr'><strong><em>bianis</em></strong></span> <span class='ocrx_word' id='word_1_591' title='bbox 2262 3531 2327 3586; x_wconf 88' lang='lat' dir='ltr'><strong><em>ad</em></strong></span> <span class='ocrx_word' id='word_1_592' title='bbox 2358 3546 2483 3585; x_wconf 93' lang='lat' dir='ltr'><strong><em>ann.</em></strong></span> <span class='ocrx_word' id='word_1_593' title='bbox 2528 3528 2685 3595; x_wconf 80' lang='grc'><strong><em>1750,</em></strong></span> <span class='ocrx_word' id='word_1_594' title='bbox 2711 3537 2763 3582; x_wconf 89' lang='lat' dir='ltr'><strong><em>et</em></strong></span> <span class='ocrx_word' id='word_1_595' title='bbox 2786 3526 2951 3583; x_wconf 89' lang='lat' dir='ltr'><strong><em>Gerh.</em></strong></span> <span class='ocrx_word' id='word_1_596' title='bbox 2978 3527 3130 3583; x_wconf 82' lang='lat' dir='ltr'><strong><em>Joan.</em></strong></span> <span class='ocrx_word' id='word_1_597' title='bbox 3165 3528 3409 3582; x_wconf 86' lang='lat' dir='ltr'><strong><em>Vossium</em></strong></span> <span class='ocrx_word' id='word_1_598' title='bbox 3435 3530 3502 3583; x_wconf 88' lang='lat' dir='ltr'><strong><em>de</em></strong></span> <span class='ocrx_word' id='word_1_599' title='bbox 3525 3529 3643 3582; x_wconf 84' lang='lat' dir='ltr'><strong><em>ldo-</em></strong></span> 
     </span>
    </p>
   </div>
   <div class='ocr_carea' id='block_1_82' title="bbox 2060 3622 3644 3694">
    <p class='ocr_par' dir='ltr' id='par_1_82' title="bbox 2060 3622 3644 3694">
     <span class='ocr_line' id='line_1_82' title="bbox 2060 3622 3644 3694; baseline 0 -15"><span class='ocrx_word' id='word_1_600' title='bbox 2060 3625 2272 3680; x_wconf 90' lang='lat' dir='ltr'><strong><em>lolatria</em></strong></span> <span class='ocrx_word' id='word_1_601' title='bbox 2320 3624 2600 3694; x_wconf 90' lang='lat' dir='ltr'><strong><em>gentilium</em></strong></span> <span class='ocrx_word' id='word_1_602' title='bbox 2634 3623 2726 3676; x_wconf 89' lang='lat' dir='ltr'><strong><em>lib.</em></strong></span> <span class='ocrx_word' id='word_1_603' title='bbox 2758 3638 2796 3687; x_wconf 91' lang='lat' dir='ltr'><strong><em>l,</em></strong></span> <span class='ocrx_word' id='word_1_604' title='bbox 2835 3637 2954 3690; x_wconf 87' lang='lat' dir='ltr'><strong><em>cap.</em></strong></span> <span class='ocrx_word' id='word_1_605' title='bbox 2985 3622 3077 3691; x_wconf 72' lang='lat'><strong><em>29,</em></strong></span> <span class='ocrx_word' id='word_1_606' title='bbox 3108 3625 3351 3691; x_wconf 86' lang='lat' dir='ltr'><strong><em>quamvis</em></strong></span> <span class='ocrx_word' id='word_1_607' title='bbox 3382 3639 3485 3677; x_wconf 92' lang='lat' dir='ltr'><strong><em>non</em></strong></span> <span class='ocrx_word' id='word_1_608' title='bbox 3517 3640 3644 3693; x_wconf 90' lang='lat' dir='ltr'><strong><em>pro-</em></strong></span> 
     </span>
    </p>
   </div>
   <div class='ocr_carea' id='block_1_83' title="bbox 2066 3715 3644 3786">
    <p class='ocr_par' dir='ltr' id='par_1_83' title="bbox 2066 3715 3644 3786">
     <span class='ocr_line' id='line_1_83' title="bbox 2066 3715 3644 3786; baseline 0.001 -15"><span class='ocrx_word' id='word_1_609' title='bbox 2066 3721 2251 3772; x_wconf 87' lang='lat' dir='ltr'><strong><em>bemus</em></strong></span> <span class='ocrx_word' id='word_1_610' title='bbox 2276 3716 2595 3786; x_wconf 90' lang='lat' dir='ltr'><strong><em>posterioris</em></strong></span> <span class='ocrx_word' id='word_1_611' title='bbox 2623 3716 2966 3778; x_wconf 88' lang='lat' dir='ltr'><strong><em>sententiam,</em></strong></span> <span class='ocrx_word' id='word_1_612' title='bbox 2998 3716 3090 3786; x_wconf 90' lang='lat' dir='ltr'><strong><em>qui</em></strong></span> <span class='ocrx_word' id='word_1_613' title='bbox 3111 3715 3394 3786; x_wconf 83' lang='lat' dir='ltr'><strong><em>Josephum</em></strong></span> <span class='ocrx_word' id='word_1_614' title='bbox 3419 3720 3644 3786; x_wconf 84' lang='lat' dir='ltr'><strong><em>patriar-</em></strong></span> 
     </span>
    </p>
   </div>
   <div class='ocr_carea' id='block_1_84' title="bbox 2062 3809 2851 3879">
    <p class='ocr_par' dir='ltr' id='par_1_84' title="bbox 2062 3809 2851 3879">
     <span class='ocr_line' id='line_1_84' title="bbox 2062 3809 2851 3879; baseline -0.005 -14"><span class='ocrx_word' id='word_1_615' title='bbox 2062 3813 2216 3865; x_wconf 69' lang='lat' dir='ltr'><strong><em>cliam</em></strong></span> <span class='ocrx_word' id='word_1_616' title='bbox 2245 3811 2463 3879; x_wconf 74' lang='lat' dir='ltr'><strong><em>Sarapin</em></strong></span> <span class='ocrx_word' id='word_1_617' title='bbox 2490 3810 2687 3864; x_wconf 91' lang='lat' dir='ltr'><strong><em>dictum</em></strong></span> <span class='ocrx_word' id='word_1_618' title='bbox 2719 3809 2851 3862; x_wconf 89' lang='lat' dir='ltr'><strong><em>vult.</em></strong></span> 
     </span>
    </p>
   </div>
   <div class='ocr_carea' id='block_1_85' title="bbox 2134 3899 3645 3972">
    <p class='ocr_par' dir='ltr' id='par_1_85' title="bbox 2134 3899 3645 3972">
     <span class='ocr_line' id='line_1_85' title="bbox 2134 3899 3645 3972; baseline -0.001 -15"><span class='ocrx_word' id='word_1_619' title='bbox 2134 3902 2262 3972; x_wconf 88' lang='lat' dir='ltr'><strong><em>Cap.</em></strong></span> <span class='ocrx_word' id='word_1_620' title='bbox 2288 3903 2341 3957; x_wconf 92' lang='lat'><strong><em>8.</em></strong></span> <span class='ocrx_word' id='word_1_621' title='bbox 2377 3901 2607 3955; x_wconf 82' lang='lat' dir='ltr'><strong><em>Minerva</em></strong></span> <span class='ocrx_word' id='word_1_622' title='bbox 2629 3917 2743 3954; x_wconf 87' lang='lat' dir='ltr'><strong><em>vero</em></strong></span> <span class='ocrx_word' id='word_1_623' title='bbox 2772 3900 2918 3969; x_wconf 84' lang='lat' dir='ltr'><strong><em>longe</em></strong></span> <span class='ocrx_word' id='word_1_624' title='bbox 2949 3900 3026 3954; x_wconf 86' lang='lat' dir='ltr'><strong><em>his</em></strong></span> <span class='ocrx_word' id='word_1_625' title='bbox 3054 3899 3314 3969; x_wconf 85' lang='lat' dir='ltr'><strong><em>(Hercule</em></strong></span> <span class='ocrx_word' id='word_1_626' title='bbox 3353 3911 3406 3956; x_wconf 92' lang='lat' dir='ltr'><strong><em>et</em></strong></span> <span class='ocrx_word' id='word_1_627' title='bbox 3439 3901 3645 3957; x_wconf 44' lang='lat' dir='ltr'><strong><em>Merere</em></strong></span> 
     </span>
    </p>
   </div>
   <div class='ocr_carea' id='block_1_86' title="bbox 2063 3993 3645 4065">
    <p class='ocr_par' dir='ltr' id='par_1_86' title="bbox 2063 3993 3645 4065">
     <span class='ocr_line' id='line_1_86' title="bbox 2063 3993 3645 4065; baseline -0.001 -16"><span class='ocrx_word' id='word_1_628' title='bbox 2063 3997 2179 4065; x_wconf 86' lang='lat' dir='ltr'><strong><em>rio)</em></strong></span> <span class='ocrx_word' id='word_1_629' title='bbox 2211 3996 2481 4063; x_wconf 89' lang='lat' dir='ltr'><strong><em>antiquior.</em></strong></span> <span class='ocrx_word' id='word_1_630' title='bbox 2513 3993 2654 4046; x_wconf 89' lang='lat' dir='ltr'><strong><em>Nam</em></strong></span> <span class='ocrx_word' id='word_1_631' title='bbox 2697 3993 3002 4060; x_wconf 88' lang='lat' dir='ltr'><strong><em>temporibus</em></strong></span> <span class='ocrx_word' id='word_1_632' title='bbox 3033 3993 3219 4065; x_wconf 82' lang='lat' dir='ltr'><strong><em>Ogygii</em></strong></span> <span class='ocrx_word' id='word_1_633' title='bbox 3246 3994 3315 4046; x_wconf 90' lang='lat' dir='ltr'><strong><em>ad</em></strong></span> <span class='ocrx_word' id='word_1_634' title='bbox 3342 3995 3511 4048; x_wconf 90' lang='lat' dir='ltr'><strong><em>lacum</em></strong></span> <span class='ocrx_word' id='word_1_635' title='bbox 3553 3996 3645 4064; x_wconf 85' lang='lat' dir='ltr'><strong><em>qui</em></strong></span> 
     </span>
    </p>
   </div>
   <div class='ocr_carea' id='block_1_87' title="bbox 2062 4085 3645 4156">
    <p class='ocr_par' dir='ltr' id='par_1_87' title="bbox 2062 4085 3645 4156">
     <span class='ocr_line' id='line_1_87' title="bbox 2062 4085 3645 4156; baseline 0.001 -15"><span class='ocrx_word' id='word_1_636' title='bbox 2062 4087 2290 4141; x_wconf 85' lang='lat' dir='ltr'><strong><em>Tritonis</em></strong></span> <span class='ocrx_word' id='word_1_637' title='bbox 2318 4086 2525 4149; x_wconf 90' lang='lat' dir='ltr'><strong><em>dicitur,</em></strong></span> <span class='ocrx_word' id='word_1_638' title='bbox 2558 4085 2797 4153; x_wconf 85' lang='lat' dir='ltr'><strong><em>virginali</em></strong></span> <span class='ocrx_word' id='word_1_639' title='bbox 2817 4086 3113 4156; x_wconf 84' lang='lat' dir='ltr'><strong><em>apparuisse</em></strong></span> <span class='ocrx_word' id='word_1_640' title='bbox 3133 4087 3293 4154; x_wconf 77' lang='lat' dir='ltr'><strong><em>fertur</em></strong></span> <span class='ocrx_word' id='word_1_641' title='bbox 3315 4096 3482 4150; x_wconf 67' lang='lat' dir='ltr'><strong><em>(etate,</em></strong></span> <span class='ocrx_word' id='word_1_642' title='bbox 3506 4089 3645 4142; x_wconf 87' lang='lat' dir='ltr'><strong><em>unde</em></strong></span> 
     </span>
    </p>
   </div>
   <div class='ocr_carea' id='block_1_88' title="bbox 2061 4175 3643 4247">
    <p class='ocr_par' dir='ltr' id='par_1_88' title="bbox 2061 4175 3643 4247">
     <span class='ocr_line' id='line_1_88' title="bbox 2061 4175 3643 4247; baseline 0.001 -14"><span class='ocrx_word' id='word_1_643' title='bbox 2061 4190 2109 4233; x_wconf 88' lang='lat' dir='ltr'><strong><em>et</em></strong></span> <span class='ocrx_word' id='word_1_644' title='bbox 2138 4178 2371 4232; x_wconf 88' lang='lat' dir='ltr'><strong><em>Tritonia</em></strong></span> <span class='ocrx_word' id='word_1_645' title='bbox 2400 4185 2691 4245; x_wconf 89' lang='lat' dir='ltr'><strong><em>nuncupata</em></strong></span> <span class='ocrx_word' id='word_1_646' title='bbox 2712 4185 2805 4238; x_wconf 86' lang='lat' dir='ltr'><strong><em>est,</em></strong></span> <span class='ocrx_word' id='word_1_647' title='bbox 2836 4175 2977 4247; x_wconf 91' lang='lat' dir='ltr'><strong><em>etc.]</em></strong></span> <span class='ocrx_word' id='word_1_648' title='bbox 3000 4177 3386 4247; x_wconf 82' lang='lat' dir='ltr'><strong><em>Etymologiam</em></strong></span> <span class='ocrx_word' id='word_1_649' title='bbox 3411 4180 3643 4235; x_wconf 84' lang='lat' dir='ltr'><strong><em>nominis</em></strong></span> 
     </span>
    </p>
   </div>
   <div class='ocr_carea' id='block_1_89' title="bbox 2063 4267 3641 4336">
    <p class='ocr_par' dir='ltr' id='par_1_89' title="bbox 2063 4267 3641 4336">
     <span class='ocr_line' id='line_1_89' title="bbox 2063 4267 3641 4336; baseline -0.001 -12"><span class='ocrx_word' id='word_1_650' title='bbox 2063 4270 2337 4330; x_wconf 69' lang='lat' dir='ltr'><strong><em>Tritoniae,</em></strong></span> <span class='ocrx_word' id='word_1_651' title='bbox 2370 4276 2424 4323; x_wconf 88' lang='lat' dir='ltr'><strong><em>et</em></strong></span> <span class='ocrx_word' id='word_1_652' title='bbox 2450 4269 2709 4322; x_wconf 90' lang='lat' dir='ltr'><strong><em>rationem</em></strong></span> <span class='ocrx_word' id='word_1_653' title='bbox 2748 4282 2842 4321; x_wconf 91' lang='lat' dir='ltr'><strong><em>cur</em></strong></span> <span class='ocrx_word' id='word_1_654' title='bbox 2862 4280 2895 4321; x_wconf 84' lang='lat' dir='ltr'><strong><em>e</em></strong></span> <span class='ocrx_word' id='word_1_655' title='bbox 2917 4268 3088 4336; x_wconf 88' lang='lat' dir='ltr'><strong><em>capite</em></strong></span> <span class='ocrx_word' id='word_1_656' title='bbox 3110 4267 3254 4322; x_wconf 81' lang='lat' dir='ltr'><strong><em>Jovis</em></strong></span> <span class='ocrx_word' id='word_1_657' title='bbox 3284 4277 3405 4323; x_wconf 90' lang='lat' dir='ltr'><strong><em>nata</em></strong></span> <span class='ocrx_word' id='word_1_658' title='bbox 3429 4270 3641 4325; x_wconf 88' lang='lat' dir='ltr'><strong><em>dicere-</em></strong></span> 
     </span>
    </p>
   </div>
   <div class='ocr_carea' id='block_1_90' title="bbox 2066 4357 3644 4432">
    <p class='ocr_par' dir='ltr' id='par_1_90' title="bbox 2066 4357 3644 4432">
     <span class='ocr_line' id='line_1_90' title="bbox 2066 4357 3644 4432; baseline 0 -17"><span class='ocrx_word' id='word_1_659' title='bbox 2066 4372 2172 4425; x_wconf 91' lang='lat' dir='ltr'><strong><em>tur,</em></strong></span> <span class='ocrx_word' id='word_1_660' title='bbox 2197 4360 2375 4414; x_wconf 90' lang='lat' dir='ltr'><strong><em>attulit</em></strong></span> <span class='ocrx_word' id='word_1_661' title='bbox 2396 4357 2799 4413; x_wconf 83' lang='lat' dir='ltr'><strong><em>verisimiliores</em></strong></span> <span class='ocrx_word' id='word_1_662' title='bbox 2823 4357 2978 4412; x_wconf 80' lang='lat' dir='ltr'><strong><em>Joan.</em></strong></span> <span class='ocrx_word' id='word_1_663' title='bbox 3027 4357 3265 4414; x_wconf 87' lang='lat' dir='ltr'><strong><em>Clericus</em></strong></span> <span class='ocrx_word' id='word_1_664' title='bbox 3306 4361 3371 4415; x_wconf 90' lang='lat' dir='ltr'><strong><em>ad</em></strong></span> <span class='ocrx_word' id='word_1_665' title='bbox 3402 4359 3644 4432; x_wconf 87' lang='lat' dir='ltr'><strong><em>Theogo-</em></strong></span> 
     </span>
    </p>
   </div>
   <div class='ocr_carea' id='block_1_91' title="bbox 2065 4450 2785 4508">
    <p class='ocr_par' dir='ltr' id='par_1_91' title="bbox 2065 4450 2785 4508">
     <span class='ocr_line' id='line_1_91' title="bbox 2065 4450 2785 4508; baseline -0.006 -1"><span class='ocrx_word' id='word_1_666' title='bbox 2065 4456 2207 4507; x_wconf 89' lang='lat' dir='ltr'><strong><em>niam</em></strong></span> <span class='ocrx_word' id='word_1_667' title='bbox 2241 4452 2456 4508; x_wconf 81' lang='lat' dir='ltr'><strong><em>Hesiodi</em></strong></span> <span class='ocrx_word' id='word_1_668' title='bbox 2489 4467 2630 4506; x_wconf 89' lang='lat' dir='ltr'><strong><em>vers.</em></strong></span> <span class='ocrx_word' id='word_1_669' title='bbox 2662 4450 2785 4506; x_wconf 80' lang='lat'><strong><em>895.</em></strong></span> 
     </span>
    </p>
   </div>
   <div class='ocr_carea' id='block_1_92' title="bbox 2134 4536 3643 4617">
    <p class='ocr_par' dir='ltr' id='par_1_92' title="bbox 2134 4536 3643 4617">
     <span class='ocr_line' id='line_1_92' title="bbox 2134 4536 3643 4617; baseline 0.003 -18"><span class='ocrx_word' id='word_1_670' title='bbox 2134 4544 2264 4614; x_wconf 89' lang='lat' dir='ltr'><strong><em>Cap.</em></strong></span> <span class='ocrx_word' id='word_1_671' title='bbox 2295 4544 2381 4599; x_wconf 67' lang='grc'><strong><em>12.</em></strong></span> <span class='ocrx_word' id='word_1_672' title='bbox 2409 4543 2565 4597; x_wconf 88' lang='lat' dir='ltr'><strong><em>Hisce</em></strong></span> <span class='ocrx_word' id='word_1_673' title='bbox 2611 4543 2920 4611; x_wconf 74' lang='lat' dir='ltr'><strong><em>temporibus</em></strong></span> <span class='ocrx_word' id='word_1_674' title='bbox 2947 4536 3199 4597; x_wconf 80' lang='lat' dir='ltr'><strong><em>Hercules</em></strong></span> <span class='ocrx_word' id='word_1_675' title='bbox 3243 4544 3298 4597; x_wconf 86' lang='lat' dir='ltr'><strong><em>in</em></strong></span> <span class='ocrx_word' id='word_1_676' title='bbox 3340 4538 3495 4615; x_wconf 80' lang='lat' dir='ltr'><strong><em>Syria</em></strong></span> <span class='ocrx_word' id='word_1_677' title='bbox 3525 4547 3548 4617; x_wconf 84' lang='lat'><strong>(</strong></span> <span class='ocrx_word' id='word_1_678' title='bbox 3565 4548 3643 4603; x_wconf 85' lang='lat' dir='ltr'><strong><em>sic</em></strong></span> 
     </span>
    </p>
   </div>
   <div class='ocr_carea' id='block_1_93' title="bbox 365 4619 3643 4707">
    <p class='ocr_par' dir='ltr' id='par_1_93' title="bbox 365 4619 3643 4707">
     <span class='ocr_line' id='line_1_93' title="bbox 365 4619 3643 4707; baseline 0.001 -19"><span class='ocrx_word' id='word_1_679' title='bbox 365 4636 611 4691; x_wconf 85' lang='lat' dir='ltr'><strong><em>tissimus</em></strong></span> <span class='ocrx_word' id='word_1_680' title='bbox 650 4646 765 4692; x_wconf 89' lang='lat' dir='ltr'><strong><em>erat</em></strong></span> <span class='ocrx_word' id='word_1_681' title='bbox 809 4653 991 4707; x_wconf 89' lang='lat' dir='ltr'><strong><em>regum</em></strong></span> <span class='ocrx_word' id='word_1_682' title='bbox 1020 4638 1655 4706; x_wconf 88' lang='lat' dir='ltr'><strong><em>Transeuphratensium.</em></strong></span> <span class='ocrx_word' id='word_1_683' title='bbox 1689 4636 1822 4692; x_wconf 84' lang='lat' dir='ltr'><strong><em>Vide</em></strong></span> <span class='ocrx_word' id='word_1_684' title='bbox 1851 4619 2036 4691; x_wconf 46' lang='grc' dir='ltr'><strong><em>(ἔρ-’1)</em></strong></span> <span class='ocrx_word' id='word_1_685' title='bbox 2065 4636 2262 4691; x_wconf 82' lang='lat' dir='ltr'><strong><em>habent</em></strong></span> <span class='ocrx_word' id='word_1_686' title='bbox 2290 4650 2444 4699; x_wconf 91' lang='lat' dir='ltr'><strong><em>mss.,</em></strong></span> <span class='ocrx_word' id='word_1_687' title='bbox 2477 4649 2579 4689; x_wconf 93' lang='lat' dir='ltr'><strong><em>non</em></strong></span> <span class='ocrx_word' id='word_1_688' title='bbox 2610 4635 2661 4687; x_wconf 93' lang='lat' dir='ltr'><strong><em>in</em></strong></span> <span class='ocrx_word' id='word_1_689' title='bbox 2685 4632 2843 4703; x_wconf 85' lang='lat' dir='ltr'><strong><em>Tyria</em></strong></span> <span class='ocrx_word' id='word_1_690' title='bbox 2874 4643 2929 4688; x_wconf 90' lang='lat' dir='ltr'><strong><em>ut</em></strong></span> <span class='ocrx_word' id='word_1_691' title='bbox 2956 4643 3037 4688; x_wconf 90' lang='lat' dir='ltr'><strong><em>est</em></strong></span> <span class='ocrx_word' id='word_1_692' title='bbox 3066 4634 3119 4687; x_wconf 92' lang='lat' dir='ltr'><strong><em>in</em></strong></span> <span class='ocrx_word' id='word_1_693' title='bbox 3142 4634 3465 4690; x_wconf 89' lang='lat' dir='ltr'><strong><em>editionibus</em></strong></span> <span class='ocrx_word' id='word_1_694' title='bbox 3491 4633 3510 4706; x_wconf 88' lang='lat'><strong>)</strong></span> <span class='ocrx_word' id='word_1_695' title='bbox 3534 4637 3643 4692; x_wconf 88' lang='lat' dir='ltr'><strong><em>cla-</em></strong></span> 
     </span>
    </p>
   </div>
   <div class='ocr_carea' id='block_1_94' title="bbox 364 4729 730 4789">
    <p class='ocr_par' dir='ltr' id='par_1_94' title="bbox 364 4729 730 4789">
     <span class='ocr_line' id='line_1_94' title="bbox 364 4729 730 4789; baseline 0.005 -9"><span class='ocrx_word' id='word_1_696' title='bbox 364 4742 494 4782; x_wconf 89' lang='lat' dir='ltr'><strong><em>nes.</em></strong></span> <span class='ocrx_word' id='word_1_697' title='bbox 524 4744 627 4789; x_wconf 80' lang='lat' dir='ltr'><strong><em>xw,</em></strong></span> <span class='ocrx_word' id='word_1_698' title='bbox 676 4729 730 4782; x_wconf 76' lang='grc'><strong>4.</strong></span> 
     </span>
    </p>
   </div>
   <div class='ocr_carea' id='block_1_95' title="bbox 446 4815 1956 4890">
    <p class='ocr_par' dir='ltr' id='par_1_95' title="bbox 446 4815 1956 4890">
     <span class='ocr_line' id='line_1_95' title="bbox 446 4815 1956 4890; baseline 0 -19"><span class='ocrx_word' id='word_1_699' title='bbox 446 4818 578 4872; x_wconf 92' lang='lat' dir='ltr'><strong><em>lbid.</em></strong></span> <span class='ocrx_word' id='word_1_700' title='bbox 608 4818 670 4873; x_wconf 86' lang='lat' dir='ltr'><strong><em>Io</em></strong></span> <span class='ocrx_word' id='word_1_701' title='bbox 701 4819 811 4887; x_wconf 74' lang='lat' dir='ltr'><strong><em>[ilia</em></strong></span> <span class='ocrx_word' id='word_1_702' title='bbox 834 4819 1018 4873; x_wconf 85' lang='lat' dir='ltr'><strong><em>Inachi</em></strong></span> <span class='ocrx_word' id='word_1_703' title='bbox 1046 4822 1200 4889; x_wconf 75' lang='lat' dir='ltr'><strong><em>fuisse</em></strong></span> <span class='ocrx_word' id='word_1_704' title='bbox 1222 4820 1510 4890; x_wconf 83' lang='lat' dir='ltr'><strong><em>perhibetur</em></strong></span> <span class='ocrx_word' id='word_1_705' title='bbox 1525 4834 1635 4889; x_wconf 65' lang='lat' dir='ltr'><strong><em>quae</em></strong></span> <span class='ocrx_word' id='word_1_706' title='bbox 1654 4828 1827 4888; x_wconf 88' lang='lat' dir='ltr'><strong><em>postea</em></strong></span> <span class='ocrx_word' id='word_1_707' title='bbox 1854 4815 1881 4869; x_wconf 83' lang='grc' dir='ltr'><strong><em>Ι</em></strong></span> <span class='ocrx_word' id='word_1_708' title='bbox 1886 4820 1956 4871; x_wconf 88' lang='lat' dir='ltr'><strong><em>sis</em></strong></span> 
     </span>
    </p>
   </div>
   <div class='ocr_carea' id='block_1_96' title="bbox 359 4909 1956 4983">
    <p class='ocr_par' dir='ltr' id='par_1_96' title="bbox 359 4909 1956 4983">
     <span class='ocr_line' id='line_1_96' title="bbox 359 4909 1956 4983; baseline -0.001 -20"><span class='ocrx_word' id='word_1_709' title='bbox 359 4909 651 4980; x_wconf 84' lang='lat' dir='ltr'><strong><em>appellata,</em></strong></span> <span class='ocrx_word' id='word_1_710' title='bbox 680 4922 736 4965; x_wconf 87' lang='lat' dir='ltr'><strong><em>ut</em></strong></span> <span class='ocrx_word' id='word_1_711' title='bbox 762 4929 948 4983; x_wconf 89' lang='lat' dir='ltr'><strong><em>magna</em></strong></span> <span class='ocrx_word' id='word_1_712' title='bbox 970 4912 1065 4964; x_wconf 86' lang='lat' dir='ltr'><strong><em>dea</em></strong></span> <span class='ocrx_word' id='word_1_713' title='bbox 1091 4911 1229 4965; x_wconf 84' lang='lat' dir='ltr'><strong><em>culta</em></strong></span> <span class='ocrx_word' id='word_1_714' title='bbox 1276 4922 1349 4965; x_wconf 90' lang='lat' dir='ltr'><strong><em>est</em></strong></span> <span class='ocrx_word' id='word_1_715' title='bbox 1376 4913 1429 4963; x_wconf 89' lang='lat' dir='ltr'><strong><em>in</em></strong></span> <span class='ocrx_word' id='word_1_716' title='bbox 1455 4910 1686 4980; x_wconf 64' lang='lat' dir='ltr'><strong><em>Egypto</em></strong></span> <span class='ocrx_word' id='word_1_717' title='bbox 1709 4927 1727 4971; x_wconf 85' lang='lat'><strong><em>;</em></strong></span> <span class='ocrx_word' id='word_1_718' title='bbox 1776 4925 1956 4979; x_wconf 85' lang='lat' dir='ltr'><strong><em>quam-</em></strong></span> 
     </span>
    </p>
   </div>
   <div class='ocr_carea' id='block_1_97' title="bbox 358 5000 1957 5073">
    <p class='ocr_par' dir='ltr' id='par_1_97' title="bbox 358 5000 1957 5073">
     <span class='ocr_line' id='line_1_97' title="bbox 358 5000 1957 5073; baseline -0.002 -18"><span class='ocrx_word' id='word_1_719' title='bbox 358 5002 446 5055; x_wconf 78' lang='lat' dir='ltr'><strong><em>vis</em></strong></span> <span class='ocrx_word' id='word_1_720' title='bbox 475 5001 566 5054; x_wconf 87' lang='lat' dir='ltr'><strong><em>alii</em></strong></span> <span class='ocrx_word' id='word_1_721' title='bbox 583 5002 803 5056; x_wconf 89' lang='lat' dir='ltr'><strong><em>scribant</em></strong></span> <span class='ocrx_word' id='word_1_722' title='bbox 824 5020 936 5057; x_wconf 89' lang='lat' dir='ltr'><strong><em>eam</em></strong></span> <span class='ocrx_word' id='word_1_723' title='bbox 959 5020 1023 5056; x_wconf 76' lang='lat' dir='ltr'><strong><em>ea:</em></strong></span> <span class='ocrx_word' id='word_1_724' title='bbox 1051 5001 1326 5073; x_wconf 70' lang='lat' dir='ltr'><strong><em>.EthiOpia</em></strong></span> <span class='ocrx_word' id='word_1_725' title='bbox 1367 5004 1419 5055; x_wconf 89' lang='lat' dir='ltr'><strong><em>in</em></strong></span> <span class='ocrx_word' id='word_1_726' title='bbox 1450 5001 1734 5072; x_wconf 85' lang='lat' dir='ltr'><strong><em>/Egyptum</em></strong></span> <span class='ocrx_word' id='word_1_727' title='bbox 1763 5000 1957 5053; x_wconf 84' lang='lat' dir='ltr'><strong><em>venisse</em></strong></span> 
     </span>
    </p>
   </div>
   <div class='ocr_carea' id='block_1_98' title="bbox 356 5094 1955 5172">
    <p class='ocr_par' dir='ltr' id='par_1_98' title="bbox 356 5094 1955 5172">
     <span class='ocr_line' id='line_1_98' title="bbox 356 5094 1955 5172; baseline -0.002 -23"><span class='ocrx_word' id='word_1_728' title='bbox 356 5096 621 5165; x_wconf 84' lang='lat' dir='ltr'><strong><em>reginam,</em></strong></span> <span class='ocrx_word' id='word_1_729' title='bbox 649 5106 694 5150; x_wconf 87' lang='lat' dir='ltr'><strong><em>et</em></strong></span> <span class='ocrx_word' id='word_1_730' title='bbox 714 5097 849 5164; x_wconf 86' lang='lat' dir='ltr'><strong><em>quod</em></strong></span> <span class='ocrx_word' id='word_1_731' title='bbox 877 5097 977 5151; x_wconf 90' lang='lat' dir='ltr'><strong><em>late</em></strong></span> <span class='ocrx_word' id='word_1_732' title='bbox 996 5096 1593 5172; x_wconf 81' lang='lat' dir='ltr'><strong><em>justequeimperaverit,</em></strong></span> <span class='ocrx_word' id='word_1_733' title='bbox 1627 5094 1797 5160; x_wconf 89' lang='lat' dir='ltr'><strong><em>eisque</em></strong></span> <span class='ocrx_word' id='word_1_734' title='bbox 1821 5094 1955 5146; x_wconf 78' lang='lat' dir='ltr'><strong><em>mul-</em></strong></span> 
     </span>
    </p>
   </div>
   <div class='ocr_carea' id='block_1_99' title="bbox 358 5188 1955 5255">
    <p class='ocr_par' dir='ltr' id='par_1_99' title="bbox 358 5188 1955 5255">
     <span class='ocr_line' id='line_1_99' title="bbox 358 5188 1955 5255; baseline -0.001 -14"><span class='ocrx_word' id='word_1_735' title='bbox 358 5198 424 5241; x_wconf 86' lang='lat' dir='ltr'><strong><em>ta</em></strong></span> <span class='ocrx_word' id='word_1_736' title='bbox 448 5190 711 5243; x_wconf 85' lang='lat' dir='ltr'><strong><em>commoda</em></strong></span> <span class='ocrx_word' id='word_1_737' title='bbox 739 5200 785 5244; x_wconf 89' lang='lat' dir='ltr'><strong><em>et</em></strong></span> <span class='ocrx_word' id='word_1_738' title='bbox 832 5190 1025 5245; x_wconf 87' lang='lat' dir='ltr'><strong><em>litteras</em></strong></span> <span class='ocrx_word' id='word_1_739' title='bbox 1062 5191 1355 5255; x_wconf 84' lang='lat' dir='ltr'><strong><em>instituerit,</em></strong></span> <span class='ocrx_word' id='word_1_740' title='bbox 1412 5190 1543 5242; x_wconf 88' lang='lat' dir='ltr'><strong><em>hunc</em></strong></span> <span class='ocrx_word' id='word_1_741' title='bbox 1574 5190 1816 5242; x_wconf 82' lang='lat' dir='ltr'><strong><em>honorem</em></strong></span> <span class='ocrx_word' id='word_1_742' title='bbox 1871 5188 1955 5241; x_wconf 85' lang='lat' dir='ltr'><strong><em>illi</em></strong></span> 
     </span>
    </p>
   </div>
   <div class='ocr_carea' id='block_1_100' title="bbox 357 5279 1955 5352">
    <p class='ocr_par' dir='ltr' id='par_1_100' title="bbox 357 5279 1955 5352">
     <span class='ocr_line' id='line_1_100' title="bbox 357 5279 1955 5352; baseline 0.001 -21"><span class='ocrx_word' id='word_1_743' title='bbox 357 5279 602 5334; x_wconf 82' lang='lat' dir='ltr'><strong><em>habitum</em></strong></span> <span class='ocrx_word' id='word_1_744' title='bbox 654 5297 762 5335; x_wconf 89' lang='lat' dir='ltr'><strong><em>esse</em></strong></span> <span class='ocrx_word' id='word_1_745' title='bbox 808 5282 1056 5347; x_wconf 86' lang='lat' dir='ltr'><strong><em>divinum,</em></strong></span> <span class='ocrx_word' id='word_1_746' title='bbox 1086 5292 1412 5352; x_wconf 81' lang='lat' dir='ltr'><strong><em>posteaquam</em></strong></span> <span class='ocrx_word' id='word_1_747' title='bbox 1439 5281 1519 5333; x_wconf 87' lang='lat' dir='ltr'><strong><em>ibi&#39;</em></strong></span> <span class='ocrx_word' id='word_1_748' title='bbox 1557 5289 1757 5333; x_wconf 86' lang='lat' dir='ltr'><strong><em>mortua</em></strong></span> <span class='ocrx_word' id='word_1_749' title='bbox 1785 5289 1877 5346; x_wconf 87' lang='lat' dir='ltr'><strong><em>est,</em></strong></span> <span class='ocrx_word' id='word_1_750' title='bbox 1904 5288 1955 5333; x_wconf 86' lang='lat' dir='ltr'><strong><em>et</em></strong></span> 
     </span>
    </p>
   </div>
   <div class='ocr_carea' id='block_1_101' title="bbox 359 5373 1953 5443">
    <p class='ocr_par' dir='ltr' id='par_1_101' title="bbox 359 5373 1953 5443">
     <span class='ocr_line' id='line_1_101' title="bbox 359 5373 1953 5443; baseline 0.001 -19"><span class='ocrx_word' id='word_1_751' title='bbox 359 5382 570 5427; x_wconf 86' lang='lat' dir='ltr'><strong><em>tantum</em></strong></span> <span class='ocrx_word' id='word_1_752' title='bbox 598 5376 856 5439; x_wconf 87' lang='lat' dir='ltr'><strong><em>honorem,</em></strong></span> <span class='ocrx_word' id='word_1_753' title='bbox 888 5386 941 5428; x_wconf 90' lang='lat' dir='ltr'><strong><em>ut</em></strong></span> <span class='ocrx_word' id='word_1_754' title='bbox 971 5376 1179 5443; x_wconf 85' lang='lat' dir='ltr'><strong><em>capitali</em></strong></span> <span class='ocrx_word' id='word_1_755' title='bbox 1203 5376 1411 5428; x_wconf 83' lang='lat' dir='ltr'><strong><em>crimine</em></strong></span> <span class='ocrx_word' id='word_1_756' title='bbox 1460 5390 1575 5427; x_wconf 85' lang='lat' dir='ltr'><strong><em>reus</em></strong></span> <span class='ocrx_word' id='word_1_757' title='bbox 1603 5374 1743 5442; x_wconf 76' lang='lat' dir='ltr'><strong><em>ﬁeret</em></strong></span> <span class='ocrx_word' id='word_1_758' title='bbox 1771 5374 1816 5426; x_wconf 87' lang='lat' dir='ltr'><strong><em>si</em></strong></span> <span class='ocrx_word' id='word_1_759' title='bbox 1836 5373 1953 5439; x_wconf 84' lang='lat' dir='ltr'><strong><em>quis</em></strong></span> 
     </span>
    </p>
   </div>
   <div class='ocr_carea' id='block_1_102' title="bbox 360 5466 1950 5537">
    <p class='ocr_par' dir='ltr' id='par_1_102' title="bbox 360 5466 1950 5537">
     <span class='ocr_line' id='line_1_102' title="bbox 360 5466 1950 5537; baseline 0.001 -19"><span class='ocrx_word' id='word_1_760' title='bbox 360 5481 482 5518; x_wconf 84' lang='lat' dir='ltr'><strong><em>eam</em></strong></span> <span class='ocrx_word' id='word_1_761' title='bbox 530 5466 783 5521; x_wconf 81' lang='lat' dir='ltr'><strong><em>hominem</em></strong></span> <span class='ocrx_word' id='word_1_762' title='bbox 830 5468 985 5537; x_wconf 76' lang='lat' dir='ltr'><strong><em>fuisse</em></strong></span> <span class='ocrx_word' id='word_1_763' title='bbox 1036 5466 1285 5537; x_wconf 87' lang='lat' dir='ltr'><strong><em>diceret.]</em></strong></span> <span class='ocrx_word' id='word_1_764' title='bbox 1336 5468 1512 5521; x_wconf 87' lang='lat' dir='ltr'><strong><em>Ionem</em></strong></span> <span class='ocrx_word' id='word_1_765' title='bbox 1567 5482 1716 5521; x_wconf 85' lang='lat' dir='ltr'><strong><em>suam</em></strong></span> <span class='ocrx_word' id='word_1_766' title='bbox 1749 5475 1950 5520; x_wconf 88' lang='lat' dir='ltr'><strong><em>temere</em></strong></span> 
     </span>
    </p>
   </div>
   <div class='ocr_carea' id='block_1_103' title="bbox 362 5557 1951 5629">
    <p class='ocr_par' dir='ltr' id='par_1_103' title="bbox 362 5557 1951 5629">
     <span class='ocr_line' id='line_1_103' title="bbox 362 5557 1951 5629; baseline -0.001 -18"><span class='ocrx_word' id='word_1_767' title='bbox 362 5572 493 5611; x_wconf 89' lang='lat' dir='ltr'><strong><em>cum</em></strong></span> <span class='ocrx_word' id='word_1_768' title='bbox 515 5560 887 5628; x_wconf 88' lang='lat' dir='ltr'><strong><em>antiquissima</em></strong></span> <span class='ocrx_word' id='word_1_769' title='bbox 934 5560 1117 5629; x_wconf 88' lang='lat' dir='ltr'><strong><em>regina</em></strong></span> <span class='ocrx_word' id='word_1_770' title='bbox 1173 5559 1543 5629; x_wconf 60' lang='lat' dir='ltr'><strong><em>IEgyptiorum</em></strong></span> <span class='ocrx_word' id='word_1_771' title='bbox 1594 5557 1951 5612; x_wconf 83' lang='lat' dir='ltr'><strong><em>confuderunt</em></strong></span> 
     </span>
    </p>
   </div>
   <div class='ocr_carea' id='block_1_104' title="bbox 362 5647 1947 5719">
    <p class='ocr_par' dir='ltr' id='par_1_104' title="bbox 362 5647 1947 5719">
     <span class='ocr_line' id='line_1_104' title="bbox 362 5647 1947 5719; baseline -0.001 -16"><span class='ocrx_word' id='word_1_772' title='bbox 362 5647 565 5714; x_wconf 66' lang='lat' dir='ltr'><strong><em>Graeci,</em></strong></span> <span class='ocrx_word' id='word_1_773' title='bbox 595 5660 651 5704; x_wconf 91' lang='lat' dir='ltr'><strong><em>ut</em></strong></span> <span class='ocrx_word' id='word_1_774' title='bbox 674 5650 977 5705; x_wconf 88' lang='lat' dir='ltr'><strong><em>viderentur</em></strong></span> <span class='ocrx_word' id='word_1_775' title='bbox 1001 5651 1066 5704; x_wconf 90' lang='lat' dir='ltr'><strong><em>iis</em></strong></span> <span class='ocrx_word' id='word_1_776' title='bbox 1111 5665 1231 5704; x_wconf 90' lang='lat' dir='ltr'><strong><em>esse</em></strong></span> <span class='ocrx_word' id='word_1_777' title='bbox 1269 5650 1618 5719; x_wconf 89' lang='lat' dir='ltr'><strong><em>antiquiores,</em></strong></span> <span class='ocrx_word' id='word_1_778' title='bbox 1668 5650 1779 5702; x_wconf 82' lang='lat' dir='ltr'><strong><em>nixi</em></strong></span> <span class='ocrx_word' id='word_1_779' title='bbox 1809 5649 1947 5702; x_wconf 89' lang='lat' dir='ltr'><strong><em>dun-</em></strong></span> 
     </span>
    </p>
   </div>
   <div class='ocr_carea' id='block_1_105' title="bbox 365 5740 1949 5811">
    <p class='ocr_par' dir='ltr' id='par_1_105' title="bbox 365 5740 1949 5811">
     <span class='ocr_line' id='line_1_105' title="bbox 365 5740 1949 5811; baseline -0.001 -16"><span class='ocrx_word' id='word_1_780' title='bbox 365 5752 517 5795; x_wconf 80' lang='lat' dir='ltr'><strong><em>taxat</em></strong></span> <span class='ocrx_word' id='word_1_781' title='bbox 559 5743 703 5796; x_wconf 88' lang='lat' dir='ltr'><strong><em>tenui</em></strong></span> <span class='ocrx_word' id='word_1_782' title='bbox 762 5742 1115 5796; x_wconf 87' lang='lat' dir='ltr'><strong><em>similitudine</em></strong></span> <span class='ocrx_word' id='word_1_783' title='bbox 1168 5742 1421 5806; x_wconf 89' lang='lat' dir='ltr'><strong><em>nominis,</em></strong></span> <span class='ocrx_word' id='word_1_784' title='bbox 1471 5751 1523 5796; x_wconf 90' lang='lat' dir='ltr'><strong><em>et</em></strong></span> <span class='ocrx_word' id='word_1_785' title='bbox 1558 5742 1697 5811; x_wconf 87' lang='lat' dir='ltr'><strong><em>quod</em></strong></span> <span class='ocrx_word' id='word_1_786' title='bbox 1726 5742 1819 5795; x_wconf 83' lang='lat' dir='ltr'><strong><em>Isis</em></strong></span> <span class='ocrx_word' id='word_1_787' title='bbox 1848 5740 1949 5794; x_wconf 91' lang='lat' dir='ltr'><strong><em>sub</em></strong></span> 
     </span>
    </p>
   </div>
   <div class='ocr_carea' id='block_1_106' title="bbox 366 5830 1944 5903">
    <p class='ocr_par' dir='ltr' id='par_1_106' title="bbox 366 5830 1944 5903">
     <span class='ocr_line' id='line_1_106' title="bbox 366 5830 1944 5903; baseline -0.003 -15"><span class='ocrx_word' id='word_1_788' title='bbox 366 5833 606 5903; x_wconf 83' lang='lat' dir='ltr'><strong><em>imagine</em></strong></span> <span class='ocrx_word' id='word_1_789' title='bbox 629 5846 825 5903; x_wconf 68' lang='lat' dir='ltr'><strong><em>vaccae,</em></strong></span> <span class='ocrx_word' id='word_1_790' title='bbox 855 5834 909 5890; x_wconf 92' lang='lat' dir='ltr'><strong><em>iu</em></strong></span> <span class='ocrx_word' id='word_1_791' title='bbox 934 5847 1094 5902; x_wconf 83' lang='lat' dir='ltr'><strong><em>quam</em></strong></span> <span class='ocrx_word' id='word_1_792' title='bbox 1130 5842 1328 5888; x_wconf 76' lang='lat' dir='ltr'><strong><em>mutata</em></strong></span> <span class='ocrx_word' id='word_1_793' title='bbox 1355 5832 1623 5889; x_wconf 86' lang='lat' dir='ltr'><strong><em>ferebatur</em></strong></span> <span class='ocrx_word' id='word_1_794' title='bbox 1643 5831 1696 5887; x_wconf 89' lang='lat' dir='ltr'><strong><em>lo</em></strong></span> <span class='ocrx_word' id='word_1_795' title='bbox 1726 5830 1944 5901; x_wconf 84' lang='lat' dir='ltr'><strong><em>Argiva,</em></strong></span> 
     </span>
    </p>
   </div>
   <div class='ocr_carea' id='block_1_107' title="bbox 2060 4726 3643 4797">
    <p class='ocr_par' dir='ltr' id='par_1_107' title="bbox 2060 4726 3643 4797">
     <span class='ocr_line' id='line_1_107' title="bbox 2060 4726 3643 4797; baseline 0.001 -16"><span class='ocrx_word' id='word_1_796' title='bbox 2060 4744 2149 4781; x_wconf 88' lang='lat' dir='ltr'><strong><em>rus</em></strong></span> <span class='ocrx_word' id='word_1_797' title='bbox 2180 4726 2495 4789; x_wconf 85' lang='lat' dir='ltr'><strong><em>habebatur;</em></strong></span> <span class='ocrx_word' id='word_1_798' title='bbox 2522 4726 2610 4779; x_wconf 89' lang='lat' dir='ltr'><strong><em>sed</em></strong></span> <span class='ocrx_word' id='word_1_799' title='bbox 2639 4727 2879 4777; x_wconf 88' lang='lat' dir='ltr'><strong><em>nimirum</em></strong></span> <span class='ocrx_word' id='word_1_800' title='bbox 2906 4726 3059 4788; x_wconf 89' lang='lat' dir='ltr'><strong><em>alius,</em></strong></span> <span class='ocrx_word' id='word_1_801' title='bbox 3091 4742 3191 4779; x_wconf 91' lang='lat' dir='ltr'><strong><em>non</em></strong></span> <span class='ocrx_word' id='word_1_802' title='bbox 3221 4726 3309 4779; x_wconf 86' lang='lat' dir='ltr'><strong><em>ille</em></strong></span> <span class='ocrx_word' id='word_1_803' title='bbox 3338 4727 3399 4780; x_wconf 90' lang='lat' dir='ltr'><strong><em>de</em></strong></span> <span class='ocrx_word' id='word_1_804' title='bbox 3427 4744 3524 4797; x_wconf 88' lang='lat' dir='ltr'><strong><em>quo</em></strong></span> <span class='ocrx_word' id='word_1_805' title='bbox 3553 4746 3643 4783; x_wconf 86' lang='lat' dir='ltr'><strong><em>su-</em></strong></span> 
     </span>
    </p>
   </div>
   <div class='ocr_carea' id='block_1_108' title="bbox 2061 4816 3642 4888">
    <p class='ocr_par' dir='ltr' id='par_1_108' title="bbox 2061 4816 3642 4888">
     <span class='ocr_line' id='line_1_108' title="bbox 2061 4816 3642 4888; baseline 0.001 -17"><span class='ocrx_word' id='word_1_806' title='bbox 2061 4834 2156 4888; x_wconf 86' lang='lat' dir='ltr'><strong><em>pra</em></strong></span> <span class='ocrx_word' id='word_1_807' title='bbox 2203 4817 2358 4871; x_wconf 85' lang='lat' dir='ltr'><strong><em>locuti</em></strong></span> <span class='ocrx_word' id='word_1_808' title='bbox 2401 4832 2593 4870; x_wconf 89' lang='lat' dir='ltr'><strong><em>sumus.</em></strong></span> <span class='ocrx_word' id='word_1_809' title='bbox 2632 4816 2916 4869; x_wconf 88' lang='lat' dir='ltr'><strong><em>Secretiore</em></strong></span> <span class='ocrx_word' id='word_1_810' title='bbox 2965 4816 3153 4885; x_wconf 88' lang='lat' dir='ltr'><strong><em>quippe</em></strong></span> <span class='ocrx_word' id='word_1_811' title='bbox 3208 4816 3421 4869; x_wconf 87' lang='lat' dir='ltr'><strong><em>historia</em></strong></span> <span class='ocrx_word' id='word_1_812' title='bbox 3471 4819 3642 4887; x_wconf 76' lang='lat' dir='ltr'><strong><em>plures</em></strong></span> 
     </span>
    </p>
   </div>
   <div class='ocr_carea' id='block_1_109' title="bbox 2063 4898 3635 4982">
    <p class='ocr_par' dir='ltr' id='par_1_109' title="bbox 2063 4898 3635 4982">
     <span class='ocr_line' id='line_1_109' title="bbox 2063 4898 3635 4982; baseline 0 -17"><span class='ocrx_word' id='word_1_813' title='bbox 2063 4914 2219 4982; x_wconf 79' lang='lat' dir='ltr'><strong><em>fuisse</em></strong></span> <span class='ocrx_word' id='word_1_814' title='bbox 2248 4912 2487 4963; x_wconf 90' lang='lat' dir='ltr'><strong><em>dicuntur</em></strong></span> <span class='ocrx_word' id='word_1_815' title='bbox 2513 4918 2557 4963; x_wconf 89' lang='lat' dir='ltr'><strong><em>et</em></strong></span> <span class='ocrx_word' id='word_1_816' title='bbox 2585 4907 2755 4961; x_wconf 88' lang='lat' dir='ltr'><strong><em>Liberi</em></strong></span> <span class='ocrx_word' id='word_1_817' title='bbox 2777 4906 2956 4960; x_wconf 84' lang='lat' dir='ltr'><strong><em>Patres</em></strong></span> <span class='ocrx_word' id='word_1_818' title='bbox 2983 4918 3028 4959; x_wconf 87' lang='lat' dir='ltr'><strong><em>et</em></strong></span> <span class='ocrx_word' id='word_1_819' title='bbox 3066 4898 3335 4961; x_wconf 74' lang='lat' dir='ltr'><strong><em>Hercules.</em></strong></span> <span class='ocrx_word' id='word_1_820' title='bbox 3370 4908 3387 4977; x_wconf 81' lang='lat'>]</span> <span class='ocrx_word' id='word_1_821' title='bbox 3419 4909 3635 4965; x_wconf 81' lang='lat' dir='ltr'><strong><em>Certum</em></strong></span> 
     </span>
    </p>
   </div>
   <div class='ocr_carea' id='block_1_110' title="bbox 2060 4997 3639 5070">
    <p class='ocr_par' dir='ltr' id='par_1_110' title="bbox 2060 4997 3639 5070">
     <span class='ocr_line' id='line_1_110' title="bbox 2060 4997 3639 5070; baseline -0.001 -13"><span class='ocrx_word' id='word_1_822' title='bbox 2060 5014 2145 5057; x_wconf 82' lang='lat' dir='ltr'><strong><em>est</em></strong></span> <span class='ocrx_word' id='word_1_823' title='bbox 2173 5002 2453 5056; x_wconf 86' lang='lat' dir='ltr'><strong><em>Herculem</em></strong></span> <span class='ocrx_word' id='word_1_824' title='bbox 2478 5014 2671 5053; x_wconf 90' lang='lat' dir='ltr'><strong><em>numen</em></strong></span> <span class='ocrx_word' id='word_1_825' title='bbox 2697 5014 2814 5053; x_wconf 88' lang='lat' dir='ltr'><strong><em>esse</em></strong></span> <span class='ocrx_word' id='word_1_826' title='bbox 2840 4997 3190 5065; x_wconf 69' lang='lat' dir='ltr'><strong><em>thnicium,</em></strong></span> <span class='ocrx_word' id='word_1_827' title='bbox 3213 4999 3297 5053; x_wconf 89' lang='lat' dir='ltr'><strong><em>cui</em></strong></span> <span class='ocrx_word' id='word_1_828' title='bbox 3321 4999 3446 5053; x_wconf 90' lang='lat' dir='ltr'><strong><em>urbs</em></strong></span> <span class='ocrx_word' id='word_1_829' title='bbox 3467 5000 3639 5070; x_wconf 82' lang='lat' dir='ltr'><strong><em>Tyrus</em></strong></span> 
     </span>
    </p>
   </div>
   <div class='ocr_carea' id='block_1_111' title="bbox 2063 5088 3635 5159">
    <p class='ocr_par' dir='ltr' id='par_1_111' title="bbox 2063 5088 3635 5159">
     <span class='ocr_line' id='line_1_111' title="bbox 2063 5088 3635 5159; baseline -0.002 -11"><span class='ocrx_word' id='word_1_830' title='bbox 2063 5102 2374 5149; x_wconf 89' lang='lat' dir='ltr'><strong><em>consecrata</em></strong></span> <span class='ocrx_word' id='word_1_831' title='bbox 2402 5092 2517 5146; x_wconf 91' lang='lat' dir='ltr'><strong><em>fuit.</em></strong></span> <span class='ocrx_word' id='word_1_832' title='bbox 2547 5091 2687 5155; x_wconf 87' lang='lat' dir='ltr'><strong><em>Quin</em></strong></span> <span class='ocrx_word' id='word_1_833' title='bbox 2711 5098 2764 5144; x_wconf 90' lang='lat' dir='ltr'><strong><em>et</em></strong></span> <span class='ocrx_word' id='word_1_834' title='bbox 2789 5091 2967 5158; x_wconf 91' lang='lat' dir='ltr'><strong><em>plures</em></strong></span> <span class='ocrx_word' id='word_1_835' title='bbox 3018 5088 3207 5157; x_wconf 80' lang='lat' dir='ltr'><strong><em>Tyrios</em></strong></span> <span class='ocrx_word' id='word_1_836' title='bbox 3241 5089 3403 5145; x_wconf 89' lang='lat' dir='ltr'><strong><em>fuisse</em></strong></span> <span class='ocrx_word' id='word_1_837' title='bbox 3428 5092 3635 5159; x_wconf 89' lang='lat' dir='ltr'><strong><em>volunt,</em></strong></span> 
     </span>
    </p>
   </div>
   <div class='ocr_carea' id='block_1_112' title="bbox 2064 5179 3639 5240">
    <p class='ocr_par' dir='ltr' id='par_1_112' title="bbox 2064 5179 3639 5240">
     <span class='ocr_line' id='line_1_112' title="bbox 2064 5179 3639 5240; baseline -0.001 0"><span class='ocrx_word' id='word_1_838' title='bbox 2064 5197 2120 5240; x_wconf 91' lang='lat' dir='ltr'><strong><em>ut</em></strong></span> <span class='ocrx_word' id='word_1_839' title='bbox 2148 5184 2518 5239; x_wconf 86' lang='lat' dir='ltr'><strong><em>animadvertit</em></strong></span> <span class='ocrx_word' id='word_1_840' title='bbox 2571 5182 2735 5236; x_wconf 84' lang='lat' dir='ltr'><strong><em>Gerh.</em></strong></span> <span class='ocrx_word' id='word_1_841' title='bbox 2772 5181 2893 5233; x_wconf 82' lang='lat' dir='ltr'><strong><em>Job.</em></strong></span> <span class='ocrx_word' id='word_1_842' title='bbox 2946 5180 3162 5234; x_wconf 84' lang='lat' dir='ltr'><strong><em>Vossius</em></strong></span> <span class='ocrx_word' id='word_1_843' title='bbox 3210 5181 3277 5235; x_wconf 90' lang='lat' dir='ltr'><strong><em>de</em></strong></span> <span class='ocrx_word' id='word_1_844' title='bbox 3332 5179 3639 5238; x_wconf 81' lang='lat' dir='ltr'><strong><em>ldulolutria</em></strong></span> 
     </span>
    </p>
   </div>
   <div class='ocr_carea' id='block_1_113' title="bbox 2060 5271 3640 5347">
    <p class='ocr_par' dir='ltr' id='par_1_113' title="bbox 2060 5271 3640 5347">
     <span class='ocr_line' id='line_1_113' title="bbox 2060 5271 3640 5347; baseline 0 -16"><span class='ocrx_word' id='word_1_845' title='bbox 2060 5278 2334 5347; x_wconf 88' lang='lat' dir='ltr'><strong><em>gentilium</em></strong></span> <span class='ocrx_word' id='word_1_846' title='bbox 2362 5276 2453 5329; x_wconf 93' lang='lat' dir='ltr'><strong><em>lib.</em></strong></span> <span class='ocrx_word' id='word_1_847' title='bbox 2498 5292 2511 5327; x_wconf 89' lang='lat' dir='ltr'><strong>I</strong></span> <span class='ocrx_word' id='word_1_848' title='bbox 2539 5289 2657 5341; x_wconf 91' lang='lat' dir='ltr'><strong><em>cap.</em></strong></span> <span class='ocrx_word' id='word_1_849' title='bbox 2686 5273 2758 5326; x_wconf 72' lang='grc'>22</span> <span class='ocrx_word' id='word_1_850' title='bbox 2787 5284 2836 5326; x_wconf 86' lang='lat' dir='ltr'><strong><em>et</em></strong></span> <span class='ocrx_word' id='word_1_851' title='bbox 2867 5271 2953 5326; x_wconf 71' lang='grc'><strong><em>54.</em></strong></span> <span class='ocrx_word' id='word_1_852' title='bbox 2987 5272 3313 5327; x_wconf 89' lang='lat' dir='ltr'><strong><em>Crediderim</em></strong></span> <span class='ocrx_word' id='word_1_853' title='bbox 3346 5275 3517 5343; x_wconf 91' lang='lat' dir='ltr'><strong><em>ipsum</em></strong></span> <span class='ocrx_word' id='word_1_854' title='bbox 3545 5286 3640 5331; x_wconf 87' lang='lat' dir='ltr'><strong><em>aut</em></strong></span> 
     </span>
    </p>
   </div>
   <div class='ocr_carea' id='block_1_114' title="bbox 2061 5363 3635 5436">
    <p class='ocr_par' dir='ltr' id='par_1_114' title="bbox 2061 5363 3635 5436">
     <span class='ocr_line' id='line_1_114' title="bbox 2061 5363 3635 5436; baseline -0.001 -14"><span class='ocrx_word' id='word_1_855' title='bbox 2061 5368 2393 5432; x_wconf 88' lang='lat' dir='ltr'><strong><em>Thebanum,</em></strong></span> <span class='ocrx_word' id='word_1_856' title='bbox 2424 5374 2514 5419; x_wconf 91' lang='lat' dir='ltr'><strong><em>aut</em></strong></span> <span class='ocrx_word' id='word_1_857' title='bbox 2532 5363 2781 5433; x_wconf 82' lang='lat' dir='ltr'><strong><em>Argivum</em></strong></span> <span class='ocrx_word' id='word_1_858' title='bbox 2811 5363 3091 5417; x_wconf 89' lang='lat' dir='ltr'><strong><em>Herculem</em></strong></span> <span class='ocrx_word' id='word_1_859' title='bbox 3119 5363 3351 5420; x_wconf 89' lang='lat' dir='ltr'><strong><em>indidem</em></strong></span> <span class='ocrx_word' id='word_1_860' title='bbox 3374 5368 3635 5436; x_wconf 88' lang='lat' dir='ltr'><strong><em>originem</em></strong></span> 
     </span>
    </p>
   </div>
   <div class='ocr_carea' id='block_1_115' title="bbox 2059 5455 3637 5526">
    <p class='ocr_par' dir='ltr' id='par_1_115' title="bbox 2059 5455 3637 5526">
     <span class='ocr_line' id='line_1_115' title="bbox 2059 5455 3637 5526; baseline 0.001 -14"><span class='ocrx_word' id='word_1_861' title='bbox 2059 5461 2277 5523; x_wconf 89' lang='lat' dir='ltr'><strong><em>ducere,</em></strong></span> <span class='ocrx_word' id='word_1_862' title='bbox 2309 5459 2422 5511; x_wconf 87' lang='lat' dir='ltr'><strong><em>sive</em></strong></span> <span class='ocrx_word' id='word_1_863' title='bbox 2452 5472 2586 5511; x_wconf 92' lang='lat' dir='ltr'><strong><em>unus</em></strong></span> <span class='ocrx_word' id='word_1_864' title='bbox 2614 5456 2741 5519; x_wconf 90' lang='lat' dir='ltr'><strong><em>sint,</em></strong></span> <span class='ocrx_word' id='word_1_865' title='bbox 2769 5456 2881 5508; x_wconf 89' lang='lat' dir='ltr'><strong><em>sive</em></strong></span> <span class='ocrx_word' id='word_1_866' title='bbox 2925 5456 3126 5523; x_wconf 88' lang='lat' dir='ltr'><strong><em>plures.</em></strong></span> <span class='ocrx_word' id='word_1_867' title='bbox 3164 5455 3292 5511; x_wconf 87' lang='lat' dir='ltr'><strong><em>Vide</em></strong></span> <span class='ocrx_word' id='word_1_868' title='bbox 3316 5474 3433 5526; x_wconf 76' lang='lat' dir='ltr'><strong><em>qua:</em></strong></span> <span class='ocrx_word' id='word_1_869' title='bbox 3462 5460 3637 5513; x_wconf 88' lang='lat' dir='ltr'><strong><em>obiter</em></strong></span> 
     </span>
    </p>
   </div>
   <div class='ocr_carea' id='block_1_116' title="bbox 2060 5547 3637 5606">
    <p class='ocr_par' dir='ltr' id='par_1_116' title="bbox 2060 5547 3637 5606">
     <span class='ocr_line' id='line_1_116' title="bbox 2060 5547 3637 5606; baseline 0 0"><span class='ocrx_word' id='word_1_870' title='bbox 2060 5552 2159 5606; x_wconf 87' lang='lat' dir='ltr'><strong><em>hac</em></strong></span> <span class='ocrx_word' id='word_1_871' title='bbox 2187 5552 2255 5605; x_wconf 89' lang='lat' dir='ltr'><strong><em>de</em></strong></span> <span class='ocrx_word' id='word_1_872' title='bbox 2282 5565 2339 5604; x_wconf 93' lang='lat' dir='ltr'><strong><em>re</em></strong></span> <span class='ocrx_word' id='word_1_873' title='bbox 2376 5549 2533 5603; x_wconf 88' lang='lat' dir='ltr'><strong><em>habet</em></strong></span> <span class='ocrx_word' id='word_1_874' title='bbox 2569 5549 2723 5602; x_wconf 84' lang='lat' dir='ltr'><strong><em>Joan.</em></strong></span> <span class='ocrx_word' id='word_1_875' title='bbox 2769 5547 3006 5602; x_wconf 83' lang='lat' dir='ltr'><strong><em>Clericus</em></strong></span> <span class='ocrx_word' id='word_1_876' title='bbox 3036 5548 3088 5601; x_wconf 92' lang='lat' dir='ltr'><strong><em>in</em></strong></span> <span class='ocrx_word' id='word_1_877' title='bbox 3133 5550 3274 5603; x_wconf 90' lang='lat' dir='ltr'><strong><em>notis</em></strong></span> <span class='ocrx_word' id='word_1_878' title='bbox 3303 5549 3367 5603; x_wconf 86' lang='lat' dir='ltr'><strong><em>ad</em></strong></span> <span class='ocrx_word' id='word_1_879' title='bbox 3419 5560 3551 5606; x_wconf 90' lang='lat' dir='ltr'><strong><em>sect.</em></strong></span> <span class='ocrx_word' id='word_1_880' title='bbox 3602 5553 3637 5606; x_wconf 81' lang='lat'>5</span> 
     </span>
    </p>
   </div>
   <div class='ocr_carea' id='block_1_117' title="bbox 2057 5638 3637 5710">
    <p class='ocr_par' dir='ltr' id='par_1_117' title="bbox 2057 5638 3637 5710">
     <span class='ocr_line' id='line_1_117' title="bbox 2057 5638 3637 5710; baseline -0.001 -13"><span class='ocrx_word' id='word_1_881' title='bbox 2057 5643 2272 5697; x_wconf 90' lang='lat' dir='ltr'><strong><em>dissert.</em></strong></span> <span class='ocrx_word' id='word_1_882' title='bbox 2305 5641 2524 5695; x_wconf 83' lang='lat' dir='ltr'><strong><em>Joannis</em></strong></span> <span class='ocrx_word' id='word_1_883' title='bbox 2554 5638 2768 5693; x_wconf 90' lang='lat' dir='ltr'><strong><em>Seldeni</em></strong></span> <span class='ocrx_word' id='word_1_884' title='bbox 2796 5638 2862 5692; x_wconf 92' lang='lat' dir='ltr'><strong><em>de</em></strong></span> <span class='ocrx_word' id='word_1_885' title='bbox 2895 5639 3141 5693; x_wconf 75' lang='lat' dir='ltr'><strong><em>Decimis.</em></strong></span> <span class='ocrx_word' id='word_1_886' title='bbox 3168 5638 3301 5692; x_wconf 81' lang='lat' dir='ltr'><strong><em>Nam</em></strong></span> <span class='ocrx_word' id='word_1_887' title='bbox 3328 5655 3439 5702; x_wconf 86' lang='lat' dir='ltr'><strong><em>rem</em></strong></span> <span class='ocrx_word' id='word_1_888' title='bbox 3468 5642 3637 5710; x_wconf 89' lang='lat' dir='ltr'><strong><em>pluri-</em></strong></span> 
     </span>
    </p>
   </div>
   <div class='ocr_carea' id='block_1_118' title="bbox 2058 5730 3636 5797">
    <p class='ocr_par' dir='ltr' id='par_1_118' title="bbox 2058 5730 3636 5797">
     <span class='ocr_line' id='line_1_118' title="bbox 2058 5730 3636 5797; baseline -0.002 -8"><span class='ocrx_word' id='word_1_889' title='bbox 2058 5735 2157 5789; x_wconf 89' lang='lat' dir='ltr'><strong><em>bus</em></strong></span> <span class='ocrx_word' id='word_1_890' title='bbox 2185 5734 2269 5787; x_wconf 76' lang='lat' dir='ltr'><strong><em>bic</em></strong></span> <span class='ocrx_word' id='word_1_891' title='bbox 2290 5731 2541 5787; x_wconf 89' lang='lat' dir='ltr'><strong><em>diducere</em></strong></span> <span class='ocrx_word' id='word_1_892' title='bbox 2563 5745 2665 5782; x_wconf 90' lang='lat' dir='ltr'><strong><em>non</em></strong></span> <span class='ocrx_word' id='word_1_893' title='bbox 2693 5738 2865 5797; x_wconf 88' lang='lat' dir='ltr'><strong><em>vacat,</em></strong></span> <span class='ocrx_word' id='word_1_894' title='bbox 2892 5745 2987 5783; x_wconf 88' lang='lat' dir='ltr'><strong><em>nec</em></strong></span> <span class='ocrx_word' id='word_1_895' title='bbox 3007 5744 3228 5785; x_wconf 90' lang='lat' dir='ltr'><strong><em>necesse</em></strong></span> <span class='ocrx_word' id='word_1_896' title='bbox 3249 5740 3350 5786; x_wconf 88' lang='lat' dir='ltr'><strong><em>est.</em></strong></span> <span class='ocrx_word' id='word_1_897' title='bbox 3383 5730 3486 5785; x_wconf 91' lang='lat' dir='ltr'><strong><em>Sed</em></strong></span> <span class='ocrx_word' id='word_1_898' title='bbox 3515 5732 3636 5786; x_wconf 80' lang='lat' dir='ltr'><strong><em>hinc</em></strong></span> 
     </span>
    </p>
   </div>
   <div class='ocr_carea' id='block_1_119' title="bbox 2058 5819 3637 5898">
    <p class='ocr_par' dir='ltr' id='par_1_119' title="bbox 2058 5819 3637 5898">
     <span class='ocr_line' id='line_1_119' title="bbox 2058 5819 3637 5898; baseline -0.002 -16"><span class='ocrx_word' id='word_1_899' title='bbox 2058 5836 2281 5898; x_wconf 81' lang='lat' dir='ltr'><strong><em>apparet</em></strong></span> <span class='ocrx_word' id='word_1_900' title='bbox 2302 5840 2406 5882; x_wconf 91' lang='lat' dir='ltr'><strong><em>non</em></strong></span> <span class='ocrx_word' id='word_1_901' title='bbox 2436 5819 2837 5897; x_wconf 43' lang='lat' dir='ltr'><strong><em>perperamadtic</em></strong></span> <span class='ocrx_word' id='word_1_902' title='bbox 2863 5823 2963 5893; x_wconf 78' lang='lat' dir='ltr'><strong><em>legi</em></strong></span> <span class='ocrx_word' id='word_1_903' title='bbox 3020 5823 3070 5877; x_wconf 86' lang='lat' dir='ltr'><strong><em>in</em></strong></span> <span class='ocrx_word' id='word_1_904' title='bbox 3103 5821 3275 5892; x_wconf 84' lang='lat' dir='ltr'><strong><em>Syria,</em></strong></span> <span class='ocrx_word' id='word_1_905' title='bbox 3308 5837 3410 5879; x_wconf 88' lang='lat' dir='ltr'><strong><em>nec</em></strong></span> <span class='ocrx_word' id='word_1_906' title='bbox 3454 5838 3637 5880; x_wconf 52' lang='lat' dir='ltr'><strong><em>emena</em></strong></span> 
     </span>
    </p>
   </div>
  </div>
