3974 6356
507 329 615 384 895

1401 324 1946 382 SUPPLEMENTUM
1991 326 2083 380 AD
2122 326 2348 382 OPERA
2390 326 2448 383 S.
2496 327 2879 383 AUGUSTINL
3637 338 3719 391 «S96

506 445 739 499 dandum
759 456 881 498 esse
903 443 954 497 in
973 441 1257 512 Tirynthia,
1282 450 1339 494 ut
1362 443 1578 509 putabat
1596 442 1752 497 Joan.
1776 442 2100 501 Lud.V'ivt-s.
2131 448 2186 507 Α
2213 442 2404 497 Ninum
2428 443 2600 498 serius
2624 457 2876 513 regnasse
2898 441 3100 496 volunt.
3140 441 3267 496 Vide
3287 456 3334 497 c.
3366 442 3399 494 2
3444 444 3585 513 hujus
3607 448 3721 508 libri.

576 537 707 604 Cap.
744 537 828 589 Η.
865 534 965 587 Per
992 534 1123 586 idem
1152 533 1390 602 temporis
1417 533 1744 587 intervallum
1787 537 2092 588 exstiterunt

506 626 997 697 poetaa(0rplteus,
1033 624 1280 687 Musaeus,
1339 622 1524 685 Linus.
1573 625 1901 694 temporibus
1951 625 2093 694 judi—

503 739 623 777 cum
654 719 897 789 lsraelis)
924 720 1009 785 qui
1056 720 1208 771 etiam
1254 717 1475 788 theologi
1507 718 1816 786 dicerentur,
1848 722 2091 789 quoniam

502 816 566 869 de
588 815 687 867 diis
715 814 941 865 carmina
979 812 1253 879 ludebant,
1292 810 1381 863 sed
1430 811 1616 863 talibus
1664 813 1783 879 diis,
1837 812 1925 881 qui
1974 813 2093 865 licet

500 907 673 974 magni
718 906 965 968 homines,
1021 912 1190 956 tamen
1244 901 1473 955 homines
1502 904 1746 973 fuerunt;
1776 911 1863 955 aut
1909 904 2093 956 mundi

500 1000 674 1068 hujus,
720 1012 868 1065 quem
904 995 1044 1049 Deus
1074 1011 1221 1048 verus
1250 996 1389 1065 fecit,
1419 995 1665 1049 elementa
1692 1005 1850 1059 sunt;
1896 1006 1986 1047 aut
2032 998 2096 1048 in.

498 1088 867 1159 principatibus
912 1096 956 1138 et
1000 1088 1349 1155 potestatibus,
1400 1102 1493 1152 pro
1525 1087 1785 1140 voluntate
1832 1084 2091 1141 Creatoris

497 1190 544 1233 et
574 1181 679 1232 suis
710 1180 900 1231 meritis
943 1178 1182 1230 ordinati.
1220 1176 1237 1247 ]
1293 1176 1486 1246 Liquet
1535 1177 1635 1230 hoc
1674 1192 1741 1231 ex
1773 1176 2089 1244 Theogonia

498 1274 736 1338 Hesiodi,
774 1275 859 1341 qui
902 1272 1271 1340 antiquissima
1315 1273 1534 1325 numina
1563 1270 1690 1325 facit
1717 1268 1913 1335 Chaos,
1963 1270 2088 1324 Cm-

498 1365 607 1417 lum
634 1374 686 1418 et
712 1365 970 1427 Terram;
996 1372 1106 1415 tum
1135 1361 1356 1431 spiritus
1378 1363 1559 1416 nescio
1580 1376 1734 1429 quos,
1762 1374 1897 1429 quos
1927 1360 2089 1415 variis

499 1470 705 1511 natura:
755 1456 995 1527 partibus
1024 1455 1284 1522 praeficit;
1331 1470 1394 1509 ac
1425 1455 1636 1509 tandem
1677 1455 1885 1507 animos
1915 1452 2087 1507 homi-

496 1567 623 1605 num
660 1551 766 1604 fato
821 1552 1144 1602 functorum.
1192 1546 1306 1600 Non
1357 1546 1544 1601 dubito
1595 1546 1722 1613 quin
1777 1543 2088 1611 superiores

2266 534 2395 604 Cap.
2425 534 2515 590 25.
2554 535 2744 590 Eodem
2798 546 3021 604 tempore
3067 536 3297 588 nonnulli
3348 536 3567 605 sibyllam
3616 540 3723 611 Erg.

2194 629 2409 681 thraam
2434 630 2761 683 vaticinatum
2793 633 2984 699 ferunt.
3019 628 3244 698 Sibyllas
3269 638 3433 682 autem
3468 629 3617 684 Varro
3635 653 3726 701 pro.

2194 723 2323 774 didit
2351 724 2522 793 plures
2548 724 2728 792 fuisse,
2764 741 2865 777 non
2878 741 3061 777 unam.
3096 722 3224 777 Htcc
3251 740 3373 778 sane
3406 723 3652 795 Erythraea
3674 733 3728 783 si.

2194 812 2332 881 bylla
2358 815 2591 880 qutcdan:
2622 816 2686 867 de
2720 815 2921 868 Christo
2968 816 3236 885 mnifesto
3284 818 3587 884 conscripsit,
3625 825 3731 887 quod

2194 906 2345 957 etiam
2370 922 2461 959 nos
2487 907 2632 975 prius
2653 908 2705 959 in
2728 906 2919 959 Latina
2948 909 3146 977 lingua,
3177 908 3398 960 versibus
3424 910 3547 961 male
3572 908 3733 965 Latinis

2191 1006 2240 1048 et
2269 1013 2368 1049 non
2389 998 2638 1050 stantibus
2660 998 2899 1069 legimus,
2940 1015 3031 1067 per
3072 999 3240 1051 nescio
3294 999 3441 1066 cujus
3489 998 3735 1064 interpretis

2191 1088 2523 1155 imperitiam,
2556 1090 2684 1141 sicut
2726 1099 2837 1156 post
2884 1089 3227 1159 cognovimus,
3253 1099 3355 1143 etc.
3388 1088 3406 1159 j
3437 1087 3611 1143 Postea
3636 1091 3737 1147 dicit

2193 1180 2471 1248 exemplar
2495 1179 2740 1234 Graecum
2771 1180 2871 1233 sibi
2900 1188 3171 1234 ostensum
3218 1196 3248 1233 a
3295 1180 3587 1245 Flacciano,
3637 1198 3737 1249 pro-

2191 1272 2397 1342 fertqne
2439 1273 2796 1327 Achrostichin
2827 1275 3089 1336 versibus,
3140 1284 3199 1326 ut
3221 1274 3474 1343 loquitur,
3528 1276 3739 1329 stantibus

2193 1377 2426 1427 versam,
2481 1364 2635 1431 cujus
2694 1363 2923 1418 initiales
2953 1364 3143 1417 litterae
3186 1373 3311 1417 sunt
3342 1370 3511 1423 Ιησοῦς
3556 1368 3739 1438 Χριστὸς

2191 1463 2320 1511 οεοῦ
2347 1458 2453 1515 υἱὸς
2479 1462 2672 1528 σωτήρ.
2708 1455 2860 1521 Quod
2887 1456 2953 1509 de
2974 1455 3175 1509 Grzecis
3204 1455 3448 1508 versibus
3478 1466 3555 1508 est
3580 1457 3740 1509 intelli-

2140 1591 2151 1600 .
2188 1546 2443 1614 gendum,
2491 1562 2612 1599 nam
2642 1547 2695 1599 in
2724 1545 2928 1599 Latinis
2971 1560 3077 1599 non
3120 1553 3412 1613 potuerunt
3460 1559 3534 1596 ea:
3584 1545 3741 1599 littera:

492 1651 681 1709 poetas
706 1640 981 1707 theologos
1015 1639 1085 1691 sit
1122 1653 1182 1691 ea
1212 1638 1261 1690 in
1292 1653 1352 1691 re
1392 1638 1653 1701 imitatus,
1682 1636 1925 1706 quamvis
1952 1649 2087 1688 non-
2188 1653 2523 1707 comparere.
2580 1640 2757 1704 Quare
2787 1640 2954 1691 miror
2985 1637 3310 1706 imperitiam
3361 1636 3651 1703 interpretis
3675 1651 3742 1689 ac-

496 1734 625 1785 nulli
659 1742 898 1785 veterum
929 1730 1159 1799 primum
1190 1739 1463 1782 auctorem
1498 1727 1829 1796 Theogoniaa
1852 1742 1973 1781 eum
2000 1726 2085 1779 fa-
2189 1729 2389 1792 cusari,
2412 1730 2502 1798 qui
2551 1743 2680 1783 sane
2711 1744 2817 1782 non
2865 1729 3038 1796 potuit
3060 1728 3262 1781 Latinis
3285 1726 3525 1779 versibus
3558 1728 3648 1780 hoc
3670 1742 3742 1780 ex-

493 1825 657 1877 ciant.
693 1823 826 1876 Vide
854 1821 1115 1877 Joannem
1135 1818 1401 1875 Clericnm
1432 1819 1499 1873 ad
1525 1819 1736 1873 titulum
1760 1818 2089 1888 Theogonizc
2118 1823 2167 1884 B
2192 1821 2448 1889 primere.
2507 1821 2614 1876 Sed
2646 1822 2813 1875 multo
2867 1822 3036 1891 magis
3058 1823 3225 1874 miror
3257 1818 3621 1888 Augustinum,
3665 1820 3740 1887 qui

495 1915 793 1978 llesiodem,
844 1925 898 1968 et
938 1912 1258 1982 prooemium
1304 1912 1561 1982 Diogenis
1606 1910 1831 1980 Laertii,
1877 1910 1965 1964 ubi
2018 1908 2088 1965 de
2192 1915 2502 1986 γιησιὸτητα
2530 1914 2788 1968 librorum
2820 1928 3096 1969 sacrorum
3119 1921 3307 1967 contra
3334 1910 3642 1965 Manichazos
3660 1925 3743 1965 non

491 2008 802 2078 Titeogonia
848 2007 985 2060 Lini.
2191 2008 2333 2062 male
2382 2006 2645 2071 defendit,
2695 2022 2803 2061 non
2852 2005 3294 2061 animadvertisse
3337 2004 3424 2057 hic
3449 2003 3744 2058 manifestam

560 2103 692 2170 Cap.
725 2102 812 2154 l8.
846 2100 903 2153 Si
951 2100 1085 2153 enim
1132 2098 1414 2151 dixerimus
1444 2112 1506 2149 ea
1532 2112 1634 2150 non
1664 2112 1772 2150 esse
1803 2095 2081 2159 credenda,
2192 2101 2640 2168 suppositionem.
2696 2097 2820 2153 Scio
2874 2098 3010 2152 alios
3040 2098 3235 2151 multos
3264 2096 3592 2150 Christianos
3636 2093 3744 2146 scri-

491 2212 595 2249 non
625 2196 806 2247 desunt
838 2194 990 2245 etiam
1020 2207 1156 2244 nunc
1185 2192 1274 2260 qui
1302 2190 1556 2260 ejusmodi
1602 2188 1841 2257 quaedam
1866 2188 1943 2241 vel
1978 2202 2088 2239 cer—
2192 2201 2375 2260 plores
2400 2192 2500 2245 hac
2526 2190 2579 2244 in
2612 2205 2669 2245 re
2689 2204 2812 2245 eum
2834 2204 2957 2244 esse
2986 2198 3254 2254 secutum,
3282 2202 3383 2242 nec
3406 2196 3631 2255 repetam
3650 2201 3745 2255 qua:

490 2288 684 2341 tissima
714 2285 990 2349 audivisse,
1022 2284 1098 2336 rel
1126 2284 1280 2336 etiam
1307 2291 1538 2352 expertos
1565 2298 1620 2335 se
1645 2296 1751 2334 esse
1770 2288 2083 2333 asseverent.
2192 2292 2377 2336 contra
2408 2297 2503 2337 eos
2542 2281 2913 2337 animadversa
2965 2289 3112 2346 sunt,
3144 2294 3265 2335 cum
3299 2278 3371 2333 ab
3400 2278 3537 2341 aliis,
3589 2286 3685 2331 tum
3720 2290 3744 2329 a

494 2380 632 2433 Nam
659 2390 706 2432 et
736 2396 825 2431 nos
852 2394 967 2429 cum
1015 2392 1237 2430 essemus
1290 2376 1343 2428 in
1388 2372 1569 2438 Italia,
1596 2372 1929 2425 audiebamus
1958 2372 2087 2425 talia
2191 2373 2398 2429 Davide
2425 2374 2703 2429 Blondello
2739 2375 2794 2427 in
2814 2388 2979 2442 opere
3007 2371 3212 2426 Gallico
3264 2370 3334 2424 de
3383 2369 3610 2439 Sibyllis.
3661 2367 3745 2423 Sed

490 2473 554 2525 de
582 2473 809 2541 quadam
839 2469 1044 2539 regione
1082 2466 1292 2521 illarum
1346 2468 1592 2536 partium,
1649 2466 1735 2518 ubi
1779 2464 2088 2517 stabularios
2190 2467 2437 2538 profecto
2480 2476 2564 2522 est
2591 2467 2735 2537 quod
2766 2467 3099 2536 suspicemur
3147 2464 3351 2519 multus
3402 2477 3581 2517 eorum
3620 2460 3747 2513 facile

489 2562 727 2615 mulieres
754 2560 975 2613 imbutas
1006 2559 1083 2612 his
1110 2557 1259 2611 malis
1298 2558 1517 2622 artibus,
1546 2558 1600 2609 in
1621 2572 1769 2610 caseo
1784 2555 1909 2609 dare
1923 2556 2088 2610 solere
2192 2562 2409 2632 quidem
2442 2562 2697 2617 olfecisse
2745 2559 3170 2630 suppositionem
3224 2556 3449 2625 hujusce
3483 2555 3631 2617 fetus,
3674 2550 3747 2605 sed

488 2654 722 2707 dicebant
750 2652 933 2720 quibus
986 2649 1169 2704 vellent
1218 2665 1308 2702 seu
1365 2658 1567 2715 possent
1610 2648 1909 2710 viatoribus,
1951 2648 2087 2700 unde
2190 2652 2317 2719 quia
2345 2652 2492 2706 rudis
2514 2652 2791 2721 plebecula
2825 2663 2931 2705 tam
2973 2650 3184 2704 levibus
3209 2648 3523 2716 capiebatur
3561 2644 3748 2698 rationi-

486 2749 539 2799 in
556 2750 792 2817 juntenta
821 2744 959 2796 illico
986 2751 1302 2795 verterentur
1330 2751 1377 2795 et
1412 2740 1700 2794 necessaria
1724 2754 1937 2809 qumque
1960 2754 2085 2804 por-
2192 2744 2293 2799 bus
2322 2760 2482 2814 quam
2508 2745 2779 2814 gravibus,
2804 2759 2899 2799 eos
2933 2742 3227 2811 arripuisse
3258 2740 3365 2794 hoc
3390 2746 3747 2808 argumentum,

486 2846 674 2901 tarent,
716 2842 927 2904 postque
953 2837 1222 2904 perfuncta
1256 2848 1414 2903 opera
1441 2832 1626 2885 iterum
1664 2832 1733 2883 ad
1753 2848 1808 2883 se
1835 2831 2083 2898 redirent,

2194 2846 2253 2891 ut
2281 2837 2385 2891 alia
2413 2836 2599 2903 multa,
2631 2838 2756 2907 quia
2778 2835 3114 2890 conducebat
3151 2848 3353 2895 causze,
3411 2846 3514 2885 non
3541 2829 3652 2899 quia
3678 2843 3748 2881 ve-

485 2928 617 2999 etc.]
642 2928 803 2981 Miror
832 2926 1187 2996 Augustinum
1216 2926 1329 2978 hrec
1360 2923 1432 2977 ita
1456 2938 1763 2993 proponere
1783 2922 1935 2991 quasi
1960 2936 2088 2989 pos-

2192 2944 2311 2983 rnm
2344 2930 2411 2983 iis
2432 2929 2733 2984 videbatur.
2767 2928 2981 2998 Alioqui
3007 2927 3054 2982 si
3078 2928 3150 2980 ita
3171 2926 3540 2980 obbrutuisset
3563 2923 3623 2977 iis
3638 2921 3749 2990 pala-

486 3030 610 3075 sent
636 3034 755 3074 esse
779 3035 929 3085 vera,
954 3019 1149 3087 vixque
1169 3032 1233 3071 ea
1256 3031 1451 3085 negare
1478 3016 1685 3078 liceret,
1732 3030 1853 3069 cum
1894 3023 2084 3083 postea

2192 3030 2329 3085 tum,
2361 3031 2419 3075 ut
2447 3020 2580 3075 nihil
2630 3021 2719 3075 hic
2761 3019 3019 3090 suppositi
3051 3017 3574 3077 animadverterent,
3605 3003 3750 3067 nullos

485 3112 628 3167 dicat
656 3122 762 3166 tunc
816 3113 893 3165 vel
944 3109 1079 3180 falsa
1120 3124 1246 3173 esse,
1299 3110 1376 3163 uel
1429 3120 1532 3162 tam
1584 3110 1847 3171 inusitata,
1884 3118 1939 3160 ut
1979 3123 2085 3160 me-

2193 3112 2501 3183 suppositos
2526 3112 2666 3168 fetus
2686 3128 2717 3167 a
2738 3112 2990 3181 genuinis
3012 3124 3296 3164 secernere
3328 3106 3639 3177 potuissent.
3659 3102 3749 3158 Non

483 3204 583 3257 iii"
606 3220 707 3256 ηοη
739 3203 1033 3266 “etiam”:
1058 3209 1313 3270 ρυιειςυθ
1346 3201 1524 3269 Ροιίυδ
1553 3213 1585 3253 ³
1610 3198 1944 3253 (ιπηιοηίδυε
1968 3208 2085 3251 iiii"
2115 3206 2162 3271 C
2193 3208 2394 3278 patitur
2421 3207 2640 3276 quidem
2673 3206 2908 3260 historia:
2948 3204 3079 3259 ﬁdes
3120 3218 3217 3257 nos
3242 3203 3492 3257 dubitare
3519 3201 3637 3270 quin
3662 3198 3751 3251 fue-

484 3294 662 3351 baiiim
696 3294 858 3349 inisse
896 3292 1233 3363 PhaﬂiaSiam
1282 3292 1581 3358 hominum:
1632 3290 1721 3360 qui
1768 3305 1878 3359 Ρΐω
1903 3289 2085 3344 ίυτοτθ
2194 3301 2303 3355 rint
2331 3299 2562 3353 fatidica:
2586 3298 2831 3368 qutedam
2880 3297 3135 3351 mulieres
3168 3310 3287 3364 qua:
3330 3294 3478 3348 varia
3509 3290 3751 3361 praedixis-

483 3390 771 3443 crederent
804 3402 863 3441 se
890 3402 1011 3442 esse
1046 3386 1311 3455 iumenta.
1340 3384 1538 3439 Postea
1568 3382 1732 3437 etiam
1780 3392 1964 3436 narrat
1988 3397 2083 3437 cu-
2189 3401 2333 3458 sem,
2361 3392 2427 3445 de
2457 3391 2686 3459 imperio
2737 3389 3041 3458 praecl-tim
3098 3386 3369 3451 Romano,
3402 3384 3495 3438 sed
3524 3383 3610 3436 illa
3644 3380 3750 3434 nihil

484 3481 691 3552 ius‘iam
724 3479 1025 3535 Ρτεεδιδηίίί
1073 3478 1228 3548 Paii'ir
1269 3485 1391 3546 Ροει
1417 3478 1559 3531 CaSCi
1590 3474 1853 3543 eiusmiidi
1900 3488 2084 3527 εοωθ-
2189 3485 2258 3540 ad
2285 3483 2643 3539 Christianam
2697 3483 3031 3552 religionem.
3079 3478 3447 3542 Crediderim,
3504 3485 3559 3529 ut
3606 3486 3750 3528 meatu

482 3576 737 3640 stionem,
791 3573 895 3627 tale
921 3572 1046 3642 quid
1076 3575 1130 3626 in
1162 3570 1369 3625 somnis
1398 3568 1710 3637 contigisse.
1742 3565 1848 3621 Sed
1889 3567 1932 3619 si
1980 3566 2085 3620 huc

2192 3592 2409 3648 quoque
2428 3577 2794 3645 conjecturam
2822 3576 3083 3643 aperiam,
3111 3571 3372 3626 fanaticas
3396 3571 3515 3623 illas
3536 3568 3751 3621 mulieres

483 3668 639 3722 Πετεί
686 3680 786 3735 ορε
835 3664 1164 3729 damnum.
1218 3661 1355 3727 (illiti
1391 3661 1496 3713 iiiis
1526 3673 1660 3729 opus
1687 3656 1787 3711 inii
1814 3656 2085 3712 medicam
2189 3686 2387 3725 nomen
2435 3670 2503 3724 ab
2550 3671 2789 3732 Oriente,
2847 3682 2951 3721 una
2999 3682 3119 3720 cum
3149 3675 3265 3719 arte
3293 3659 3612 3731 decipiendi,
3640 3668 3753 3713 attu-

484 3758 649 3814 CibO?
680 3760 786 3811 Ᾱυι
814 3756 860 3810 Si
892 3755 1013 3809 iaiis
1059 3754 1211 3808 Cibus
1258 3752 1311 3807 id
1362 3751 1625 3818 eiiicei'ei,
1660 3750 1785 3833 quid
1817 3765 1951 3819 ονυε
1980 3750 2085 3804 iiii‘
2195 3764 2345 3830 lisse,
2373 3773 2429 3817 et
2457 3763 2627 3817 dictas
2654 3761 2867 3831 sibyllas
2892 3776 2920 3813 a
2948 3759 3172 3823 Graecis,
3196 3756 3342 3827 quod
3376 3756 3646 3810 Phoenices
3676 3766 3751 3802 vo-

485 3848 858 3905 (Ῐεετηοηῖδυεῗ
899 3847 1169 3900 Ρταῖιθτθδ
1216 3846 1260 3898 εί
1314 3858 1383 3899 εἰ
1415 3844 1636 3899 aibiiiio
1673 3844 1976 3897 diemomim
2008 3845 2082 3896 iia
2192 3868 2379 3913 carent
2410 3855 2717 3925 huiusmodi
2745 3854 3026 3907 mulierem
3055 3835 3240 3909 :15,er
3270 3850 3533 3914 schebola,
3569 3848 3659 3900 hoc
3680 3850 3746 3896 est

483 3943 828 4014 pependisset
856 3940 1135 3995 hominum
1177 3936 1475 4008 phantasia,
1508 3945 1567 3991 ut
1615 3952 1736 4001 nec,
1778 3937 1901 3990 cibo
1928 3951 2086 3989 sum-

2192 3968 2307 4021 qua:
2323 3951 2671 4004 consenescit:
2701 3964 2822 4002 nam
2862 3947 3055 4002 vetula:
3088 3953 3241 4000 erant
3270 3945 3355 3999 hac
3371 3957 3537 4007 vates,
3570 3957 3657 3995 nec
3681 3952 3752 3992 ea-

484 4048 600 4108 pto,
631 4050 817 4091 eorum
842 4036 894 4089 vi
920 4034 1176 4089 resiSIere
1206 4032 1451 4086 homines
1480 4040 1720 4101 possent,
1771 4046 1867 4085 nec
1900 4031 2085 4084 turba-

2190 4058 2308 4096 rum
2340 4053 2589 4098 senectus
2618 4042 2793 4095 minus
2823 4039 3102 4094 decantata
3157 4038 3253 4092 fuit
3309 4053 3471 4107 quam
3511 4034 3749 4087 vaticinia.

484 4140 556 4185 ιε
608 4128 903 4199 Phanium
953 4128 1215 4197 imagines
1240 4128 1475 4193 Vincere:
1526 4141 1631 4181 ηοη
1674 4125 1926 4194 “illum”
1975 4125 2084 4177 i103
2189 4133 2409 4190 Ovidius
2441 4136 2657 4190 Metam.
2693 4134 2790 4187 lib.
2823 4148 2933 4198 xiv,
2972 4133 3097 4197 152,
3143 4132 3220 4185 sic
3247 4129 3456 4185 inducit
3484 4130 3749 4197 loquentem

485 4224 676 4279 fuisset
708 4221 1028 4291 prodigium.
1061 4220 1244 4290 Itaque
1276 4222 1445 4275 satius
1486 4220 1583 4274 fuit
1639 4220 2079 4273 muliercularum
2188 4230 2473 4298 sibyllam;

484 4318 740 4388 θεαιεηιει
767 4326 951 4387 averte
1228 4333 1386 4388 quam
1438 4332 1619 4371 rerum
1672 4316 1936 4385 είιιειηοαί
2250 4296 3402 4409 {institissetamisissent

511 4373 557 4423 ,υ
802 4373 819 4387 ·
1050 4373 1080 4388 υ
1184 4373 1196 4386 ι
1246 4373 1260 4388 ·
1700 4373 1719 4385 '
2250 4373 2301 4408 δι
2324 4375 2431 4409 mea
2458 4373 2711 4422 virginitas
2737 4373 2922 4408 rnoeuo
2947 4373 3188 4420 patuisset
3207 4373 3408 4405 amanti.

486 4421 662 4466 ῑιοιιθε
688 4426 951 4479 quaerere.
2250 4423 2377 4471 Dum
2399 4431 2561 4471 tamen
2586 4423 2706 4470 hanc
2728 4428 2913 4481 sperat,
2939 4422 3053 4468 dum
3079 4430 3505 4481 prarcorrumpere
3531 4416 3663 4465 donis

559 4504 691 4573 Cap.
722 4504 811 4557 ‘22.
848 4504 1112 4574 Siquidem
1138 4513 1251 4575 post
1298 4505 1430 4558 illud
1470 4504 1749 4557 maximum
1778 4511 1928 4571 atque
1959 4502 2079 4555 uni-

2254 4485 2333 4547 Me
2359 4488 2511 4546 cupit,
2534 4484 2694 4543 Elige,
2721 4486 2804 4539 ait,
2836 4484 2973 4541 virgo
2993 4483 3203 4537 Cumaea,
3229 4482 3348 4542 quid
3373 4488 3532 4541 optes,

2257 4548 2447 4594 (inlatis
2466 4546 2657 4594 notiore
2682 4546 2793 4594 tuis.
2821 4542 2924 4594 Εξω
2947 4542 3165 4594 pulveris
3187 4544 3349 4591 hausti

486 4596 679 4650 cersale
718 4596 991 4662 diluvium,
1043 4613 1156 4649 cum
1198 4598 1250 4649 in
1293 4612 1414 4649 arca
1442 4594 1557 4649 Nae
1585 4605 1697 4648 octo
1726 4594 1821 4647 soli
1848 4595 2083 4647 homines

2257 4557 2447 4603 Uptatis
2466 4557 2657 4606 potiere
2682 4557 2793 4594 tuis.
2823 4557 2924 4603 ego
2947 4557 3165 4603 pulveris
3188 4557 3349 4591 nausu

2202 4631 2230 4667 ;
2261 4608 2542 4656 Ostendens
2565 4608 2831 4665 cumulum,
2857 4615 2972 4665 quot
2998 4604 3205 4653 haberet
3228 4616 3431 4667 cortmra
3457 4600 3628 4663 pulvis,

485 4700 780 4758 evaserunt,
812 4690 936 4743 anni
978 4706 1081 4743 non
1112 4689 1272 4742 multo
1305 4689 1524 4756 amplius
1550 4704 1701 4756 quam
1742 4686 1883 4739 mille
1907 4696 2080 4740 trans-

2208 4666 2225 4667 ί
2260 4669 2351 4717 Tot
2370 4670 2483 4717 mihi
2510 4669 2692 4716 natales
2715 4670 3004 4727 contingere
3030 4680 3147 4713 vana
3171 4666 3339 4726 rogavi
3362 4679 3373 4713 :

2262 4730 2452 4779 Excidit
2477 4738 2695 4779 ontarem
2720 4730 2929 4779 iuvenes
2948 4740 3144 4779 quoque
3167 4728 3387 4779 protinus
3412 4737 3559 4774 annos

765 4741 780 4758 '
1150 4741 1156 4742 '
1240 4782 1249 4791 _
1392 4741 1410 4756 ’
1562 4741 1574 4756 '
1994 4779 2004 4788 ,
2088 4782 2099 4791 _
2262 4741 2452 4779 IXCIGll
2477 4741 2929 4790 optarcmjuvenes
2948 4741 3144 4789 quoque
3167 4741 3387 4788 prounus
3412 4741 3577 4783 annos,
3662 4774 3665 4775 ,

486 4792 651 4836 "imm
685 4782 889 4853 quando
942 4780 1116 4835 Ντηυδ
1160 4782 1335 4833 Αδιαῖη
1390 4787 1573 4843 τοιαηῆ
1621 4788 1829 4847 excepi“
1881 4775 2039 4830 Indi“
2062 4819 2079 4843 ν
2258 4793 2361 4840 Hos
2384 4800 2549 4840 tamen
2570 4791 2652 4839 ille
2675 4791 2977 4853 miliidabat,
3005 4796 3339 4850 :eternamque
3358 4789 3623 4853 juventam,

2258 4793 2361 4840 Hos
2384 4789 2549 4840 tamen
2570 4791 2652 4839 ille
2675 4791 2793 4838 mihi
2814 4791 2977 4845 dabat,
3005 4796 3339 4850 :eternamque
3358 4789 3623 4847 juventam,

490 4850 850 4949 subiugavit.]
905 4876 1112 4930 Revera
1170 4891 1236 4927 ex
1286 4872 1491 4927 calculo
1530 4871 1668 4924 LXX
1697 4871 2076 4939 interpretum,

2258 4854 2310 4901 Si
2338 4854 2583 4901 Venerem
2609 4860 2822 4913 paterer.
2849 4850 3137 4909 Contempto
3162 4862 3371 4898 munere
3398 4850 3567 4898 l’hazbi

2256 4914 2445 4963 ’lnnuba
2472 4927 2755 4963 permaneo.
2778 4914 2864 4961 sed
2886 4913 2981 4963 iam
3005 4910 3197 4960 felicior
3216 4916 3337 4960 tetas

490 4926 803 4949 ""l"-7'""'
832 4926 850 4948 J
906 4926 981 4930 "'
999 4926 1005 4929 '
1026 4926 1065 4930 "
1084 4926 1112 4929 "
1128 4967 1140 4977 -
1180 4926 1213 4927 “⁷
1300 4926 1305 4927 ⁷
1840 4926 1853 4939 ³
2063 4926 2073 4935 ⁷
2260 4926 2445 4963 IllnlIDa
2472 4927 2755 4974 permaneo,
2778 4926 3197 4972 890]3ῐ111611(ΣΙΟΓ
3216 4926 3337 4960 natas

486 4972 554 5028 ad
587 4973 819 5027 natalem
851 4970 1143 5025 Abrahamt
1164 4980 1361 5019 annum
1394 4980 1499 5018 non
1544 4962 1598 5017 cf
1602 4964 1870 5019 ﬂuxerunt
1898 4966 2078 5033 plures
2257 4977 2417 5039 Terga
2442 4977 2594 5033 dedit,
2626 4974 2933 5039 tremuloque
2960 4971 3109 5039 gradu
3136 4976 3269 5039 venit
3292 4986 3427 5039 :cgra
3446 4976 3685 5026 senectus,

487 5066 616 5121 anni
645 5080 804 5135 quam
840 5064 998 5126 H32,
1049 5068 1106 5114 ut
1131 5057 1368 5113 ostendit
1394 5060 1609 5111 lsaacus
1643 5057 1861 5111 Vossius
1892 5057 1943 5110 in
1977 5056 2073 5110 lib.

2258 5034 2383 5097 Qua?
2404 5039 2625 5099 patienda
2649 5037 2732 5085 diu
2760 5034 3096 5095 est,’namjam
3119 5036 3236 5082 mihi
3264 5034 3444 5083 secula
3466 5040 3649 5093 septem

2256 5102 2374 5148 Acta
2401 5100 2556 5148 vides.
2579 5106 2810 5148 superest
2843 5110 3072 5145 numeros
3095 5104 3149 5144 ut
3174 5096 3393 5148 pulveris
3415 5107 3617 5148 aequem,

488 5108 1509 5219 32's1;:.“'m1.}:d}2enisus;
1522 5108 1911 5218 .‘.‘.m,;;.;s;..
1933 5108 2075 5201 pi...

2256 5108 2374 5148 Acta
2401 5108 2556 5157 vides,
2579 5108 2810 5157 superest
2843 5110 3072 5145 numeros
3095 5108 3149 5144 ut
3174 5108 3393 5156 pulveris
3415 5108 3617 5154 aequem,

2253 5162 2553 5211 Tercentum
2577 5174 2785 5221 messes,
2812 5166 3086 5208 tercentum
3108 5165 3261 5206 musta
3286 5161 3475 5208 videre.

488 5249 617 5321 legi,
650 5249 842 5319 quibus
868 5260 1039 5316 genus
1063 5246 1349 5297 humanum
1373 5242 1425 5294 in
1453 5241 1631 5295 varias
1658 5242 1789 5293 abiit
1814 5240 2074 5303 colonias,
2198 5244 2330 5313 Quae
2380 5252 2504 5298 sunt
2550 5244 2758 5312 poetica
2792 5243 3040 5311 figmenta
3064 5242 3188 5296 inde
3215 5252 3359 5309 nata,
3404 5239 3543 5309 quod
3573 5235 3749 5292 dicere-

490 5343 557 5398 ad
586 5355 824 5412 tempora
855 5338 999 5403 Nini,
1031 5352 1095 5391 ex
1122 5336 1312 5391 eodem
1346 5335 1555 5390 calculo
1597 5349 1703 5403 quo
1732 5334 1981 5388 statuitur
2011 5334 2079 5388 ab
2191 5349 2281 5393 tur
2311 5336 2500 5406 sibylla
2530 5334 2812 5404 grandaeva
2843 5333 3029 5387 fuisse.

489 5434 726 5489 Eusebio
752 5434 917 5487 Ninus
945 5430 1101 5500 paulo
1129 5438 1252 5483 ante
1283 5436 1466 5482 natum
1494 5428 1858 5483 Abrahamum
1913 5428 2077 5482 sube-
2264 5429 2399 5483 Ibid.
2436 5428 2463 5499 §
2496 5428 2580 5480 11.
2607 5426 2796 5481 Inserit
2828 5428 2979 5479 etiam
3026 5425 3322 5480 Lactantius
3342 5425 3485 5494 operi
3522 5437 3610 5474 sua
3636 5430 3749 5486 qutt-

492 5530 633 5595 gisse
661 5528 866 5590 Asiam,
894 5537 1000 5577 non
1024 5521 1325 5575 efﬂuxerint
1352 5520 1520 5574 multo
1549 5518 1730 5590 plures
1758 5519 1863 5579 500
1898 5519 2077 5584 annis,

493 5617 616 5670 Asia
649 5618 781 5670 nihil
814 5615 983 5671 ferme
1012 5614 1241 5669 habebat
1270 5621 1464 5681 prmter
1480 5612 1850 5677 deserta,nam
1871 5610 2007 5664 intra
2027 5611 2079 5664 id

494 5719 704 5777 tempus
733 5724 839 5761 non
888 5714 1173 5776 potuerunt
1208 5706 1277 5758 ita
1308 5705 1491 5773 augeri
1523 5705 1785 5767 homines,
1818 5713 1875 5756 ut
1906 5700 2083 5755 tantos

2196 5523 2317 5573 dant
2345 5522 2407 5573 de
2431 5517 2632 5572 Cltristo
2658 5518 2896 5571 vaticinia
2916 5517 3133 5585 sibylltz,
3159 5517 3388 5585 quamvis
3410 5530 3511 5568 non
3527 5510 3747 5577 exprimat

2197 5612 2389 5683 cujus]
2441 5610 2700 5681 Respexit
2750 5611 2816 5663 ad
2865 5612 3039 5663 locum
3090 5609 3349 5663 Lactantii
3388 5622 3453 5661 ex
3512 5604 3601 5658 lib.
3636 5601 3745 5654 lnsL

495 5812 754 5859 terrarum
785 5809 986 5859 tractus
1007 5798 1312 5870 implerent.
1349 5796 1529 5867 Itaque
1554 5797 1750 5855 rectius
1772 5796 1968 5851 faciunt
1991 5793 2083 5866 qui

2200 5706 2364 5759 divin.
2398 5721 2437 5771 ι,
2467 5720 2585 5773 cap.
2620 5704 2673 5771 6,
2709 5703 2819 5767 ubi,
2851 5701 3163 5755 memoratis
3217 5702 3379 5754 variis
3424 5694 3641 5764 sibyllis,
3684 5688 3745 5739 sic

2197 5799 2433 5866 loquitur
2454 5816 2469 5856 :
2493 5796 2695 5851 Harum
2716 5795 2941 5852 omnium
2960 5792 3263 5863 sibyllarum
3289 5791 3515 5846 carmina
3535 5794 3579 5843 et
3594 5784 3742 5853 [erute

2602 5958 2656 5968 ﬁ.4
2681 5957 2737 5969 ...α
2788 5960 2791 5961 ν
