3974 6356
245 462 330 517 l’J'l
922 452 1276 513 VARIORUM
1318 445 1924 510 EXERCITATIONES
1962 444 2029 502 IN
2066 445 2121 502 S.
2166 442 2536 503 AUGUSTlNl
2574 444 2822 501 OPERA.

3384 440 3487 497 498

238 588 306 629 tur
329 584 368 629 et
398 572 669 637 habentur,
694 572 1284 642 prrcterquamCumaaw,
1318 572 1466 639 cujus
1491 567 1607 621 libri
1629 582 1661 618 a
1693 564 1801 618 Ro-
1831 567 1877 625 Α
1909 569 2090 625 ctores,
2119 576 2177 613 eo
2216 560 2353 629 quod
2396 577 2481 613 eas
2510 561 2775 627 inducant,
2818 558 2869 611 id
2904 564 2975 611 est
3004 557 3323 611 introducunt
3361 572 3489 625 quo-

238 667 377 721 manis
398 664 728 728 occuluntur;
779 681 866 717 nec
895 680 977 717 eos
1021 662 1082 715 ab
1119 662 1247 727 ullo,
1292 662 1391 713 nisi
1429 676 1460 711 a
1508 657 1798 729 quindecim

238 760 356 824 viris,
384 757 563 823 inspici
596 755 673 821 fas
702 766 791 819 est.
818 756 884 807 Et
906 764 1023 809 sunt
1059 754 1380 823 singularum
1421 750 1611 821 singuli
1654 747 1793 814 libri,

236 851 312 919 qui
334 851 445 918 quia
469 851 663 919 sibylla:
692 848 891 901 nomine
920 845 1292 911 inscribuntur,
1336 844 1490 895 unius
1537 857 1643 895 esse
1691 856 1798 893 cre-

236 940 429 1006 duntur,
456 949 673 1010 suntque
715 940 933 1005 confusi.
970 937 1238 990 Hactenus
1271 932 1405 987 nihil
1451 931 1611 986 habet
1658 931 1799 998 quod

236 1047 327 1085 non
352 1040 769 1086 consentaneum
803 1031 873 1085 sit
898 1029 1017 1082 loco
1060 1024 1372 1095 Augustini;
1402 1020 1495 1077 sed
1522 1021 1798 1091 sequentia

234 1126 277 1179 ei
305 1126 670 1189 adversantur,
708 1124 785 1178 sic
814 1120 1172 1190 enim-pergit
1204 1118 1432 1186 scriptor
1468 1114 1801 1185 elegantissi-

234 1231 369 1270 mus:
402 1216 510 1268 Nec
540 1215 780 1279 discerni,
810 1230 870 1267 ac
915 1228 1066 1266 suum
1110 1210 1289 1277 cuique
1334 1207 1585 1277 assignari
1613 1215 1797 1274 potest,

234 1311 321 1362 nisi
342 1307 643 1379 Erythram,
667 1322 780 1377 qua:
808 1314 853 1359 et
890 1320 1072 1358 nomen
1103 1318 1249 1355 suum
1279 1316 1453 1354 verum
1488 1299 1703 1352 carmini
1723 1298 1803 1349 in-

234 1401 396 1467 seruit,
424 1408 470 1452 et
497 1398 823 1469 Erythrceam
851 1413 903 1450 se
925 1395 1242 1450 nominatum
1281 1393 1346 1445 iri
1392 1390 1672 1459 prielocuta
1701 1398 1799 1455 est,

235 1507 336 1543 cum
358 1498 480 1543 esset
511 1498 622 1543 orta
662 1489 941 1557 Babylone.
986 1486 1090 1541 Sed
1140 1495 1184 1539 et
1215 1500 1305 1537 nos
1336 1483 1546 1551 confuse
1566 1481 1802 1550 sibyllam

235 1582 463 1646 dicemus,
504 1579 663 1633 sicubi
703 1578 1002 1632 testimoniis
1041 1592 1219 1629 earum
1265 1575 1418 1644 fuerit
1466 1571 1805 1625 abutendum.

233 1672 326 1729 Sed
380 1685 434 1728 et
477 1683 655 1742 postea
698 1674 988 1741 Erythraeae
1027 1682 1215 1724 versus
1246 1668 1559 1721 nominatim
1606 1664 1811 1734 profert

233 1765 314 1818 lib.
348 1780 415 1831 IV,
449 1778 566 1833 cap.
600 1762 693 1830 15,
752 1770 808 1818 et
838 1763 927 1816 lib.
952 1762 1018 1816 de
1054 1760 1136 1815 lra
1180 1774 1299 1829 cap.
1343 1758 1433 1811 22.
1466 1761 1596 1825 Quae
1625 1758 1835 1811 omnia'

232 1859 341 1909 licta
372 1870 491 1910 esse
521 1871 551 1910 a
586 1854 904 1910 Christianis
946 1868 1010 1908 eo
1041 1853 1257 1908 nomine
1281 1850 1536 1919 indignis,
1582 1864 1666 1904 res
1691 1849 1808 1919 ipsa

228 1947 438 2002 clamat.

293 2040 418 2109 Cap.
451 2041 540 2095 57.
580 2038 1023 2109 Tempore'igitur
1078 2036 1440 2107 praphetarum
1482 2041 1798 2098 nostrorum,

228 2148 433 2201 quorum
454 2135 574 2203 jam
598 2134 789 2200 scripta
832 2130 899 2184 ad
932 2122 1164 2183 notitiam
1192 2133 1297 2199 fere
1326 2129 1552 2182 omnium
1577 2127 1802 2197 gentium

229 2232 569 2291 pervenerunt,
596 2222 886 2293 philosOphi
906 2226 1129 2292 gentium
1167 2220 1395 2275 nondum
1416 2229 1561 2274 erant
1599 2218 1685 2285 qui
1707 2218 1802 2271 hoc
1858 2234 1865 2243 ί

223 2316 372 2367 etiam
416 2316 619 2369 nomine
659 2322 978 2379 vocarentur,
1022 2312 1160 2383 quod
1187 2314 1376 2383 cazpita
1399 2313 1578 2368 Samio
1600 2310 1802 2382 Pytha-

222 2420 365 2472 gora,
392 2405 479 2472 qui
504 2421 561 2458 eo
584 2414 802 2476 tempore
822 2422 921 2475 quo
941 2404 973 2458 .1
979 2406 1223 2459 udeorum
1248 2414 1320 2458 est
1348 2405 1517 2458 soluta
1538 2404 1805 2472 captivitas

220 2496 368 2563 erepit
390 2496 634 2549 excellere
655 2505 802 2565 atque
826 2494 1102 2567 cognosci.)
1132 2496 1273 2550 Nihil
1298 2496 1494 2562 verius,
1517 2497 1806 2565 optimum-

218 2604 321 2657 que
348 2588 403 2642 id
432 2597 515 2642 est
538 2597 934 2657 argumentum,
956 2604 1061 2659 quo
1082 2604 1240 2658 quam
1269 2588 1341 2642 sit
1367 2603 1557 2644 recens
1593 2586 1807 2643 Graeco-

217 2695 337 2733 rum
372 2676 705 2749 philosophia
728 2682 1060 2735 ostendatur.
1100 2682 1439 2736 lllustrarunt
1476 2682 1635 2737 etiam
1668 2682 1808 2737 hanc

215 2771 625 2841 chronologiam
679 2772 912 2827 editores
966 2773 1330 2837 Parisienses;
1395 2771 1492 2828 sed
1534 2773 1809 2841 [nonnulla

214 2871 346 2916 sunt
376 2863 430 2915 in
455 2877 639 2917 eorum
688 2862 1030 2919 adnotatione
1069 2872 1243 2919 errata
1273 2871 1364 2918 aut
1387 2866 1806 2934 typothetarum,

215 2964 313 3008 aut
342 2953 651 3009 feetinantis
673 2954 886 3020 calami,
914 2970 1034 3025 quae
1062 2955 1150 3010 hic
1171 2954 1489 3021 emendabo,
1524 2963 1582 3009 ut
1601 2969 1668 3009 ex
1690 2955 1809 3009 aliis

219 3045 576 3110 editionibus,
605 3046 649 3099 si
675 3061 792 3115 quae
815 3046 1039 3117 posthac
1059 3049 1209 3112 liant,
1240 3047 1541 3101 demantur.
1571 3047 1811 3100 Primum

221 3137 376 3191 aiunt
390 3137 459 3191 ab
475 3137 709 3193 Eusebio
731 3140 782 3193 in
805 3138 1077 3195 Chronico
1093 3140 1447 3210 Pythagoram
1471 3139 1536 3193 ad
1550 3138 1618 3193 65
1640 3138 1814 3208 olym-

222 3229 435 3297 piadem
466 3229 674 3285 referri.
707 3233 866 3302 Atqui
908 3242 991 3286 est
1029 3232 1096 3286 65
1119 3232 1185 3285 ad
1223 3245 1381 3301 quam
1414 3230 1466 3284 in
1508 3230 1812 3285 Eusebiano

1907 652 2182 706 dammodo
2194 652 2246 705 in
2259 653 2415 705 corda
2430 653 2749 715 discentium,
2765 650 2843 703 vel
2863 652 2915 703 in
2937 666 3019 703 eos
3032 651 3198 720 potius
3211 651 3347 718 ipsos
3362 664 3490 719 quos

1902 742 2126 813 docent.]
2150 744 2246 810 Qui
2274 744 2340 795 ita
2375 743 2757 811 interpretatus
2785 752 2868 796 est
2905 757 3090 797 vocem
3112 742 3353 797 Graecam
3387 744 3490 797 Au-

1902 836 2133 903 gustino,
2156 833 2426 888 hominem
2450 833 2657 901 fefellit,
2676 850 2796 888 nam
2811 834 3156 904 Septuaginta
3170 835 3491 903 interpretes

1903 946 2088 985 vocem
2113 930 2363 984 adhibent
2405 930 2473 984 ad
2504 930 2811 984 vertendam
2842 930 3156 985 Hebraicam
3177 939 3321 988 -πωω
3343 931 3492 982 scho-

1905 1030 2002 1087 ter,
2027 1037 2144 1091 qua:
2174 1022 2595 1091 grammatistam
2644 1023 2862 1077 minime
2892 1021 3175 1091 signiﬁcat,
3213 1021 3306 1077 sed
3329 1036 3492 1090 appa-

1905 1112 2124 1167 ritorem
2150 1113 2572 1182 magistratuum.
2604 1112 2735 1166 Vide
2762 1128 2883 1183 quae
2925 1115 3127 1168 notavit
3168 1112 3235 1167 de
3266 1127 3327 1167 ea
3358 1127 3495 1169 voce

1906 1201 2139 1257 Joannes
2161 1201 2399 1258 Clericus
2424 1203 2492 1258 ad
2520 1203 2689 1258 Exod.
2724 1220 2777 1268 v,
2809 1204 2862 1260 6.

1978 1296 2109 1365 Cap.
2138 1298 2226 1357 45.
2262 1297 2569 1352 Memoratis
2614 1297 2953 1351 versionibus
2981 1296 3209 1366 Aquilae,
3244 1296 3492 1368 Symma-

1908 1388 2019 1453 chi,
2054 1389 2436 1444 Theodotionis
2482 1400 2534 1443 et
2579 1390 2761 1459 quinta
2798 1407 2809 1441 :
2865 1387 3017 1441 Hanc
3068 1397 3257 1454 tamen,
3296 1390 3492 1459 inquit,

1909 1495 2025 1549 qua:
2055 1479 2393 1551 Septuaginta
2415 1480 2781 1550 est,’tanquam
2815 1481 2926 1534 sola
2948 1489 3072 1533 esset
3098 1482 3171 1533 sic
3191 1482 3366 1550 recipit
3396 1480 3495 1535 Ec-

1912 1573 2083 1636 clesia,
2109 1589 2263 1641 eaque
2299 1582 2515 1626 utuntur
2546 1572 2712 1627 Grazci
2743 1572 2923 1641 pOpuli
2955 1570 3255 1639 Christiani,
3279 1590 3496 1643 quorum

1914 1666 2139 1735 plerique
2170 1667 2345 1735 aliqua
2386 1668 2447 1719 sit
2478 1666 2581 1719 alia
2608 1663 2894 1735 ignorant.)
2924 1664 3129 1733 Nempe
3163 1665 3415 1720 mulieres
3445 1676 3498 1722 et

1916 1758 2171 1823 artiﬁces,
2194 1768 2493 1828 cretcraque
2510 1758 2811 1828 plebecula,
2839 1759 2988 1827 vagis
3004 1759 3243 1814 Numidis
3273 1760 3495 1827 similis;

1916 1866 2037 1904 nam
2060 1851 2170 1919 alii,
2216 1851 2305 1919 qui
2334 1852 2416 1906 vel
2448 1852 2634 1906 leviter
2674 1852 2865 1908 litteris
2911 1853 3080 1908 sacris
3124 1854 3272 1909 tincti
3322 1864 3497 1920 erant,

1837 1945 1887 2019 Β
1911 1942 2109 2012 aliquid
2146 1942 2389 2012 legerunt
2435 1952 2525 1996 aut
2573 1945 2946 1999 inaudiverant
2974 1945 3043 1999 de
3072 1945 3357 2016 Tetraplis,
3405 1956 3498 2003 aut

1906 2034 2160 2101 Hexaplis
2184 2035 2449 2103 Origenis.
2484 2033 2663 2105 Pergit
2696 2053 2708 2088 :
2740 2034 2825 2089 Ea:
2856 2036 2951 2089 hac
2982 2035 3320 2108 Septuaginta
3346 2041 3498 2093 inter-

1905 2126 2189 2195 pretatione
2205 2127 2354 2178 etiam
2380 2127 2434 2179 in
2472 2125 2708 2179 Latinam
2746 2127 2976 2197 linguam
3007 2127 3392 2200 interpretatum
3426 2148 3501 2206 est

1906 2217 2041 2287 quod
2060 2217 2259 2272 Latina’
2286 2216 2524 2271 Ecclesicc
2548 2226 2734 2272 tenent.
2770 2217 2953 2288 Itaque
2982 2218 3228 2289 legebant
3252 2219 3498 2277 homines

1908 2310 2050 2365 docti
2072 2321 2123 2365 et
2149 2312 2440 2378 prudentes
2469 2312 2766 2367 versionem
2796 2313 3103 2385 ‘versionis,
3134 2329 3355 2382 quarum
3381 2316 3496 2384 ple-'

1909 2403 2060 2471 rique
2083 2403 2430 2458 ecclesiastici
2461 2412 2703 2458 neutram
2736 2405 3309 2473 poterantexpendere
3334 2424 3347 2472 ;
3373 2421 3497 2461 nam
3594 2424 3597 2429 λ

1912 2494 2150 2550 Graecam
2194 2511 2314 2550 cum
2368 2496 2593 2552 Hebraeo
2640 2497 2827 2552 codice
2866 2498 3113 2553 conferre
3158 2502 3243 2554 vel
3271 2499 3376 2554 duo
3407 2514 3499 2568 po-

1911 2594 2146 2653 tuerunt,
2182 2598 2236 2642 ut
2280 2589 2510 2657 loquitur
2562 2589 2669 2655 ille,
2720 2589 2802 2644 vel
2848 2604 3037 2655 nemo;
3078 2589 3318 2644 Latinam
3377 2606 3498 2646 cum

1913 2678 2095 2734 Graeca
2120 2680 2298 2748 plures
2331 2680 2570 2750 quidem,
2592 2680 2686 2735 sed
2717 2681 2891 2751 pauci,
2931 2696 3042 2751 prae
3074 2680 3140 2735 iis
3162 2682 3268 2751 qui
3313 2681 3499 2737 Grrcce

1914 2770 2243 2839 nesciebant,
2284 2772 2425 2827 inter
2444 2787 2577 2842 quos
2599 2774 2947 2843 Augustinus.
2973 2774 2991 2827 l
3024 2787 3163 2828 nunc
3182 2783 3237 2827 et
3265 2774 3314 2828 in
3352 2774 3498 2843 ejus-

1914 2863 2056 2917 modi
2086 2863 2385 2919 Itominibus
2426 2864 2577 2918 lauda
2607 2875 2696 2918 aut
2734 2879 2959 2919 acumen
2984 2866 3036 2918 in
3065 2864 3502 2934 interpretatione

1914 2956 2225 3025 Scriptura),
2258 2966 2349 3011 aut
2386 2957 2716 3027 diligentiam
2750 2957 2802 3011 in
2824 2958 2990 3012 sacris
3022 2958 3234 3023 studiis,
3261 2967 3352 3012 aut
3379 2974 3502 3027 pru-

1917 3052 2150 3106 dentiam
2184 3053 2234 3105 in
2259 3052 2650 3121 actiuiescendo
2689 3052 2740 3105 in
2765 3052 3097 3107 versionihus
3124 3067 3241 3122 quae
3274 3053 3502 3109 boname

1918 3153 2098 3199 essent
2134 3159 2201 3198 an
2239 3144 2393 3197 mala:
2421 3143 2751 3199 nesciebant.

1993 3236 2263 3303 Quamvis,
2307 3236 2497 3305 inquit,
2542 3251 2644 3289 non
2689 3234 2909 3304 defuerit
2962 3234 3269 3306 temporibus
3316 3237 3503 3291 nos'ris

227 3321 493 3377 Chronico
520 3324 697 3392 legere
719 3334 835 3379 est:
869 3323 1191 3396 Pythagoras
1213 3324 1451 3395 physicus
1478 3324 1814 3394 philosophus
1840 3321 1886 3384 C
1920 3328 2176 3397 presbyter
2214 3326 2582 3397 Hieronymus,
2630 3327 2780 3380 homo
2821 3326 3146 3381 doctissimus
3191 3337 3239 3381 et
3280 3328 3504 3381 omnium

225 3417 398 3472 clarus
420 3419 652 3474 habetur.
670 3420 885 3475 Addunt
907 3420 1236 3476 Benedictini
1261 3420 1505 3475 eumdem
1524 3421 1811 3474 Eusebium

228 3508 321 3562 lib.
355 3526 383 3563 x
414 3511 483 3565 de
526 3511 921 3582 Prteparatione
954 3512 1282 3582 evangelica,
1321 3527 1439 3583 cap.
1476 3514 1526 3578 5,
1578 3512 1810 3566 scribere

234 3599 488 3657 claruisse
529 3602 892 3675 Pythagoram
933 3603 1236 3674 Olympiade
1279 3604 1366 3658 62.
1420 3604 1475 3658 in
1521 3603 1610 3657 illo
1634 3613 1811 3659 tamen

235 3691 401 3757 capite
428 3692 564 3747 nihil
587 3694 748 3748 habet
794 3695 1057 3750 Eusebius
1079 3697 1144 3749 de
1165 3703 1321 3750 aetate
1355 3695 1691 3767 Pythagorae,
1716 3696 1812 3750 sed

236 3789 434 3835 tantum
457 3783 508 3836 in
539 3793 820 3852 sequente,
875 3784 966 3840 ubi
996 3785 1157 3840 etiam
1184 3785 1287 3840 hoc
1329 3801 1492 3840 unum
1546 3786 1695 3851 dicit,
1740 3788 1813 3840 vi-

238 3875 373 3931 xisse
399 3893 518 3932 eum
541 3879 631 3934 diu
668 3890 789 3949 post
819 3890 1025 3950 septem
1054 3881 1355 3951 Sapientes.
1383 3883 1647 3938 Praeterea
1679 3882 1811 3937 sub-

237 3965 416 4035 iiciunt
436 3970 504 4025 de
519 3985 589 4037 βο
618 3982 894 4041 tempore:
932 3972 1199 4044 Regnabat
1233 3983 1400 4027 autem
1440 3974 1579 4044 apud
1614 3972 1804 4027 Roma-

240 4073 327 4111 nos
368 4059 572 4115 Seruius
622 4063 901 4135 Sulpitius.
963 4064 1257 4119 Voluerunt
1310 4065 1488 4119 dicere
1526 4066 1625 4119 viri
1668 4064 1814 4119 docti

241 4150 463 4207 Servium
487 4154 736 4223 Tullium,
754 4172 875 4211 nam
897 4158 1106 4212 Servius
1127 4158 1380 4229 Sulpitius
1400 4159 1813 4227 jurisconsultus

241 4242 360 4310 fuit,
386 4244 654 4303 Ciceronis
678 4250 1167 4319 aequalis.Tandem
1191 4252 1260 4305 ita
1280 4251 1345 4305 de
1364 4254 1645 4307 emortuali
1673 4266 1813 4307 anno

242 4336 547 4410 Pythagorae
572 4343 890 4411 loquuntur:
927 4344 1247 4415 Pythagoras
1268 4354 1475 4399 mortem
1500 4346 1621 4398 obiit
1647 4348 1813 4416 olym-

244 4431 389 4497 piade
420 4435 507 4500 70,
540 4450 676 4488 anno
717 4438 847 4506 ejus,
871 4439 1025 4507 juxta
1067 4436 1272 4490 Eusebii
1302 4436 1611 4501 Chronicon,
1634 4447 1814 4507 quarto

243 4525 317 4575 vel
340 4526 527 4593 quinto.
559 4527 750 4581 Debuit
779 4528 939 4583 scribi
973 4530 1119 4583 tertio
1157 4533 1232 4583 vel
1263 4541 1467 4599 quarto,
1500 4540 1554 4584 et
1578 4531 1655 4585 sic
1676 4532 1812 4585 scri-

243 4622 385 4681 ptum
416 4628 539 4686 puto
565 4634 595 4673 a
626 4620 753 4674 viris
780 4621 1001 4675 eruditis
1049 4637 1172 4675 nam
1214 4623 1296 4676 vel
1345 4623 1494 4691 pueri
1538 4623 1712 4677 sciunt
1759 4623 1811 4675 in

1917 3421 2072 3473 trium
2120 3420 2409 3490 linguarum
2460 3420 2681 3487 peritus;
2723 3419 2809 3486 qui
2849 3435 2948 3472 non
2988 3434 3051 3472 ex
3085 3418 3283 3485 Grceco,
3325 3419 3414 3473 sed
3443 3436 3504 3473 ea:

1918 3510 2137 3564 Hebra'o
2157 3511 2207 3563 in
2226 3509 2461 3565 Latinum
2488 3511 2744 3581 eloquium
2764 3511 2965 3564 easdem
2992 3510 3289 3579 Scripturas
3303 3527 3504 3565 conver-

1917 3605 2052 3658 terit.
2093 3606 2365 3671 Quatenus
2415 3604 2780 3673 porrigeretur
2823 3603 3053 3657 eruditio
3092 3603 3505 3673 Hieronymiana

1917 3702 1973 3755 in
2002 3709 2223 3769 utraque
2272 3700 2471 3768 lingua,
2517 3700 2699 3754 Grmca
2754 3710 2808 3754 et
2852 3700 3136 3766 Hebraica,
3184 3701 3317 3755 satis
3356 3703 3505 3756 lucu-

1915 3790 2062 3844 lente
2084 3790 2320 3844 ostendit
2346 3789 2579 3843 Joannes
2601 3790 2839 3844 Clericus
2871 3790 2923 3844 in
2946 3790 3340 3857 Quaestionibus
3373 3792 3503 3847 Ilie-

1916 3882 2279 3954 ronymianis;
2306 3882 2397 3935 sed
2433 3882 2659 3935 collatus
2687 3882 2806 3937 aliis
2840 3882 3119 3951 presbyter
3139 3882 3506 3940 Stridonensis

1916 3989 2046 4029 sane
2063 3983 2181 4028 erat
2204 3974 2568 4031 doctissimus.
2605 3974 2710 4029 Sed
2729 3975 2862 4043 ejus,
2897 3975 3111 4040 subjicit
3156 3977 3505 4044 Augustinus,

1917 4073 2021 4117 tam
2060 4065 2334 4117 litteratum
2362 4063 2605 4126 laborem,
2645 4064 2873 4134 quamvis
2905 4062 3078 4118 Judazi
3117 4066 3373 4134 fateantur
3402 4084 3506 4121 esse

1915 4172 2163 4219 vcracem,
2189 4155 2526 4227 Septuaginta
2547 4172 2661 4209 vero
2682 4156 3002 4223 interpretes,
3044 4158 3093 4209 in
3119 4158 3293 4211 multis
3315 4175 3506 4213 errasse

1915 4247 2253 4309 contendant;
2276 4256 2441 4299 tamen
2473 4246 2715 4300 Ecclesia:
2736 4245 2922 4300 Christi
2947 4257 3015 4300 tot
3050 4247 3315 4302 hominum
3337 4260 3506 4304 aucto-

1914 4342 2078 4403 ritati,
2105 4340 2165 4393 ab
2190 4338 2443 4393 Eleazaro
2465 4348 2584 4393 tunc
2617 4340 2879 4408 pontiﬁce,
2914 4340 2980 4391 ad
3011 4338 3106 4391 hoc
3144 4350 3338 4393 tantum
3382 4358 3507 4411 opus

1916 4432 2190 4485 electorum
2213 4432 2457 4484 neminem
2468 4430 2709 4501 judicent
2726 4431 3101 4501 prwferendum
3120 4446 3137 4484 :
3157 4434 3276 4502 quia
3297 4434 3389 4486 etsi
3406 4450 3507 4488 non

1917 4528 1969 4580 in
1984 4527 2055 4581 eis
2079 4544 2209 4583 unus
2227 4529 2549 4598 apparuisset
2572 4528 2802 4599 spiritus,
2821 4530 2932 4583 sine
2953 4530 3269 4584 dubitatione
3282 4530 3505 4594 divinus,

1917 4621 2005 4671 sed
2026 4620 2157 4672 inter
2174 4635 2226 4671 se
2250 4619 2398 4673 verba
2426 4613 2858 4688 interpretationis
2881 4636 2987 4673 sua:
3006 4620 3346 4691 Septuaginta
3369 4622 3507 4674 docti

242 4705 458 4774 singulis
501 4710 890 4780 olympiadibus
934 4727 1053 4766 esse
1099 4723 1302 4766 tantum
1347 4722 1574 4782 quatuor
1621 4728 1811 4768 annos.
1840 4693 1895 4753 Ῑ)
1922 4728 2060 4765 more
2082 4711 2709 4776 hominumcontulissent,
2733 4719 2788 4763 ut
2816 4711 2953 4779 quod
2972 4711 3242 4781 placuisset
3273 4712 3506 4764 omnibus

239 4793 389 4862 Quod
418 4798 663 4865 observo,
695 4816 800 4855 non
830 4801 1120 4856 insectandi
1142 4803 1332 4872 gratia,
1360 4803 1527 4857 absit!
1552 4802 1638 4872 qui
1667 4803 1813 4858 labo-

237 4900 353 4943 rem
383 4906 563 4946 eorum
594 4893 814 4948 minime
842 4896 1080 4949 omnium
1105 4911 1336 4964 Sperno;
1380 4897 1472 4951 sed
1516 4905 1576 4950 ut
1609 4896 1817 4951 discant

236 4983 327 5036 alii
358 4983 597 5041 homines
628 4988 843 5056 maligni
889 5004 951 5041 ex
980 4988 1172 5043 talibus
1216 4989 1495 5057 exemplis,
1545 5003 1649 5043 non
1696 5004 1816 5044 esse

237 5071 395 5129 bonis
423 5085 474 5131 et
509 5077 732 5132 eruditis
758 5078 886 5133 viris
917 5089 1201 5148 propterea
1248 5080 1609 5134 insultandum
1630 5123 1643 5146 ,
1674 5096 1815 5150 prte-

236 5167 424 5221 sertim
453 5169 495 5222 si
528 5182 587 5222 se
619 5168 737 5223 aliis
770 5170 950 5223 faciles
982 5172 1032 5225 in
1058 5172 1250 5225 talibus
1282 5172 1566 5236 praebeant.

310 5258 441 5317 Ibid.
478 5259 581 5315 Isis
609 5278 760 5332 porro
784 5262 967 5316 Inachi
990 5264 1101 5333 ﬁlia
1128 5266 1286 5332 fuisse
1315 5266 1567 5332 proditur,
1602 5267 1690 5335 qui
1710 5268 1816 5334 pri-

237 5364 349 5403 mus
386 5369 598 5423 regnare
629 5356 778 5423 coepit
820 5354 1063 5426 Argivis.]
1106 5354 1187 5422 Si,
1220 5356 1495 5421 nimirum,
1536 5357 1816 5412 credamus

238 5435 437 5505 Ionem,
465 5445 606 5514 quod
635 5454 789 5499 antea
821 5460 1007 5514 parum
1031 5447 1318 5501 verisimile
1340 5461 1458 5502 esse
1488 5449 1819 5503 ostendimus

242 5532 303 5585 ad
344 5534 434 5590 lib.
466 5553 595 5592 xvnt
619 5552 736 5607 cap.
767 5540 819 5593 5.

309 5628 437 5699 Cap.
469 5633 558 5686 39.
591 5632 793 5703 Moyses
837 5635 889 5687 in
929 5635 1119 5705 populo
1146 5635 1402 5687 constituit
1449 5635 1534 5705 qui
1574 5637 1816 5691 docendis

244 5719 419 5775 litteris
444 5736 734 5792 praeessent,
759 5726 1053 5796 priusquam
1096 5727 1278 5779 divina:
1302 5724 1429 5793 legis
1465 5726 1594 5779 ullas
1625 5726 1817 5780 litteras

246 5826 461 5869 nossent.
482 5815 527 5867 Η
536 5832 591 5868 os
604 5818 825 5887 appellat
842 5818 1112 5886 Scriptura
1127 5827 1717 5892 γραμματοεισαγωγεῖς,
1733 5821 1820 5889 qui

252 5900 426 5960 Latine
459 5908 783 5975 dicipossunt
815 5911 1100 5965 litterarum
1141 5912 1452 5979 inductores,
1491 5912 1568 5966 vel
1591 5912 1821 5966 introdu-

1920 4805 2015 4857 hoc
2036 4814 2279 4867 maneret,
2306 4804 2478 4856 nullus
2500 4805 2571 4857 eis
2602 4820 2733 4857 unus
2763 4806 3010 4873 interpres
3037 4803 3208 4855 debuit
3240 4804 3502 4868 anteponi.

1920 4894 2170 4961 Quamvis
2201 4895 2332 4947 nihil
2361 4896 2665 4963 essetquod
2693 4904 3049 4963 reponeretur
3074 4893 3194 4946 huic
3220 4893 3506 4947 ratiocina-

1921 4987 2073 5049 tioni,
2105 5001 2209 5040 non
2239 4995 2425 5054 posset
2458 4996 2635 5040 tamen
2659 4996 2842 5040 contra
2868 5000 2978 5039 rem
3004 4984 3170 5051 ipsam
3205 4975 3405 5047 valere,
3436 4986 3507 5039 ita
3561 4992 3567 5003 '

1922 5089 1980 5131 ut
2010 5075 2289 5131 manifesta
2336 5086 2550 5146 peccata
2592 5092 2711 5145 quae
2756 5075 3097 5130 inveniuntur
3152 5075 3202 5128 in
3254 5075 3505 5129 versione

1921 5170 2065 5225 LXX
2093 5171 2464 5240 interpretum,
2505 5172 2588 5224 vir
2623 5169 2878 5225 llebraice
2909 5170 3095 5223 doctus
3126 5168 3343 5235 incipiat
3384 5184 3504 5223 crc-

1866 5251 1873 5258 ’
1922 5264 2049 5319 dere
2080 5279 2184 5319 non
2232 5279 2351 5319 esse
2398 5272 2641 5333 peccata;
2676 5278 2801 5317 nam
2844 5250 3308 5326 ratiocinationes,
3349 5279 3412 5315 ex
3444 5279 3506 5317 co

1924 5358 2063 5427 quod
2094 5359 2378 5413 convenire
2397 5359 2602 5413 videtur
2630 5357 2891 5425 deductae,
2923 5358 3052 5427 ipsis
3074 5356 3225 5413 lactis
3251 5373 3313 5411 ac
3344 5358 3506 5411 rebus

1924 5455 2119 5522 opponi
2144 5469 2248 5508 non
2281 5464 2500 5521 possunt
2529 5471 2541 5507 :
2577 5455 2698 5521 quia
2725 5468 2868 5523 saepe
2898 5454 3038 5523 quod
3071 5471 3176 5508 non
3204 5454 3503 5508 convenie-

1926 5544 2018 5598 bat
2050 5544 2161 5597 lieri
2193 5544 2389 5598 factum
2416 5554 2517 5610 est,
2574 5560 2673 5600 nec
2710 5545 2905 5600 factum
2933 5556 3015 5600 est
3044 5545 3184 5615 quod
3216 5546 3505 5600 convenie-

1925 5635 2032 5689 bat.
2068 5636 2268 5690 Deinde
2320 5636 2492 5688 omnis
2552 5635 2637 5689 illa
2685 5636 2904 5690 historia
2962 5634 3104 5691 LXX
3153 5638 3502 5705 interpretum

1928 5743 2072 5783 mera
2118 5737 2198 5782 est
2226 5728 2423 5793 fabula,
2457 5730 2576 5783 ficta
2619 5744 2647 5782 a
2702 5729 2887 5784 ludeeo
2921 5730 3231 5793 Hellenista,
3288 5730 3419 5783 forte
3449 5737 3503 5784 ut

1928 5821 2152 5890 pigritia:
2180 5819 2592 5874 Hellenislarum
2628 5823 2995 5877 consuleretur
3021 5841 3025 5845 ’
3062 5838 3127 5876 ne
3159 5836 3377 5876 necesse
3408 5820 3503 5873 ha-

1930 5913 2118 5968 berent
2165 5913 2367 5967 discere
2393 5912 2623 5983 linguam
2658 5914 2991 5985 tlehraicam,
3030 5929 3150 5969 cum
3179 5916 3503 5970 θεόπνευστον
3562 5934 3565 5935 ν
