3974 6356
562 412 665 470 ι99

1448 406 1997 464 SUPPLEMENTUM
2036 406 2126 463 AD
2162 404 2392 465 OPEBA
2433 410 2491 465 S.
2538 409 2922 469 AUGUSTlNl.
3689 428 3774 486 δυο

560 525 861 582 versionem
904 523 1100 577 habere
1140 520 1469 575 viderentur.
1504 522 1699 585 Doleo,
1733 522 1925 588 fateor,
1963 530 2041 575 tot
2078 537 2140 576 ac
2167 526 2217 583 Α
2244 526 2408 580 videat
2437 543 2537 580 non
2564 529 2786 596 potuisse
2809 537 3073 599 utrumque
3104 540 3219 585 tunc
3240 534 3342 589 dici
3369 552 3400 590 a
3430 540 3683 608 prapheta,
3708 555 3778 617 qui

560 628 706 674 tanta
732 618 867 688 apud
900 627 1106 671 veteres
1150 616 1373 670 inveniri
1407 616 1699 684 specimina
1749 632 1852 669 non
1887 616 2004 669 fidei
2036 617 2139 669 cir-

560 719 878 778 cumspecta:
909 720 959 763 et
993 707 1161 761 firmis
1182 706 1478 761 rationibus
1501 707 1658 771 uittae,
1691 708 1781 761 sed
1813 708 2139 763 credulitatis

558 801 874 856 inconsulta:
897 810 948 854 et
968 801 1144 853 omnia
1172 808 1374 854 temere
1400 799 1737 867 arripientis;
1771 800 1874 853 nisi
1902 801 2019 868 quis
2048 817 2139 869 po-

558 894 750 949 liticam
791 892 1167 952 calliditatem.
1220 902 1275 946 ut
1325 907 1466 946 nunc
1512 891 1796 962 loquimur,
1848 892 1997 945 malit
2025 893 2138 946 hzec

559 986 764 1042 haberi.
804 984 1072 1041 Utrumvis
1099 1000 1279 1039 verum
1312 994 1593 1049 statuatur,
1628 984 1750 1039 inde
1775 983 2137 1050 colligendum

558 1078 663 1133 erit
692 1078 866 1145 nobis,
899 1086 1092 1143 prceter
1120 1076 1389 1131 Christum
1420 1088 1475 1132 et
1504 1077 1796 1145 apostolos,
1842 1075 1933 1144 qui
1969 1076 2139 1129 ﬁdeli-

558 1179 644 1225 ter
672 1171 927 1225 doctrina:
962 1171 1077 1238 ejus
1125 1171 1487 1237 adlizi-serunt,
1536 1186 1638 1224 non
1674 1185 1794 1224 esse
1823 1169 2139 1238 quaerendos

560 1264 849 1332 magistros
880 1262 931 1316 in
962 1276 1189 1332 quorum
1219 1262 1535 1315 auctoritate
1561 1262 1999 1329 acquiescamus:
2037 1276 2137 1331 qua

560 1356 628 1410 de
684 1371 743 1409 re
790 1355 948 1408 etiam
980 1368 1076 1407 nos
1112 1355 1226 1422 ipse
1272 1354 1511 1407 Christus
1568 1354 1767 1408 diserte
1825 1355 2140 1424 praemonuit

559 1446 748 1503 Matth.
795 1462 943 1511 χχιιι,
969 1446 1019 1499 8.
1065 1444 1329 1499 Przeterea
1374 1444 1527 1523 fagile
1572 1444 1684 1498 fieri
1718 1454 1889 1513 potest
1928 1455 1986 1499 ut
2033 1460 2137 1500 non

562 1537 929 1607 Septuaginta,
971 1536 1063 1590 sed
1101 1536 1298 1605 aliquot
1340 1536 1548 1590 centeni
1574 1536 1817 1590 homines
1848 1537 2020 1591 minus
2050 1552 2139 1605 pe-

558 1633 648 1687 riti
680 1647 785 1687 uno
811 1631 923 1684 viro
953 1630 1182 1694 fuerint;
1215 1644 1279 1682 ac
1307 1643 1436 1681 sane
1463 1628 1648 1697 integri
1672 1643 1953 1683 consessus
1978 1644 2139 1698 quam

561 1740 704 1795 smpe
730 1725 1024 1780 errarunt?
1068 1724 1269 1790 Quidve
1298 1733 1380 1777 est
1411 1723 1587 1778 notius
1620 1736 1779 1791 quam
1811 1722 1921 1775 veri
1951 1736 2136 1774 aman-

560 1816 699 1870 tibus
730 1814 974 1884 sufl'ragia
1006 1830 1109 1868 non
1142 1830 1262 1868 esse
1291 1829 1359 1868 ex
1383 1829 1626 1879 numero,
1674 1812 1767 1865 sed
1800 1826 1862 1865 ex
1902 1812 2137 1878 pondere

2244 616 2426 669 missus
2456 622 2620 684 fuerat
2652 630 2838 671 terrere
2880 623 3271 677 comminatione
3323 628 3615 685 imminentis
3664 616 3777 693 exitii

2242 707 2490 759 civitatem
2514 709 2603 762 ?...
2632 707 2691 762 Si
2716 726 2835 779 ergo
2876 727 2908 763 a
2938 728 3015 765 me
3043 717 3287 782 quaeritur
3301 720 3424 788 quid
3451 722 3622 777 horum
3643 726 3777 784 Jonas

2243 797 2448 864 dixerit,
2482 800 2575 853 hoc
2594 810 2715 871 puto
2746 803 2911 870 potius
2937 806 3071 871 quod
3098 806 3281 877 legitur
3306 812 3356 864 in
3388 811 3598 869 Hebrteo
3624 833 3642 871 :
3665 819 3780 887 Qua-

2242 892 2482 962 draginta
2524 894 2661 962 dies,
2706 904 2759 950 et
2801 896 2991 953 Ninive
3032 902 3349 975 evertetur.]
3394 906 3619 976 Optime,
3665 915 3781 970 unde

2243 984 2602 1053 colligendum
2627 995 2746 1041 erat
2770 998 2860 1042 aut
2888 992 3120 1058 graviter
3150 1010 3361 1051 errasse
3385 997 3520 1052 LXX
3553 1000 3780 1073 interpre.

2242 1082 2344 1141 tes,
2374 1085 2465 1129 aut
2496 1077 2783 1133 mendosos
2814 1095 2933 1134 esse
2958 1096 3144 1137 eorum
3177 1088 3410 1141 codices.
3463 1090 3609 1146 Prius
3654 1094 3781 1154 fateri

2241 1167 2413 1221 noluit
2443 1171 2797 1240 Augustinus;
2828 1174 3005 1244 itaque
3034 1178 3100 1231 ad
3132 1182 3400 1247 posterius
3429 1184 3782 1246 deveniendum

2239 1259 2445 1327 fuisset,
2467 1263 2565 1318 nisi
2600 1264 2720 1319 hinc
2750 1266 3088 1325 incommoda
3129 1274 3373 1341 quaedam
3397 1288 3642 1335 exortura
3669 1298 3783 1352 prte-

2240 1351 2491 1419 vidisset;
2522 1370 2731 1426 nempe,
2759 1360 2970 1428 plebem
2998 1363 3257 1418 dicturam
3290 1368 3451 1441 valde
3498 1351 3685 1442 pigros,
3711 1389 3786 1433 aut

2240 1442 2590 1513 inconsultos,
2639 1458 2730 1502 aut
2760 1450 2998 1506 indoctos
3049 1454 3214 1511 fuisse
3263 1461 3522 1526 prasules
3551 1478 3687 1531 suos,
3712 1474 3782 1538 qui

2241 1536 2539 1592 versionem
2582 1539 2844 1607 Latinam,
2896 1548 3139 1600 haustam
3187 1564 3253 1603 ex
3298 1553 3507 1608 vitiosis
3547 1536 3784 1617 codicibus

2242 1627 2463 1693 Graecis,
2495 1630 2595 1685 sibi
2630 1633 2848 1704 prrelegi
2893 1636 3068 1691 adhuc
3092 1650 3373 1696 curassent
3406 1660 3421 1708 ;
3453 1660 3572 1699 nam
3611 1663 3783 1719 magnae

2242 1722 2344 1777 hoc
2371 1724 2466 1777 fuit
2486 1724 2819 1795 ignorantia),
2847 1726 2892 1782 si
2924 1731 3225 1787 nescientes
3247 1747 3570 1803 peccaram;
3599 1755 3687 1795 nec
3709 1744 3784 1797 nii-

2242 1816 2387 1870 noris
2420 1818 2642 1887 pigritia:
2672 1828 2763 1873 aut
2806 1820 3199 1891 imprudentiae,
3232 1826 3276 1879 si
3317 1828 3370 1881 in
3414 1831 3681 1887 veritatem
3724 1837 3783 1890 in-

560 1908 913 1965 testimanda?
937 1908 1087 1962 Nulla
1115 1906 1499 1976 propemodum
1533 1904 1750 1967 veritas,
1785 1918 1851 1957 ne
1880 1905 1992 1972 ipsa
2022 1904 2137 1972 qui-
2167 1900 2215 1961 B
2241 1908 2474 1977 quirere,
2497 1909 2727 1981 vitiaque
2748 1914 3011 1967 versionis
3031 1916 3318 1972 emendare
3337 1920 3632 1977 noluerant.
3652 1926 3785 1981 Multo

558 2002 679 2057 dem
706 2003 959 2070 religione
988 2001 1286 2056 Christiana
1324 2011 1567 2071 excepta,
1596 1998 1807 2054 defendi
1859 2006 2051 2067 potest,
2090 1998 2136 2053 si

557 2109 814 2148 numerus
853 2104 975 2146 nota
1029 2109 1091 2147 ac
1134 2104 1504 2163 argumentum
1554 2092 1795 2148 veritatis
1856 2090 2133 2147 habeatur.

557 2183 819 2253 Denique,
846 2192 904 2237 ut
929 2183 1036 2251 jam
1068 2184 1197 2246 dixi,
1229 2184 1317 2236 illa
1345 2183 1411 2236 de
1439 2182 1577 2237 LXX
1607 2181 1984 2251 interpretibus
2017 2181 2135 2236 Ari-

558 2284 689 2345 stege
720 2275 935 2328 historia
970 2275 1149 2343 putida
1172 2284 1253 2328 est
1285 2274 1497 2329 fabella.
1527 2274 1657 2328 \‘ide
1679 2289 1797 2341 quae
1840 2274 1940 2327 hac
1966 2273 2034 2327 de
2079 2288 2138 2328 re

556 2367 667 2436 jam
710 2371 1009 2420 notavimus
1048 2365 1113 2420 ad
1146 2376 1273 2420 tom.
1303 2366 1367 2433 ll,
1402 2366 1559 2433 epist.
1588 2366 1679 2419 28.
1711 2366 1888 2434 Itaque
1918 2365 2135 2433 dignum

561 2469 644 2513 est
670 2458 798 2525 risu,
828 2459 969 2526 quod
1001 2466 1103 2513 tam
1138 2459 1389 2526 gravibus
1415 2460 1593 2514 verbis
1623 2459 1944 2527 exprimitur
1966 2460 2017 2512 in
2053 2474 2138 2513 se-

556 2553 840 2621 quentibus
866 2568 878 2605 :
910 2550 1036 2605 Cum
1075 2568 1189 2605 vero
1212 2561 1409 2607 tantum
1430 2555 1483 2605 in
1510 2554 1582 2606 eis
1621 2554 1823 2625 signum
1847 2552 2138 2608 Divinitatis

554 2646 814 2711 apparuit,
850 2644 1075 2713 profccto
1101 2644 1327 2713 quisquis
1351 2645 1483 2698 alius
1512 2646 1718 2698 illarum
1749 2644 2138 2715 Scripturarum

553 2751 617 2788 ea:
647 2734 865 2789 Hebraea
912 2736 965 2788 in
994 2737 1269 2806 quamlibet
1307 2738 1463 2789 aliam
1496 2738 1723 2807 linguam
1768 2739 2011 2809 interpres
2059 2751 2136 2794 est

553 2841 724 2891 verax,
758 2836 845 2879 aut
872 2828 1105 2896 congruit
1154 2828 1255 2880 illis
1307 2826 1449 2881 LXX
1496 2828 1876 2896 interpretibus,
1934 2841 2045 2895 aut,
2092 2830 2137 2884 si

554 2933 824 2987 congruere
846 2934 946 2971 non
972 2920 1189 2986 v.‘detur,
1223 2918 1441 2972 altitudo
1470 2918 1541 2971 ibi
1568 2919 1861 2988 prophetica
1890 2936 1996 2973 esse
2021 2935 2139 2973 cen-

550 3009 707 3061 senda
720 3018 811 3062 est.
828 3010 933 3062 Aut
945 3008 1030 3061 hic
1050 3007 1245 3076 aliquid
1264 3007 1480 3074 excidit,
1496 3008 1948 3078 autsupplendum
1961 3010 2139 3063 animo

548 3110 672 3174 post
695 3118 972 3174 congruere
1015 3118 1117 3155 non
1164 3102 1383 3171 videtur,
1428 3102 1561 3155 hanc
1578 3102 2136 3156 sententiamzetcum

551 3195 812 3249 llebraico
844 3196 1027 3249 codice
1058 3204 1236 3249 tamen
1267 3196 1534 3249 consentit
1563 3210 1579 3259 ;
1616 3210 1737 3249 nam
1768 3210 1834 3249 ex
1864 3195 2137 3263 sequenti-

2242 1999 2342 2054 lioc
2399 2000 2635 2056 deterius
2665 2012 2803 2069 erat,
2844 2007 3300 2077 consectariisque
3350 2012 3783 2078 periculosiorihus

2239 2091 2553 2155 obnoxium,
2582 2107 2742 2161 quam
2772 2108 2908 2148 nova
2946 2096 3316 2166 interpretatio
3341 2099 3643 2172 Hieronymi
3668 2108 3784 2161 voris

2241 2180 2515 2235 llebraice:
2541 2190 2710 2269 ptptp
2732 2180 2977 2254 Kikajon,
3006 2186 3059 2240 in
3089 2187 3278 2243 eodem
3310 2191 3591 2259 propheta,
3620 2210 3709 2264 qua
3734 2196 3783 2251 de

2240 2286 2299 2325 re
2341 2281 2514 2327 tantas
2544 2277 2790 2344 querelas
2818 2278 3128 2347 profuderat
3158 2284 3332 2336 ventis
3370 2285 3613 2340 ferendas
3635 2291 3780 2356 Augu-

2240 2364 2433 2433 stinus,
2466 2365 2618 2433 cujus
2645 2366 2762 2420 vide
2788 2369 3069 2436 epistolam
3099 2372 3159 2426 7t
3196 2382 3250 2427 et
3277 2371 3398 2441 qtite
3425 2377 3492 2430 ad
3533 2392 3640 2433 eam
3661 2390 3781 2433 nota-

2239 2458 2432 2510 vimus.
2468 2456 2627 2527 lgitur
2657 2474 2775 2514 sese
2795 2461 2858 2514 ad
2889 2462 3033 2517 aliud
3087 2468 3240 2537 σοφὸν
3260 2469 3541 2543 φάρμακον,
3562 2473 3782 2525 convertit

2240 2546 2437 2603 Ptenus
2467 2559 2669 2605 orator.
2704 2550 3043 2626 Septuaginta
3064 2557 3273 2626 quippe,
3325 2560 3518 2629 inquit,
3548 2560 3684 2632 longe
3708 2579 3780 2630 po-

2238 2641 2418 2694 sterius
2449 2642 2765 2712 interpretati
2791 2646 2938 2699 aliud
2967 2648 3132 2703 dicere
3160 2660 3457 2720 potuerunt,
3488 2654 3618 2722 quod
3650 2665 3781 2706 tamen

2239 2731 2306 2784 ad
2333 2748 2437 2785 rem
2480 2736 2773 2803 pertineret,
2811 2748 2857 2790 et
2895 2740 2946 2791 in
2999 2757 3160 2795 unum
3213 2745 3547 2813 eumdemque
3590 2763 3775 2810 sensum,

2238 2824 2463 2892 quamvis
2490 2826 2581 2878 sub
2607 2826 2772 2882 altera
2790 2829 3160 2899 signiﬁcatione
3200 2846 3559 2902 concurreret;
3584 2838 3779 2890 admatu-

2237 2923 2409 2982 retque
2444 2916 2680 2969 lectorem
2733 2928 2947 2986 utraque
2969 2924 3270 2977 auctoritate
3298 2942 3404 2979 non
3428 2937 3615 2995 spreta,
3637 2928 3692 2981 ab
3716 2930 3776 2980 lti-

2238 3008 2395 3059 storia
2429 3024 2534 3061 sese
2559 3010 2787 3064 attollere
2807 3012 2874 3063 ad
2898 3028 2959 3065 ea
3001 3015 3328 3083 requirenda,
3372 3027 3579 3087 prepter
3597 3035 3708 3083 qua?
3730 3020 3777 3069 si-

2239 3098 2533 3165 gnificanda
2586 3098 2801 3154 historia
2826 3104 2939 3173 ipsa
2968 3107 3255 3176 conscripta
3292 3115 3389 3161 est.
3444 3108 3567 3163 litec
3605 3108 3775 3163 demunt

2241 3188 2378 3242 inter
2394 3205 2454 3243 ea
2479 3191 2687 3258 quidem
2719 3196 2988 3249 recenseri
3040 3206 3259 3264 possunt
3285 3214 3407 3268 quae
3431 3214 3535 3254 non
3566 3208 3679 3253 sunt
3704 3215 3775 3251 na-

550 3286 651 3340 bus
673 3286 773 3339 hoc
801 3286 939 3340 velle
962 3286 1312 3355 Augustinum
1336 3286 1523 3356 liquet.
1541 3286 1666 3341 Haec
1692 3301 1821 3349 sane
1848 3289 1980 3341 mira
2006 3295 2130 3341 sunt

2239 3286 2350 3331 tura
2392 3294 2486 3333 sua
2535 3287 2902 3352 repugnantia,
2933 3300 2994 3339 ac
3024 3288 3248 3355 proinde
3275 3289 3392 3345 fieri
3428 3306 3531 3345 non
3563 3298 3774 3357 possunt;

550 3392 605 3436 et
637 3381 894 3446 inaudita,
927 3395 1025 3434 nec
1054 3389 1253 3434 temere
1283 3394 1343 3434 ac
1370 3380 1486 3433 sine
1535 3379 1785 3449 gravibus
1834 3380 2129 3435 rationibus

549 3474 886 3528 alfirmanda.
934 3472 1064 3537 Quis
1093 3473 1235 3526 enim
1270 3476 1435 3542 possit
1463 3473 1563 3527 sibi
1600 3472 1923 3541 persuadere
1953 3473 2125 3543 Spiri-

552 3576 661 3619 tum
712 3563 1080 3633 propheticum
1120 3573 1321 3617 certam
1373 3564 1692 3625 sententiam
1744 3563 1977 3618 dictasse
2028 3568 2129 3618 tle-

548 3661 708 3715 brteis
739 3660 863 3714 olim
896 3658 1127 3722 vatibus,
1159 3672 1186 3710 a
1213 3657 1404 3726 quibus
1432 3658 1658 3725 primum
1702 3657 1916 3710 oracula
1947 3656 2128 3711 divina

548 3752 739 3808 litteris
771 3753 1018 3806 mandata
1043 3761 1203 3817 sunt;
1235 3750 1429 3805 deinde
1450 3751 1697 3804 eumdem
1743 3751 1999 3820 Spiritum
2035 3767 2125 3803 eo-

548 3858 665 3898 rum
696 3854 875 3899 vatum
921 3842 1121 3897 ercis
1156 3841 1536 3911 interpretibus
1565 3842 1745 3906 aliam,
1778 3850 1869 3895 aut
1913 3853 2124 3895 contra-

548 3938 681 3992 riam
711 3936 922 3989 atflasse
949 3934 1304 3989 sententiam?
1335 3934 1501 3987 Nemo
1533 3934 1653 3988 talia
1683 3934 1836 3989 facile
1859 3934 1961 3988 sibi
2008 3951 2125 4004 per-

547 4028 789 4083 suadeat.
822 4026 917 4079 llic
948 4041 1074 4079 vero
1096 4025 1239 4078 nulla
1269 4024 1520 4079 credendi
1550 4026 1686 4078 ratio
1710 4026 1960 4089 occurrit,
1993 4042 2125 4093 pra:-

549 4130 631 4173 ter
660 4118 855 4171 anilem
886 4116 1027 4170 illam
1062 4116 1283 4169 Aristetc
1311 4114 1561 4181 fabulam,
1606 4117 1689 4169 cui
1735 4116 1917 4172 insunt
1943 4118 2127 4170 omnia

549 4208 814 4263 mendacii
848 4207 986 4260 male
1015 4207 1229 4260 conficti
1276 4206 1490 4267 indicia,
1532 4217 1585 4260 et
1613 4207 1698 4259 cui
1730 4222 1815 4260 res
1858 4210 1966 4276 ipsa
1995 4223 2125 4262 con-

550 4298 781 4355 tradicit.
815 4298 946 4351 Nam
976 4298 1158 4367 liquet,
1192 4296 1487 4351 conferenti
1515 4298 1814 4351 versionem
1844 4312 1964 4351 cum
1996 4313 2126 4352 con-

551 4400 697 4447 textu
742 4391 1021 4455 Hebraico,
1055 4390 1313 4459 permulta
1341 4389 1535 4444 delicta
1564 4404 1682 4444 esse
1729 4405 1757 4445 a
1791 4390 1930 4445 LXX
1960 4390 2125 4445 inter-

550 4483 787 4554 pretibus
809 4490 898 4536 aut
924 4482 991 4536 ab
1018 4497 1104 4546 eo,
1134 4482 1440 4551 quicunque
1468 4482 1554 4548 sit,
1572 4482 1661 4551 qui
1684 4497 1799 4535 eam
1826 4483 2122 4537 versionem

550 4574 909 4638 concinnavit,
934 4572 1192 4637 admissa;
1235 4572 1377 4641 quod
1427 4573 1564 4627 male
1594 4573 1647 4626 in
1687 4574 1977 4641 exemplari
2026 4590 2123 4628 suo

2232 3372 2521 3441 caeteroqui
2552 3389 2616 3426 ne
2648 3375 2912 3429 levissima
2944 3378 3160 3447 quidem
3202 3382 3660 3436 verisimilitudine
3702 3384 3775 3435 tin-

2233 3467 2336 3512 cta.
2369 3459 2713 3531 Septuaginta
2746 3464 3087 3535 interpretes,
3135 3484 3200 3523 eo
3244 3472 3362 3539 ipso
3392 3472 3531 3542 quod
3560 3487 3614 3526 se
3650 3473 3776 3525 inter-

2231 3560 2410 3617 pretes
2436 3554 2772 3621 profitentur,
2802 3556 3122 3624 pollicentur
3151 3574 3208 3613 se
3229 3560 3473 3617 dicturos
3502 3562 3672 3617 Crtece
3686 3577 3775 3631 qua:

2232 3646 2491 3702 llebraice
2520 3650 2715 3720 scripta
2744 3662 2896 3717 sunt;
2942 3653 3081 3723 quod
3112 3654 3211 3708 nisi
3242 3665 3522 3724 praestent,
3560 3672 3655 3710 non
3680 3671 3775 3725 ρος·

2230 3748 2353 3791 sunt
2381 3741 2583 3795 crimen
2612 3750 2701 3794 aut
2726 3740 3027 3812 imperitiae,
3046 3754 3136 3799 aut
3165 3747 3523 3817 negligentie.
3547 3758 3631 3803 aut
3654 3748 3772 3803 male

2230 3829 2354 3885 fidei
2379 3830 2629 3900 effugere.
2680 3833 2788 3887 lloc
2826 3850 2945 3888 cum
2978 3850 3191 3906 semper
3234 3854 3421 3893 verum
3471 3840 3541 3894 sit
3568 3841 3615 3893 in
3643 3841 3771 3892 histo-

2229 3922 2427 3975 riarum
2455 3922 2911 3994 interpretatione,
2945 3928 2988 3983 si
3021 3930 3089 3982 ita
3126 3928 3270 3997 loqui
3296 3930 3441 3997 licet,
3465 3940 3546 3985 est
3564 3946 3677 3986 vero
3697 3944 3768 3983 ve-

2228 4020 2358 4085 rius,
2395 4020 2639 4089 quisquis
2669 4024 2809 4075 enim
2839 4024 3042 4078 inducit
3091 4026 3322 4096 aliquem
3366 4028 3420 4082 in
3451 4027 3680 4082 versione
3711 4025 3768 4078 di-

2229 4126 2435 4168 centem
2456 4114 2595 4182 quod
2628 4130 2734 4168 non
2764 4126 2844 4169 est
2874 4116 2925 4169 in
2950 4118 3241 4187 archetypo
3272 4119 3416 4186 quod
3458 4120 3627 4182 vertit,
3655 4131 3766 4170 nien-

2229 4208 2379 4259 titur.
2414 4207 2482 4260 At
2512 4206 2654 4273 licet,
2687 4208 2916 4276 inquies,
2960 4209 3123 4263 verba
3155 4210 3398 4265 nonnihil
3428 4213 3703 4273 immutare,
3732 4206 3764 4258 si

2227 4300 2297 4353 sit
2324 4298 2509 4352 eadem
2547 4300 2829 4353 sententia.
2869 4299 2984 4353 Non
3014 4316 3168 4369 nego,
3196 4302 3290 4355 sed
3333 4302 3434 4356 hoc
3464 4311 3569 4357 tum
3591 4303 3762 4355 demum

2228 4389 2342 4443 fieri
2362 4399 2553 4457 potest,
2572 4406 2689 4443 cum
2716 4391 2765 4445 id
2795 4392 3024 4460 postulat
3060 4393 3333 4462 ingenium
3368 4394 3556 4465 lingua-
3580 4408 3669 4462 qua
3689 4389 3764 4442 uti-

2228 4489 2313 4533 tur
2334 4481 2619 4549 interpres,
2650 4497 2751 4536 non
2787 4482 2873 4537 ubi
2904 4484 3267 4538 nihilnecessc
3290 4496 3391 4541 est.
3422 4487 3665 4540 Prteterea
3691 4479 3763 4535 fal-

2228 4587 2345 4625 sum
2373 4580 2455 4625 est
2476 4573 2775 4639 esseidem,
2812 4575 2877 4627 ad
2910 4576 3229 4630 sententiam
3259 4578 3398 4645 quod
3420 4576 3762 4639 attinet,adhuc

550 4670 787 4739 legerent
814 4682 970 4721 voces
1018 4664 1325 4733 llebraicas,
1373 4665 1515 4734 quod
1559 4664 1747 4719 affines
1792 4666 1999 4720 litteras
2028 4668 2128 4721 n‘ii-
2154 4642 2569 4733 unadraginta
2607 4665 2736 4733 dies,
2769 4676 2823 4720 et
2864 4667 3032 4720 adhuc
3081 4678 3183 4722 tres
3226 4642 3353 4725 dies.
3401 4670 3504 4725 Sed
3533 4669 3761 4723 audiamus

550 4769 784 4825 scerent,
816 4760 956 4827 quod
984 4771 1171 4811 vocum
1194 4757 1453 4811 rariorum
1477 4756 1808 4826 significatus
1837 4758 2125 4821 nescirent.

549 4854 690 4923 quod
741 4854 854 4905 loca
885 4850 1107 4905 obscura
1156 4864 1260 4904 non
1301 4860 1737 4920 assequerentur,
1794 4860 1847 4906 et
1887 4852 2029 4922 quod
2060 4868 2128 4907 ne

551 4949 694 5001 clara
718 4946 931 5015 quidem
956 4942 1223 4998 interdum
1264 4942 1394 4998 satis
1437 4944 1829 5013 intelligerent;
1877 4960 1997 5011 quae
2028 4944 2128 4997 liu-

550 5037 692 5091 mani
722 5046 775 5089 et
802 5034 1143 5089 allucinantis
1189 5033 1408 5103 spiritus
1453 5043 1594 5101 sunt,
1630 5050 1733 5089 non
1783 5035 1970 5089 divini.
2020 5035 2127 5091 Sed

551 5130 667 5183 haec
693 5144 789 5197 per
818 5143 876 5182 se
902 5127 1041 5181 scire
1071 5126 1397 5195 Augustinus
1426 5140 1531 5180 non
1583 5127 1790 5195 potuit;
1833 5142 2016 5181 verum
2058 5127 2127 5182 de

550 5237 611 5275 re
639 5221 739 5287 ipsi
770 5220 924 5289 plane
956 5220 1283 5287 incomperta
1337 5228 1515 5273 tacere
1557 5234 1677 5273 eum
1710 5220 1885 5289 potius
1925 5218 2122 5284 decuit,

551 5328 709 5381 quam
737 5322 843 5366 tam
872 5312 1222 5366 multainania
1249 5311 1542 5365 effundere.
1577 5312 1632 5367 Si
1652 5327 1836 5365 verum
1863 5326 2122 5374 amamus,

553 5402 826 5457 fatendum
872 5412 980 5455 tam
1021 5402 1280 5457 absurdas
1309 5403 1593 5469 opiniones
1639 5418 1746 5455 non
1792 5402 2127 5471 displicuisse

552 5493 682 5547 viris
707 5507 1038 5561 nequaquam
1075 5492 1376 5555 hebetibus,
1405 5493 1546 5558 quod
1596 5508 1778 5546 eorum
1813 5492 2037 5561 pigritiae
2064 5508 2127 5547 ac

553 5582 930 5640 existimationi
959 5582 1321 5646 consulerent,
1350 5592 1405 5636 ut
1415 5584 1524 5651 jam
1547 5582 1670 5636 alibi
1688 5583 2123 5652 significavimus.

626 5674 758 5745 Cap.
788 5673 877 5728 44.
912 5672 1035 5734 Sed,
1059 5675 1131 5727 ait
1158 5674 1365 5743 aliquis,
1406 5675 1659 5742 quomodo
1703 5676 1861 5727 sciam
1883 5674 2004 5743 quid
2033 5673 2126 5727 Jo-

553 5785 644 5821 nas
670 5766 912 5835 pr0pheta
932 5765 1116 5817 dixerit
1142 5763 1402 5829 Ninivitis,
1427 5777 1630 5818 utrum:
1655 5765 1931 5828 Triduum,
1964 5773 2017 5818 et
2037 5765 2128 5818 Ni-

488 5914 491 5919 ,
556 5862 674 5915 nive
697 5865 993 5923 evertetur;
1022 5874 1089 5910 an
1111 5872 1129 5909 .'
1151 5857 1505 5927 Quadraginta
1537 5859 1688 5912 dies?
1724 5858 1849 5924 Quis
1876 5858 2008 5910 enim
2028 5874 2127 5912 non

2230 4756 2582 4825 Augustinum
2616 4756 2930 4827 allegoricas
2958 4758 3234 4813 machinas
3265 4760 3524 4815 violenter
3550 4760 3759 4815 adhiben-

2231 4858 2361 4915 tem,
2416 4858 2471 4901 ut
2500 4848 2750 4903 defendat
2792 4849 3008 4904 Gr.rcos
3046 4850 3405 4919 interpretes:
3439 4852 3500 4907 Si
3530 4868 3613 4923 per
3651 4849 3759 4903 illam

2230 4941 2484 4994 civitatem
2508 4951 2643 4993 recte
2670 4942 2919 5010 accipitur
2938 4942 3164 4997 Ecclesia
3187 4946 3414 5013 gentiun.
3437 4945 3697 5013 prapltetice
3715 4940 3759 5006 ῥ-

2232 5043 2415 5103 gurata
2434 5050 2450 5096 ;
2468 5048 2657 5099 eversa,
2688 5032 2875 5086 scilicet
2903 5050 2990 5105 per
3014 5036 3357 5094 penitentiam
3385 5046 3440 5089 ut
3460 5037 3613 5103 qualis
3631 5037 3759 5103 funal

2222 5126 2338 5193 jam
2361 5141 2460 5177 non
2486 5136 2646 5188 esset;
2674 5125 2768 5177 hoc
2788 5128 3025 5195 quoniam
3057 5144 3144 5195 per
3165 5127 3422 5182 Christum
3442 5133 3620 5197 factum
3642 5134 3699 5178 est
3721 5124 3758 5173 in

2238 5216 2468 5269 Ecclesia
2497 5218 2743 5284 gentium,
2786 5219 2930 5286 cujus
2970 5218 3062 5271 illa
3110 5218 3296 5272 Ninive
3325 5221 3539 5289 ﬁguram
3564 5217 3756 5288 gerebat;

2234 5310 2333 5362 sive
2355 5326 2443 5379 per
2462 5308 2798 5378 quadraginta
2820 5310 2945 5370 dies,
2971 5312 3073 5362 sive
3093 5312 3335 5376 triduum,
3362 5313 3493 5364 idem
3513 5312 3609 5379 ipse
3632 5306 3755 5373 signi-

2235 5400 2416 5467 ficatus
2448 5408 2518 5451 est
2553 5398 2815 5466 Christus;
2841 5416 2928 5468 per
2956 5402 3315 5470 quadraginta,
3344 5402 3552 5463 scilicet,
3578 5399 3676 5466 quia
3701 5401 3753 5443 1οι

2236 5490 2341 5542 dies
2372 5490 2557 5557 peregit
2582 5505 2693 5541 cum
2716 5489 2978 5558 discipulis
3024 5492 3133 5541 suis
3160 5500 3270 5555 post
3296 5491 3696 5545 resurrectionem,
3717 5488 3750 5531 el

2234 5582 2458 5633 ascendit
2487 5584 2537 5633 in
2559 5582 2769 5646 caelum;
2796 5598 2883 5649 per
2904 5581 3127 5633 triduum
3148 5598 3281 5646 vero,
3309 5584 3427 5651 quia
3455 5582 3532 5635 die
3550 5578 3673 5631 tertio
3695 5589 3750 5625 rc-

2235 5672 2471 5727 surrexit.
2495 5672 2623 5737 Qua:
2644 5672 2818 5725 omnia
2848 5681 2973 5725 sunt
3001 5673 3385 5735 commentitia,
3412 5688 3523 5723 naui
3556 5668 3698 5737 primo
3716 5660 3746 5713 si

2237 5780 2496 5833 negavero
2514 5764 2758 5829 Niniven,
2783 5764 2919 5833 apud
2939 5763 3150 5829 Jonam,
3173 5780 3291 5817 esse
3312 5763 3521 5830 figurant
3544 5757 3745 5813 Ecclesia

2236 5857 2490 5925 gentium,
2550 5872 2707 5910 nemo
2729 5872 2791 5911 ex
2834 5856 3101 5926 Scriptura
3161 5856 3475 5911 contrarium
3528 5847 3738 5917 probabit.
