3974 6356
1874 225 1935 238 σου.
1946 220 2073 237 ’ΜΛ
2093 228 2119 238 ι-
2156 231 2173 234 υ

306 320 411 379 5M

982 309 1329 371 VARIORUM
1367 307 1964 366 EXERCITATIONES
2001 309 2067 363 IN
2109 307 2167 366 S.
2206 306 2585 365 AUGUSTINI
2623 309 2871 367 OPEBA.

3472 314 3578 369 502

309 430 520 487 Deinde
546 429 718 485 dicam
767 426 1055 483 absurdum
1085 441 1204 481 esse
1232 425 1414 481 dicere
1435 426 1773 480 eversionem
1816 424 1895 478 in-
1923 427 1979 487 Α
2003 425 2260 489 ctionem,
2286 426 2396 493 jam
2432 426 2768 481 manifestam
2814 426 2969 495 hujus
3007 425 3373 497 discrepantia
3418 428 3579 483 ratio-

308 534 515 579 tentam
536 521 724 576 Ninive
750 530 973 590 propter
990 528 1226 588 peccata,
1254 517 1354 571 nisi
1383 515 1749 585 paenitentiam
1776 529 1897 583 age-

309 624 416 679 ret,
442 626 564 668 esse
594 612 817 681 ﬁguram
847 609 1158 664 mutationis
1187 623 1394 664 morum
1424 622 1543 678 qua:
1572 609 1631 661 fit
1659 621 1757 677 per
1784 620 1897 675 pm-

309 706 617 761 nitentiam.
652 705 894 758 Profecto
922 705 967 758 si
991 712 1207 771 peccata
1236 709 1289 756 et
1312 701 1533 756 exitium
1556 710 1772 769 propter
1785 714 1899 769 pec-

308 808 429 851 cata
451 798 556 851 sint
573 798 739 865 ﬁgura
757 794 1084 864 poenitentiae
1096 792 1470 848 etmutationis
1493 801 1735 847 veterum
1756 792 1899 846 insti-

310 897 550 942 tutorum
570 902 664 954 per
674 886 1067 955 pmnitentiam,
1086 899 1195 952 jam
1208 884 1445 939 omnium
1462 884 1636 937 omnia
1653 890 1903 953 poterunt

305 995 435 1035 esse
461 979 795 1049 ﬁgttrze,onec
817 978 925 1031 ulla
951 978 1182 1045 amplius
1208 975 1504 1030 similitudo
1539 976 1678 1031 inter
1702 976 1900 1045 ﬁguras

309 1082 370 1130 et
399 1090 483 1131 res
514 1074 766 1144 ﬁguratas
786 1075 889 1129 erit
926 1074 1238 1141 quaerenda.
1272 1074 1531 1128 Poterunt
1555 1074 1776 1129 rotunda
1807 1073 1899 1126 ha-

309 1166 428 1223 beri
479 1165 770 1236 archetypa
818 1165 1226 1235 quadratorum,
1274 1174 1327 1219 et
1364 1165 1621 1234 quadrata
1662 1167 1900 1234 antitypa

309 1259 686 1317 rotundorum.
718 1259 979 1314 Tenebrae
1009 1267 1167 1313 erunt
1215 1259 1388 1327 imago
1420 1256 1578 1323 lucis,
1624 1257 1713 1311 lux
1755 1265 1898 1311 tene-

309 1350 559 1405 brarum.
593 1350 838 1420 Denique
865 1349 1211 1420 quadraginta
1234 1356 1326 1402 aut
1356 1357 1463 1403 tres
1496 1349 1611 1403 dies
1662 1348 1901 1404 concessi

314 1443 647 1512 paenitentia
671 1426 779 1497 non
800 1450 1023 1512 possunt
1050 1456 1171 1496 esse
1200 1442 1381 1508 ﬁgurae
1409 1440 1615 1495 dierum
1640 1441 1828 1510 jejunii
1850 1448 1904 1495 et

316 1536 506 1590 mortis
525 1536 747 1601 Christi,
766 1535 859 1604 qui
881 1535 1056 1589 simile
1076 1534 1208 1588 nihil
1232 1533 1452 1597 habent,
1478 1540 1671 1603 praeter
1694 1534 1901 1587 numeri

314 1632 743 1687 similitudinem.
775 1632 889 1685 imo
910 1645 1039 1684 vero
1068 1630 1312 1699 quamvis
1335 1636 1414 1682 tot
1452 1628 1700 1683 violentae
1736 1628 1906 1683 inter-

313 1725 653 1796 pretationes
696 1723 1133 1788 admitterentur,
1176 1732 1462 1790 propterea
1492 1732 1671 1775 tamen
1704 1734 1809 1774 non
1842 1719 1905 1773 li-

1997 532 2124 572 nem
2150 517 2482 573 habebimus.
2518 519 2740 588 Nempe,
2784 520 2960 574 minor
3012 537 3263 577 numerus
3304 523 3501 577 excidit
3544 540 3576 578 e

1999 611 2272 667 codicibus
2312 610 2575 678 Hebraeis,
2632 615 2801 682 major
2848 630 2979 669 vero
3014 615 3163 670 abest
3202 617 3269 669 ah
3309 616 3579 670 hodiernis

1998 704 2393 774 exemplaribus
2414 707 2648 771 Grzecis;
2681 707 2734 761 in
2764 708 2957 776 quibus
2984 709 3109 763 olim
3156 708 3336 773 fuisse,
3373 724 3477 762 non
3524 718 3581 762 ut

1998 799 2158 867 vulgo
2184 797 2257 853 ἔτι
2281 806 2423 873 τρεῖς
2450 800 2656 871 ἡμέραι,
2690 799 2782 852 sed
2811 814 2940 853 vero
2971 800 3052 854 ἔτι
3096 809 3240 877 τρεῖς
3266 805 3352 857 καὶ
3380 800 3427 871 μ’
3454 804 3581 872 ἡμέ-

1998 912 2088 965 ραι
2108 890 2253 945 clare
2277 905 2342 944 ex
2370 889 2579 944 Justino
2601 890 2889 960 colligitur.
2912 892 3078 946 Porro
3101 892 3189 946 hic
3213 907 3464 947 numerus
3476 895 3585 946 val-

2000 983 2168 1037 deest
2198 981 2388 1036 rationi
2424 992 2839 1038 consentaneus.
2870 984 3126 1038 Triduum
3166 986 3312 1039 enim
3362 986 3585 1040 omnino

2000 1075 2373 1145 requirebatur
2388 1074 2454 1128 ad
2477 1074 2876 1144 praedicandum
2901 1085 2955 1129 et
2975 1077 3363 1147 peragrandam
3378 1076 3583 1131 urbem.

2000 1166 2259 1223 Confecto
2290 1167 2449 1221 unius
2494 1168 2599 1222 dlei
2646 1169 2857 1233 itinere,
2891 1168 3134 1237 przedixit
3180 1169 3364 1223 urbem
3391 1168 3582 1237 peritu-

2002 1273 2138 1326 ram,
2169 1268 2291 1329 post
2320 1259 2435 1315 dies
2451 1258 2803 1328 quadraginta
2828 1269 2956 1314 tres.
2983 1260 3229 1314 Secundo
3251 1260 3359 1324 die,
3379 1259 3588 1329 longius

2003 1365 2338 1421 progressus,
2357 1351 2706 1420 quadraginta
2737 1350 2874 1404 duos
2900 1350 3015 1406 dies
3037 1351 3374 1420 signiﬁcavit.
3409 1350 3591 1405 Tertio

2004 1441 2184 1510 itaque
2210 1442 2296 1497 die
2342 1442 2552 1511 elapso,
2603 1454 2655 1497 et
2698 1450 2980 1513 peragrata
3027 1442 3136 1510 jam
3197 1442 3349 1510 urbe,
3377 1442 3594 1497 nonnisi

2007 1533 2355 1603 quadraginta
2401 1544 2722 1600 supererant
2750 1534 2888 1590 dies.
2921 1554 2941 1587 ι
2996 1535 3123 1590 Haec
3150 1534 3373 1591 Vossius
3401 1535 3494 1589 lib.
3527 1535 3595 1588 de

2005 1626 2381 1681 Translatione
2404 1626 2546 1681 LXX
2588 1628 2944 1697 interpretum
2986 1643 3104 1697 cap.
3144 1627 3236 1693 25,
3268 1642 3387 1696 qua:
3440 1628 3594 1697 inge-

2009 1718 2159 1773 niosa
2188 1727 2342 1783 sunt;
2375 1719 2467 1775 sed
2500 1721 2689 1785 multo,
2725 1730 2785 1775 ut
2808 1721 2940 1775 mihi
2978 1721 3190 1789 quidem
3236 1723 3466 1787 videtur,
3500 1736 3596 1776 ve-

313 1816 427 1869 cuit
460 1813 602 1869 LXX
630 1814 1014 1883 interpretibus
1042 1820 1253 1867 mutare
1296 1826 1575 1865 numerum
1599 1811 1905 1881 prophetas;
1936 1797 1986 1859 Β
2013 1808 2309 1874 risimilius,
2345 1824 2465 1863 cum
2514 1811 2698 1865 caeteri
2740 1812 2926 1866 Patres
2960 1822 3013 1865 et
3066 1812 3279 1866 codices
3308 1814 3362 1866 in
3391 1812 3597 1879 vulgari

313 1915 369 1960 et
399 1907 537 1976 quod
566 1906 635 1960 de
661 1920 847 1961 eorum
880 1904 1193 1975 prophetico
1213 1904 1404 1972 spiritu
1431 1903 1514 1956 hic
1546 1903 1706 1957 habet
1729 1904 1907 1973 Augu-

313 1998 512 2062 stinus,
573 1998 729 2065 plane
780 2006 863 2051 est
906 1998 1061 2051 inane
1108 2004 1162 2050 et
1206 2005 1386 2059 aptum
1436 1993 1503 2047 ad
1532 1992 1906 2047 oﬁendiculum

315 2089 611 2145 lectoribus
634 2089 1013 2159 objiciendum.
1053 2088 1184 2155 Quis
1205 2086 1348 2141 enim
1394 2102 1498 2140 non
1524 2086 1670 2141 illico
1692 2085 1907 2149 dixerit,

323 2185 369 2237 si
398 2182 536 2237 LXX
566 2184 883 2251 interpretes
914 2182 1223 2251 prophetico
1239 2180 1430 2250 spiritu
1456 2179 1637 2235 donati
1662 2179 1904 2241 fuissent,

321 2275 440 2341 ejus
481 2290 585 2344 ope
621 2275 802 2344 p0tius
853 2288 1020 2327 novas
1070 2272 1379 2341 prophetias
1427 2271 1716 2335 eﬁusuros,
1751 2285 1910 2339 quam

321 2373 536 2419 veteres
588 2366 798 2419 inscitia
846 2373 1192 2434 corrupturos
1234 2365 1441 2419 fuisse?
1487 2363 1669 2434 Itaque
1721 2363 1912 2417 merito

321 2458 487 2513 habet
518 2459 869 2529 Hieronymus
895 2457 947 2512 in
976 2457 1278 2512 Comment.
1301 2458 1449 2511 .loua:
1478 2476 1489 2509 :
1523 2457 1711 2511 Trinus
1740 2472 1913 2509 nume-

318 2566 435 2614 rus,
468 2549 557 2618 qui
587 2551 795 2621 ponitur
816 2566 849 2602 a
878 2549 1235 2619 Septuaginta,
1268 2566 1370 2602 non
1404 2551 1633 2603 convenit
1670 2550 1914 2619 poeniten-

318 2644 431 2705 tiae,
460 2652 508 2695 et
525 2644 652 2695 satis
677 2644 835 2695 miror
857 2657 946 2693 cur
968 2641 1041 2692 ita
1061 2640 1363 2693 translatum
1386 2639 1668 2701 sit,cumin
1694 2638 1914 2693 Heber

319 2750 417 2786 nec
440 2734 749 2801 litterarum,
766 2751 854 2786 nec
880 2732 1211 2803 syllabarum,
1234 2747 1327 2785 nec
1343 2742 1657 2796 accentuum,
1684 2732 1916 2787 necverbi

320 2826 435 2880 ulla
472 2829 539 2879 sit
571 2828 939 2889 communitas;
973 2835 1076 2879 tres
1104 2824 1235 2880 enim
1258 2827 1497 2879 dicuntur
1521 2839 1701 2890 suos,
1723 2835 1770 2877 et
1790 2840 1917 2888 qua-

323 2918 569 2984 draginta
605 2932 819 2970 ARBAIM.
862 2916 1104 2986 Alioquin
1150 2925 1196 2969 et
1236 2916 1298 2969 de
1337 2915 1523 2969 .Iudaza
1566 2924 1703 2968 tanto
1742 2917 1919 2970 itinere

325 3010 512 3061 missus
536 3008 784 3078 propheta
802 3010 854 3061 in
879 3009 1135 3078 Assyrios,
1168 3009 1375 3079 dignam
1407 3026 1514 3063 sua:
1544 3010 1919 3079 prwdicationis

327 3099 676 3166 penitentiam
701 3100 982 3169 ﬂagitabat,
1003 3101 1276 3169 utantiqua
1296 3108 1343 3153 et
1373 3099 1581 3170 putrida
1593 3100 1799 3154 vulnera
1827 3101 1918 3153 diu

2010 1899 2242 1954 lectione
2270 1899 2631 1965 consentiant,
2655 1899 2868 1955 Justino
2899 1901 3066 1956 fuisse
3096 1902 3333 1957 codicem
3368 1904 3420 1957 in
3445 1904 3598 1972 cujus

2012 1997 2268 2044 contextu
2318 1990 2573 2058 scriptum
2601 1999 2717 2045 erat
2754 1994 2921 2066 τρεῖς,
2943 1993 3037 2047 sed
3061 1993 3212 2062 cujus
3244 1995 3469 2064 margini
3501 1995 3599 2049 ali-

2011 2082 2129 2151 quis
2180 2097 2246 2136 ex
2280 2081 2542 2137 Hebraico
2589 2083 2776 2138 codice
2824 2085 3147 2154 ascripserat
3196 2090 3598 2162 resupinam,

2012 2177 2156 2246 quod
2208 2178 2295 2232 ille
2344 2172 3005 2247 pmtermissum'putans,
3057 2178 3190 2235 dixit
3217 2182 3602 2256 τεσσαράκοντα

2012 2277 2167 2344 τρεῖς.

2084 2362 2215 2432 Cap.
2247 2362 2336 2419 52.
2378 2361 2687 2417 Memoratis
2717 2361 2903 2417 decem
2930 2364 3395 2433 persecutionibus
3433 2383 3446 2419 :
3474 2364 3604 2419 Pla-

2015 2475 2104 2530 gas
2135 2458 2291 2522 enim,
2331 2456 2530 2525 inquit,
2568 2455 2963 2527 ngyptiorum,
3008 2458 3251 2527 quoniam
3297 2459 3470 2512 decem
3494 2460 3621 2528 facs

2014 2560 2156 2609 runt.
2181 2560 2449 2618 antequam
2478 2550 2597 2601 inde
2616 2549 2755 2602 exire
2774 2549 3017 2617 inciperet
3037 2550 3257 2618 papulas
3280 2547 3398 2614 Dei,
3426 2558 3607 2619 putant

2016 2643 2083 2695 ad
2129 2642 2261 2695 hunc
2306 2642 2615 2694 intellectum
2658 2656 2765 2694 esse
2804 2639 3199 2709 referendas...
3241 2639 3347 2695 Sed
3375 2656 3465 2710 ego
3512 2640 3609 2693 illa

2016 2752 2073 2789 re
2101 2744 2241 2805 gesta
2266 2735 2320 2787 in
2350 2733 2582 2803 Egypto
2600 2774 2614 2797 ,
2654 2734 2781 2787 istas
2821 2734 3187 2801 persecutiones
3214 2734 3502 2803 prophetiae
3532 2734 3608 2785 si-

2019 2827 2288 2896 gniﬁcatus
2310 2840 2416 2880 esse
2436 2841 2539 2878 non
2555 2824 2810 2889 arbitror;
2840 2826 3069 2893 quamvis
3096 2825 3161 2878 ab
3182 2827 3253 2878 eis
3278 2827 3366 2895 qui
3389 2826 3482 2878 hoc
3511 2843 3610 2895 pu-

2021 2927 2132 2972 tant
2155 2918 2404 2987 exquisite
2425 2925 2474 2969 et
2494 2916 2752 2988 ingeniose
2772 2917 2863 2969 illa
2893 2917 3100 2988 singula
3129 2916 3207 2969 his
3235 2916 3452 2985 singulis
3474 2933 3611 2970 com-

2023 3019 2207 3079 parata
2244 3011 2546 3073 videantur;
2598 3026 2702 3063 non
2731 3008 3025 3079 prophetico
3054 3009 3269 3079 spiritu,
3316 3012 3405 3063 sed
3439 3014 3613 3082 conje.

2022 3112 2169 3157 ctura
2196 3102 2377 3155 mentis
2414 3102 2675 3165 humanae,
2706 3110 2819 3169 qua:
2844 3100 3120 3167 aliquando
3145 3100 3213 3153 ad
3241 3116 3412 3153 verum
3445 3117 3612 3167 perve-

334 3191 564 3259 upposito
596 3201 897 3244 curarentur
944 3190 1240 3260 emplastro.
1276 3190 1442 3245 Porro
1482 3192 1924 3261 quadragenarius
1949 3173 1996 3238 ο
2030 3197 2127 3261 nit,
2150 3194 2426 3263 aliquando
2451 3190 2692 3264 fallitur.]
2710 3192 2839 3257 Quis
2868 3208 2972 3247 non
3003 3189 3265 3248 exclamet
3291 3193 3614 3255 Ιιίοεκαλῶςῑ

334 3297 573 3334 numerus
597 3282 826 3335 convenit
872 3282 1220 3352 peccatoribus
1245 3291 1293 3335 et
1309 3283 1514 3352 jejunio
1538 3291 1585 3335 et
1605 3283 1847 3349 orationi,
1879 3290 1926 3335 et

328 3387 478 3423 sacco
499 3384 543 3424 et
572 3372 811 3442 lacrymis
833 3380 881 3426 et
906 3374 1290 3442 perseverantia:
1318 3374 1648 3441 deprecandi,
1687 3373 1748 3426 ob
1788 3374 1927 3442 quod

325 3475 377 3517 et
404 3466 608 3536 Moyses
624 3468 967 3537 quadraginta
992 3467 1168 3521 diebus
1185 3470 1444 3540 jejunavit
1476 3470 1529 3520 in
1553 3478 1723 3521 monte
1751 3467 1923 3534 Sinai,

324 3567 437 3611 etc.
476 3558 653 3628 Itaque
683 3560 779 3612 viri
811 3557 952 3611 docti
986 3559 1333 3625 conjecerunt
1363 3560 1613 3613 mendum
1646 3574 1766 3614 esse
1786 3558 1925 3627 apud

326 3648 481 3702 LXX
510 3650 852 3719 interpretes,
885 3650 1004 3705 sive
1029 3650 1227 3702 vitioso
1255 3650 1441 3705 codice
1482 3649 1562 3704 usi
1610 3660 1810 3715 essent,
1835 3650 1925 3704 ubi

327 3754 432 3807 pro
457 3750 528 3805 ω,
551 3741 689 3809 quod
704 3751 784 3795 est
802 3741 1164 3811 quadraginta,
1188 3750 1332 3795 esset
1359 3752 1386 3801 λ
1411 3742 1511 3796 hoc
1535 3752 1616 3796 est
1646 3743 1774 3794 tria:
1800 3756 1923 3795 nam

329 3833 633 3900 frequentia
666 3833 857 3886 menda
898 3848 1017 3902 quae
1044 3843 1168 3888 sunt
1201 3835 1253 3886 in
1276 3834 1516 3887 numeris
1542 3833 1681 3901 apud
1713 3841 1926 3887 veteres

330 3923 659 3993 Scriptores,
693 3939 758 3978 eo
784 3924 1124 3979 adduxerunt
1138 3925 1372 3979 eximios
1402 3924 1618 3978 criticos
1650 3932 1707 3977 ut
1735 3924 1925 3977 crede-

333 4024 458 4068 rent
485 4016 610 4069 olim
652 4032 758 4070 non
781 4018 1001 4088 integris
1032 4018 1271 4081 vocibus,
1323 4020 1416 4073 sed
1461 4017 1661 4071 litteris
1690 4017 1927 4086 signatos

336 4121 590 4161 numeros
621 4107 809 4165 fuisse.
834 4109 1024 4164 Posset
1054 4111 1214 4165 etiam
1241 4110 1352 4163 ﬁeri
1389 4120 1447 4163 ut
1477 4110 1530 4163 in
1561 4108 1804 4163 Graecum
1833 4122 1927 4161 co-

335 4199 514 4252 dicem
536 4200 789 4255 mendum
809 4203 1109 4270 irrepsisset
1134 4212 1188 4257 et
1204 4203 1509 4273 Pscriptum
1530 4201 1715 4256 fuisset
1738 4215 1834 4269 pro
1855 4212 1922 4255 Μ.

336 4290 477 4344 Vide
507 4292 570 4344 ad
598 4291 788 4347 Jonam
808 4293 1068 4349 Joannem
1095 4294 1364 4359 Drusium,
1399 4303 1453 4349 et
1484 4295 1758 4364 Hugonem
1787 4292 1926 4348 Gro-

336 4386 625 4441 tium.Sed
656 4388 787 4443 nihil
826 4398 970 4444 vetat
1019 4405 1115 4444 nos
1142 4391 1227 4445 hic
1273 4407 1483 4461 quoque
1532 4390 1769 4445 lsaacum
1794 4390 1925 4445 Vos-

339 4477 503 4544 sium,
536 4479 625 4545 qui
675 4480 776 4535 hoc
825 4483 923 4535 sibi
973 4484 1170 4552 negotii
1218 4483 1398 4538 datum
1424 4498 1543 4537 esse
1573 4483 1822 4548 credidit,
1864 4491 1926 4536 ut

2034 3286 2235 3359 σοφῶςὲ
2285 3284 2416 3338 nihil
2446 3282 2674 3339 melius?
2709 3282 2813 3338 Sed
2859 3291 2914 3337 et
2952 3298 3052 3337 nos
3092 3298 3303 3353 quoque
3348 3283 3489 3338 idem
3530 3284 3615 3353 ju-

2028 3376 2230 3433 dicium
2281 3378 2501 3431 ferimus
2548 3375 2616 3431 de
2661 3383 2740 3429 tot
2790 3375 3035 3445 mysticis
3079 3376 3615 3444 interpretationibus

2028 3470 2337 3539 Augustini,
2374 3469 2568 3537 quibus
2597 3468 2766 3523 ferme
2795 3475 2966 3524 totum
3005 3468 3171 3524 Vetus
3210 3468 3611 3524 Testamentum

2029 3562 2083 3615 in
2113 3561 2320 3615 alienos
2349 3574 2541 3615 sensus
2581 3560 2867 3614 contorsit.
2892 3560 3156 3615 Caeterum
3188 3560 3257 3615 de
3284 3560 3467 3615 decem
3499 3575 3617 3629 per-

2028 3651 2397 3706 secutionibus
2445 3650 2566 3705 vide
2593 3650 2884 3720 Sulpitium
2915 3650 3180 3706 Severum
3227 3651 3319 3706 lib.
3371 3652 3615 3708 "Sacra:

2028 3741 2299 3796 Historiae.

2098 3834 2263 3888 [διοκο
2290 3848 2414 3888 xu.
2442 3832 2575 3901 Cap.
2606 3833 2669 3898 1,
2718 3832 2745 3902 ς
2772 3832 2826 3887 5.
2870 3832 3102 3902 Deniqu'e
3130 3834 3336 3901 fuerunt
3377 3834 3464 3903 qui
3500 3850 3615 3886 cum

2027 3926 2224 3979 diversa
2254 3934 2584 3996 sequerentur
2619 3926 2753 3978 bona
2782 3925 2982 3992 ﬁnalia,
3012 3925 3104 3978 alii
3124 3927 3382 3990 uirtutem,
3414 3925 3506 3979 alii
3529 3942 3620 3978 vo-

2028 4017 2302 4087 luptatem,
2342 4014 2577 4069 eumdem
2627 4023 2793 4067 tamen
2844 4014 3073 4067 habitum
3112 4027 3159 4068 et
3202 4015 3617 4069 consuetudinem

2029 4107 2288 4171 tenebant,
2339 4122 2403 4161 ea:
2431 4122 2531 4176 qua
2566 4104 2746 4175 Cynici
2790 4099 3228 4176 appellabantur.]
3258 4104 3383 4160 Ideo
3409 4104 3619 4174 Apolli-

2029 4198 2178 4253 naris
2207 4196 2466 4252 Sidonius
2491 4211 2665 4251 carm.
2689 4196 2745 4260 2,
2765 4210 2909 4251 vers.
2938 4196 3040 4249 167
3062 4212 3078 4249 :

2118 4306 2363 4369 Quidquid
2386 4305 2669 4357 Erichtheis
2699 4305 2984 4369 Cynicorum
3007 4305 3150 4369 turba
3172 4305 3359 4369 volutat

2119 4366 2413 4433 Gymnasiis,
2435 4369 2621 4418 imitata
2646 4366 2775 4431 tuos,
2798 4368 3029 4431 Epicure,
3054 4366 3264 4417 sodales.

2033 4476 2114 4531 Ad
2144 4490 2305 4547 quem
2334 4474 2511 4531 locum
2549 4473 2928 4531 illustrandum
2967 4474 3112 4530 hunc
3147 4473 3327 4529 laudat
3352 4472 3471 4531 Jac.
3506 4472 3617 4529 Sir-

338 4568 654 4624 defenderet
682 4572 1028 4642 Septuaginta
1045 4547 1401 4643 interpretes.
1442 4594 1458 4624 ι
1483 4574 1592 4628 Hoc
1613 4547 1829 4639 saeculo,
1849 4576 1929 4629 in-
1953 4547 2009 4609 Ῐ)
2035 4571 2282 4626 mondus.

341 4660 476 4728 quit,
507 4659 686 4714 Grzeca
714 4664 889 4717 versio
932 4664 1256 4718 unanimiter
1293 4664 1393 4719 hoc
1434 4666 1485 4718 in
1518 4664 1635 4718 loco
1665 4666 1931 4733 rejicitur,

340 4763 447 4803 nec
472 4750 755 4805 immerito.
789 4754 1114 4823 Augustinus
1140 4755 1233 4809 lib.
1265 4770 1423 4823 xvm,
1444 4770 1563 4825 cap.
1594 4758 1686 4821 Μ,
1726 4756 1794 4811 de
1842 4757 1931 4811 Ci-

341 4841 510 4896 vitate
536 4842 651 4904 Dei.
684 4856 909 4900 conatur
930 4861 1257 4916 componere
1304 4848 1443 4902 hanc
1489 4849 1925 4919 discrepantiam,

344 4933 445 4986 sed
473 4934 603 4988 nihil
652 4937 986 5007 meoiudicio
1013 4940 1242 5008 proﬁcit.
1302 4940 1487 4996 Melius
1535 4942 1927 5013 Theodoretns,

345 5023 441 5091 qui
462 5024 696 5080 errorem
729 5026 1035 5083 Graecorum
1077 5031 1459 5101 exemplarium
1489 5048 1591 5087 non
1630 5034 1937 5102 interpreti-

348 5114 476 5178 bus,
500 5115 591 5169 sed
625 5116 857 5171 librariis
880 5120 1124 5189 imputat.
1160 5122 1383 5176 Miratur
1410 5122 1766 5193 Hieronymus
1801 5124 1936 5179 hanc

349 5205 741 5275 diversitatem,
773 5225 892 5263 cum
918 5212 1060 5265 nulla
1094 5221 1186 5266 aut
1210 5213 1518 5275 verborum,
1553 5224 1644 5269 aut
1687 5232 1939 5271 numero-

352 5303 482 5353 rum'
500 5302 570 5354 sit
598 5301 849 5365 afﬁnitas,
892 5305 1031 5358 inter
1058 5314 1168 5360 tres
1194 5316 1247 5359 et
1277 5306 1645 5374 quadraginta.
1670 5307 1773 5363 Sed
1808 5323 1940 5363 vero

352 5392 703 5460 quaestionem
732 5394 868 5449 hanc
894 5395 1055 5450 solvit
1076 5396 1318 5451 Justinus
1354 5407 1575 5468 martyr,
1601 5401 1712 5469 qui,
1748 5399 1800 5453 in
1824 5399 1939 5453 dia-

355 5483 477 5550 lOgo
505 5497 624 5537 cum
664 5484 973 5555 Tryphone,
998 5488 1109 5555 ipsa
1139 5488 1488 5557 interpretum
1528 5491 1687 5544 verba
1740 5489 1937 5559 produ-

355 5588 506 5638 cens,
536 5576 650 5630 dies
676 5587 923 5632 numerat
947 5580 1291 5649 quadraginta
1324 5590 1451 5635 tres.
1506 5581 1592 5634 Bis
1618 5596 1749 5635 vero
1792 5596 1944 5637 eum-

359 5668 477 5723 dem
507 5671 700 5737 repetit
722 5687 1025 5735 numerum,
1056 5688 1122 5726 ne
1149 5674 1272 5741 quis
1295 5673 1479 5726 vitium
1512 5674 1735 5727 subesse
1756 5673 1941 5728 existi-

360 5771 486 5815 met.
519 5760 574 5816 Si
605 5763 778 5831 itaque
812 5766 945 5817 hanc
973 5762 1110 5818 LXX
1142 5765 1490 5829 interpretum
1526 5779 1817 5830 sequamur
1845 5764 1936 5821 le-

2107 4661 2240 4731 Cap.
2269 4663 2323 4715 7.
2368 4662 2542 4729 Opera
2571 4660 2696 4715 data
2721 4668 2795 4714 est
2824 4668 2883 4713 ut
2908 4660 3183 4728 imperiosa
3210 4660 3384 4713 ciuitas
3410 4674 3513 4713 non
3540 4674 3623 4711 so-

2038 4755 2360 4825 lumjugum,
2376 4768 2549 4807 verum
2569 4752 2723 4807 etiam
2745 4751 2975 4822 linguam
3000 4766 3147 4805 suam
3169 4750 3372 4803 domitis
3392 4749 3623 4820 gentibus

2038 4862 2130 4917 per
2158 4860 2336 4916 pacem
2362 4844 2621 4899 societatis
2654 4842 2966 4914 imponeret;
3004 4858 3097 4909 per
3123 4857 3278 4910 quam
3308 4855 3411 4894 non
3432 4840 3626 4893 deesset

2038 4941 2143 4993 imo
2168 4946 2215 4993 et
2236 4937 2517 4992 abundaret
2546 4938 2699 4991 etiam
2729 4936 3067 5001 interpretum
3094 4931 3287 5005 copim]
3318 4932 3494 4987 Multis
3525 4932 3627 4985 hac

2043 5030 2110 5084 de
2139 5044 2199 5084 re
2228 5028 2338 5097 egit
2373 5029 2456 5082 vir
2480 5028 2823 5083 doctissimus
2856 5026 2991 5081 Just.
3025 5024 3236 5094 Lipsius
3265 5024 3404 5080 libro
3430 5023 3497 5078 de
3521 5023 3627 5078 Re-

2039 5129 2126 5175 cta
2151 5118 2327 5173 Latini
2352 5120 2615 5175 sermonis
2648 5119 3113 5184 Pronuntiatione,
3128 5130 3249 5188 cap.
3271 5119 3327 5185 4,
3358 5118 3447 5172 ubi
3479 5127 3630 5175 recte

2040 5212 2202 5265 etiam
2237 5219 2421 5265 monet
2450 5211 2538 5265 hic
2567 5211 2868 5280 legendum,
2900 5225 3003 5265 non
3028 5226 3203 5281 pacem
3221 5210 3499 5276 societatis,
3531 5210 3629 5264 sed

2041 5303 2261 5371 speciem
2291 5303 2550 5357 societatis
2567 5342 2582 5367 ,
2620 5310 2709 5355 aut
2737 5318 2825 5370 per
2851 5318 3026 5370 pacem
3051 5302 3278 5355 sociatis.
3301 5300 3504 5355 Vellem
3538 5300 3631 5355 hic

2043 5409 2073 5449 a
2100 5394 2463 5451 Benedictinis
2495 5394 2753 5463 prolatam
2787 5393 3072 5450 lectionem
3104 5408 3235 5449 mss.
3266 5393 3536 5449 codicum.

2112 5486 2245 5556 Cap.
2292 5487 2383 5541 ει.
2427 5486 2713 5556 Postquam
2760 5485 3001 5541 ostendit
3040 5486 3160 5542 sine
3220 5500 3405 5539 amore
3442 5484 3539 5539 Dei
3574 5490 3631 5539 et

2046 5579 2281 5648 proximi
2314 5593 2419 5632 non
2448 5592 2568 5633 esse
2599 5578 2853 5648 populum
2882 5618 2899 5645 ,
2943 5578 3015 5633 ita
3047 5578 3149 5633 hoc
3176 5587 3337 5648 caput
3367 5576 3626 5631 inchoat:

2048 5670 2108 5726 Si
2146 5680 2315 5725 autem
2358 5670 2577 5740 populus
2616 5686 2718 5724 non
2751 5672 2851 5725 isto
2886 5671 2974 5724 sed
3011 5672 3114 5725 alio
3152 5672 3426 5738 deﬁniatur
3454 5667 3631 5731 modo,

2042 5764 2176 5817 velut
2202 5764 2246 5818 si
2270 5762 2474 5817 dicatur
2518 5777 2538 5816 :
2569 5763 2796 5830 populus
2824 5773 2896 5818 est
2922 5772 3079 5819 cattus
3105 5761 3445 5816 multitudinis
3472 5759 3633 5811 ratio;
